4034 6354
548 347 652 407 105

1932 344 2117 406 FIRM.
2160 346 2524 406 LACTANTII

3755 350 3852 407 illi

550 461 666 518 sine
692 467 845 532 partu
868 504 884 529 ,
910 461 1038 519 item
1057 468 1253 519 caetera
1281 461 1511 519 viventia
1533 461 1652 519 sine
1674 462 1820 518 coitu
1845 481 1859 517 :
1892 464 2134 534 arbores,
2164 471 2218 532 Α
2312 465 2519 537 Omitto
2542 464 2743 521 silicem
2774 479 2837 521 ae
2868 462 3092 521 ferrum.
3123 464 3324 522 Urbem
3350 458 3603 523 vitreum
3628 465 3847 537 plenum

550 562 605 608 et
628 568 749 626 quae
776 554 1062 625 gignuntur
1086 570 1118 610 e
1162 562 1301 610 terra
1321 594 1336 622 ,
1366 555 1581 626 propria
1608 555 1815 611 semina
1842 570 1947 611 non
1973 556 2139 612 habe-

551 656 712 713 rent,
779 663 900 719 quae
957 662 1054 704 nos
1095 648 1336 719 quotidie
1384 657 1714 716 tractamus,
1762 660 1818 706 et
1888 651 2139 706 serimus.

552 740 661 795 Cur
678 754 742 796 ex
774 738 1042 797 frumento
1068 755 1225 811 seges
1249 746 1511 808 nascitur,
1542 750 1598 798 et
1623 758 1809 799 rursus
1839 758 1906 798 ex
1958 752 2146 814 segete

554 835 921 891 frumentum?
948 834 1191 907 Denique
1210 836 1257 892 si
1304 845 1605 891 atomorum
1656 836 1819 892 coitio
1842 843 1899 892 et
1922 836 2147 907 conglo-

554 928 698 985 batio
722 928 961 985 efficeret
990 929 1208 996 omnia,
1246 929 1299 983 in
1346 944 1474 984 aere
1527 929 1780 985 universa
1829 944 2149 986 concresce-

555 1030 705 1088 rent;
746 1020 792 1077 si
821 1021 1038 1092 quidem
1071 1037 1165 1093 per
1196 1022 1355 1078 inane
1380 1022 1548 1078 atomi
1572 1022 1800 1078 volitant
1831 1041 1845 1079 :
1891 1038 1989 1079 cur
2029 1027 2149 1079 sine

555 1122 695 1170 terra
721 1156 737 1182 ,
765 1112 883 1170 sine
907 1112 1214 1179 radicibus,
1267 1115 1384 1170 sine
1413 1112 1642 1170 humore
1661 1156 1676 1181 ,
1734 1114 1852 1170 sine
1898 1114 2104 1170 semine
2132 1156 2147 1179 ,

557 1225 663 1263 non
689 1206 856 1264 herba
880 1248 897 1275 ,
928 1223 1035 1263 non
1066 1206 1250 1276 arbor,
1302 1223 1409 1262 non
1459 1206 1641 1279 fruges
1688 1208 1817 1263 oriri
1858 1209 2152 1279 augerique

559 1301 827 1376 possunt?
854 1299 1006 1358 Unde
1038 1310 1293 1373 apparet,
1316 1300 1450 1357 nihil
1472 1317 1537 1357 ex
1560 1301 1759 1358 atomis
1799 1301 1913 1357 fieri
1944 1319 1958 1367 ;
1985 1317 2153 1373 quan-

559 1394 850 1466 doquidem
878 1410 1212 1466 unaquaeque
1235 1409 1321 1450 res
1350 1393 1511 1450 habet
1531 1398 1803 1466 prepriam
1841 1402 2155 1465 certamque

562 1497 837 1556 naturam,
868 1503 1023 1544 suum
1043 1504 1228 1544 semen
1250 1530 1265 1556 ,
1295 1502 1446 1545 suam
1478 1488 1651 1561 legem
1695 1488 1763 1545 ab
1802 1488 2026 1545 exordio
2061 1489 2156 1543 da-

546 1575 694 1638 ~tam.
736 1580 976 1651 Denique
1024 1579 1341 1648 Lucretius,
1382 1582 1534 1653 quasi
1574 1581 1772 1637 oblitus
1814 1589 2152 1648 atomorum,

563 1689 697 1745 quas
725 1672 1034 1739 asserebat,
1066 1682 1125 1729 ut
1170 1674 1514 1744 redargueret
1554 1689 1682 1741 eos,
1726 1673 1815 1745 qui
1843 1673 2030 1729 dicunt
2083 1688 2154 1730 ex

565 1766 733 1823 nihilo
779 1767 894 1823 fieri
940 1769 1157 1833 omnia,
1204 1767 1288 1824 his
1336 1768 1668 1840 argumentis
1713 1784 1841 1825 usus
1887 1777 2002 1835 est,
2037 1784 2157 1840 qua:

563 1869 747 1916 contra
771 1860 943 1932 ipsum
963 1861 1225 1917 valerent.
1254 1859 1343 1917 Sic
1369 1861 1512 1916 enim
1540 1859 1674 1916 dixit
1709 1878 1722 1915 :

716 1976 839 2040 Nam
860 1978 900 2027 si
919 1978 984 2028 de
1001 1976 1152 2026 nihilo
1173 1974 1376 2040 ﬂerent,
1404 1977 1687 2040 exomuihu
1705 1976 1859 2026 rebus

718 2039 876 2091 Omne
891 2053 1054 2103 geuus
1074 2040 1205 2090 nasci
1227 2038 1397 2104 posset
1421 2038 1486 2088 nil
1512 2040 1705 2091 semine
1727 2046 1927 2103 egeret.

564 2147 694 2206 Item
725 2156 910 2220 postea
932 2188 948 2213 ,

747 2263 826 2327 Nil
846 2264 1000 2326 igitur
1022 2264 1131 2315 fieri
1154 2264 1222 2315 de
1243 2263 1341 2315 nilo
1361 2277 1505 2327 posse
1529 2263 1782 2316 fatendum
1802 2272 1881 2316 est

750 2326 954 2392 Semine
978 2327 1172 2391 quando
1190 2340 1314 2391 Opus
1337 2326 1416 2377 est
1437 2326 1608 2392 rebus,
1631 2342 1730 2391 quo
1752 2339 1963 2392 quaeque
1979 2336 2162 2379 creata:

751 2388 896 2440 Aeris
918 2390 967 2440 in
988 2388 1189 2441 teneras
1211 2388 1396 2455 possint
1420 2388 1685 2453 proferrier
1706 2388 1866 2443 auras.

566 2518 697 2587 Quis
722 2517 863 2575 hunc
897 2527 1045 2589 putet
1089 2518 1343 2575 habuisse
1371 2518 1655 2576 cerebrum
1678 2561 1692 2584 ,
1723 2535 1849 2576 eum
1876 2520 1992 2577 haec
2016 2520 2165 2577 dice-

566 2620 678 2677 ret,
706 2626 807 2667 nec
842 2608 1054 2668 videret
1082 2610 1185 2667 sibi
1214 2626 1337 2669 esse
1377 2612 1688 2667 contraria?
1717 2610 1862 2668 Nihil
1891 2613 2035 2669 enim
2066 2629 2165 2685 per

565 2712 775 2760 atomos
814 2705 929 2760 fieri
971 2705 1166 2762 exinde
1210 2716 1468 2777 apparet,
1500 2707 1641 2778 quod
1690 2723 1874 2765 semen
1903 2710 2165 2782 cujusque

458 2788 467 2801 ’
567 2797 645 2852 rei
670 2807 875 2853 eertum
914 2808 1041 2865 est;
1071 2795 1171 2852 nisi
1205 2796 1345 2855 forte
1369 2808 1423 2854 et
1445 2797 1614 2871 ignis,
1654 2809 1708 2855 et
1732 2815 1885 2871 aquae
1913 2811 2163 2857 naturam

567 2908 633 2948 ex
664 2893 859 2949 atomis
879 2908 999 2949 esse
1022 2892 1324 2950 credemus.
1376 2892 1548 2963 Quid,
1598 2892 1743 2965 quod
1770 2893 2046 2951 durissimi
2093 2896 2167 2952 ri-

564 2986 712 3057 goris
737 2986 1005 3051 materiae,
1034 2985 1080 3041 si
1108 2986 1213 3042 ictu
1240 2983 1643 3042 vehementiore
1658 2984 2002 3057 collidantur,
2026 2988 2164 3061 ignis

567 3078 831 3135 excutitur
856 3079 878 3133 ?
907 3077 1044 3135 Num
1066 3076 1120 3134 in
1145 3080 1288 3137 ferro
1313 3088 1406 3135 aut
1430 3079 1578 3137 silice
1607 3080 1773 3135 atomi
1795 3079 2009 3137 latent?
2033 3082 2165 3150 Quis

567 3171 780 3227 inclusit
804 3174 828 3225 Ἰ
852 3181 943 3227 aut
962 3187 1058 3229 cur
1084 3187 1178 3229 sua
1209 3180 1400 3242 sponte
1447 3187 1553 3228 non
1581 3173 1847 3239 emicant;
1895 3183 1987 3229 aut
2031 3191 2167 3247 quo-

2244 573 2398 629 aquo:
2425 558 2472 613 si
2503 557 2743 613 tenueris
2767 558 2820 613 in
2848 559 2963 614 sole
2991 602 3006 628 ,
3039 558 3107 615 de
3137 559 3373 628 lumine,
3409 560 3555 631 quod
3592 560 3661 616 ab
3712 576 3848 632 aqua

2246 649 2509 720 refulget,
2543 649 2681 722 ignis
2709 651 3024 707 accenditur
3048 652 3210 708 etiam
3234 654 3287 707 in
3310 653 3608 709 durissimo
3631 652 3850 723 frigore.

2247 743 2384 800 Num
2406 746 2569 800 etiam
2601 746 2653 800 in
2682 761 2821 816 aqua
2848 747 3023 817 ignem
3054 760 3175 802 esse
3201 746 3531 803 credendum
3553 755 3640 803 est
3658 747 3683 801 ?
3703 747 3850 817 atqui

2248 837 2316 893 de
2343 838 2459 893 sole
2490 839 2627 909 ignis
2675 855 2742 894 ne
2790 849 2977 894 aestate
3007 839 3221 909 quidem
3261 840 3484 895 accendi
3540 848 3740 909 potest.
3792 841 3845 894 Si

2232 938 2389 988 ’cera:
2415 934 2740 989 inhalaveris
2762 976 2775 998 ,
2808 934 2894 989 vel
2926 934 2969 989 si
2998 951 3166 1006 vapor
3191 935 3326 989 levis
3354 933 3556 1006 aliquid
3583 935 3851 1005 attigerit,

2251 1037 2344 1083 aut
2371 1040 2609 1084 crustam
2650 1028 2971 1096 marmoris,
3003 1038 3096 1084 aut
3136 1029 3393 1085 laminam
3421 1071 3438 1097 ,
3470 1028 3734 1101 paulatim
3765 1045 3856 1100 per

2253 1120 2647 1176 minutissimos
2690 1136 2842 1177 rores
2878 1137 3015 1192 aqua
3043 1120 3363 1177 concrescit.
3399 1121 3530 1177 Item
3562 1121 3632 1178 de
3685 1121 3850 1176 halitu

2256 1222 2413 1270 terra:
2435 1225 2525 1271 aut
2554 1216 2719 1270 maris
2744 1215 2938 1272 nebula
2966 1216 3150 1271 existit
3174 1233 3188 1269 :
3214 1232 3334 1288 qua:
3358 1227 3451 1272 aut
3482 1215 3731 1287 dispersa
3761 1216 3855 1271 hu-

2256 1310 2473 1366 ntefaeit
2518 1308 2777 1381 quidquid
2828 1310 3060 1377 texerit;
3116 1320 3209 1365 aut
3254 1310 3520 1378 collecta,
3565 1312 3618 1366 in
3664 1310 3858 1366 arduos

2257 1414 2469 1460 montes
2499 1403 2551 1459 in
2592 1404 2822 1460 sublime
2852 1416 3015 1459 vento
3053 1412 3207 1475 rapta
3227 1444 3241 1467 ,
3270 1407 3504 1475 stipatur
3539 1404 3591 1459 in
3619 1404 3819 1460 nubent
3838 1445 3851 1469 ,

2260 1506 2421 1568 atque
2451 1497 2650 1552 imbres
2681 1498 2946 1552 maximos
2988 1496 3191 1567 dejicit.
3221 1495 3324 1552 Ubi
3349 1510 3480 1567 ergo
3525 1495 3767 1551 dicimus
3805 1495 3861 1549 li-

2258 1604 2456 1660 quores
2480 1599 2634 1644 natos
2659 1588 2830 1644 esse?
2855 1586 2994 1644 Num
3017 1588 3071 1643 in
3124 1587 3359 1659 vapore?
3397 1586 3534 1643 Num
3568 1587 3625 1643 in
3657 1587 3860 1642 halitu?

2259 1683 2395 1739 Nunt
2424 1684 2476 1738 in
2508 1684 2712 1739 vento?
2743 1683 2903 1755 Atqui
2932 1682 3063 1738 nihil
3096 1691 3273 1753 potest
3303 1683 3607 1761 consistere
3653 1682 3710 1738 in
3762 1698 3858 1749 eo,

2260 1778 2402 1848 quod
2430 1793 2527 1834 nec
2557 1779 2811 1850 tangitur,
2842 1794 2943 1835 nec
2990 1778 3220 1833 videtur.
3254 1778 3392 1848 Quid
3419 1794 3521 1851 ego
3546 1778 3616 1836 de
3643 1780 3856 1834 anima-

2182 1878 2233 1940 Β
2260 1870 2400 1926 libus
2436 1872 2647 1942 loquar,
2682 1871 2734 1925 in
2763 1885 2991 1942 quorum
3048 1871 3365 1943 corporibus
3392 1871 3525 1926 nihil
3553 1872 3676 1928 sine
3703 1874 3861 1928 ratio.

2266 1978 2336 2019 ne
2360 2005 2374 2029 ,
2404 1962 2523 2018 sine
2560 1961 2780 2028 ordine,
2809 1962 2926 2018 sine
2966 1962 3235 2028 utilitate,
3289 1964 3406 2019 sine
3440 1965 3626 2034 specie
3672 1964 3863 2035 figura-

2266 2068 2376 2114 tum
2405 2057 2687 2132 videmus;
2721 2057 2857 2113 adeo
2874 2065 2932 2113 ut
2954 2057 3309 2114 solertissima
3329 2099 3345 2124 ,
3376 2067 3430 2113 et
3454 2057 3861 2130 diligentissima

2263 2152 2503 2207 omnium
2538 2150 2766 2221 partium
2801 2152 3271 2222 membrorumque
3319 2149 3653 2222 descriptio,
3687 2168 3861 2208 casum

2265 2261 2327 2302 ac
2374 2246 2643 2302 fortunam
2675 2247 2917 2316 repellat.
2965 2245 3073 2303 Sed
3106 2254 3355 2317 putemus
3401 2254 3550 2302 artus
3579 2255 3635 2302 et
3662 2261 3789 2302 Ossa
3817 2253 3866 2300 et

2267 2355 2464 2395 nervos
2490 2350 2545 2395 et
2574 2342 2888 2411 sanguinem
2942 2339 3010 2395 de
3052 2340 3247 2396 atomis
3290 2355 3452 2412 posse
3493 2355 3862 2397 concrescere.

2265 2434 2404 2502 Quid
2434 2449 2627 2490 sensus
2651 2476 2667 2500 ,
2697 2434 2952 2505 cogitatio
2975 2474 2990 2499 .
3023 2435 3280 2490 memoria
3303 2476 3318 2503 ,
3348 2449 3536 2501 mens,
3569 2434 3861 2505 ingenium,

2264 2527 2460 2599 quibus
2479 2525 2773 2583 seminibus
2794 2528 3160 2599 eoagmentari
3180 2527 3443 2600 possunt?
3465 2528 3861 2593 minutissimis.

2265 2620 2458 2692 inquit.
2495 2620 2633 2676 Sunt
2656 2634 2785 2692 ergo
2825 2620 2933 2675 alia
2963 2620 3189 2693 majora.
3220 2619 3510 2691 Quomodo
3534 2621 3702 2694 igitur
3732 2623 3864 2677 insc-

2267 2714 2461 2771 cabilia
2483 2715 2507 2769 ἲ

2340 2806 2545 2864 Deinde
2568 2849 2581 2874 ,
2614 2808 2659 2863 si
2692 2823 2759 2864 ex
2805 2807 3164 2864 invisibilibus
3191 2818 3354 2876 sunt,
3386 2822 3509 2880 qua
3538 2822 3650 2865 non
3680 2808 3862 2865 viden-

2268 2909 2387 2969 tur,
2419 2917 2759 2973 consequens
2783 2911 2901 2970 est,
2933 2911 2991 2958 ut
3015 2918 3081 2958 ex
3110 2902 3412 2958 visibilibus
3441 2902 3585 2970 sint,
3631 2917 3757 2973 qua:
3800 2898 3867 2954 vi-

2267 2993 2495 3062 dentur;
2538 3011 2635 3052 cur
2686 2995 2845 3066 igitur
2880 3010 3042 3052 nemo
3090 2994 3273 3052 videt?
3304 2994 3411 3052 Sed
3438 2996 3555 3051 sive
3583 2993 3865 3051 invisibilia

2274 3105 2388 3159 qua:
2413 3099 2539 3145 sunt
2568 3091 2619 3145 in
2648 3089 2865 3146 homine
2884 3089 3193 3146 consideret
3216 3131 3231 3156 ,
3251 3089 3368 3146 sive
3388 3089 3698 3145 traetabilia
3718 3131 3734 3156 ,
3758 3102 3865 3161 qua:

2271 3182 2492 3238 veniunt
2520 3183 2621 3237 sub
2648 3193 2925 3254 aspectum
2942 3226 2957 3251 ,
2987 3183 3198 3239 ratione
3222 3191 3452 3254 utraque
3477 3194 3736 3239 constare
3756 3181 3861 3254 quis

568 3264 729 3320 modo
754 3264 957 3320 semina
984 3265 1120 3337 ignis
1145 3265 1198 3321 in
1222 3265 1443 3322 materia
1467 3264 1815 3338 frigidissima
1842 3281 2166 3337 permanere
2192 3304 2237 3368 C
2274 3292 2382 3333 non
2416 3275 2600 3331 videt?
2631 3275 2914 3345 Quomodo
2943 3291 3074 3347 ergo
3093 3276 3213 3332 sine
3238 3276 3449 3333 ratione
3474 3277 3731 3332 coeuntia
3759 3290 3866 3346 pos.

570 3366 857 3431 potuerunt
883 3359 907 3413 ?

2269 3380 2393 3424 sunt
2416 3368 2618 3440 aliquid
2640 3369 2858 3425 efficere
2899 3369 3210 3472 rationale?
3244 3365 3499 3426 Videmus
3539 3370 3688 3426 enim
3733 3367 3858 3425 nihil

1914 3457 2272 3517 VARIORUM
2308 3460 2537 3519 NOTAE.

646 3549 765 3621 Non
781 3549 952 3604 herba.
984 3548 1074 3606 Sic
1094 3550 1306 3621 reposui
1335 3567 1399 3608 ex
1426 3566 1557 3609 mss.
1586 3560 1642 3608 et
1668 3552 1831 3609 editis
1860 3561 1969 3609 vet.
1998 3553 2156 3611 Rom.

570 3620 853 3697 Gymnic.,
916 3620 1110 3678 Cellar.
1159 3620 1235 3678 ’ln
1292 3624 1507 3680 caeteris
1571 3623 1735 3681 editis
1784 3625 2005 3697 legitur,
2061 3643 2164 3682 non

572 3693 925 3849 hﬂt‘fgoerique
944 3776 1175 3837 possunt.
1209 3766 1333 3822 Mss.
1373 3767 1437 3823 14
1467 3776 1521 3822 et
1548 3767 1616 3822 15
1645 3767 1796 3837 edd.,
1826 3778 1915 3823 aut
1942 3784 2160 3839 genera-

580 3847 623 3892 ri
686 3847 882 3893 assunt.

643 3856 786 3963 β’ίηὶ
834 3908 898 3965 de
941 3909 1066 3964 nilo.
1121 3908 1273 3978 Lips.
1331 3908 1405 3978 2,
1470 3910 1727 3978 Reimm.,
1784 3911 1963 3979 Rost.,
2021 3910 2155 3968 Ven.

572 3978 713 4054 1171
738 3981 989 4054 άεᾉηιιιιο.
1014 3980 1269 4054 _D_onott.,
1295 3979 1493 4054 rGoth.,
1525 3981 1665 4054 Ven.
1695 3993 1924 4054 utraque
1951 3978 2108 4039 ’l478
2132 4028 2147 4052 ,

569 4052 765 4118 Betul.,
800 4051 991 4119 Torn.,
1013 4050 1251 4119 Waleh.,
1285 4053 1398 4109 fieri
1421 4053 1485 4108 de
1516 4053 1679 4109 nihilo
1708 4050 1976 4124 posterius
1994 4050 2158 4125 repu-

568 4135 693 4194 gnat
717 4126 895 4197 versui
925 4142 940 4193 ;
973 4125 1123 4197 prius
1148 4124 1211 4178 de
1240 4125 1385 4180 nullo
1409 4125 1645 4182 Lucretii
1670 4126 1841 4194 mori,
1872 4128 1962 4197 qui
1994 4124 2169 4183 liben-

572 4205 653 4251 ter
676 4195 898 4252 nihilum
926 4195 983 4252 in’
1011 4196 1178 4251 nilum
1219 4197 1524 4264 contrahit,
1552 4197 1788 4269 exempli
1815 4195 1984 4271 gratia
2008 4241 2023 4266 ,

823 4349 836 4362 .
864 4348 877 4360 .
908 4349 919 4362 .
949 4348 965 4362 .
994 4351 1006 4362 .
1033 4310 1107 4362 Ad
1126 4312 1277 4363 nilum
1292 4324 1505 4377 quaeque
1527 4315 1752 4376 reverti;

571 4417 640 4474 Et
666 4433 804 4477 vers.
834 4419 940 4477 671
972 4438 985 4475 :

723 4532 800 4584 Ne
820 4534 907 4585 tibi
926 4548 1011 4587 res
1024 4536 1235 4587 redeant
1251 4533 1312 4587 ad
1332 4534 1485 4587 nilum
1503 4533 1721 4588 funditus
1738 4502 1930 4588 omnes.

520 4656 525 4657 ν
578 4648 599 4711 ι’
651 4637 937 4711 Fatendum
961 4650 1053 4711 est.
1082 4639 1212 4695 Mss.
1239 4640 1277 4695 2
1298 4639 1508 4695 Bonon.
1527 4680 1544 4706 ,
1569 4639 1594 4693 1
1622 4639 1781 4711 Beg.,
1808 4654 1918 4695 rec.
1938 4681 1954 4706 ,
1982 4641 2017 4696 5
2041 4640 2167 4696 Col-

575 4705 741 4778 bert.,
793 4709 950 4779 Pen.,
1011 4709 1277 4779 Clarom.,
1335 4705 1621 4781 putandum
1668 4705 1773 4767 es't.
1814 4711 1840 4765 1
1894 4712 2161 4780 Sorbon.,

573 4781 834 4836 sciendum
847 4792 946 4836 est.

646 4852 775 4922 Quis
812 4853 947 4909 hunc
993 4864 1131 4926 putet
1170 4852 1405 4909 habuisse
1449 4854 1755 4926 cerebrum?
1786 4853 1875 4926 Sic
1913 4871 1979 4910 ex
2030 4871 2163 4912 mss.

571 4924 684 4981 fere
708 4926 959 4999 omnibus
984 4924 1222 4999 restitui;
1253 4926 1304 4981 in
1334 4927 1371 4999 4
1399 4940 1519 4999 τεο.
1570 4936 1625 4981 et
1672 4925 1726 4999 in
1773 4925 1932 4982 editis
1968 4928 2166 4999 legitur

571 5007 736 5068 putat.
770 4995 1025 5054 Habuisse
1043 4997 1325 5063 cerebrum,
1359 4998 1412 5053 id
1449 5006 1533 5053 est
1581 4998 1846 5053 rationem
1893 5008 1947 5054 et
1972 4995 2159 5054 saiiam

571 5078 846 5135 utentem;
900 5085 1021 5125 nam
1072 5080 1283 5126 veteres
1311 5069 1367 5124 in
1418 5068 1646 5125 cerebro
1696 5069 1947 5125 dixerunt
1996 5071 2162 5126 animi

570 5156 691 5212 esse
713 5140 919 5212 sedem.
940 5140 1053 5197 Cic.
1082 5141 1303 5198 Tuscul.
1334 5157 1382 5205 ι,
1417 5156 1536 5212 cap.
1556 5141 1612 5197 9.
1641 5170 1715 5181 —
1742 5140 1996 5196 Habuisse
2027 5159 2165 5197 cere-

570 5210 735 5266 brum.
766 5211 1075 5283 Eleganter,
1105 5225 1166 5269 ut
1192 5212 1455 5270 Plitrdrus
1486 5210 1574 5268 'de
1622 5211 1793 5268 Larva
1855 5212 1949 5267 lib;
2009 5229 2026 5267 ι
2052 5255 2066 5280 ,
2098 5215 2161 5283 7.

568 5285 652 5356 2]
678 5283 724 5338 0
750 5282 943 5355 quanta
969 5286 1190 5356 species,
1218 5285 1412 5355 inquit,
1437 5286 1699 5340 cerebrum
1724 5300 1825 5338 non
1854 5284 2020 5356 habet.
2063 5282 2164 5342 Ubi

568 5354 692 5411 vide
748 5354 1157 5412 Bunemannum
1203 5356 1257 5411 in
1297 5354 1464 5411 ’novo
1513 5356 1929 5411 commentario.
1964 5355 2164 5410 lterum

569 5424 717 5482 Lact.
748 5429 879 5495 epit.
918 5444 1038 5496 cap.
1073 5430 1140 5485 54
1166 5446 1182 5485 :
1209 5426 1455 5482 Homines
1475 5428 1645 5483 inanis
1673 5427 1861 5481 cerebri
1883 5441 1903 5491 ;
1926 5426 1993 5481 de
2017 5425 2165 5496 Opil‘.
2186 5459 2203 5471 ο

569 5512 686 5579 cap.
733 5499 802 5555 16
851 5501 1011 5579 :_Alii
1054 5501 1225 5557 sedem
1251 5500 1362 5569 ejus
1392 5497 1638 5571 (mentis)
1690 5499 1744 5552 in
1799 5497 2002 5552 cerebro
2046 5512 2168 5555 esse

569 5568 837 5625 dixerunt.
868 5570 999 5627 Bua.
1272 5568 1275 5569 ⁷
1403 5568 1412 5571 “
1617 5568 1626 5571 ⁷

641 5638 937 5698 Credemus.
959 5644 987 5698 1
1016 5642 1278 5710 Colbert.,
1330 5642 1621 5707 credimus;
1652 5641 1679 5697 1
1724 5640 1796 5696 al.
1845 5639 2085 5697 Colbert.
2114 5648 2171 5698 et

570 5710 762 5777 Brun.,
795 5714 1083 5771 credamus.

645 5781 789 5856 Ignis
809 5785 1205 5864 excutiturL‘Sic
1231 5800 1423 5864 omnes
1461 5782 1646 5854 scripti
1668 5783 1906 5864 e_d_it_i_que
1926 5824 1940 5849 ,
1972 5791 2171 5864 praeter

565 5852 708 5920 Yen'.
739 5854 968 5931 pritnam
998 5856 1158 5930 M78,
1181 5859 1457 5925 exciditur,
1480 5852 1664 5928 prave.
1693 5852 1903 5912 Malletn
1932 5895 1948 5925 ,
1978 5854 2024 5909 si
2046 5852 2168 5911 libri

2271 3567 2576 3615 annuerent
2596 3600 2610 3623 ,
2640 3557 2933 3625 excuditur,
2956 3568 3016 3614 ut
3041 3557 3191 3632 Virg.
3225 3574 3240 3614 t
3270 3557 3397 3615 Ain.
3431 3559 3535 3615 174
3570 3577 3584 3614 :

2458 3673 2532 3725 Ae
2554 3672 2766 3736 primum
2792 3674 2940 3725 silicis
2962 3673 3223 3726 scintillam
3245 3674 3451 3726 excudit
3467 3674 3704 3726 Achates.

3549 3758 3684 3814 BUN.

2295 3920 2301 3925 _
2346 3857 2532 3913 Orbem
2552 3859 2786 3925 vitreum,
2810 3868 2915 3915 etc.
2957 3857 3083 3914 Haec
3110 3857 3333 3914 cristalli
3373 3867 3565 3913 natura
3598 3866 3722 3924 est,
3756 3873 3860 3928 qua:

2269 3928 2404 4002 nihil
2435 3931 2580 3985 aliud
2605 3940 2687 3986 est
2708 3973 2721 3997 ,
2746 3946 2907 3999 quam
2934 3945 3071 4002 aqua
3094 3930 3147 4002 iu
3173 3931 3364 4002 lapidis
3384 3929 3641 4002 duritiem
3671 3930 3858 4002 frigore

2264 4012 2318 4056 et
2348 4000 2613 4057 vetustate
2659 4002 2965 4073 congelata.
3017 4000 3148 4056 Vide
3194 4001 3558 4073 Marbodmuni
3600 4000 3863 4057 cuiusuis

2274 4071 2808 4128 commentatoribué.
2841 4074 2913 4128 De
2942 4073 3081 4143 ignis
3110 4084 3300 4128 natura
3329 4071 3695 4142 Theophrasti
3738 4073 3861 4143 liber

2276 4154 2442 4199 extat.
2491 4145 2632 4200 Sttnt
2679 4144 2886 4201 similes
2936 4138 3073 4215 ignis
3126 4143 3378 4200 eliciendi
3452 4138 3863 4215 rationesapud

2278 4215 2415 4270 Plin.
2441 4225 2497 4272 et
2527 4215 2834 4271 Lucretium
2865 4214 3073 4287 ipsum,
3118 4227 3278 4285 atque
3303 4216 3467 4273 etiam
3516 4214 3662 4286 apud
3707 4214 3864 4271 Seue-

2278 4300 2395 4358 cam
2429 4289 2479 4342 in
2512 4287 2752 4342 Natural.
2782 4297 2974 4358 qnzest.
2999 4287 3203 4343 Baros.

2352 4356 2674 4414 dredendum
2698 4356 2948 4414 est—Mss.
2971 4358 3026 4422 5.
3056 4359 3282 4414 credent.

2352 4430 2508 4512 Atqui
2536 4432 2599 4512 de
2619 4431 2727 4485 sale
2754 4432 2909 4512 ignis,
2962 4440 3067 4512 etc.
3088 4429 3483 4512 _Hallueinatur
3512 4429 3860 4488 Lactantius:

2200 4539 2253 4599 Ι)
2282 4502 2979 4599 “Relii’ﬁiifﬁi’f‘ii‘fﬂli'ﬁ
2999 4510 3247 4599 ιεῖειπιξιξε·

2351 4573 2493 4645 Certe
2520 4573 2848 4645 inhalaveris.
2875 4573 3002 4629 Mss.
3034 4589 3089 4641 ι,
3120 4573 3255 4645 Reg.
3286 4587 3425 4640 rec.,
3451 4575 3487 4629 5
3523 4573 3770 4632 Colbert.
3816 4579 3861 4628 et

2272 4642 2478 4707 Baluz.,
2514 4644 2575 4699 Si
2607 4662 2736 4700 certe
2754 4648 2807 4700 in
2832 4646 3111 4701 alveariis.-

2354 4714 2523 4791 i’apor
2539 4716 2687 4791 levis.
2700 4714 2829 4791 Mss.
2844 4716 3038 4791 AGoth.,
3054 4716 3214 4791 lenis;
3241 4716 3498 4789 lIBonon.
3517 4718 3715 4791 antiq.,
3739 4718 3853 4774 lene.

2340 4787 2441 4840 Aut
2468 4788 2641 4844 maris.
2668 4787 2798 4845 Mss.
2830 4789 2863 4845 6
2893 4799 2939 4844 et
2962 4789 3141 4843 maris.

2342 4858 2754 4932 Quidego.Sic
2800 4860 3082 4932 legendum
3131 4876 3198 4915 ex
3241 4869 3351 4932 vet.
3408 4875 3538 4916 mss.
3578 4860 3854 4924 {Bouon.,

2267 4929 2428 5003 Cane.
2458 4930 2653 5003 C:eteri
2677 4941 2730 4986 et
2756 4929 2881 4987 edd:
2904 4933 3104 4989 habent
3142 4948 3297 5003 ergo;
3325 4930 3516 4997 Brun.,
3546 4932 3730 5003 igitur.

2339 5000 2556 5057 Deinde.
2588 5002 2663 5058 Ita
2697 5004 2911 5072 reposui
2942 5021 3008 5060 ex
3031 5000 3280 5059 omnibus
3302 5018 3431 5059 mss.
3460 5000 3663 5073 prte'ter
3690 5005 3725 5061 3
3750 5018 3849 5059 rec.

2270 5072 2321 5128 in
2353 5074 2550 5148 quibus
2575 5085 2659 5130 est
2684 5074 2948 5148 Denique,
2977 5083 3040 5131 ut
3066 5077 3119 5131 in
3155 5073 3337 5131 editis.

2348 5144 2408 5199 Si
2438 5161 2503 5218 ea:
2527 5143 2860 5218 inuisibilibus
2886 5157 3039 5214 sunt,
3070 5162 3185 5218 quae
3212 5163 3313 5218 non
3339 5143 3597 5207 videntur,
3618 5164 3775 5218 neuio
3796 5146 3856 5198 ri-

2267 5215 2395 5288 det?
2423 5217 2513 5272 Sic
2558 5217 2843 5288 legendum
2892 5234 2963 5275 ex
3014 5215 3241 5288 utroque
3272 5217 3503 5283 Bouon.,
3538 5218 3573 5273 3
3600 5217 3852 5278 Colbert.,

2267 5287 2454 5342 Baluz.
2484 5296 2540 5342 et
2563 5287 2720 5355 Tam,
2757 5306 2866 5345 non
2896 5302 2954 5345 ut
2991 5291 3105 5356 alii,
3132 5287 3177 5344 si
3226 5304 3289 5343 ea:
3321 5288 3665 5345 inuisibilibus
3715 5298 3853 5351 sunt.

2266 5373 2381 5429 qua:
2404 5360 2654 5427 videntur,
2683 5377 2774 5415 cur
2788 5362 2943 5433 igitur
2972 5377 3118 5417 nemo
3148 5360 3279 5414 videt
3303 5360 3326 5414 ?
3346 5358 3854 5431 Utiturargumento

2267 5443 2296 5483 a
2324 5433 2613 5504 contrariis
2644 5451 2657 5487 :
2688 5433 2733 5486 si
2759 5448 2825 5488 ea
2852 5449 2974 5504 quae
3013 5448 3120 5487 non
3143 5433 3413 5504 videntur.
3452 5442 3676 5486 manant
3698 5448 3725 5485 a
3746 5445 3851 5486 cor-

2270 5501 2921 5576 poribnsinvisibilibus';
2954 5520 3082 5576 ergo
3130 5520 3251 5574 qua:
3295 5501 3853 5576 videntur,_prodcunt

2267 5587 2336 5627 ex
2354 5572 2664 5647 visibilibus
2688 5591 2711 5647 ;_
2726 5590 2794 5647 ea
2818 5576 2977 5647 igitur
2999 5572 3099 5647 e'ur
3125 5572 3231 5630 non
3254 5573 3546 5629 videntur?
3568 5573 3756 5631 lsa-zus.

2342 5640 2661 5699 Consideret.
2695 5644 2822 5701 Mss.
2838 5640 2887 5701 ’7
2913 5646 3225 5702 consideres.

2339 5711 2672 5790 Troelabilia.
2689 5715 2817 5773 Mss.
2839 5718 2907 5773 16
2922 5720 3060 5774 inter
3076 5732 3212 5790 quos
3229 5725 3313 5774 est
3326 5716 3647 5790 Regio-Pw.
3672 5715 3853 5790 habet“

2271 5784 2522 5861 tactibilia
2544 5803 2563 5851 ;
2590 5786 2800 5844 Borion.
2822 5790 3019 5861 antiq.,
3042 5784 3272 5855 tactilia;
3300 5790 3337 5843 ἓ
3356 5784 3508 5844 C6lb.
3524 5786 3852 5861 ,7tactabilitt;

2267 5858 2305 5913 2
2328 5853 2462 5930 Reg.
2485 5871 2598 5916 rec.
2646 5868 2700 5919 et
2745 5861 2833 5918 ed.
2869 5853 3026 5919 Rom.
3077 5853 3259 5932 1470,
3290 5860 3632 5931 intactibilia;
3672 5861 3741 5917 al.
3769 5859 3845 5917 ed.
