4034 6354
163 311 266 373 105

1517 313 1720 374 LIBER
1763 314 1854 372 DE
1894 312 2010 373 IRA
2055 317 2189 374 DEI.

3367 325 3474 383 106

161 444 285 486 esse
315 431 370 484 ill
397 430 548 485 omni
577 428 800 496 mundo,
829 428 967 500 quod
986 443 1092 483 non
1111 426 1302 482 habeat
1322 426 1372 482 ill
1391 442 1447 482 se
1474 428 1760 482 maximam
1792 433 1844 492 Α
1870 429 2014 485 tione
2043 430 2110 486 de
2129 430 2357 487 confuso
2378 446 2573 491 acervo
2599 447 2660 492 se
2689 437 2854 494 atomi
2881 451 3345 510 congregaverant
3368 485 3382 508 ,
3415 451 3475 498 ut

163 521 587 593 mirabilenlque
615 523 900 576 rationem.
952 521 1080 588 Quae
1107 561 1121 586 ,
1149 520 1273 591 quia
1313 535 1474 589 supra
1528 519 1764 573 hominis

164 628 390 670 sensum
417 623 473 670 et
503 615 781 685 ingenium
821 625 934 680 est,
969 613 1053 669 cui
1085 613 1318 681 rectius,
1369 628 1529 684 quam
1563 613 1765 668 divina:

163 708 530 781 providentiae
563 708 846 763 tribuenda
878 708 998 762 est?
1029 706 1109 761 An
1145 707 1494 762 simulacrum
1527 705 1766 760 hominis

166 811 218 858 et
254 811 493 857 statuam
523 800 666 857 ratio
719 811 773 856 et
813 814 901 856 ars
941 799 1123 871 ﬁngit;
1176 800 1350 872 ipsum
1395 801 1668 856 hominem
1700 798 1768 854 de

167 895 355 949 frustis
407 903 614 949 temere
657 894 1102 949 concurrentibus
1157 892 1271 948 ﬁeri
1326 891 1663 962 putabimus?
1703 879 1770 946 Εῖ

170 987 297 1059 quid
327 987 506 1042 simile
546 985 794 1041 veritatis
833 986 885 1040 ill
935 985 1091 1052 fleto,
1127 1000 1250 1041 cum
1278 1001 1548 1040 sunlnlulll
1581 994 1637 1040 et
1674 1000 1769 1040 ex-

172 1080 374 1136 cellens
404 1077 694 1134 artiﬁcium
725 1078 856 1133 nihil
879 1077 1021 1133 aliud
1041 1119 1058 1144 ,
1091 1077 1192 1133 nisi
1234 1078 1477 1133 umbram
1502 1087 1558 1132 et
1584 1087 1766 1133 extre-

173 1191 257 1232 ma
297 1175 543 1246 corporis
573 1175 896 1229 lineamenta
929 1175 1102 1244 possit
1141 1174 1376 1229 imitari?
1423 1173 1562 1228 Nunt
1599 1173 1771 1242 potuit

174 1267 407 1322 humana
439 1265 660 1322 solertia
690 1265 819 1322 dare
849 1266 1000 1339 operi
1032 1281 1130 1323 suo
1159 1278 1251 1322 aut
1285 1276 1486 1322 motum
1510 1267 1767 1337 aliquem,

173 1371 264 1418 aut
290 1360 557 1417 sensum?
585 1359 786 1415 Omitto
838 1374 993 1416 usum
1043 1360 1296 1427 videndi,
1333 1360 1616 1423 audiendi.
1648 1360 1772 1415 odo-

175 1452 328 1510 randi
353 1495 368 1520 ,
392 1461 824 1522 czeterorumqne
845 1453 1212 1508 membrorum
1234 1494 1250 1520 ,
1269 1451 1349 1507 vel
1373 1452 1767 1523 apparentium,

83 1559 86 1563 ’
178 1545 268 1601 vel
299 1544 616 1608 latentium,
665 1543 944 1599 mirabiles
971 1544 1249 1601 utilitates.
1277 1544 1410 1613 Quis
1448 1543 1638 1599 artifex
1672 1559 1770 1614 po-

179 1638 280 1692 tuit
301 1679 316 1704 ,
346 1646 439 1692 aut
465 1651 559 1691 cor
587 1635 824 1691 hominis
844 1678 858 1703 ,
911 1646 1002 1690 aut
1038 1650 1258 1702 vocem,
1288 1645 1380 1690 aut
1409 1635 1576 1705 ipsam
1608 1635 1771 1689 fabri-

182 1744 309 1786 eare
333 1729 653 1800 sapientiam
669 1728 694 1783 ‘l
710 1727 1075 1798 Quisquamne
1097 1727 1259 1799 igitur
1278 1742 1446 1783 sanus
1467 1727 1740 1783 existimat
1758 1769 1772 1792 ,

1868 536 1933 576 ex
1959 521 2080 577 aliis
2106 523 2328 580 inferius
2353 535 2500 582 terra
2517 529 2952 601 conglobaretur,
2984 531 3183 588 etelnm
3233 534 3470 606 desuper

1874 613 2208 679 tenderetur,
2263 625 2410 673 tanta
2458 618 2696 676 siderum
2742 624 3003 680 varietate
3045 622 3388 690 distinctum,
3415 635 3480 682 ut

1871 706 2004 762 nihil
2037 723 2277 780 unquam
2308 710 2605 780 excogitari
2641 713 2812 783 possit
2837 716 3120 769 ornatius?
3143 716 3311 771 Tanta
3341 732 3476 788 ergo

1869 801 1958 871 qui
1989 801 2252 858 videatet
2287 802 2410 858 talia
2434 845 2450 870 ,
2495 813 2675 872 potest
2723 805 3036 861 existimare
3089 807 3236 863 nullo
3277 808 3481 867 effecta

1871 909 1991 950 esse
2007 895 2257 958 consilio,
2278 895 2424 950 nulla
2448 897 2808 966 providentia,
2840 899 2986 953 nulla
3010 901 3220 956 ratione
3250 900 3471 966 divina;

1873 988 1969 1043 sed
1997 1004 2063 1043 es
2090 987 2284 1044 atomis
2303 988 2591 1044 subtilibus
2613 1029 2629 1056 ,
2662 989 2873 1059 exiguis
2897 1003 3150 1047 concreta
3175 1007 3297 1049 esse
3328 1001 3479 1049 tanta

1875 1079 2129 1134 miracula
2157 1080 2180 1134 ἲ
2207 1079 2396 1134 Nonne
2427 1079 2670 1151 prodigio
2698 1079 2876 1136 simile
2903 1090 2987 1137 est
3024 1093 3115 1137 aut
3143 1093 3326 1138 natum
3353 1098 3479 1140 esse

1875 1172 2185 1239 hominem,
2228 1173 2318 1244 qui
2354 1173 2468 1228 lucc
2489 1171 2726 1240 diceret,
2757 1184 2850 1228 aut
2866 1174 3143 1240 extitisse,
3175 1176 3262 1245 qui
3290 1176 3479 1232 crede-

1876 1268 2002 1320 ret?
2036 1275 2094 1320 ut
2126 1265 2489 1322 Democritum
2515 1307 2529 1331 ,
2558 1265 2650 1337 qui
2681 1265 2897 1322 auditor
2923 1266 3042 1337 ejus
3067 1267 3169 1323 fuit
3192 1307 3208 1331 ,
3235 1269 3320 1322 vel
3353 1269 3482 1340 Epi-

1873 1371 2100 1422 curum,
2135 1358 2185 1412 ill
2216 1373 2375 1429 quem
2423 1357 2630 1413 vanitas
2687 1360 2868 1414 omnis
2919 1357 2989 1414 de
3034 1358 3292 1430 Leucippi
3331 1362 3482 1417 fonto

1876 1449 2147 1520 proﬂuxit.
2175 1453 2244 1505 At
2270 1452 2413 1507 enim
2444 1455 2462 1522 (
2486 1451 2627 1506 sicut
2651 1451 2742 1506 alii
2769 1449 2994 1523 dicunt)
3021 1464 3210 1507 natura
3243 1452 3478 1509 mundus

1875 1541 2107 1599 effectus
2133 1552 2250 1608 est,
2283 1558 2404 1614 quae
2455 1556 2620 1597 sensu
2672 1554 2728 1598 et
2781 1542 2950 1614 ﬁgura
3000 1555 3166 1599 caret.
3198 1544 3309 1600 lloc
3352 1559 3484 1600 vero

1877 1639 2048 1694 multo
2075 1647 2160 1694 est
2184 1636 2490 1694 absurdius.
2513 1636 2570 1695 Si
2601 1648 2790 1694 natura
2823 1637 3080 1694 mundum
3113 1637 3236 1694 fecit
3258 1681 3271 1702 .
3296 1640 3481 1696 consi-

1879 1733 1951 1786 tiu
1971 1741 2024 1787 et
2057 1731 2267 1786 ratione
2317 1730 2536 1795 fecerit,
2580 1745 2803 1787 necesse
2832 1740 2957 1798 est;
2992 1731 3038 1786 is
3064 1732 3210 1787 enirn
3235 1733 3360 1787 facit
3381 1734 3483 1788 ali-

185 1823 330 1895 quod
361 1823 524 1878 homo
552 1824 756 1880 ratione
782 1831 837 1876 et
865 1820 1093 1877 consilio
1125 1821 1302 1876 facere
1329 1834 1436 1876 non
1477 1820 1681 1890 possit,
1715 1818 1771 1874 id
1806 1821 1854 1882 B
1881 1826 2007 1896 quid
2034 1867 2049 1892 ,
2073 1827 2162 1896 qui
2187 1834 2278 1880 aut
2308 1823 2638 1880 voluntatem
2666 1823 2896 1880 faciendi
2924 1823 3087 1879 habet
3111 1866 3126 1888 ,
3174 1833 3266 1880 aut
3304 1824 3483 1881 δείρῃ-

185 1931 450 1973 concursu
489 1924 788 1970 atomorum
815 1913 1014 1984 passim
1036 1913 1422 1969 cohaerentium
1452 1914 1634 1983 perlici
1678 1929 1770 1982 pn-

181 2009 387 2066 tnisse?
418 2006 585 2063 Vides
625 2008 676 2061 in
709 2022 829 2078 quae
881 2006 1234 2061 deliramenta
1279 2004 1570 2060 inciderint
1599 2046 1612 2071 ,
1641 2003 1768 2060 dum

155 2105 369 2162 .nolunt
390 2103 728 2160 effectionenl
756 2117 1050 2172 curamque
1079 2115 1260 2157 rerum
1285 2100 1396 2156 Deo
1433 2099 1584 2155 dare.

249 2196 630 2253 Concedamus
671 2205 847 2250 tamen
879 2194 1000 2260 his,
1033 2202 1090 2248 ut
1131 2209 1196 2248 ex
1243 2194 1438 2248 atomis
1481 2194 1607 2248 liattt
1655 2210 1774 2264 qua:

182 2299 388 2347 terrena
406 2297 569 2343 sunt:
599 2302 727 2343 num
759 2288 920 2343 etiam
946 2285 1225 2343 caelestia?
1253 2286 1389 2341 Deos
1419 2285 1568 2340 aiunt
1594 2287 1773 2341 incor-

185 2393 400 2454 ruptos,
428 2393 663 2438 teternos
685 2423 700 2445 ,
731 2381 916 2436 beatos
942 2395 1101 2445 esse;
1129 2379 1367 2450 solisque
1394 2380 1524 2434 dant
1572 2379 1771 2434 inimu-

182 2475 438 2542 nitatem,
469 2490 540 2530 ne
578 2487 844 2529 concursu
897 2481 1199 2528 atomorum
1249 2470 1488 2526 concreti
1528 2485 1652 2526 esse
1690 2471 1770 2526 vi-

180 2566 432 2623 deantur.
465 2564 524 2620 Si
552 2565 697 2621 enim
727 2563 800 2620 dii
846 2578 1060 2635 quoque
1100 2578 1166 2618 ex
1211 2561 1319 2617 illis
1365 2563 1770 2636 constitissent,

177 2659 523 2732 dissipabiles
552 2659 777 2726 ﬁerent,
822 2656 1118 2713 seminibus
1148 2655 1439 2726 aliquando
1478 2657 1768 2722 reSolutis.

173 2762 342 2824 atque
389 2753 445 2808 in
492 2762 739 2807 naturam
778 2765 929 2804 suam
972 2749 1387 2806 revertentibus.
1417 2747 1562 2820 Ergo
1607 2750 1651 2804 si
1691 2759 1776 2805 est

174 2842 382 2916 aliquid
402 2887 419 2912 ,
450 2842 594 2915 quod
621 2843 784 2896 atomi
817 2857 922 2896 non
968 2839 1241 2897 effecerint
1264 2883 1280 2907 ,
1303 2856 1402 2898 cur
1442 2857 1549 2897 non
1577 2845 1773 2898 cietera

175 2937 369 2994 eodem
404 2935 568 2992 modo
624 2933 1032 3004 intelligamus?
1066 2932 1195 3002 Sed,
1223 2949 1406 3004 quer
1431 2975 1447 3001 ,
1487 2945 1773 3006 antequam

174 3029 440 3088 mundum
472 3030 764 3102 primordia
803 3028 904 3082 ista
944 3036 1296 3098 generarent,
1319 3043 1416 3083 cur
1441 3028 1542 3083 sibi
1572 3029 1644 3083 dii
1674 3028 1774 3084 ha-

173 3125 478 3182 bitaculum
533 3141 640 3180 non
695 3123 1116 3179 aedificaverint?
1150 3122 1414 3179 Videlicet
1465 3123 1568 3178 nisi
1608 3123 1773 3179 atomi

1875 1920 2022 1974 tiam.
2061 1919 2116 1974 Si
2143 1929 2294 1974 caret
2333 1931 2494 1974 sensa
2537 1932 2600 1972 ac
2655 1915 2823 1986 ﬁgura
2848 1957 2864 1983 ,
2894 1915 3167 1988 quomodo
3210 1927 3384 1986 potest
3408 1917 3481 1971 ab

1874 2027 1938 2068 ea
1966 2011 2116 2078 ﬁeri,
2141 2010 2285 2082 quod
2307 2020 2364 2066 et
2387 2025 2606 2066 sensum
2629 2009 2824 2066 habeat
2840 2019 2894 2065 et
2920 2010 3142 2080 ﬁguram
3163 2009 3184 2063 ?
3207 2011 3306 2064 nisi
3337 2008 3483 2065 forte

1877 2106 1998 2177 quis
2024 2104 2336 2168 arbitretur,
2369 2101 2684 2159 animalium
2719 2101 2972 2157 fabricam
3006 2109 3114 2155 tam
3146 2100 3400 2156 subtilem
3447 2116 3481 2156 a

1879 2214 1986 2253 non
2015 2196 2285 2253 sentiente
2303 2193 2525 2251 formari
2549 2194 2882 2265 auimarique
2908 2193 3148 2264 pomisse
3171 2211 3185 2260 ;
3207 2202 3301 2248 ant
3321 2194 3480 2248 istam

1879 2293 1998 2350 caeli
2021 2293 2256 2362 speciem
2273 2333 2288 2358 ,
2316 2301 2420 2346 tam
2443 2288 2787 2361 providenter
2806 2289 2872 2345 ad
2896 2289 3156 2346 utilitates
3185 2275 3482 2345 viventium

1883 2396 2232 2457 temperatam
2256 2426 2272 2452 ,
2302 2382 2485 2440 nescio
2524 2398 2632 2454 quo
2677 2397 2806 2438 casu
2828 2423 2843 2448 ,
2880 2382 2998 2439 sine
3031 2381 3332 2451 conditore,
3359 2381 3480 2438 sine

1881 2479 2122 2544 artiﬁce,
2165 2477 2346 2532 subito
2383 2475 2646 2532 extitisse.

1957 2589 1974 2622 ι
2011 2572 2066 2625 Si
2095 2568 2221 2641 quid
2248 2576 2361 2635 est,
2393 2568 2567 2638 inquit
2594 2566 2960 2638 Chrysippus,
2984 2566 3127 2638 quod
3157 2566 3358 2622 efﬁciat
3381 2581 3472 2633 ea,
3531 2611 3536 2614 .

1879 2678 1999 2734 quae
2028 2663 2210 2726 homo,
2243 2661 2369 2717 licet
2397 2661 2610 2715 ratione
2664 2660 2733 2714 sit
2788 2659 3088 2730 praeditus,
3139 2659 3315 2716 facere
3367 2673 3477 2715 non

1881 2755 2082 2825 possit,
2117 2754 2166 2808 id
2189 2751 2434 2824 prafecto
2457 2760 2542 2807 est
2573 2751 2778 2822 majus,
2807 2761 2860 2806 et
2888 2750 3114 2822 fortius,
3160 2763 3211 2807 et
3252 2752 3476 2823 sapien-

1881 2847 1985 2902 tius
2013 2846 2250 2901 homine.
2284 2864 2302 2897 ι
2331 2845 2502 2900 Homo
2529 2853 2707 2898 autem
2737 2857 2842 2897 null
2877 2852 3054 2913 potest
3081 2846 3255 2900 facere
3293 2843 3485 2900 easies-

1879 2939 1986 3006 tia;
2017 2953 2146 3008 ergo
2176 2937 2309 2993 illud
2332 2978 2349 3004 ,
2377 2934 2522 3006 quod
2570 2936 2685 2991 haec
2709 2935 2909 2991 efficiet
2947 2936 3030 2990 vel
3067 2935 3308 2991 elfeeerit
3334 2978 3348 3002 ,
3391 2951 3484 2992 su-

1882 3039 2036 3103 perat
2066 3029 2340 3084 hominem
2368 3036 2508 3093 arte,
2549 3026 2809 3094 consilio,
2840 3026 3124 3098 prudentia
3143 3068 3158 3093 ,
3194 3037 3479 3098 pclestate.

1882 3128 2012 3196 Quis
2063 3127 2224 3198 igitur
2250 3134 2428 3196 potest
2470 3138 2629 3190 esse,
2690 3123 2790 3178 nisi
2849 3122 3028 3178 Deus?
3073 3120 3274 3177 Natura
3329 3137 3479 3190 vero,

173 3221 440 3277 coiissent
467 3263 482 3287 ,
512 3220 820 3290 caelumque
850 3218 1133 3285 fecissent,
1185 3217 1362 3272 adhuc
1409 3217 1481 3273 dii
1528 3234 1624 3290 per
1666 3233 1781 3274 me-
1809 3203 1854 3265 Ο
1887 3237 2044 3294 quam
2073 3221 2239 3278 veluti
2269 3229 2495 3276 matrem
2527 3232 2649 3274 esse
2673 3232 2855 3273 rerum
2899 3224 3110 3288 putant,
3157 3216 3201 3270 si
3249 3227 3484 3271 mentem

173 3314 324 3371 dium
353 3313 521 3372 inane
553 3313 869 3386 penderent.
900 3313 1020 3380 Quo
1069 3311 1232 3383 igitur
1278 3312 1531 3382 consilio,
1565 3328 1666 3385 qua
1697 3329 1784 3370 ra-

1889 3330 1995 3370 non
2027 3297 2217 3382 habet,
2241 3311 2375 3368 nihil
2395 3311 2595 3368 efficiet
2620 3325 2890 3381 unquam,
2921 3307 3056 3376 nihil
3083 3309 3366 3366 multetur.
3385 3308 3483 3366 Ubi

1538 3429 1889 3488 VARIORUM
1923 3429 2151 3487 NOTAE.

173 3549 334 3606 Rom.
369 3545 541 3613 Mn,
571 3544 929 3611 intactabilia;
957 3544 1121 3600 altera
1147 3544 1306 3600 Rom.
1340 3543 1482 3600 1468
1503 3561 1626 3600 cum
1668 3561 1772 3601 cte-

173 3623 307 3677 teris
357 3620 654 3690 impressis
688 3632 752 3672 ac
802 3616 1370 3690 scriptisﬂtractabilia,
1399 3627 1455 3671 ut
1503 3617 1556 3690 in
1603 3627 1768 3673 textu.

174 3691 334 3749 Unde
364 3688 564 3760 liquet,
612 3688 751 3744 sicut
792 3703 857 3744 ex
907 3689 1071 3743 variis
1112 3689 1438 3760 lectionibus
1467 3689 1622 3754 aliis,
1665 3698 1774 3744 tres

175 3759 460 3818 Romanas
510 3760 774 3815 editiones
818 3775 847 3814 a
901 3774 962 3814 se
1014 3759 1242 3814 invicem
1297 3759 1558 3814 diversas.
1587 3761 1692 3816 Sed
1721 3769 1776 3815 et

172 3834 306 3891 alibi
338 3835 574 3905 legimus
598 3829 740 3902 apud
763 3831 1099 3886 Lactantium
1125 3831 1220 3905 lib.
1251 3847 1280 3884 v
1311 3830 1490 3905 Divin.‘
1515 3831 1774 3905 Institut.,

172 3921 292 3976 cap.
321 3901 424 3970 22;
459 3901 911 3976 oculis’manuque
955 3902 1217 3956 tractabile
1239 3902 1376 3976 ,{uhi
1405 3901 1526 3957 vide
1552 3902 1676 3960 Not.
1710 3903 1776 3958 ad

175 3973 271 4033 liii.
304 3978 377 4032 de
406 3974 663 4046 Opiﬁcio,
687 3989 806 4043 cap.
832 3973 863 4029 ⁷1
898 3990 1050 4027 manu
1081 3973 1320 4046 et_oculis
1349 3983 1681 4046 contrectare.

250 4043 509 4103 [extrema
531 4046 759 4116 corporis
781 4046 1104 4099 lineamenta.
1132 4043 1330 4110 Lond.,
1358 4045 1514 4116 Reg"
1542 4044 1771 4100 Reilnm.

173 4131 231 4176 et
258 4134 463 4175 omnes
509 4118 660 4180 libri,
717 4127 958 4171 extrema.
1013 4116 1178 4173 Recte
1209 4133 1338 4187 ergo
1376 4133 1440 4171 ex
1504 4117 1605 4171 hoc
1657 4117 1778 4172 loco

177 4192 241 4248 D.
274 4191 522 4246 Bouhier
561 4195 745 4243 monet
783 4188 1046 4242 adversus
1077 4188 1384 4252 Davisium;
1415 4188 1575 4243 etiam
1607 4189 1658 4242 ill
1688 4187 1776 4244 Ci-

174 4278 380 4318 cerone
410 4261 507 4316 lib.
567 4275 583 4313 t
627 4258 697 4313 de
745 4257 861 4313 Nat.
915 4259 1097 4321 Deor.,
1151 4275 1270 4331 cap.
1301 4259 1371 4331 41
1405 4277 1418 4312 ;
1449 4257 1777 4314 Lineamenta

177 4337 438 4389 duntaxat
467 4331 704 4386 extremis
743 4331 1046 4384 servandum
1073 4330 1374 4386 esse.’Pari
1420 4332 1580 4384 modo
1625 4332 1771 4385 Lact.

174 4407 272 4463 lib.
303 4421 360 4473 ν,
384 4418 510 4474 cap.
533 4402 569 4455 2
598 4444 612 4457 .
639 4400 965 4457 Lineamenta
1002 4410 1050 4455 et
1077 4418 1325 4456 summam
1354 4401 1574 4528 βῃὲνηηι
1629 4403 1776 4457 dixit.

1473 4488 1560 4528 un.

1473 4488 1560 4528 ΠΝ.

254 4546 479 4603 Omitto.
509 4544 604 4600 Ms.
626 4545 653 4599 1
678 4545 811 4599 Bon.
843 4546 1037 4614 antiq.,
1069 4542 1236 4599 Mitto.
1258 4543 1363 4600 Pro
1384 4561 1534 4600 usum
1552 4545 1778 4611 videndi,

177 4620 233 4676 in
273 4620 412 4675 edit.
460 4616 653 4673 Venet.
695 4615 844 4672 Trid.
887 4615 1128 4671 Florent.
1177 4627 1261 4671 est
1297 4633 1498 4672 sensum
1546 4617 1776 4685 videndi,

178 4692 324 4747 male
343 4732 360 4756 ,
391 4704 520 4746 mox
546 4693 690 4744 enim
721 4703 823 4742 vos
849 4704 1051 4742 sensum
1082 4690 1378 4759 praecessit.

257 4761 622 4829 Elfectionem.
656 4759 791 4814 Rara
823 4775 928 4812 vox
948 4803 962 4824 ,
989 4775 1106 4830 qua:
1135 4768 1314 4815 tamen
1349 4761 1617 4830 reperitur
1639 4759 1777 4830 apud

178 4833 534 4895 Ciceronem,
561 4833 652 4886 lill.
670 4847 705 4886 ll
737 4831 803 4886 de
821 4830 1062 4898 Finibus,
1087 4843 1206 4902 cap.
1238 4833 1330 4898 45,
1352 4843 1402 4888 et
1431 4833 1523 4887 lib.
1553 4847 1632 4900 ιιι,
1657 4847 1778 4902 cap.

177 4906 272 4970 21,
305 4906 443 4959 artis
473 4903 687 4969 e/fectio.

253 4977 317 5034 Si
345 4977 490 5030 enim
519 4975 591 5027 dii
620 4989 815 5044 quoque
852 4989 914 5028 ea:
939 4973 1044 5030 illis
1069 4974 1429 5029 constitissent.
1457 4974 1547 5031 Sic
1576 4974 1781 5028 restitui

181 5065 246 5106 ex
281 5045 708 5119 quanlpluljnlis
735 5059 864 5119 l_uss.
890 5046 1041 5119 inter
1079 5061 1213 5115 quos
1259 5054 1386 5102 sunt
1422 5045 1780 5119 antiquissimi

181 5121 210 5174 1
235 5114 544 5175 Bonorum
571 5115 854 5184 Rem-Plit.
890 5114 944 5170 In
975 5118 1009 5171 6
1048 5114 1264 5184 scriptis
1291 5128 1348 5172 et
1377 5117 1536 5172 editis
1556 5114 1780 5187 legitur,

182 5192 306 5246 deos
333 5204 542 5261 quoque
567 5204 628 5242 ex
654 5187 1188 5261 illisitjonstituissent;
1215 5190 1266 5242 in
1290 5188 1324 5242 3
1348 5188 1479 5261 Reg.
1506 5202 1640 5255 rec.,
1664 5187 1785 5242 Cla-

181 5259 354 5328 rom.,
389 5260 485 5315 ed.
507 5259 660 5313 Rom.
692 5259 850 5324 M70,
879 5260 1068 5314 deos...
1092 5259 1447 5316 constituisset.

255 5330 626 5402 Dissipabiles.
649 5331 773 5402 llaec
789 5346 892 5385 vox
915 5332 1004 5386 vix
1020 5333 1256 5402 occurrit
1281 5330 1422 5400 apud
1453 5330 1586 5402 alios
1615 5330 1784 5402 scrip-

184 5415 337 5461 tores
366 5421 382 5459 :
412 5399 771 5474 nihilominus
800 5412 943 5456 extat
975 5402 1112 5474 apud
1137 5399 1478 5467 Ciceronem,
1513 5401 1606 5457 lib.
1635 5401 1787 5474 lllAdc

181 5475 393 5532 Natura
423 5473 604 5536 deor.,
632 5488 750 5544 cap.
781 5473 850 5528 12
875 5491 890 5528 :
923 5471 1025 5528 Aer
1045 5484 1230 5529 natura
1255 5476 1440 5528 cedens
1467 5483 1541 5529 est
1567 5471 1788 5526 maxillae

183 5557 230 5603 et
251 5545 598 5617 dissipabilis.

259 5612 671 5674 Revértentibus.
702 5615 826 5670 Mss.
875 5615 912 5668 2
961 5616 1116 5685 Bun.,
1147 5615 1307 5681 Tax.,
1340 5616 1364 5670 1
1399 5612 1580 5681 (Σειιὶιη
1615 5629 1788 5668 recur-

183 5690 443 5745 rentibus.

261 5758 575 5816 Primordia
596 5758 694 5812 ista
717 5768 1032 5830 generarent.
1057 5760 1081 5812 1
1121 5757 1329 5812 Bonon.
1360 5758 1525 5828 alltiq.
1555 5771 1787 5829 generas-

185 5843 319 5896 seat.

731 5924 1003 6001 PATROL.
1057 5921 1194 5985 Vll.

1951 3545 2072 3601 Non
2097 3545 2485 3613 (edi/icaverint.
2530 3544 2655 3601 Mss.
2708 3545 2830 3616 7‘et
2857 3545 2893 3601 ι
2923 3544 3092 3611 editi,
3125 3562 3227 3601 non
3253 3547 3485 3608 redi/ica-

1877 3629 2077 3673 verunt.
2106 3647 2178 3659 —-
2205 3618 2394 3684 Quaero
2420 3633 2515 3672 cur
2531 3634 2701 3671 non...
2729 3617 3119 3686 wdiﬁcaverint.
3147 3617 3324 3680 Rost.,
3345 3617 3482 3674 Ven.

1883 3689 2211 3754 ini-1515,
2239 3699 2293 3744 et
2323 3689 2518 3751 Paris,
2546 3688 2802 3756 Qutero...
2831 3705 2922 3742 cur
2955 3705 3054 3742 non
3075 3690 3479 3758 (edi/icarerunt.

1882 3760 2032 3816 llaud
2067 3763 2229 3827 male,
2257 3761 2438 3829 judice
2466 3760 2800 3824 lleumaltno,
2830 3760 2918 3829 qui
2950 3775 3048 3814 nec
3076 3762 3222 3829 prius
3251 3761 3481 3816 Lactan-

1886 3833 1958 3885 tio
2001 3831 2275 3902 indignnm
2303 3847 2369 3886 ex
2389 3830 2710 3902 supradictis
2737 3841 2938 3884 censet.
2975 3831 3100 3885 Milli
3124 3832 3270 3900 prius
3300 3834 3474 3887 solum

1886 3902 2034 3958 Lact.
2065 3901 2284 3973 dignum
2311 3901 2545 3967 videtur,
2580 3903 2668 3969 qui
2694 3944 2706 3961 .
2735 3902 2823 3955 ilbi
2853 3917 2958 3955 non
2986 3909 3304 3971 corruptus.
3338 3920 3482 3958 seni-

1887 3991 1982 4044 per
2009 3984 2330 4044 postquer
2363 3990 2474 4039 cur,
2511 3973 2912 4042 conjunctivunl
2943 3974 3112 4044 punit.
3141 3974 3228 4044 Sic
3275 3973 3369 4029 lib.
3402 3989 3470 4038 tl,

1884 4062 2003 4116 cap.
2037 4047 2102 4114 4,
2158 4045 2416 4101 restitui:
2466 4045 2652 4110 Qner
2700 4060 2793 4098 cur
2818 4044 2995 4116 illi....
3046 4043 3333 4113 Sacrilegia
3376 4060 3479 4100 non

1883 4115 2285 4180 vindicat'erint;
2332 4116 2426 4170 lih.
2467 4132 2573 4185 ιιι,
2632 4131 2751 4185 cap.
2808 4115 2917 4168 l5:
2978 4116 3173 4185 Solent
3210 4130 3474 4183 quaerere,

1885 4206 2041 4243 cur...
2075 4189 2418 4258 reperiantur.
2447 4184 2657 4249 Cicero,
2689 4183 2786 4258 lib.
2824 4200 2839 4236 ι
2871 4186 2936 4240 de
2978 4183 3022 4238 N
3041 4194 3099 4240 it.
3146 4184 3324 4250 deor.,
3354 4201 3473 4256 cap.

1884 4261 1961 4315 9:
1992 4256 2260 4320 Sciscitor.
2292 4274 2385 4312 cur
2429 4258 2603 4311 mundi
2650 4256 2987 4323 wdiﬂcatores
3034 4267 3237 4319 repente
3289 4260 3474 4312 extite-

1882 4331 2078 4385 rint....
2110 4344 2301 4400 quarro,
2331 4344 2424 4381 cur
2460 4327 2677 4381 Prontea
2702 4337 2865 4400 vestra
2887 4328 3190 4400 restituerit;
3219 4327 3286 4382 de
3313 4327 3471 4398 Fato,

1884 4417 2004 4472 cap.
2047 4404 2080 4456 8
2105 4396 2428 4472 tantum...
2457 4415 2673 4472 cur_non
2704 4399 2918 4472 possint.
2974 4396 3103 4450 Ben.

1960 4469 2117 4528 Terra
2141 4469 2548 4541 conglobaretur.
2562 4469 2637 4524 ιω
2663 4483 2790 4523 nlss.
2809 4470 3138 4541 antiquiores
3155 4479 3209 4525 et
3229 4469 3468 4540 potiores

1883 4543 2116 4616 Bonum,
2150 4539 2466 4616 Regio-Pin.
2516 4542 2745 4616 aliique.
2798 4549 2851 4593 ct
2905 4540 2992 4595 ed.
3042 4539 3111 4596 Is.
3165 4539 3241 4597 At
3285 4544 3475 4616 scripti

1881 4615 1951 4672 12
1973 4631 2085 4672 rec.
2114 4624 2168 4669 et
2195 4613 2323 4669 editi
2349 4623 2496 4667 terra:
2514 4611 2955 4683 conglobarentur.

1954 4685 2238 4743 Subtilibus
2278 4685 2490 4757 exiguis.
2549 4682 2768 4753 Legitur
2817 4698 2944 4739 vero
2993 4682 3228 4739 subtilius
3278 4685 3474 4756 exiguis

1881 4759 2021 4828 apud
2055 4761 2373 4816 Iluncmanu
2393 4758 2552 4826 inque
2582 4757 2719 4828 hanc
2747 4765 3470 4828 vocenLtiotalllsequentem

1884 4825 2143 4886 habet.——
2173 4830 2422 4899 Subtilius
2448 4825 2646 4899 exiguis
2694 4826 2887 4884 Betul..
2916 4825 3104 4890 Tum,
3140 4827 3468 4899 1581-165,

1882 4903 2088 4957 Gener.
2120 4901 2273 4965 1650,
2315 4897 2551 4964 Waleln,
2605 4898 2887 4953 Subtilivus
2921 4908 2965 4951 et
3020 4898 3239 4968 «signis.
3269 4897 3467 4962 Lond.,

1883 4973 1995 5045 Reg
2027 5013 2042 5038 ,
2075 4983 2148 5045 et
2189 4971 2378 5045 G_oth.,
2430 4970 2724 5045 subtilibus
2758 4969 3002 5045 exiguis.
3025 4967 3369 5045 Frequenter
3397 4972 3470 5024 ita

1883 5039 2184 5106 Arnobius,
2218 5041 2548 5112 frequentitis
2581 5040 2869 5112 Minucius,
2893 5055 2958 5112 ac
2989 5041 3070 5093 vix
3108 5039 3282 5112 semel
3310 5049 3472 5108 atque

1885 5117 2075 5171 iterum
2106 5115 2176 5171 ita
2196 5109 2522 5168 Lactantius.
2555 5113 2626 5166 lta
2651 5109 2812 5168 Goth.
2842 5111 3070 5176 minora,
3096 5109 3313 5164 humilia
3332 5151 3346 5171 ,
3377 5112 3470 5166 ubi

1886 5186 2099 5257 plures,
2132 5187 2328 5257 minora
2350 5195 2404 5240 et
2429 5183 2645 5257 [inutilia
2670 5199 2689 5237 :
2709 5181 2861 5257 unde
2901 5193 3120 5257 secutus
3148 5180 3468 5257 sumALond.

1885 5251 1940 5313 et
1968 5257 2106 5314 Goth
2139 5256 2474 5312 llletllbrallzls
2506 5272 2521 5309 :
2547 5253 2800 5311 Subtilius
2831 5253 3048 5324 exiguis,
3083 5269 3179 5322 pro
3205 5251 3475 5309 subtilissi-

1887 5331 2006 5394 mis,
2029 5328 2395 5382 minutissimis.
2429 5327 2558 5382 BUN.

1958 5392 2089 5454 Tam
2128 5398 2399 5464 subtilem,
2440 5397 2567 5454 Mss.
2619 5396 2653 5453 6
2688 5405 2744 5451 et
2782 5394 2820 5449 2
2856 5395 2980 5450 edd.
3027 5392 3230 5448 addunt
3275 5402 3477 5466 tamque

1887 5471 2204 5536 mirabilem;
2234 5471 2392 5525 Cane.
2421 5479 2474 5522 et
2493 5470 2527 5524 9
2558 5469 2684 5525 editi
2705 5508 2722 5533 ,
2742 5477 2844 5520 tant
2875 5465 3124 5520 subtiliter
3163 5483 3194 5517 lt
3227 5481 3330 5523 non
3356 5465 3473 5523 selt-

1889 5543 2042 5597 tiente
2058 5552 2245 5595 natura
2263 5541 2490 5610 (oraturi.

1963 5614 2024 5668 Si
2053 5605 2273 5666 mentem
2290 5627 2388 5664 non
2414 5609 2581 5662 habet.
2606 5607 2795 5661 Cicero
2825 5605 2890 5660 de
2921 5605 3040 5660 Nat.
3073 5605 3247 5670 deor.,
3273 5622 3309 5661 ll
3330 5648 3346 5672 ,
3392 5609 3477 5664 ili-

1890 5699 2073 5738 versas
2097 5683 2167 5738 de
2203 5694 2383 5736 natura
2431 5679 2721 5735 sententiis
2764 5692 2859 5730 seti
2891 5676 3238 5733 tlelinitiuttes
3276 5679 3481 5736 deseri-

1889 5755 1968 5811 bit
2001 5772 2016 5810 ;
2046 5771 2211 5810 ιιιι.ιιιι
2239 5767 2423 5808 eorum
2448 5792 2463 5815 ,
2491 5750 2581 5821 qui
2613 5758 2853 5800 naturam
2896 5755 3123 5821 censent
3153 5747 3257 5800 vinl
3295 5764 3484 5818 quam-

1893 5827 2018 5883 dam
2083 5827 2200 5884 sine
2277 5821 2485 5879 ratione
2514 5819 2760 5874 cientem
2825 5829 3010 5872 illotus
3064 5819 3118 5872 ill
3173 5821 3490 5888 corporibus

2975 5913 3016 5978 lt
