4034 6354
567 285 669 341 107

1964 280 2123 336 Fili.“
2134 322 2147 337 .
2189 279 2557 339 LACTANTII
3770 284 3856 342 ιιι

570 402 714 457 enim
763 415 869 455 non
911 409 994 454 est
1034 399 1316 470 cogitatio,
1349 414 1447 453 nec
1502 408 1680 453 motus
1735 408 1817 453 est
1866 398 2042 463 nllus,
2075 414 2173 454 nec
2202 401 2253 459 Λ
2351 400 2408 454 Si
2457 414 2585 453 vero
2621 401 2672 452 in
2726 398 2887 468 hujus
2923 399 3106 455 mundi
3139 398 3241 472 (ut
3288 402 3361 459 ita
3410 401 3645 457 dixerim
3673 403 3695 475 )
3723 417 3855 474 repn-

575 490 849 548 efﬁcacia.
880 488 938 548 Si
979 502 1154 547 autem
1193 491 1422 547 consilio
1476 491 1643 546 utitur
1692 492 1755 545 ad
1806 490 2171 562 incipiendum

570 584 808 656 aliquid,
839 586 1048 640 ratione
1076 583 1141 639 ad
1172 583 1569 655 disponendum
1597 626 1611 650 ,
1663 592 1780 639 arte
1820 584 1887 638 ad
1935 582 2199 651 efﬁciens

574 674 733 741 dinn,
769 677 963 732 virtute
1003 675 1068 731 ad
1097 676 1616 740 consummandum,
1661 686 1927 747 potestate
1970 676 2036 731 ad
2082 692 2171 732 rc—

572 770 803 841 gendum
834 779 889 826 et
940 769 1359 835 continendum;
1410 786 1508 825 cur
1548 777 1735 825 natura
1790 769 1966 840 potius
2010 784 2170 841 quam

576 864 713 921 Dens
743 863 1087 921 nominetur?
1118 863 1223 919 Aut
1266 864 1310 918 si
1352 876 1652 918 concursus
1700 870 2002 916 atomorum
2031 905 2045 927 ,
2082 860 2174 917 vel

572 973 761 1014 carens
808 967 987 1014 mente
1037 967 1261 1018 natura,
1315 970 1411 1020 ea,
1464 971 1581 1025 qua:
1633 953 1907 1021 videmus,
1960 952 2169 1021 effecit,

552 1067 755 1117 umero
807 1067 904 1106 cur
951 1049 1132 1105 facere
1186 1047 1384 1104 coelum
1438 1046 1708 1117 potuerit,
1738 1045 1925 1102 urbem
1953 1045 2171 1100 antdo-

572 1160 721 1199 mmu
767 1159 871 1197 non
915 1140 1186 1213 potuerit?
1233 1155 1328 1195 cur
1371 1146 1579 1194 montes
1621 1138 1905 1194 marmoris
1945 1137 2170 1204 fecerit,

575 1237 854 1291 Columnas
896 1244 950 1290 et
999 1233 1283 1289 simulacra
1331 1248 1437 1288 non
1484 1231 1706 1287 fecerit?
1733 1230 1897 1303 Atqui
1942 1246 2048 1287 non
2079 1230 2175 1287 de—

576 1328 807 1385 buerant
832 1327 997 1384 atonii
1026 1328 1186 1383 etiam
1231 1326 1297 1381 ad
1343 1326 1458 1382 haec
1487 1325 1768 1382 efﬁcienda
1810 1341 2173 1393 concurrere;

577 1412 845 1494 siquidem
877 1419 1077 1476 nullam
1115 1419 1435 1492 positionem
1487 1419 1830 1489 relinquunt,
1864 1434 2024 1489 quam
2065 1433 2175 1473 uou

578 1520 947 1590 experiantur.
972 1518 1103 1573 Nam
1146 1517 1213 1572 de
1255 1526 1619 1587 natura,quae
1658 1525 1893 1569 mentem
1940 1531 2045 1570 non
2076 1514 2174 1569 ha-

576 1610 735 1677 beat,
771 1626 876 1666 non
899 1620 980 1666 est
1005 1608 1338 1674 mirandum,
1370 1606 1512 1678 quod
1537 1605 1654 1661 haec
1683 1605 1859 1662 facere
1884 1606 2051 1661 oblita
2080 1609 2172 1662 sit.

578 1702 716 1769 Quid
743 1717 872 1773 ergo
898 1701 1018 1758 est?
1041 1700 1234 1771 Utique
1262 1701 1434 1766 Deus,
1458 1714 1584 1754 cum
1606 1698 1885 1753 inchoaret
1913 1698 2016 1754 hoc
2039 1714 2176 1768 opus

2274 491 2417 547 blica
2446 493 2585 545 nulla
2615 491 2952 563 providentia
2979 501 3103 557 est,
3124 509 3246 564 qua!
3287 504 3475 565 regat,
3503 495 3687 551 nullus
3713 494 3857 563 Deus,

2276 584 2366 657 qui
2395 584 2737 639 administret
2756 626 2772 652 ,
2797 599 2898 641 nec
2918 586 3141 642 omnino
3176 600 3371 643 sensus
3400 587 3541 643 ullus
3571 588 3629 642 in
3658 587 3760 642 hac
3784 603 3858 644 rs-

2275 692 2397 731 rum
2426 687 2613 732 natura
2644 677 2844 747 pollet;
2887 677 3029 734 unde
3080 678 3243 750 igitur
3285 694 3442 736 mens
3492 680 3733 737 humana
3768 690 3859 735 tali

2275 769 2450 824 solers
2473 811 2486 824 .
2520 778 2627 823 tam
2671 768 2973 840 intelligens
3021 778 3139 825 orta
3177 785 3301 826 esse
3326 771 3629 828 credetur?
3655 770 3714 829 Si
3734 770 3857 828 enim

2276 876 2474 931 corpus
2504 861 2735 919 hominis
2763 878 2830 918 ex
2856 861 3023 919 humo
3054 864 3234 920 ﬂetum
3256 876 3341 921 est
3362 909 3378 932 ,
3403 866 3547 922 unde
3575 866 3745 922 homo
3781 881 3861 924 ne.

2277 969 2403 1009 men
2431 955 2668 1025 accepit;
2697 954 2911 1010 animus
2934 952 3069 1025 ergo
3093 957 3182 1026 qui
3227 957 3367 1027 s'tpit
3389 999 3405 1024 ,
3439 957 3532 1029 qui
3581 967 3765 1014 rector
3790 968 3861 1015 ut

2277 1047 2550 1115 corporis,
2577 1048 2663 1101 cui
2694 1047 2936 1104 membra
2975 1048 3347 1119 obsequuntur
3390 1061 3653 1121 tanquam
3695 1052 3863 1123 regiet

2279 1142 2590 1212 imperatori
2614 1184 2628 1207 ,
2656 1144 2744 1212 qui
2775 1157 2876 1198 nec
2902 1144 3070 1213 aspici
3093 1184 3107 1206 .
3142 1159 3242 1199 nec
3266 1141 3664 1215 comprehcndi
3687 1154 3860 1217 potest,

2280 1250 2386 1289 non
2405 1235 2577 1304 potuit
2604 1235 2671 1289 ad
2696 1233 2968 1289 hominem
2998 1236 3100 1291 nisi
3135 1251 3165 1289 a
3201 1237 3442 1307 sapiente
3469 1249 3667 1294 natura
3699 1253 3863 1309 perve-

2279 1327 2415 1382 nire.
2433 1325 2538 1381 Sed
2567 1326 2708 1381 sicut
2748 1341 2909 1383 omne
2934 1342 3133 1396 corpus
3156 1344 3307 1384 mens
3333 1339 3391 1386 et
3427 1331 3649 1386 animus
3684 1331 3860 1403 guber-

2279 1429 2372 1475 nat
2403 1437 2418 1477 :
2453 1420 2524 1475 ita
2552 1430 2607 1475 et
2637 1420 2896 1476 mundum
2924 1422 3084 1477 Deus.
3128 1422 3236 1478 Nec
3260 1425 3407 1480 enim
3434 1425 3740 1482 verisimile
3763 1435 3861 1493 est.

2280 1519 2340 1567 ut
2369 1514 2577 1568 minora
2624 1524 2677 1568 et
2720 1513 2938 1568 humilia
2992 1514 3257 1585 regimen.
3284 1515 3548 1581 habeant,
3582 1517 3784 1589 majora
3818 1526 3861 1575 et

2280 1622 2488 1662 summa
2525 1624 2630 1662 non
2660 1607 2910 1664 habeant.
2946 1609 3187 1680 Denique
3219 1610 3288 1664 Μ.
3315 1609 3507 1666 Cicero
3540 1613 3597 1667 in
3622 1612 3861 1669 Tuscula-

2281 1702 2364 1756 nis
2389 1740 2405 1767 ,
2432 1702 2559 1756 etin
2588 1700 3001 1764 Consolatione:
3038 1720 3057 1752 ι
3093 1702 3413 1757 Animorum
3439 1703 3459 1775 (
3484 1704 3667 1775 inquit
3700 1704 3860 1775 )nuiis

581 1794 803 1862 mundi,
835 1809 942 1865 quo
964 1792 1095 1847 nihil
1116 1800 1294 1862 potest
1318 1805 1441 1846 esse
1471 1805 1571 1846 nec
1592 1789 1902 1860 dispositins
1929 1791 1997 1845 ad
2029 1789 2176 1845 ordi—
2206 1787 2254 1848 B
2283 1795 2336 1850 in
2369 1794 2525 1849 terris
2550 1794 2701 1864 origo
2726 1793 2952 1850 inveniri
2971 1804 3164 1864 potest.
3193 1794 3336 1850 Nihil
3364 1806 3447 1851 est
3468 1798 3620 1852 enim
3641 1839 3658 1862 ,
3689 1797 3857 1869 inquit.

584 1904 707 1943 nem
738 1929 751 1951 .
785 1900 884 1942 nec
909 1887 1087 1955 aptius
1118 1883 1184 1939 ad
1224 1884 1507 1939 utilitatem
1531 1925 1546 1950 ,
1574 1897 1673 1938 nec
1703 1883 1944 1937 ornatius
1973 1882 2040 1937 ad
2062 1881 2177 1952 pui-

571 1981 965 2045 chritudinem,
1014 1993 1114 2035 nec
1169 1977 1344 2048 majus
1398 1975 1467 2032 ad
1516 1975 1901 2047 moiem,qu:e
1955 1974 2072 2031 ﬁeri
2109 1977 2179 2033 ab

578 2072 799 2129 homine
820 2054 927 2128 non
956 2080 1205 2142 poterant
1228 2111 1243 2136 ,
1265 2069 1389 2124 iecit
1411 2070 1565 2139 ipse;
1598 2068 1649 2123 in
1681 2069 1874 2139 quibus
1891 2069 2053 2125 etiam
2079 2068 2180 2124 bo—

578 2169 777 2223 minem
807 2168 1017 2239 ipsum,
1047 2165 1135 2220 cui
1161 2163 1477 2234 particulam
1499 2162 1569 2218 de
1591 2178 1684 2217 sua
1704 2163 1963 2235 sapientia
1989 2163 2174 2229 dedit;

578 2270 634 2316 et
660 2262 913 2317 instruxit
942 2274 1064 2316 eum
1112 2260 1344 2324 ratione,
1375 2267 1633 2330 quantum
1667 2258 1926 2329 fragilitas
1957 2268 2176 2317 terrena

575 2355 851 2425 capiebat,
875 2363 934 2410 ut
955 2354 1072 2424 ipse
1098 2351 1202 2408 sibi
1234 2352 1475 2408 efﬁceret
1496 2392 1510 2417 ,
1541 2368 1662 2423 quae
1687 2353 1756 2407 ad
1785 2367 1913 2408 usus
1939 2368 2067 2410 suos
2089 2369 2176 2409 es-

577 2454 701 2503 sent
721 2445 1050 2529 necessaria.

2286 1888 2339 1942 in
2392 1886 2585 1942 animis
2634 1886 2852 1942 mistum
2899 1896 3451 1958 atqueconcrelum,
3485 1897 3585 1945 aut
3632 1888 3773 1960 quod
3808 1904 3861 1947 ex

2282 1992 2425 2039 terra
2453 1992 2632 2037 natum
2662 1991 2826 2053 atque
2858 1983 3041 2037 [ictum
3070 1996 3194 2038 esse
3217 1983 3500 2047 videatur;
3547 1985 3758 2041 nihilne
3789 1992 3862 2039 ast

2282 2074 2560 2129 humidum
2588 2073 2801 2144 quidem
2823 2115 2837 2139 ,
2859 2083 2952 2128 aut
2980 2073 3160 2131 ﬂabile
3182 2117 3199 2141 ,
3222 2085 3314 2131 aut
3337 2076 3575 2145 igneum.
3610 2076 3709 2132 [iis
3736 2075 3856 2134 enim

2285 2168 2491 2223 naturis
2516 2165 2649 2245 nihil
2677 2166 2848 2232 inest,
2883 2165 3027 2236 quod
3058 2166 3164 2221 vim
3189 2168 3498 2233 memorias,
3526 2168 3736 2223 mentis
3754 2181 3858 2237 ,ω-

2282 2260 2555 2331 gitationis
2582 2259 2777 2314 habeat
2793 2299 2810 2326 ,
2833 2257 2975 2329 quod
2996 2268 3051 2314 et
3082 2259 3349 2329 prasterita
3383 2268 3567 2315 teneat
3584 2302 3602 2323 ,
3627 2270 3682 2315 et
3708 2259 3860 2315 fututa

2282 2350 2577 2425 praevideat
2600 2393 2615 2416 ,
2649 2359 2705 2406 et
2733 2348 3015 2421 complecti
3048 2351 3219 2420 possit
3248 2350 3539 2421 praesentia
3565 2392 3583 2417 ,
3609 2367 3731 2422 qua:
3764 2351 3859 2408 sols

2285 2445 2469 2501 divina
2493 2451 2644 2499 sunt.
2663 2442 2773 2499 Nec
2801 2443 2945 2501 enim
2968 2443 3319 2499 inveniuntur
3339 2460 3577 2515 unquam
3604 2485 3623 2513 ,
3652 2443 3859 2503 undosi!

1924 2534 2283 2596 VARIORUM
2319 2534 2549 2593 NOTE.

576 2678 941 2742 necessarios;
986 2677 1211 2732 alteram
1254 2692 1474 2744 eorum,
1518 2677 1611 2746 qui
1656 2676 1921 2733 deﬁniunt
1946 2680 2053 2734 vim
2084 2696 2172 2735 ra-
2228 2703 2241 2715 -

577 2749 738 2822 tionis
758 2755 919 2822 atque
942 2747 1149 2822 ordinis
1176 2748 1514 2822 participem,
1540 2756 1811 2822 tamquam
1835 2750 1919 2804 via
1949 2766 2176 2822 progre-

575 2820 842 2882 dientem,
876 2818 1350 2888 declarantemque
1393 2818 1521 2890 quid
1551 2818 1812 2890 cujusque
1849 2818 2174 2878 caussa'res

576 2890 807 2957 efficiat,
838 2890 968 2961 quid
1016 2900 1293 2961 sequatur.
1347 2889 1500 2961 cujus
1556 2889 1833 2947 solertiam
1885 2894 2026 2948 nulla
2064 2909 2173 2960 ars,

581 2964 727 3018 nulla
751 2978 941 3016 manus
966 3003 981 3028 .
1008 2976 1171 3018 nemo
1197 2961 1379 3032 Opifex
1409 2964 1663 3033 consequi
1689 2965 1869 3089 lpossit
1896 2964 2174 3021 imitando.

1734 3051 2013 3089 ETDLEIUS.

1734 3051 2013 3091 ETULBIUS.

651 3124 761 3179 Nec
813 3136 1013 3187 motus.
1046 3135 1150 3181 etc.
1206 3125 1369 3195 Atqui
1422 3134 1612 3180 natura
1659 3126 1894 3183 Zenonis
1947 3128 2176 3194 artifex,

581 3197 755 3266 opifex
780 3238 794 3260 ,
822 3197 1120 3271 consultrix
1140 3238 1155 3263 ,
1187 3209 1242 3251 et
1274 3196 1494 3271 provida
1525 3198 1813 3271 utilitatum
1856 3201 2181 3271 opportuni-

578 3277 854 3337 tatuniqne
880 3269 1120 3323 omnium
1140 3268 1358 3333 mundi,
1381 3283 1572 3323 omnes
1596 3280 1773 3325 motus
1805 3268 1968 3326 habet
1992 3273 2184 3326 volun-

584 3339 785 3403 tarios,
830 3348 1166 3420 conatusque
1196 3409 1209 3420 _
1239 3349 1321 3420 et.
1365 3340 1757 3420 appetitiones,
1818 3359 1952 3420 quas
2016 3346 2181 3420 ὁρμὰς

579 3423 752 3480 graece
790 3419 1003 3465 vocant.
1031 3408 1144 3465 Cic.
1178 3409 1248 3465 de
1279 3408 1614 3480 Natfdeorq
1647 3413 1740 3467 lib.
1770 3408 2069 3472 nfBerctI.

644 3478 892 3553 Consilio.
929 3480 1053 3535 Mss.
1080 3481 1110 3534 7
1137 3480 1341 3535 addunt
1366 3497 1481 3547 suo,
1510 3478 1652 3553 quod
1685 3485 1752 3539 ab
1778 3486 1896 3541 aliis
1920 3498 1972 3540 ct
2006 3503 2035 3542 a
2060 3487 2179 3542 vui-

584 3552 898 3623 gatisgabest
919 3566 1171 3623 ,7necnon
1203 3566 1233 3607 a
1256 3553 1471 3608 caeteris
1501 3552 1709 3623 periodi
1742 3557 2019 3623 membris.

657 3620 1046 3701 EQ‘rcit._liss.
1096 3622 1132 3676 2
1176 3622 1359 3688 Colb.,
1412 3620 1674 3692 Cia'rom.,
1710 3627 1797 3681 cd.
1826 3620 2075 3701 Gyninic.
2126 3639 2184 3686 et

585 3693 808 3764 Spark.,
838 3694 1006 3765 eﬂicit.

657 3784 1068 3861 cur..._.__cozlum
1094 3786 1316 3861 potuerit
1328 3829 1343 3853 ,
1369 3787 1624 3861 urbem...
1643 3805 1745 3844 non
1775 3793 2037 3861 potuerit?
2059 3791 2185 3848 Hinc

585 3857 782 3931 similia
813 3854 1223 3931 ill_is_Ciceronis
1261 3857 1355 3931 lib.
1389 3874 1427 3913 ll
1464 3859 1533 3914 de
1579 3854 1785 3917 Natura
1834 3863 2057 3919 deorum
2084 3906 2098 3931 ,
2128 3880 2179 3920 c.

583 3929 652 3983 57
676 3945 691 3981 :
723 3928 873 3995 Quod
896 3928 940 3982 si
963 3929 1211 3983 mundum
1238 3929 1431 3999 efﬁcere
1458 3939 1618 3996 potest
1667 3949 1944 3988 concursus
1986 3928 2184 3991 etanta-

586 4017 702 4072 runs
722 4040 739 4068 ,
765 4015 857 4053 cur
882 4000 1137 4070 porticum
1160 4041 1177 4064 ,
1230 4016 1322 4054 cur
1375 4002 1621 4072 templum
1643 4043 1659 4069 ,
1684 4021 1776 4058 cur
1813 4005 2019 4060 domum
2042 4047 2058 4072 ,
2091 4024 2184 4061 cur

586 4071 759 4145 uulpem
778 4087 881 4126 non
910 4080 1070 4145 potest
1090 4073 1253 4145 liqua:
1292 4082 1409 4127 sunt
1458 4071 1627 4130 minus
1654 4092 1870 4145 Operosa
1892 4121 1908 4145 ,
1944 4088 1990 4131 et
2022 4071 2181 4133 inulto

586 4142 789 4215 quidem
827 4144 1082 4215 faciliora.
1115 4143 1248 4198 BUN.

619 4222 626 4230 '
664 4214 817 4283 Atqui
846 4231 948 4269 non
967 4214 1243 4274 debuerant
1267 4216 1442 4268 atomi.
1472 4215 1545 4271 ita
1570 4219 1778 4273 restitui
1798 4234 1864 4276 ex
1887 4234 2017 4275 mss.
2046 4223 2183 4277 anti-

589 4284 866 4362 quissimis
880 4296 936 4341 et
960 4297 1074 4362 opt:
1097 4286 1134 4341 2
1164 4287 1322 4362 Bon.,
1340 4287 1551 4362 53%.,
1575 4289 1609 4345 5
1626 4288 1896 4358 Colbert.,
1915 4292 2178 4362 Clarum,

592 4354 1019 4436 Dalua.,_Brnn.,
1037 4356 1412 4436 faventibus}
1434 4354 1553 4436 aliis
1573 4375 1601 4414 a
1624 4362 1818 4436 quibus
1831 4354 1994 4436 abest
2014 4354 2187 4436 nega-1

591 4425 685 4480 tio.
720 4426 775 4481 in
806 4426 841 4480 ὅ
866 4428 1385 4502 scriptisrec.ct10
1428 4430 1555 4486 edd.
1606 4425 1703 4501 pro
1756 4425 2157 4502 debuerantfes

595 4506 864 4573 potuerant
894 4514 912 4563 ;
943 4500 996 4553 in
1026 4500 1149 4573 aliis
1171 4509 1401 4573 quatuor
1429 4500 1708 4571 impressis
1730 4516 2023 4573 potuerunt.

660 4568 996 4649 Butteuiaun.
1050 4568 1522 4649 legit'debuerant,'
1548 4568 1748 4649 omisso
1778 4592 1878 4649 non
1914 4595 1926 4629 :
1964 4597 1983 4629 ς
2012 4578 2185 4649 AEditi,

594 4639 785 4710 inquit,
817 4640 1034 4703 habent,
1086 4644 1223 4711 atqui
1251 4651 1539 4710 potuerant.
1569 4643 1767 4711 Lond.,
1801 4647 1959 4714 Reg.,
1993 4639 2183 4718 Goth.,

591 4710 739 4780 Lips.
782 4709 838 4773 2.
870 4712 925 4780 3,
960 4710 1190 4766 Reitnm.
1224 4728 1238 4765 :
1269 4714 1409 4779 atqui
1436 4731 1539 4769 non
1570 4714 1865 4772 debuerant.
1895 4719 2029 4774 Tum
2058 4737 2183 4780 non.

593 4751 691 4851 pr;
730 4751 1279 4859 nontne’sumemlum.
1312 4751 1420 4840 Sed
1462 4751 1624 4855 Bon:
1653 4751 2029 4859 'l‘a'x.',ml’:3ii.u,l

596 4866 743 4908 man.
766 4871 781 4907 :
809 4852 962 4923 Atqui
990 4853 1282 4908 debuerant.
1305 4874 1326 4907 ι

666 4922 1221 5003 Ναιιᾲῃιίροείιὶοηρηι.
1255 4926 1570 5003 De_0piilc.,
1617 4943 1735 4999 cap.
1768 4931 1919 4988 6:Si
1962 4937 2187 5003 primor-

594 4995 683 5051 dia
733 4995 934 5052 nullum
978 5011 1138 5067 genus
1186 4995 1452 5066 positionis
1496 4995 1813 5128 inexpeétum
1866 4995 2180 5078 relinquunt.

1708 5088 1794 5128 ou.

1708 5088 1794 5129 οη.

667 5136 929 5214 Quintilem
956 5137 1218 5214 fragilitas
1231 5149 1439 5214 terrena
1484 5143 1731 5214 capiebat.
1764 5144 1855 5202 Sic
1881 5148 2087 5204 restitui
2116 5165 2185 5206 ex

588 5211 955 5335 empsiuss.
984 5221 1036 5266 et
1062 5212 1128 5267 10
1154 5210 1333 5268 editis.
1382 5210 1577 5270 ϐαδιεέί
1620 5218 1816 5287 vulgati
1860 5218 2043 5290 legunt
2093 5238 2185 5275 cu-

590 5296 624 5335 υ
762 5321 778 5335 .

590 5291 778 5350 ριεωι.

661 5373 1273 5448 Adustis...necessaria.
1303 5376 1380 5432 ita
1396 5378 1573 5448 jungit
1597 5387 1931 5437 constanter.
1966 5381 2085 5438 Lib.
2118 5399 2135 5438 ι
2165 5401 2179 5440 :

590 5441 857 5524 Derelictis
879 5448 948 5524 ad
977 5447 1188 5524 tutelam
1216 5441 1648 5524 vitw‘néces'sariis
1665 5468 1685 5517 ;
1717 5452 1882 5523 Epit.,
1917 5468 2037 5524 cup.
2067 5455 2136 5510 56
2165 5474 2178 5509 :
2240 5485 2243 5488 ‹

587 5517 761 5596 princ.
801 5532 814 5568 :
853 5515 1227 5596 .Necess‘arium
1274 5521 1342 5574 ad
1397 5522 1635 5576 salutem.
1666 5515 1899 5596 Seneca
1924 5566 1938 5592 ,
1968 5515 2055 5596 ep.
2106 5527 2177 5582 8:

508 5600 511 5607 ί
586 5584 769 5662 Multis
794 5588 864 5642 ad
884 5589 1236 5659 quotidianum
1258 5608 1405 5647 usum
1432 5593 1726 5651 necessariis
1748 5612 1878 5662 opus
1923 5584 2019 5651 est:
2045 5597 2177 5654 BUN.

658 5656 1160 5738 duintus.'.._._rector
1186 5665 1434 5738 corporis.
1464 5663 1583 5738 Lib.
1611 5681 1671 5729 tt,
1695 5656 1814 5735 cap.
1852 5667 1948 5735 12,
1973 5668 2066 5725 lib.
2092 5684 2177 5738 γι,

582 5739 633 5783 c.
668 5728 831 5808 iide
856 5730 1021 5802 ()pil‘.,
1044 5733 1177 5808 c._l;
1210 5728 1427 5792 Sallust.
1460 5735 1583 5808 Jug.
1617 5728 1740 5806 1,5.
1763 5728 1905 5795 Βυκ.

576 5842 590 5871 ε
653 5798 739 5855 Ad
756 5815 877 5857 usus
904 5798 1048 5860 suos.
1077 5798 1286 5876 Seqltor
1310 5798 1724 5881 antiqttio'res'et
1765 5811 2006 5884 potiores
2037 5827 2170 5869 mss.

2277 2678 2312 2731 2
2344 2678 2577 2743 Bonon.,
2614 2674 2932 2747 Regio-Put.
2986 2674 3225 2747 aliosque
3270 2676 3504 2743 multos,
3537 2687 3599 2734 et
3629 2676 3756 2733 edd.
3800 2673 3856 2732 is.

2281 2749 2337 2804 in
2363 2749 2576 2803 cmteris
2600 2746 2764 2802 editis
2786 2756 2843 2804 et
2860 2746 3169 2818 inscriptis
3196 2762 3310 2803 rec.
3338 2756 3424 2803 est
3450 2750 3507 2804 in
3532 2766 3662 2805 ms
3688 2765 3815 2805 suos.

2352 2820 2550 2890 Corpus
2588 2818 2810 2890 hominis
2841 2834 2904 2874 ex
2931 2817 3085 2872 humo
3112 2820 3289 2887 ﬁctum
3341 2829 3434 2875 est.
3467 2821 3631 2877 Cum.
3663 2828 3767 2878 vet.
3789 2819 3858 2876 ed.

2282 2892 2438 2965 Dom.
2460 2889 2543 2947 'sic
2594 2889 2771 2965 ierunt
2822 2905 3011 2945 omnes
3062 2905 3192 2965 mss.
3226 2901 3421 2960 praeter
3453 2893 3479 2948 i
3512 2892 3656 2965 Reg.
3684 2900 3857 2965 reciet

2281 2960 2566 3017 Clarom.a
2598 2962 2768 3031 prima
2814 2976 3007 3023 manu,
3071 2961 3264 3031 quibus
3317 2971 3430 3029 est,
3483 2974 3542 3019 ut
3602 2960 3655 3020 in
3685 2963 3857 3030 editis,

2283 3035 2475 3101 factum
2508 3043 2597 3087 est.
2632 3033 2766 3087 Vide
2793 3032 2930 3087 infra
2958 3032 3131 3100 fictum
3156 3050 3281 3087 esse.

2360 3104 2508 3159 Unde
2535 3108 2684 3159 homo
2704 3120 2889 3158 nomen
2914 3106 3128 3173 accepit.
3161 3105 3367 3159 Allusio
3398 3115 3483 3160 est
3507 3147 3522 3167 ,
3561 3122 3672 3163 non
3697 3120 3854 3163 verita

2284 3188 2524 3249 etymon,
2547 3175 2690 3249 quod
2721 3185 2803 3229 est
2830 3177 2896 3229 ab
2921 3176 3484 3249 ilobricopetentium,
3520 3176 3859 3235 Faliscum.—

2285 3245 2417 3303 Vide
2439 3247 2770 3301 Lactantium
2792 3262 2949 3315 supra
2979 3245 3067 3300 lib.
3094 3263 3128 3300 ιι
3156 3246 3326 3301 Divin.
3356 3246 3621 3317 iustitut.,
3654 3266 3702 3306 c.
3729 3251 3858 3315 li,ct

2286 3319 2461 3374 Vossii
2491 3318 2897 3389 Etyinologicnn
2926 3319 3144 3388 Lingur.
3168 3317 3390 3372 Latinus.
3412 3321 3468 3375 ln
3491 3322 3664 3378 editis
3685 3323 3717 3377 7
3735 3322 3859 3377 deest

2283 3392 2460 3446 homo.

2362 3461 2438 3516 Μ.
2466 3461 2639 3515 Cicero
2658 3461 2708 3512 in
2737 3458 3042 3513 Tusculanis
3069 3469 3115 3514 ct
3150 3461 3202 3514 in
3241 3461 3626 3520 Consolatione.
3659 3463 3714 3520 In
3743 3463 3856 3520 Tus-

2284 3536 2491 3589 culanis
2518 3532 2948 3600 Quzestionibus,
2985 3532 3077 3587 lib.
3108 3548 3161 3599 ι,
3192 3550 3244 3587 c.
3267 3535 3335 3587 27
3388 3550 3454 3588 ex
3497 3536 3644 3590 libro
3677 3552 3774 3592 suo
3807 3535 3860 3589 ds

2283 3604 2694 3668 Consolatione,
2747 3619 2866 3671 qua:
2911 3615 3207 3670 sequuntur
3253 3604 3413 3659 verba
3464 3607 3744 3675 produxit.
3787 3605 3857 3661 Ait

2284 3677 2427 3731 enim
2462 3694 2475 3731 :
2514 3674 2663 3728 Hanc
2691 3690 2781 3728 nos
2809 3676 3108 3729 sententia»:
3152 3678 3338 3732 secuti.
3368 3677 3449 3730 liis
3483 3678 3617 3745 ipsis
3645 3678 3796 3733 verbis
3814 3678 3859 3730 is

2286 3748 2643 3802 Consolatione
2690 3749 2796 3799 haec
2822 3748 3159 3816 expressimus
3202 3763 3221 3800 :
3265 3748 3570 3803 Animorum
3623 3750 3767 3806 uuas
3815 3748 3857 3801 is

2287 3820 2455 3878 terris.
2489 3829 2593 3874 etc.
2625 3819 2790 3872 (ἱιιι.

2359 3890 2509 3944 Nihil
2541 3899 2612 3943 est
2635 3891 2803 3953 enim,
2854 3889 3035 3955 inquit.
3098 3887 3152 3942 In
3184 3889 3271 3944 12.
3306 3904 3438 3944 mss.
3465 3904 3579 3946 rec.
3613 3902 3669 3948 et
3695 3894 3725 3947 7
3752 3889 3853 3948 edd.

2288 3961 2631 4017 desideratur
2656 3961 2790 4014 enim
2815 4001 2828 4023 ,
2856 3961 2998 4029 quod
3036 3970 3119 4014 est
3161 3961 3210 4014 in
3242 3961 3455 4016 caeteris
3482 3964 3791 4031 codicibus,
3815 3967 3857 4016 et

2288 4033 2430 4105 apud
2461 4034 2779 4088 Ciceronem
2822 4031 2875 4085 in
2907 4032 3218 4105 fragmentis
3242 4033 3310 4105 de
3337 4033 3740 4105 Consolatione.

2359 4107 2518 4173 Atque
2562 4105 2736 4166 ﬁctum
2787 4119 2913 4156 esse.
2944 4101 3020 4156 ita
3052 4108 3183 4156 mss.
3215 4103 3349 4158 edit.
3384 4104 3556 4159 Betui.
3607 4123 3671 4162 ac
3696 4106 3856 4162 Cicero

2290 4176 2430 4247 ipse,
2465 4175 2517 4228 In
2538 4175 2574 4229 2
2594 4175 2725 4245 Reg.
2752 4189 2863 4229 rec.
2884 4186 2943 4247 et
2969 4174 3134 4247 editis
3152 4185 3223 4228 est
3250 4177 3463 4247 factum.

2361 4246 2579 4301 Nihilne
2607 4258 2693 4300 aut
2716 4244 2982 4299 humidum
3011 4245 3233 4314 quidem.
3252 4244 3335 4302 ita
3364 4245 3575 4302 Cicero.
3615 4247 3855 4305 Accedunt

2287 4334 2420 4373 mss.
2454 4319 2487 4371 2
2514 4319 2646 4391 Reg.
2681 4319 2870 4391 antiq.,
2896 4317 2930 4372 5
2950 4315 3130 4391 Colb.,
3156 4317 3361 4381 Baluz.,
3389 4318 3579 4386 Brom,
3610 4322 3664 4377 in
3690 4318 3857 4391 quibus

2286 4399 2375 4463 est
2413 4387 2613 4463 nihilne
2652 4389 2933 4463 [tumidum
2959 4389 3197 4463 quidem;
3230 4390 3281 4444 in
3329 4392 3536 4445 Borion.
3569 4387 3738 4463 antiq.
3760 4387 3855 4446 οιι

2162 4447 2183 4492 ί
2210 4485 2264 4546 D
2290 4461 2733 4546 aliisnilltilue'aut
2760 4447 3023 4541 humidum
3048 4447 3271 4546 quidem.

2368 4532 2588 4585 Flebile.
2614 4531 2669 4587 id
2700 4541 2811 4593 est,
2839 4532 3065 4585 aerium.
3098 4529 3386 4588 FRANCIDS.

2368 4601 2464 4657 llis
2491 4605 2623 4657 enim
2651 4603 2846 4656 naturis
2875 4603 3005 4655 nihil
3034 4604 3178 4656 inest.
3224 4603 3297 4658 ita
3344 4618 3473 4659 mss.
3502 4619 3633 4662 cum
3654 4612 3757 4662 vet.
3779 4602 3849 4659 ed.

2290 4673 2451 4729 Rom.
2485 4674 2645 4735 H70.
2680 4673 2863 4728 Venet.
2892 4673 3050 4728 1490.
3085 4668 3143 4728 in
3185 4676 3220 4728 2
3248 4676 3425 4736 Colb..
3449 4676 3634 4732 Baiuz.
3659 4686 3712 4734 et
3732 4677 3781 4732 in
3799 4674 3853 4731 i0

2291 4747 2572 4814 impressis
2594 4745 2806 4815 legitur,
2838 4744 2933 4799 His
2961 4748 3094 4798 enim
3142 4748 3376 4800 innatum
3401 4748 3535 4802 nihil
3564 4760 3657 4804 est.
3681 4778 3749 4790 -
3772 4745 3850 4800 His

2290 4818 2425 4890 enim
2454 4818 2507 4870 in
2533 4818 2748 4890 n_aturis.
2778 4816 3067 4887 Eleganter
3092 4817 3287 4890 L0"qu
3321 4818 3476 4890 Reg.,
3507 4820 3695 4888 00th.,
3722 4819 3845 4889 Ιιίι».

2290 4888 2358 4957 2,
2391 4904 2511 4942 cum
2539 4886 2805 4943 Cicerone
2826 4929 2842 4952 ,
2867 4886 2921 4942 in
2952 4888 3168 4942 naturis.
3203 4889 3333 4944 Bon.

2314 5018 2315 5021 η
2365 4960 2545 5026 Quod,
2574 4970 2679 5014 etc.
2705 4959 2798 5013 Sic
2817 4974 2938 5015 cum
2966 4974 3100 5015 mss.
3123 4959 3160 5013 2
3187 4960 3421 5024 Bonon.,
3442 4961 3603 5027 Tax.,
3636 4962 3672 5017 ε
3696 4960 3847 5025 Colit.

2291 5030 2500 5098 Baiuz.,
2547 5030 2785 5085 Clarom.
2857 5046 2888 5085 a
2968 5032 3204 5087 secunda
3261 5048 3455 5097 manu,
3509 5034 3642 5090 edit.
3703 5031 3847 5097 Cnt.,

2290 5101 2539 5173 Graph.,
2602 5101 2840 5168 Cellar.,
2884 5100 3134 5171 Walch.,
3182 5101 3372 5160 Cicero
3450 5104 3589 5174 ipse.
3652 5102 3849 5168 Galeri.

2325 5189 2411 5238 uo,
2437 5183 2505 5228 et.

2290 5189 2674 5320 “(Erit-iugem.
2705 5245 2793 5301 Sic
2812 5245 2934 5320 lego
2946 5260 3069 5300 cum
3090 5248 3268 5320 mss.-l
3296 5247 3505 5303 Bon....
3529 5250 3719 5320 θρύῳ,
3736 5245 3844 5320 Pen.

2288 5325 2345 5392 et
2368 5317 2485 5392 ipso
2512 5317 2791 5392 Cicerone.
2845 5316 3076 5373 Clarum.
3125 5317 3294 5388 prima
3347 5335 3551 5389 manu,

2286 5386 2505 5454 Cmteri,
2532 5388 2814 5457 provideat.

2364 5459 2477 5512 Nec
2501 5460 2633 5514 enim
2657 5460 3007 5515 inveniuntur.
3043 5461 3119 5516 ita
3165 5471 3479 5519 constanter
3526 5471 3841 5520 mones-$8.

2288 5540 2343 5585 et
2381 5531 2668 5599 impressi,
2706 5532 2960 5603 praetera
2992 5532 3115 5587 edd.
3158 5548 3267 5588 rec.
3308 5533 3362 5588 io
3394 5535 3589 5603 quibus
3637 5542 3740 5601 est,
3780 5531 3844 5603 illa

2287 5603 2532 5666 venietur,
2588 5612 2647 5657 ut
2698 5603 2836 5673 apud
2884 5602 3221 5659 Ciceronem.
3266 5601 3567 5662 Bune‘tnau.
3622 5601 3840 5673 vero]?

2285 5674 2391 5742 git,
2422 5674 2719 5740 invenietur,
2732 5670 2800 5729 ὀι
2828 5685 3007 5729 notam
3041 5685 3353 5744 sequentem
3379 5679 3599 5734 exhibet
3625 5697 3638 5732 :
3666 5702 3731 5718 --
3750 5670 3840 5729 Να

2286 5744 2420 5797 enim
2461 5746 2741 5816 inuenietur
2779 5763 3020 5816 unquam.
3052 5746 3330 5802 Habebunt
3353 5789 3368 5816 ,
3411 5749 3727 5807 inueniuntur
3760 5758 3838 5797 It"

2283 5830 2438 5885 quam
2460 5859 2473 5886 ,
2501 5815 2683 5887 plures
2717 5816 2836 5874 libri
2859 5819 3042 5886 ;sulus
3074 5817 3253 5875 Betui.
3277 5836 3367 5875 nec
3391 5821 3529 5877 enim
3553 5821 3840 5879 inveniamur
