4034 6354
198 272 314 333 ίοθ
1556 285 1761 342 LIBER
1803 286 1891 344 DE
1936 287 2051 346 IRA
2091 289 2223 348 DEI.
3432 311 3538 372 tto

198 390 499 451 hominem
525 397 717 453 venire
744 399 983 469 possint,
1016 398 1115 452 nisi
1141 412 1169 451 a
1208 397 1334 451 Deo.
1376 416 1391 447 ι
1428 398 1679 469 Exceptis
1724 402 1823 471 igi-
1853 420 1903 480 Α
1932 403 2191 459 dcelarat.
2226 405 2496 479 Quidquid
2528 400 2612 467 est
2644 413 2789 469 enim
2814 452 2829 480 ,
2854 406 3011 486 quod'
3037 417 3201 476 habet
3239 422 3531 495 rationem,

199 489 291 538 tur
314 482 541 543 duobus
577 489 826 546 tribusve
847 490 1318 547 caluumiatoribus
1340 492 1488 546 vanis
1509 536 1523 559 ,
1549 508 1669 547 cum
1699 509 1829 549 con-
1932 500 2141 555 ratione
2171 499 2239 554 sit
2260 510 2437 557 ortum
2467 518 2690 561 necesse
2720 517 2823 562 est.
2870 482 3029 565 ilatio
3059 520 3239 570 autem
3288 482 3535 573 sentien;

196 593 345 650 stet,
382 585 576 642 divina
605 590 949 659 providentia
980 588 1237 645 mundum
1285 590 1394 661 regi
1417 633 1433 657 ,
1467 584 1605 646 sicut
1631 600 1686 646 et
1711 590 1822 648 fac-
1932 588 1999 644 tis
2028 592 2397 664 sapientisque
2426 604 2636 651 natura:
2663 609 2746 654 cst
2781 617 2793 652 ι
2828 600 3046 671 sapiens
3098 614 3228 662 vero
3264 607 3540 675 senticosa

197 686 289 733 tus
310 688 433 747 est,
472 696 578 736 nec
607 683 680 737 sit
706 684 1021 754 quisquam,
1051 684 1139 754 qui
1172 678 1414 755 Diagorae
1446 682 1824 756 Theodorique
1927 697 2032 754 que
2060 692 2250 739 natura
2277 685 2410 741 nihil
2437 687 2582 744 aliud
2608 698 2786 759 potest
2812 707 2968 762 esse,
3000 702 3159 766 quain
3191 694 3354 756 Deus.
3372 696 3537 756 Mun-

194 773 542 829 sententiam
562 817 578 841 ,
598 777 685 831 vel
717 776 969 847 Leucippi
1002 778 1158 831 inane
1184 789 1548 832 commentum
1573 820 1586 844 ,
1613 779 1693 834 vel
1723 779 1824 835 De-
1925 775 2027 833 dus
2055 788 2233 834 autem
2259 821 2275 843 .
2321 781 2573 852 quoniam
2602 785 2873 841 rationem
2892 786 3061 846 habet
3084 831 3100 858 ,
3131 800 3236 864 qua
3283 800 3342 849 et
3382 793 3535 867 regi.

196 865 425 921 mocriti
454 865 793 939 Epicurique
819 867 1084 923 levitatem
1106 869 1356 937 praeferre
1382 868 1823 926 audeatauctori-
1925 879 2032 940 tur,
2062 881 2118 929 et
2142 884 2384 941 constat;
2415 888 2546 948 ergo
2596 893 2627 932 a
2682 877 2794 936 Deo
2822 880 2991 940 iactus
3020 894 3123 941 est.
3149 884 3303 954 Quod
3347 888 3394 946 si
3444 865 3536 946 est

195 960 333 1028 tati,
357 959 452 1016 vel
486 961 705 1016 illorum
738 971 945 1033 septem
978 962 1251 1032 priorum,
1278 963 1368 1034 qui
1399 973 1524 1019 sunt
1566 965 1820 1034 appellati
1922 963 2170 1020 conditor
2198 975 2491 1039 rectorque
2522 969 2706 1025 mundi
2737 972 2913 1039 Deus,
2946 980 3097 1033 recte
3125 960 3289 1049 igitur
3314 993 3380 1036 ac
3400 986 3534 1038 vero

194 1051 521 1122 sapientes,
557 1052 642 1109 vel
682 1053 999 1126 Pythagora:
1024 1097 1038 1122 ,
1095 1054 1181 1119 vel
1210 1054 1482 1123 Socratis,
1526 1057 1607 1113 vel
1633 1054 1817 1114 Plato-

1922 1052 2129 1130 Religio
2158 1061 2449 1116 constituta
2487 1072 2603 1129 est;
2637 1066 2845 1120 auctori
2894 1069 3039 1123 enim
3072 1084 3254 1127 rerum
3296 1072 3533 1144 parenti,

193 1144 306 1209 nis,
337 1156 784 1218 ceterorumque
836 1147 1281 1218 philosophorum
1304 1192 1319 1215 ,
1351 1151 1440 1221 qui
1472 1165 1594 1207 esse
1626 1151 1819 1208 Provi-
1919 1152 2023 1222 que
2045 1155 2317 1208 communi
2342 1152 2516 1211 honos
2544 1157 2930 1229 Veneratloque
2951 1159 3198 1217 debetur.

192 1234 447 1293 dentiam
473 1238 892 1309 iudicaverunt;
936 1238 1068 1295 falsa
1101 1241 1263 1311 igitur
1291 1252 1371 1298 est
1402 1252 1456 1297 et
1484 1242 1571 1298 illa
1597 1256 1817 1301 senten-

194 1328 303 1399 tia,
327 1346 440 1404 qua
473 1340 665 1403 putant
687 1333 913 1388 terroris
941 1349 1003 1388 ac
1052 1343 1227 1390 metus
1255 1337 1428 1407 gratia
1472 1336 1809 1409 Religionem

191 1438 223 1477 a
253 1423 605 1494 sapientibus
628 1425 925 1480 institutam
947 1468 962 1491 ,
1003 1442 1112 1498 quo
1146 1442 1207 1484 se
1241 1427 1487 1485 homines
1516 1431 1751 1502 imperiti
1782 1450 1812 1488 a

195 1516 446 1589 peccatis
480 1515 833 1574 abstinerent.

271 1607 439 1675 Quod
468 1609 517 1665 si
549 1624 736 1664 verum
769 1610 869 1677 sit,
902 1626 1032 1681 ergo
1058 1612 1221 1667 derisi
1249 1613 1319 1667 ab
1340 1614 1574 1685 antiquis
1597 1616 1811 1687 sapien-

199 1696 351 1756 tibus
376 1715 585 1757 sumus.
626 1701 778 1770 Quod
808 1704 853 1758 si
880 1702 1095 1768 fallendi
1135 1706 1339 1768 nostri,
1374 1717 1536 1777 atque
1563 1707 1700 1763 adeo
1731 1718 1809 1763 to-

2535 1264 2765 1326 CAPUT
2802 1269 2897 1326 XI.

1922 1381 1995 1438 De
2023 1381 2150 1452 Deo,
2182 1399 2340 1454 eoque
2358 1401 2482 1453 uno,
2512 1388 2760 1457 cujusque
2781 1388 3103 1457 providentia
3129 1393 3351 1449 mundus
3379 1410 3531 1468 rega-

2523 1488 2607 1533 tur
2635 1489 2681 1534 et
2706 1491 2920 1536 constat.

1994 1613 2257 1683 Quoniam
2287 1614 2530 1669 constitit
2560 1613 2631 1669 de
2669 1615 3028 1686 providentia,
3062 1618 3309 1689 sequitur
3334 1628 3396 1677 ut
3423 1622 3525 1678 do-

1909 1721 2152 1772 ceamus,
2182 1714 2433 1762 utrumne
2473 1707 2763 1762 multorum
2809 1724 2931 1764 esse
2974 1711 3245 1767 credendo
3286 1715 3393 1785 sit,
3449 1728 3523 1772 an

204 1794 316 1851 tius
337 1795 560 1866 generis
598 1796 813 1851 humani
862 1812 1023 1853 causa
1067 1800 1361 1855 commenti
1401 1814 1527 1856 sum,
1570 1800 1807 1874 Religio.
1838 1811 1883 1871 Β
1914 1799 2086 1868 potius
2116 1791 2295 1854 unius.
2329 1796 2473 1855 Satis
2503 1798 2583 1871 (ut
2612 1802 2829 1871 opinor)
2869 1803 3207 1860 ostendimtts
3227 1806 3280 1862 in
3316 1810 3523 1865 nostris

202 1903 366 1954 nem;
400 1890 673 1960 sapientes
692 1890 850 1961 igitur
881 1908 987 1947 non
1010 1890 1226 1949 luerunt
1248 1937 1262 1962 ,
1283 1895 1406 1967 quia
1434 1896 1486 1951 in
1506 1898 1804 1967 sapienteut

1912 1889 2372 1955 institutionibus,
2402 1890 2537 1947 deos
2585 1895 2786 1949 multos
2831 1909 2954 1950 esse
2994 1910 3102 1952 non
3150 1904 3341 1968 posse;
3370 1901 3520 1972 quod

199 1994 310 2035 non
368 1980 517 2037 cadit
561 1983 919 2039 mendacium.
948 1984 1055 2041 Sed
1103 1985 1299 2043 fuerint
1347 1989 1652 2060 sapientes;
1685 2007 1806 2061 qua:
1908 1983 2090 2040 divina
2119 1983 2202 2039 vis
2232 1998 2296 2039 ac
2325 1992 2564 2055 potestas
2597 1986 2642 2041 si
2665 1985 3018 2044 distribuatur
3047 1989 3098 2043 in
3124 1991 3326 2061 pinnis,
3356 1993 3518 2051 dimi-'-

196 2082 349 2130 tanta
378 2074 611 2133 felicitas
638 2079 968 2148 mentiendi,
998 2088 1055 2134 ut
1094 2095 1201 2136 non
1225 2084 1597 2139 tantummodo
1619 2085 1806 2142 indoc-

195 2176 315 2235 tos,
347 2167 446 2225 sed
486 2166 768 2225 Platonem
821 2186 1035 2242 quoque
1078 2187 1142 2229 ac
1189 2172 1468 2230 Socratem
1520 2175 1801 2243 fallerent,

193 2268 252 2317 et
283 2259 687 2333 Pythagoram,
737 2262 1007 2319 Zenonem
1034 2305 1050 2332 ,
1109 2265 1495 2335 Aristotelem,
1541 2269 1803 2324 maxima-

197 2368 317 2408 rum
343 2363 615 2410 sectarum
651 2355 920 2426 principes
946 2398 960 2424 ,
990 2364 1097 2412 tam
1125 2357 1281 2416 facile
1320 2359 1677 2417 deluderent?
1704 2360 1804 2420 Est

196 2445 359 2518 igitur
406 2447 589 2503 divina
632 2448 998 2520 providentia,
1036 2459 1092 2505 ut
1131 2463 1420 2507 senserunt
1449 2453 1484 2508 ii
1516 2452 1796 2522 homines,

192 2554 329 2610 quos
358 2540 674 2608 nominavi;
717 2542 871 2612 cujus
899 2544 947 2598 vi
997 2558 1061 2598 ac
1114 2554 1380 2616 potestate
1432 2547 1645 2612 omnia,
1678 2562 1799 2619 quas

189 2631 442 2689 videmus
464 2644 519 2690 et
545 2632 686 2691 facta
714 2645 879 2702 sunt,
920 2646 975 2692 et
1001 2651 1282 2709 reguntur.
1313 2638 1425 2696 Nec
1460 2642 1604 2696 enim
1650 2652 1798 2698 tanta

188 2739 375 2781 rerum
408 2726 746 2796 magnitudo,
779 2737 925 2783 tanta
954 2728 1262 2801 dispositio,
1295 2741 1439 2788 tanta
1472 2731 1524 2788 in
1568 2748 1795 2789 servan-

188 2816 274 2873 dis
319 2818 612 2874 ordinibus
669 2821 1109 2892 temporibusque
1148 2824 1487 2893 constantia,
1538 2834 1630 2880 aut
1668 2825 1796 2881 olim

187 2912 362 2982 potuit
387 2912 509 2968 sine
541 2912 765 2984 provido
793 2914 999 2970 artilice
1025 2916 1175 2983 oriri,
1200 2926 1294 2973 aut
1318 2927 1572 2975 constare
1596 2928 1673 2973 tot
1694 2934 1800 2975 sae-

184 3006 324 3061 culis
351 3006 680 3062 sineincola
711 3009 950 3080 potenti,
991 3020 1083 3065 aut
1126 3013 1181 3066 in
1236 3021 1553 3084 perpetuum
1601 3014 1802 3084 guber-

1908 2079 1997 2131 ttdi
2030 2084 2149 2131 eam
2176 2086 2404 2133 necesse
2434 2078 2503 2132 s‘it
2528 2092 2542 2132 :
2570 2078 2713 2148 quod
2734 2086 2913 2135 autem
2944 2084 3223 2152 minuitur,
3245 2084 3431 2158 uliqne
3458 2086 3518 2144 et

1908 2168 2137 2225 mortale
2167 2176 2281 2235 est;
2302 2169 2351 2226 si
2379 2182 2512 2225 vero
2537 2168 2782 2226 mortalis
2794 2178 2911 2227 non
2939 2181 3045 2241 est,
3072 2188 3172 2232 nec
3196 2176 3388 2247 minui,
3412 2182 3517 2237 nec

1906 2260 2074 2318 dividi
2108 2268 2305 2331 potest.
2338 2261 2481 2318 Deus
2508 2262 2672 2333 igitur
2696 2270 2834 2320 unus
2858 2273 2966 2332 est,
2998 2265 3054 2321 in
3076 2276 3189 2338 quo
3210 2269 3293 2325 vis
3320 2274 3373 2327 et
3414 2282 3515 2343 pob

1903 2364 2072 2413 testas
2092 2362 2484 2421 cbnsummata,
2511 2369 2614 2411 nec
2642 2355 2812 2411 minui
2844 2365 3044 2428 poteSt,
3077 2372 3177 2416 nec
3202 2361 3409 2433 adgeri.
3440 2361 3509 2421 Si

1899 2457 2080 2504 autem
2110 2455 2236 2503 sunt
2265 2447 2439 2513 multi,
2467 2446 2594 2503 dum
2631 2447 2831 2504 habent
2853 2449 3051 2521 singuli
3079 2454 3363 2523 potestatis
3406 2453 3511 2514 ιιι-ι

1901 2540 2033 2612 quid
2083 2552 2148 2596 ac
2179 2539 2438 2606 numinis,
2483 2554 2690 2595 summa
2739 2541 2852 2612 ipsa
2900 2539 3197 2599 decrescit:
3229 2545 3516 2618 necpoteb

1900 2642 2029 2688 runt
2050 2631 2246 2703 singuli
2289 2629 2489 2687 habere
2512 2636 2707 2699 totam,
2752 2631 2896 2704 quod
2935 2643 3020 2691 est
3058 2644 3347 2694 commune
3384 2643 3515 2698 cum

1901 2727 2145 2799 pluribus
2175 2745 2187 2779 :
2222 2724 2511 2796 unicuique
2544 2734 2748 2780 tantum
2794 2725 2989 2796 deerit,
3033 2737 3290 2799 quantum
3322 2733 3513 2792 ceteri

1904 2826 2275 2899 possidebunt.
2306 2825 2421 2881 Non
2451 2835 2677 2896 possunt
2706 2826 2867 2898 igitur
2892 2827 2945 2881 in
2977 2826 3084 2881 hoc
3127 2824 3331 2883 mundo
3355 2825 3517 2883 multi

1904 2934 2027 2977 esse
2051 2928 2292 2975 rectores
2317 2937 2331 2975 :
2362 2919 2541 2977 nccin
2572 2935 2671 2974 una
2699 2919 2863 2974 dumo
2888 2918 3040 2974 multi
3067 2914 3295 2985 domini,
3325 2930 3425 2976 nec
3446 2915 3514 2976 ιιι

1906 3011 2026 3068 navi
2061 3027 2161 3067 una
2208 3009 2361 3065 multi
2409 3011 2801 3081 gubernatores
2826 3051 2841 3075 ,
2885 3025 2985 3065 nec
3025 3008 3080 3064 in
3125 3017 3372 3066 armento
3412 3008 3514 3067 aut

184 3098 304 3154 nari
325 3098 450 3157 sine
474 3100 652 3172 perito
676 3114 739 3157 ac
765 3103 1037 3161 sentiente
1059 3113 1312 3162 rectore:
1344 3106 1489 3178 quod
1517 3107 1654 3164 ratio
1680 3107 1795 3179 ipsa
1825 3096 1871 3161 C
1902 3120 2064 3178 grege
2088 3103 2255 3161 duces
2276 3103 2451 3169 multi,
2483 3118 2585 3161 nec
2623 3104 2677 3159 in
2706 3118 2815 3160 uno
2855 3101 3108 3160 examine
3134 3101 3289 3160 multi
3326 3116 3509 3175 reges.

1525 3244 1883 3303 VARIORUM
1922 3242 2152 3301 NOTAE.

180 3397 430 3457 usquam.
458 3381 661 3457 Scripsi
688 3399 808 3439 cum
827 3383 1109 3453 Cicerone,
1132 3386 1291 3451 lsmo,
1312 3387 1530 3456 Sparit.,
1561 3389 1778 3454 ﬂenm.,

183 3453 294 3532 Nec
323 3457 465 3510 enim
494 3453 795 3532 invenietur,
823 3456 1030 3532 scilicet
1059 3458 1243 3532 origo;
1262 3453 1399 3532 dixit
1426 3453 1568 3515 enim
1596 3453 1779 3532 supra,

181 3529 498 3582 Animorum
520 3530 664 3584 nulla
693 3528 745 3582 iu
768 3529 916 3582 terris
940 3529 1083 3598 origo
1110 3530 1323 3583 inveniri
1340 3540 1520 3598 potest.
1541 3528 1672 3587 Bon.

250 3598 672 3671 Caeretumque
734 3599 1175 3666 philostiphorum.
1222 3601 1296 3655 Ita
1343 3618 1465 3658 cum
1529 3603 1782 3660 omnibus

177 3671 348 3727 ferme
376 3675 672 3742 mssicdit.
704 3671 857 3725 llom.
888 3672 1045 3725 i470.
1086 3676 1155 3726 At
1196 3673 1377 3742 scripti
1424 3675 1781 3731 recentissimi

181 3744 205 3797 Ι
238 3742 400 3813 Reg,
430 3743 475 3797 2
500 3741 682 3810 Colb.,
707 3742 887 3798 Baluz.
913 3756 963 3798 ει
986 3744 1235 3815 impressi
1257 3741 1617 3815 interﬁciunt,
1642 3764 1783 3803 sun»

180 3830 398 3869 morum.

246 3885 540 3942 Continenti
576 3894 713 3941 sunt.
746 3885 870 3941 Mss.
907 3886 973 3940 15
1016 3901 1126 3943 rec.
1171 3898 1225 3943 et
1258 3887 1346 3944 ed.
1398 3887 1561 3944 Rom.
1614 3891 1777 3958 M70,

181 3959 513 4012 commentati
538 3968 675 4012 sunt.

251 4029 359 4100 Sed
383 4028 581 4100 fuerint
603 4028 876 4100 sapientes.
911 4027 1025 4085 Vox
1065 4031 1315 4100 sapientes
1350 4030 1503 4087 deest
1536 4032 1587 4086 in
1618 4032 1775 4089 Colb.

181 4108 236 4181 et
257 4098 393 4157 Pen;
426 4099 491 4157 In
521 4117 622 4157 ms.
650 4098 814 4156 Cauc.
846 4109 900 4155 et
920 4101 949 4154 7
985 4098 1213 4172 vulgatis
1240 4102 1560 4173 iegitur,scd
1588 4120 1645 4159 ut
1665 4108 1785 4176 [μοι

185 4184 310 4228 ηηι.

255 4240 322 4316 Et
357 4242 730 4315 Pythagoram.
767 4243 790 4316 l
821 4243 951 4316 Bon.
981 4251 1116 4316 antu
1140 4254 1192 4299 ut
1212 4243 1596 4316 Pythagoram.

253 4314 321 4369 In
363 4312 629 4370 servandis
677 4314 960 4371 ordinibus.
1008 4312 1134 4370 Mss.
1169 4314 1236 4371 12
1276 4312 1423 4383 ὶεελ
1478 4319 1531 4372 in
1583 4336 1787 4374 conser-

185 4387 384 4441 validis.

256 4458 357 4512 Aut
384 4454 509 4513 olim
540 4458 724 4530 potuit.
753 4454 789 4511 2
810 4457 970 4523 Bon.,
993 4457 1153 4527 Tarsa,
1175 4458 1231 4514 9..
1258 4458 1432 4525 Colb.,
1460 4458 1673 4531 B.tluz.,
1699 4473 1785 4517 aut
1809 4489 1865 4550 D
1891 4462 1933 4515 si
1961 4476 2097 4550 gero.

185 4527 385 4584 demum
395 4572 408 4584 .

257 4600 383 4656 Siue
407 4602 571 4672 perito
599 4618 659 4655 ac
703 4603 943 4656 sentiente
972 4612 1187 4658 rectore.
1233 4602 1324 4658 Sic
1353 4604 1562 4658 rcsdtui
1592 4621 1657 4659 cx
1689 4621 1784 4662 ve-

185 4674 420 4728 terrimis
474 4682 529 4728 et
574 4674 791 4738 optimis
836 4690 966 4728 mss.
1024 4673 1606 4744 llegio-Put.,Cauc.,
1646 4677 1681 4731 2
1710 4678 1779 4731 al.

186 4744 342 4813 Reg,
376 4746 411 4801 5
433 4744 694 4810 Colbert.,
722 4744 884 4812 Ultr.,
910 4742 1167 4809 Clamat,
1203 4746 1346 4811 Enn,
1377 4742 1541 4801 Brun.
1571 4760 1624 4801 et
1651 4750 1779 4803 edit.

187 4815 357 4871 Betui.
390 4815 526 4870 Vide
557 4816 691 4871 infra
712 4858 726 4882 ,
768 4819 1046 4885 sentientis,
1080 4829 1185 4873 etc.
1230 4834 1385 4886 quant
1416 4817 1566 4873 Deus.
1594 4819 1631 4873 2
1661 4818 1784 4875 Coi-

186 4887 321 4942 bcrt.
351 4897 405 4943 et
432 4887 617 4943 Baluz.
647 4905 708 4942 ac
737 4890 1000 4958 sapiente;
1038 4891 1075 4944 2
1105 4890 1333 4957 Bonan,
1366 4890 1399 4944 5
1425 4890 1495 4943 al.
1532 4906 1640 4946 rec.
1670 4902 1726 4948 et
1752 4893 1784 4948 6

186 4958 336 5031 editi,
367 4975 429 5013 ac
459 4961 644 5014 sciente
673 4978 685 5013 :
711 4976 830 5031 quin
858 4963 1020 5017 verba
1047 4962 1244 5015 desunt
1277 4963 1326 5016 in
1366 4963 1397 5017 7
1424 4962 1721 5031 impressis.

260 5028 592 5104 Natitrw_est
617 5028 861 5098 :sanicns
902 5048 1017 5104 vero
1064 5034 1375 5104 sentiensque
1403 5051 1421 5088 :
1450 5028 1575 5089 Hinc
1620 5034 1780 5089 verba

187 5100 383 5173 absunt
418 5118 446 5155 a
486 5102 682 5170 Lond.,
714 5104 872 5171 Ἆρα..
922 5103 1067 5173 Lips.
1099 5103 1135 5156 2
1173 5115 1226 5155 et
1270 5100 1611 5159 lteiinmann.
1646 5121 1774 5161 mss.

189 5170 314 5228 item
344 5173 521 5241 Rost.,
552 5173 686 5228 Ven.
728 5170 887 5239 1471,
914 5170 1143 5243 utraque
1170 5173 1260 5241 78,
1284 5174 1353 5229 93
1373 5216 1387 5239 ,
1424 5178 1583 5242 1497,
1625 5187 1682 5230 ιιι
1712 5177 1782 5232 ita

188 5245 494 5318 coltmreant
528 5264 539 5298 :
568 5243 733 5318 Ratio
760 5257 927 5300 autent
966 5247 1223 5299 sentientis
1243 5248 1607 5318 sapientisque
1634 5257 1783 5301 natu—

186 5320 258 5368 ra:
280 5316 410 5371 nihil
434 5317 576 5371 aliud
602 5326 905 5386 potestesse.
938 5318 1127 5372 Parrb.
1153 5327 1207 5371 et
1237 5317 1405 5371 Paris.
1441 5316 1589 5373 Ratio
1615 5336 1647 5371 a
1668 5336 1785 5373 sen-

190 5386 353 5459 tientis
381 5389 720 5459 sapientisque
766 5399 971 5443 natura:
1001 5389 1130 5442 nihil
1161 5388 1304 5442 aliud
1340 5399 1499 5455 potest
1537 5406 1665 5444 esse.
1714 5391 1786 5446 At

188 5456 371 5532 90th.,
405 5456 551 5532 Lips.
582 5456 652 5532 fi.
686 5460 835 5526 Ald.,
861 5459 1033 5525 Crat.,
1066 5460 1294 5532 Gymn,
1330 5458 1520 5527 FasiL,
1548 5461 1781 5532 Gryph.,

189 5526 377 5601 Torn.,
408 5526 549 5598 Bel,
579 5530 863 5594 Thomam,
887 5532 1071 5601 Ismus,
1108 5526 1321 5601 reliqui,
1352 5541 1406 5583 nt
1431 5540 1514 5585 est
1539 5526 1779 5595 editum;

190 5598 289 5723 gisii
336 5602 480 5723 (ιυοὲ
521 5601 713 5669 'l‘orn.,
750 5601 947 5668 Betui.,
976 5598 1243 5668 Walch.,'
1272 5616 1457 5657 vocem
1493 5604 1635 5657 aliud
1673 5614 1782 5659 non

231 5684 408 5723 arent.
485 5687 574 5723 nx.
1498 5694 1501 5699 ·

231 5673 408 5726 ahcnt.
438 5673 574 5728 Bos.
1498 5694 1501 5699 ‘

192 5776 232 5815 -_
258 5739 506 5815 Constitit.
542 5743 696 5815 Apud
728 5743 1052 5815 Bnncmam
1072 5741 1299 5795 Constat.
1334 5743 1589 5807 Londin..
1619 5746 1781 5815 Reg,

190 5808 374 5885 60th.,
398 5812 571 5889 Lips.,
594 5808 832 5872 “cirum.
852 5822 907 5869 ct
926 5812 1056 5869 editi
1078 5827 1290 5883 omnes,
1311 5815 1557 5870 Constitit.
1580 5808 1784 5887 Ennii,

1892 3387 2121 3450 Constat.
2172 3386 2314 3458 quod
2348 3387 2618 3456 praefero:
2658 3387 2729 3442 ita
2767 3402 2984 3458 quoque
3026 3386 3373 3458 Heumannus
3414 3392 3509 3447 re-

1892 3461 2100 3517 scribit.
2122 3457 2201 3515 na
2228 3459 2330 3533 εει-ι
2352 3473 2474 3533 mos
2504 3459 2783 3533 Lactantii.
2813 3457 3076 3516 Coul‘orc.
3094 3461 3194 3517 1ος
3221 3457 3350 3517 Cum
3378 3477 3507 3533 con;-

1892 3541 2018 3597 stet;
2045 3541 2099 3586 et
2128 3548 2178 3587 c.
2215 3532 2283 3589 i5
2312 3530 2403 3585 lib.
2440 3546 2517 3593 tu,
2545 3547 2593 3586 ε.
2627 3531 2712 3585 ll.
2745 3530 2881 3587 Bon.

1961 3603 2404 3674 Multoruntesse.
2451 3602 2577 3674 Mss.
2607 3603 2642 3658 ὅ
2667 3610 2722 3658 et
2753 3602 2879 3659 edd.
2928 3603 2963 3657 4
3009 3602 3347 3674 interﬁciunt
3381 3604 3511 3663 dso-

1886 3690 1999 3730 rum
2022 3692 2039 3741 ;
2072 3691 2202 3730 mss.
2239 3673 2271 3728 5
2296 3689 2431 3738 rec.,
2460 3673 2736 3727 multarunt
2765 3674 3021 3728 credenda
3049 3674 3137 3729 sit.

1965 3745 2293 3802 Ostendimus
2322 3746 2376 3798 in
2416 3745 2606 3799 nostris
2633 3743 3067 3801 lnstitutiouibus.
3103 3742 3233 3803 Mss.
3269 3746 3361 3813 10,
3409 3746 3508 3805 do-

1889 3820 2108 3887 cuimus.
2141 3817 2270 3872 Inde
2295 3826 2459 3887 patet,
2495 3817 2802 3871 Divinarum
2834 3815 3236 3887 Institutionntn
3267 3814 3438 3878 libros
3465 3835 3503 3883 ι

1890 3884 2168 3945 Lactantio
2199 3882 2533 3958 conscriptos
2561 3897 2685 3942 ante
2717 3888 2911 3943 librum
2943 3887 3012 3943 de
3041 3888 3122 3942 Ira
3156 3882 3269 3944 ilei.

1964 3961 2115 4029 Quod
2138 3960 2311 4015 divina
2333 3960 2407 4013 vis
2434 3975 2494 4012 ac
2521 3969 2742 4029 potestas
2784 3960 2830 4014 si
2860 3959 3195 4014 distribuatur
3222 3961 3274 4014 in
3304 3960 3499 4029 plures.

1888 4030 1967 4157 gito
1998 4048 2187 4157 ungues
2215 4031 2342 4088 editi
2369 4046 2490 4086 cum
2541 4042 2672 4085 mss.
2709 4042 2905 4101 praeter
2930 4038 3162 4103 septem,
3194 4032 3389 4103 quibus
3414 4042 3504 4091 est

1931 4114 2054 4157 istra
2095 4114 2228 4157 atur.

1892 4105 2228 4158 distrahatur.

1966 4174 2199 4230 Diminui
2229 4191 2341 4229 eam
2372 4189 2572 4228 necesse
2602 4173 2664 4227 sit
2696 4189 2714 4228 :
2739 4173 2877 4238 quod
2902 4181 3071 4226 autem
3103 4172 3353 4227 minuitur
3394 4174 3503 4230 stli-

1891 4264 1987 4317 que
2016 4258 2060 4301 et
2088 4247 2298 4300 mortale
2324 4254 2424 4311 cst;
2446 4247 2496 4317 si
2526 4258 2662 4317 vero.
2696 4243 2785 4299 Sic
2818 4258 2939 4317 mss
2980 4242 3025 4317 27
3045 4242 3251 4297 Bonnn.
3282 4244 3499 4316 plures-

1891 4315 1995 4388 que
2020 4319 2108 4371 alii
2141 4333 2203 4371 ac
2235 4316 2670 4388 nonnulliediti;
2704 4315 3097 4369 etconeiunius
3122 4315 3360 4388 quuiu’in
3390 4328 3497 4371 oze-

1892 4386 2058 4454 terls;
2088 4390 2283 4458 quibus
2312 4396 2412 4452 est,
2448 4386 2749 4440 diutinuitur
2790 4388 2985 4456 utique,
3034 4395 3086 4442 et
3121 4386 3354 4442 incientis
3380 4398 3495 4455 ut;

1966 4530 2088 4585 Non
2131 4537 2361 4600 possunt,
2413 4536 2517 4583 etc.
2564 4531 2893 4601 Argutucttto
2918 4527 2988 4584 ab
3014 4529 3263 4601 afﬁnioglu
3302 4529 3358 4584 dt

1890 4614 1945 4661 et
1976 4598 2285 4658 inductione
2328 4601 2559 4671 quadam
2587 4598 2858 4671 Socratica
2890 4600 3081 4671 statuit
3118 4598 3381 4655 monarch

1886 4676 2124 4731 divinam
2176 4673 2315 4728 tluic
2340 4674 2417 4728 rei
2442 4670 2827 4727 conﬁrmanda:
2854 4670 3012 4727 Philo
3040 4672 3261 4727 intimus
3292 4672 3498 4728 Hosne-

1888 4749 2000 4803 rico
2030 4748 2195 4813 utitur
2218 4746 2406 4807 'vcrsu,
2440 4760 2597 4814 quem
2639 4759 2742 4797 non
2789 4743 2959 4813 magis
3002 4742 3073 4798 de
3103 4743 3338 4814 palmeis
3372 4758 3496 4799 moo-

1890 4818 2147 4883 narr-hiis,
2180 4830 2337 4885 tutam
2369 4817 2437 4871 de
2466 4816 2668 4871 cmiesti
2694 4814 2897 4870 dictum
2924 4814 3120 4870 credit.

1962 4890 2074 4945 Nec
2105 4891 2157 4943 in
2188 4897 2436 4954 armento,
2465 4898 2553 4941 aut
2584 4900 2752 4958 grege.
2806 4885 3149 4941 Reimmantt.
3182 4891 3413 4939 armento
3442 4894 3499 4942 ss

1888 4980 2056 5034 grege.
2094 4964 2449 5034 lieumannus
2479 4958 2748 5034 rescribit,
2778 4973 2872 5034 rt_ec
2904 4959 2960 5010 in
2996 4967 3343 5034 armentorum
3379 4972 3496 5027 grt-

1888 5029 1997 5104 ges:
2019 5034 2139 5103 quia
2168 5031 2402 5104 etiamin
2426 5030 2473 5104 Al.
2507 5029 2576 5085 de
2608 5029 2768 5104 Mart:
2803 5029 2951 5104 Pars.
2991 5042 3047 5104 _c.
3099 5029 3208 5104 57A:
3233 5036 3495 5082 muto-

1888 5100 2001 5159 rum
2029 5100 2221 5175 greges.
2252 5102 2310 5175 lu
2342 5102 2609 5172 Epitome,
2662 5116 2710 5175 ε.
2740 5100 2777 5175 2
2806 5119 2819 5155 :
2850 5100 2913 5175 Si
2945 5101 3117 5175 plures
3161 5101 3214 5153 in
3258 5107 3492 5175 irrorato

1888 5170 2063 5230 duces.
2106 5170 2596 5228 Minucius‘tameu
2640 5172 2884 5227 distinxit
2930 5179 2988 5226 ut
3027 5173 3078 5225 iu
3109 5179 3295 5226 nostro
3338 5170 3490 5237 loco,

1887 5263 1936 5302 ε.
1976 5247 2042 5301 i8
2071 5264 2085 5301 :
2114 5246 2226 5301 Rea:
2264 5260 2397 5298 unus
2440 5244 2645 5316 apibus,
2700 5244 2806 5299 dux
2851 5258 2983 5297 unus
3011 5242 3283 5313 gregibus,
3325 5241 3379 5293 in
3404 5256 3494 5296 ar-

1889 5319 2085 5374 mentis
2112 5326 2290 5371 rectnr
2328 5333 2484 5370 unus.
2514 5316 2649 5370 BUN.

1962 5388 2073 5443 Nec
2096 5390 2149 5441 in
2180 5405 2281 5442 uno
2307 5388 2559 5453 examine,
2586 5396 2690 5442 etc.
2726 5386 2798 5440 Ita
2831 5384 3116 5453 legendum
3145 5399 3209 5436 ex
3235 5383 3491 5441 omnihtn

1889 5460 2005 5517 fere
2036 5472 2143 5514 tum
2174 5475 2304 5513 mss.
2342 5469 2453 5514 tum
2476 5457 2654 5535 editis.
2679 5458 2814 5535 Quia
2839 5465 2994 5535 antea
3032 5463 3280 5535 posuerat
3301 5471 3489 5535 exem-

1891 5534 1977 5602 pla
1999 5532 2298 5596 hominum,
2333 5540 2518 5599 postea
2561 5526 2842 5602 descendit
2871 5526 2935 5602 ad
2966 5535 3110 5577 unita
3147 5526 3438 5602 animantis
3470 5545 3486 5584 :

1888 5594 2070 5669 itaque
2098 5594 2502 5670 intelligendum
2529 5611 2612 5655 cst
2637 5598 2858 5653 omnino
2899 5594 2969 5649 de
3012 5596 3262 5670 exutnine
3296 5611 3483 5670 annos.

1889 5665 2117 5743 quarum
2146 5665 2353 5741 singula
2382 5672 2627 5743 examina
2672 5681 2851 5743 regem
2897 5680 3052 5743 sunto
3101 5665 3485 5743 habentfﬂss.

1890 5734 2095 5811 septem
2124 5752 2180 5798 et
2207 5734 2509 5810 [impressi
2528 5781 2544 5806 ,
2577 5734 2836 5811 regimine.
2865 5765 2936 5811 τ-
2963 5734 3071 5788 Nec
3088 5736 3169 5811 _in
3214 5752 3320 5792 uno
3354 5753 3489 5811 επ.

1886 5806 2044 5871 mine.
2077 5806 2367 5872 Verissima
2419 5811 2534 5867 haec
2576 5806 2732 5865 lectio
2776 5806 3058 5875 utriusque
3082 5806 3295 5865 Bonan.
3338 5808 3494 5868 con.
