4034 6354
488 243 588 308 ill

1808 238 1993 296 FIRM.
2036 234 2405 297 LACTAN'I‘II
3703 230 3787 294 lli

488 367 597 426 Sed
632 380 730 422 nec
751 364 805 421 in
826 362 965 420 coelo
989 358 1200 432 quidem
1229 354 1379 415 multi
1411 356 1558 414 soles
1596 342 1718 414 esse
1754 364 2078 429 potuerunt,
2108 353 2164 417 Α
2188 353 2427 421 natales,
2459 352 2706 426 conjugia
2728 394 2742 421 ,
2794 350 3107 426 progenies,
3159 354 3386 426 imperia
3416 397 3435 424 ,
3467 369 3565 411 res
3594 364 3786 426 gestas,

491 461 634 518 sicut
664 472 764 515 nec
785 457 978 512 animae
1004 454 1184 525 plures
1214 451 1268 507 in
1294 464 1402 508 uno
1429 465 1696 523 corpore:
1727 449 1865 507 adeo
1893 450 1948 506 in
1970 449 2091 506 uni-

495 560 607 609 tate
638 559 829 607 natura
860 548 1105 604 universa
1131 544 1424 601 consentit.
1455 542 1611 611 Quod
1637 543 1682 600 si
1706 542 1963 600 mundum

585 669 797 724 Spiritus
819 667 948 716 intus
966 662 1051 712 alit
1074 666 1325 724 totamque
1351 658 1508 711 infusa
1534 673 1626 724 per
1647 665 1783 710 artus

637 726 727 781 ens
740 730 891 793 agitat
914 724 1114 789 molem,
1141 731 1195 776 et
1214 736 1393 786 magno
1407 736 1463 774 se
1479 735 1689 787 corpore
1707 724 1900 785 miscet,

490 845 715 911 apparet
742 832 1053 891 testimonio
1080 842 1277 903 poetic,
1302 847 1467 888 unum
1509 846 1628 889 esse
1660 831 1847 887 mundi
1886 829 2093 886 habita-

490 941 664 988 torem
715 930 916 994 Deum;
960 925 1227 998 siquidem
1275 940 1473 995 corpus
1522 940 1681 982 omne
1729 924 1828 980 nisi
1876 923 1944 980 ab
1989 937 2094 979 una

492 1035 675 1083 mente
706 1024 868 1081 incoli
893 1022 1118 1095 regique
1138 1036 1246 1078 non
1277 1030 1475 1091 potest.
1506 1020 1736 1077 Omnem
1768 1020 1929 1091 igitur
1958 1017 2094 1073 divi-

491 1134 615 1173 nam
644 1125 969 1189 potestatem
1010 1127 1231 1170 necesse
1258 1121 1342 1169 est
1376 1114 1431 1168 in
1461 1127 1571 1170 uno
1608 1126 1752 1180 esse,
1779 1112 1934 1182 cujus
1961 1118 2095 1166 nutu

494 1221 548 1267 et
580 1209 813 1280 imperio
840 1215 1098 1280 regantur
1126 1206 1338 1273 omnia;
1370 1215 1422 1262 et
1448 1206 1571 1263 ideo
1593 1213 1770 1262 tantus
1798 1214 1903 1273 est,
1941 1213 1998 1261 ut
2028 1203 2095 1261 ab

492 1304 719 1360 homine
746 1317 853 1359 non
876 1301 1065 1374 possit,
1091 1309 1184 1357 aut
1209 1300 1389 1357 verbis
1415 1298 1679 1379 enarrari,
1713 1308 1805 1355 aut
1845 1298 2095 1355 sensibus

494 1395 773 1452 mstimari.

570 1486 722 1544 Unde
752 1487 911 1558 igitur
939 1485 1007 1541 ad
1034 1485 1280 1541 homines
1305 1484 1490 1555 opinio
1526 1483 1819 1540 multorum
1866 1483 2094 1539 deorum

496 1579 854 1652 persuasione
878 1578 1158 1650 pervenit?
1191 1577 1455 1633 Nimirum
1480 1575 1515 1631 ii
1545 1590 1756 1643 omnes,
1783 1575 1873 1647 qui
1903 1576 2096 1632 colun-

497 1684 584 1729 tur
607 1682 669 1728 ut
689 1671 787 1739 dii,
812 1670 1060 1727 homines
1086 1668 1327 1736 fuerunt,
1352 1678 1406 1725 et
1430 1668 1592 1724 iidem
1615 1668 1792 1739 primi,
1833 1683 1896 1725 ac
1923 1668 2095 1724 maxi-

2195 446 2395 515 obitus,
2425 446 2673 518 sepulcra
2698 445 3091 504 demonstrant.
3117 446 3189 504 Et
3217 459 3443 505 secutus
3474 464 3579 505 eos
3607 448 3789 505 Tullius

2195 538 2352 594 tertio
2374 536 2442 594 de
2467 536 2669 594 Natura
2690 536 2915 595 deorum
2959 538 3101 596 libro
3132 538 3380 597 dissolvit
3407 539 3667 613 publicas
3693 541 3792 595 reli-

2193 634 2381 706 giones
2412 651 2426 689 :
2458 632 2552 690 sed
2579 641 2760 690 tamen
2784 648 2989 699 veram,
3015 649 3175 706 quam
3203 634 3520 705 ignorabat,
3547 649 3650 691 nec
3676 636 3791 706 ipse,

2195 741 2295 783 nec
2324 727 2461 783 alius
2487 727 2769 799 quisquam
2797 727 2969 799 potuit
2990 726 3270 783 inducere.
3294 726 3459 787 Adeo
3486 738 3547 783 et
3568 728 3685 799 ipse
3708 737 3796 784 tes-

2195 828 2341 877 tatus
2377 829 2480 888 est,
2508 820 2702 877 falsum
2729 821 2948 894 quidem
2973 836 3259 893 apparere,
3301 823 3604 879 veritatem
3637 831 3795 880 tamen

2195 911 2384 969 latere.
2412 911 2631 969 Utinam
2660 913 2879 987 (inquit)
2923 924 3030 969 tam
3060 913 3216 969 facile
3243 930 3370 971 vera
3397 914 3663 971 invenire
3691 930 3797 985 pos-

2196 1020 2336 1074 sem,
2369 1022 2528 1077 quam
2559 1006 2692 1062 falsa
2718 1006 3076 1063 convincere!
3110 1006 3264 1075 Quod
3287 1007 3518 1079 quidem
3563 1023 3671 1064 non
3707 1008 3799 1063 dis-

2195 1097 2533 1166 simulanter,
2565 1107 2624 1155 ut
2648 1099 3028 1168 Academicus,
3063 1099 3159 1157 sed
3196 1116 3325 1157 vere
3355 1112 3532 1174 atque
3560 1117 3629 1159 ex
3660 1102 3800 1158 animi

2197 1184 2467 1249 sententia
2506 1192 2858 1264 proclamavit
2888 1209 2904 1249 :
2932 1193 3057 1266 quia
3096 1194 3302 1250 veritas
3341 1194 3613 1251 humanis
3653 1194 3801 1251 sensi-

2196 1284 2297 1342 bus
2339 1287 2455 1342 erui
2506 1301 2775 1357 nunquam
2831 1294 3043 1357 potest,
3075 1286 3217 1358 quod
3246 1288 3466 1358 assequi
3509 1287 3687 1343 valuit
3718 1286 3800 1342 hu-

2198 1400 2357 1440 mana
2403 1384 2759 1456 providentia,
2814 1384 2865 1439 id
2904 1392 3183 1441 assecutus
3212 1394 3330 1450 est,
3378 1394 3439 1440 ut
3493 1383 3637 1439 falsa
3675 1380 3802 1439 dete-

2196 1485 2368 1549 geret.
2398 1476 2667 1549 Quidquid
2698 1476 2839 1533 enim
2870 1477 3052 1532 fictum
3090 1485 3147 1532 et
3171 1475 3620 1532 commentitium
3640 1517 3658 1545 ,
3697 1474 3801 1546 quia

2200 1568 2349 1625 nulla
2376 1569 2585 1624 ratione
2612 1568 2898 1624 subnixum
2942 1577 3046 1635 est,
3079 1569 3236 1625 facile
3274 1567 3635 1624 dissolvitur.
3675 1565 3800 1625 Unus

2198 1671 2283 1718 est
2309 1661 2470 1733 igitur
2501 1662 2769 1733 princeps,
2818 1671 2874 1717 et
2898 1662 3049 1733 origo
3078 1677 3258 1717 rerum
3284 1659 3452 1730 Deus,
3489 1662 3643 1718 sicut
3666 1660 3801 1717 Plato

494 1766 571 1822 mi
599 1779 754 1836 reges
797 1781 812 1819 :
841 1762 937 1820 sed
968 1776 1084 1830 eos,
1128 1771 1221 1817 aut
1244 1762 1316 1818 ob
1344 1762 1617 1827 virtutem,
1654 1775 1759 1831 qua
1783 1761 2096 1831 profuerant
2124 1756 2173 1817 B
2200 1754 2253 1812 in
2280 1755 2484 1813 Timazo
2506 1765 2562 1813 et
2585 1755 2755 1813 sensit
2781 1765 2834 1812 et
2856 1756 3074 1821 docuit;
3105 1756 3258 1827 cujus
3299 1757 3656 1829 maiestatem
3696 1764 3797 1811 tan-

494 1859 778 1915 hominum
798 1857 1007 1930 generi,
1031 1854 1231 1911 divinis
1260 1854 1564 1910 honoribus
1590 1853 1813 1909 allectos
1832 1868 1953 1909 esse
1981 1861 2102 1924 post

492 1957 758 2015 mortem;
800 1958 890 2003 aut
917 1946 987 2003 ob
1010 1943 1274 2002 beneficia
1303 1954 1359 2001 et
1395 1946 1634 2012 inventa,
1674 1944 1867 2015 quibus
1910 1942 2101 2000 huma-

494 2041 622 2098 na‘m
643 2042 809 2097 vitam
836 2038 1212 2106 excoluerant,
1239 2036 1607 2093 immortalem
1631 2035 1944 2092 memoriam
1970 2051 2102 2093 con-

492 2142 733 2200 secutos,
762 2131 884 2203 quis
912 2130 1156 2202 ignorat?
1184 2144 1286 2186 nec
1316 2138 1520 2186 tantum
1550 2145 1750 2198 mares,
1778 2130 1872 2186 sed
1904 2140 1955 2187 et
1992 2129 2096 2187 fce-

494 2225 694 2299 minas.
736 2223 891 2292 Quod
938 2238 1061 2279 cum
1107 2223 1459 2279 vetustissimi
1501 2222 1726 2279 ϐαρεῖαι
1768 2224 2097 2296 scriptores,

493 2333 632 2395 quos
674 2318 753 2374 illi
792 2316 1048 2392 θεολόγονς
1089 2325 1417 2389 nuncupant,
1470 2328 1581 2372 tum
1630 2318 1789 2373 etiam
1834 2318 2097 2386 Romani,

2201 1858 2311 1906 tam
2336 1865 2457 1908 esse
2494 1849 2749 1916 declarat,
2784 1860 2842 1905 ut
2883 1865 2983 1906 nec
3031 1859 3213 1907 mente
3245 1849 3684 1923 comprehendi,
3716 1862 3799 1905 nec

2202 1943 2381 2016 lingua
2412 1944 2639 2016 exprimi
2684 1944 2872 2014 possit.

2272 2035 2417 2093 Idem
2448 2045 2675 2092 testatur
2702 2033 2927 2092 llermes
2945 2078 2959 2102 ,
2989 2051 3147 2107 quem
3174 2035 3365 2091 Cicero
3390 2036 3468 2091 ait
3493 2035 3555 2092 in
3584 2049 3793 2092 numero

2199 2132 2422 2188 deorum
2451 2130 2592 2201 apud
2636 2128 2921 2202 Egyptios
2948 2129 3165 2195 haberi,
3195 2145 3318 2185 eum
3346 2129 3597 2195 scilicet,
3624 2126 3712 2201 qui
3738 2127 3794 2182 ob

2197 2225 2450 2281 virtutem
2481 2213 2875 2294 m'ultarumque
2919 2222 3114 2277 artium
3165 2222 3447 2279 scientiam
3480 2221 3796 2292 Trismegisc

2203 2327 2290 2374 tus
2329 2317 2667 2384 nominatus,
2716 2324 2772 2371 et
2800 2324 2919 2371 erat
2946 2330 3055 2391 non
3097 2313 3260 2369 modo
3300 2313 3577 2381 Platone,
3624 2327 3793 2369 verum

495 2410 718 2468 Graecos
744 2410 915 2467 secuti
953 2419 1010 2466 et
1037 2410 1251 2476 imitati,
1280 2408 1507 2477 docent;
1549 2426 1780 2481 quorum
1828 2414 2098 2486 pr:ecipue
2194 2411 2359 2467 etiam
2388 2409 2692 2483 Pythagora
2741 2417 3058 2480 septemque
3108 2406 3216 2462 illis
3259 2407 3607 2477 sapientibus
3657 2404 3795 2474 longe

489 2501 852 2571 Euhemerus,
899 2515 963 2557 ac
1011 2508 1198 2573 noster
1228 2500 1579 2572 Eunius,qui
1621 2516 1806 2560 eorum
1854 2505 2095 2562 omnium
2193 2503 2481 2575 antiquior.
2530 2501 2684 2575 Apud
2735 2499 3147 2573 XenOphontem
3201 2498 3459 2556 Socrates
3522 2498 3794 2572 disputans

1848 2640 2208 2701 VARIORUM
2247 2639 2484 2699 ΝΟΤιΕ.

487 2746 647 2839 firmo
686 2793 753 2835 ex
785 2774 1159 2847 antiquissimo
1192 2772 1511 2830 Taurineusi
1544 2775 1606 2847 in
1650 2774 1796 2847 Epit.
1824 2790 1873 2833 c.
1914 2776 1951 2832 2
1984 2790 1999 2834 :
2031 2778 2095 2835 Si

492 2851 644 2906 multi
678 2850 778 2906 sint
803 2850 856 2903 in
883 2846 1133 2903 examine
1157 2862 1315 2914 apum
1351 2862 1510 2917 reges.
1539 2846 1671 2902 BUN.

572 2922 874 2977 Potuerunt.
902 2920 975 2975 Ita
1008 2934 1110 2974 ms.
1148 2918 1309 2980 Editi,
1339 2927 1595 2987 poterunt.

568 3012 720 3083 Quod
739 3013 803 3079 si,
836 3021 942 3083 etc.
974 3010 1055 3083 Ab
1081 3009 1403 3065 auctoritate
1430 3008 1682 3083 Maronis.
1713 3010 1848 3068 Nam
1881 3012 1935 3069 hi
1972 3029 2094 3069 ver-

491 3080 741 3143 sus'sunt
764 3100 831 3141 ex
862 3082 1117 3140 [Eneidos
1140 3091 1295 3137 sexto
1323 3097 1463 3137 vers.
1493 3080 1618 3138 7‘26.
1650 3082 1758 3139 Sed
1788 3084 2100 3141 Lactantius

495 3165 682 3228 noster
699 3156 840 3228 libro
861 3154 1149 3228 vu,rcap_ite
1171 3154 1356 3228 tertio,
1372 3153 1685 3228 hos_versus
1710 3156 1818 3212 alio
1846 3165 2096 3228 torquet:

497 3226 850 3299 reprehendit
873 3226 1032 3299 enim
1052 3224 1316 3299 Gentiles;
1346 3224 1486 3295 quod
1521 3226 1689 3282 Deum
1712 3224 1972 3296 mentem,
2004 3228 2098 3285 Dei

495 3295 692 3367 corpus
722 3297 976 3352 mundum
1011 3295 1252 3351 fecerint.
1284 3295 1605 3352 Bs'ruuztus.

572 3369 762 3425 Mundi
783 3367 1133 3442 habitatorem.
1165 3367 1309 3442 Lips.
1332 3367 1367 3420 “2.
1399 3370 1530 3442 et__5,
1561 3369 1972 3440 gubernatorem,
2004 3386 2101 3442 ap-

496 3442 627 3507 tius,
656 3450 714 3495 ut
740 3438 972 3511 videtur,
992 3438 1121 3511 quia
1155 3452 1204 3493 c.
1243 3438 1307 3494 ιο
1333 3438 1577 3511 conditor
1602 3449 1888 3511 rectorque
1910 3438 2099 3498 mundi

496 3511 663 3567 Deus.
703 3511 811 3567 Sed
863 3510 1603 3582 plurimorumhabitatorem
1648 3510 1956 3569 defenditur
2001 3529 2099 3582 per

496 3582 779 3653 sequentia
810 3581 995 3653 verba,
1025 3579 1205 3653 incoli.
1239 3580 1313 3633 lta
1343 3580 1378 3632 l.
1413 3580 1753 3653 tv__lnstitut.,
1785 3600 1835 3639 c.
1864 3584 1959 3640 29.
2000 3579 2103 3639 Hic

496 3649 721 3726 mundus
750 3670 853 3726 una
880 3650 978 3705 Dei
1005 3651 1187 3726 domus
1216 3659 1308 3726 es_t,
1336 3660 1381 3704 et
1418 3649 1557 3719 ﬁlius
1577 3668 1641 3726 a_c_
1664 3664 1827 3724 pater,
1858 3656 1946 3726 qui
1972 3673 2104 3710 unu-

495 3726 659 3799 nimes
682 3724 909 3778 incolunt
940 3722 1211 3799 mundum,
1250 3721 1570 3799 Deus_unus.
1603 3721 1763 3780 Forte
1791 3721 2098 3799 legendum,

496 3796 837 3852 habitatorem
863 3803 907 3849 et
932 3793 1341 3865 gubernatorem.
1375 3793 1509 3847 Btuv.

569 3890 674 3945 Aut
704 3888 867 3945 verbis
892 3885 1147 3941 enarrari.
1178 3883 1267 3940 Sic
1295 3895 1422 3940 ante
1452 3885 1791 3943 Lactantium
1838 3889 2104 3946 Minucius

497 3962 691 4018 Felix:
734 3960 836 4015 llic
882 3976 975 4013 nec
1022 3957 1181 4012 uideri
1229 3966 1422 4028 potest,
1478 3959 1591 4013 uisu
1635 3961 1825 4016 clarior
1866 3972 1940 4016 est
1970 3978 1988 4017 :
2016 3977 2106 4016 nec

498 4032 858 4103 comprehendi
896 4039 1081 4101 potest,
1113 4045 1205 4084 nec
1226 4029 1470 4104 afstimari
1487 4047 1501 4096 ;
1533 4031 1765 4086 sensibus
1794 4034 1961 4104 major
1985 4043 2057 4087 est
2086 4049 2103 4087 :

499 4099 771 4175 Inﬁnitus,
796 4099 1093 4167 immensus,
1138 4108 1184 4155 et
1225 4099 1324 4155 sibi
1366 4100 1486 4168 soli,
1528 4111 1701 4158 tantus
1742 4099 1963 4173 quantus
2008 4115 2101 4172 est,

501 4187 674 4232 ποιω.

580 4267 943 4325 Persuasione.
971 4267 1231 4324 Francius
1256 4268 1634 4339 suspicabatur
1662 4269 1944 4339 legendum
1980 4285 2106 4330 esse

503 4340 888 4421 persuasioquer
907 4369 980 4421 _—-
999 4338 1367 4421 Persuasione.
1406 4340 1688 4421 l_nge_niose
1702 4338 2063 4421 Heumannus
2081 4385 2096 4408 ,

544 4410 847 4490 ersuasioue,
877 4410 930 4465 id
953 4419 1055 4490 est,
1084 4411 1187 4465 sive
1213 4413 1497 4490 persuasio,
1528 4413 1809 4483 legendum
1843 4425 2011 4490 putat.
2042 4416 2100 4471 ln
2127 4430 2182 4490 ι)

556 4480 741 4554 eimm.
770 4480 962 4554 ductus
987 4481 1284 4554 litterarum
1313 4483 1448 4554 tales
1478 4480 1623 4545 sani,
1670 4492 1727 4537 ut
1757 4480 2103 4554 persuasione

502 4551 613 4624 legi
641 4550 830 4624 possit.
860 4550 1006 4624 Sane
1031 4551 1294 4624 ablativus
1325 4551 1413 4607 hic
1439 4556 1584 4609 male
1608 4550 1855 4624 quadrat,
1886 4558 2010 4613 licet
2037 4560 2108 4612 sit

504 4620 840 4679 idomuibus
876 4621 1055 4676 editis.
1086 4620 1220 4675 Buu.

581 4693 691 4758 Dii,
723 4691 951 4747 homines
982 4693 1207 4764 fuerunt.
1238 4691 1440 4748 Eadem
1465 4709 1603 4764 pene
1625 4693 1789 4751 habes
1811 4696 1906 4753 lib.
1936 4713 1954 4751 1
1986 4698 2101 4753 Div.

504 4765 743 4842 institut.
771 4779 825 4842 c;
856 4764 945 4819 l5.
973 4762 1305 4842 'l‘heoplrilus
1325 4765 1395 4842 ad
1432 4762 1734 4842 A‘utolicum
1761 4786 1772 4820 :
1804 4774 1894 4824 Καὶ
1918 4772 1987 4824 τά
2014 4775 2106 4842 μὲν

501 4838 745 4915 inbuerat,
789 4833 1000 4915 «Itaque,
1026 4834 1269 4915 σξϐεσθαξ
1317 4838 1461 4915 Quir»,
1505 4838 1726 4911 ὀνόματά
1769 4842 1878 4897 ἐστι
1919 4833 2105 4915 νεκρῶν

504 4905 804 4984 ἀνθρώπῳ.
830 4905 1037 4984 Deinde
1068 4905 1222 4974 longa
1258 4907 1565 4963 induetiouc
1587 4905 1799 4982 "sylvatn
1827 4905 2106 4983 exctuplu-

503 4976 624 5034 ruu'n
654 4979 891 5033 adducit:
927 4976 1249 5032 BETULEIUS.

583 5052 698 5117 Qua
730 5047 1173 5123 profuerantulta
1217 5062 1345 5123 mss:
1378 5048 1413 5102 2
1450 5050 1658 5105 Bonon.
1708 5054 1885 5123 alique
1927 5056 2102 5110 umlti.

508 5121 644 5177 Vide
666 5118 799 5175 infra
827 5118 1033 5190 quibus.
1062 5120 1257 5187 Scripti
1283 5118 1351 5174 12
1380 5130 1435 5175 et
1463 5123 1590 5176 editi
1621 5126 1763 5191 quia.

580 5193 926 5245 Immertuletn
954 5191 1266 5244 memoriam.
1304 5192 1430 5247 Mss.
1465 5195 1517 5247 7.
1559 5195 1952 5252 immortalitatis
1996 5214 2102 5252 me-

505 5280 721 5316 mortem
730 5303 741 5316 .

508 5403 529 5459 1
584 5334 918 5459 lia/afuimus.
957 5334 1029 5388 lle
1059 5333 1160 5388 hoc
1184 5332 1388 5389 dictum
1417 5344 1501 5389 est
1528 5335 1619 5389 lib.
1655 5353 1691 5401 ι,
1727 5352 1847 5407 cap.
1881 5339 1942 5393 ll
1981 5338 2100 5395 Div.

535 5416 694 5459 nstttu
726 5445 740 5459 .

535 5406 740 5462 nstitut.

580 5476 858 5555 Sepulcrd
881 5477 1243 5555 detnonslraut.
1274 5474 1547 5555 “Itamss.
1588 5478 1622 5531 9
1644 5479 1873 5555 ΔΒίηποιι.
1907 5485 2104 5555 aliique

506 5548 708 5612 plures.
756 5547 1081 5625 Μιιιιὶήιῃδδ.
1124 5560 1178 5625 et
1222 5548 1350 5602 editi
1385 5548 1565 5618 legunt
1608 5551 1921 5619 simulacra;
1958 5547 2103 5625 quod

507 5632 720 5687 parum,
752 5628 844 5673 aut
867 5618 995 5673 nihil
1028 5620 1301 5688 probaret.

579 5689 713 5765 Quia
741 5690 947 5765 veritas:
975 5688 1255 5763 Francius,
1304 5690 1467 5760 forte,
1509 5693 1632 5765 quia
1674 5704 1844 5753 autem
1870 5696 2054 5755 veritas
2083 5712 2103 5758 .'

492 5759 702 5842 alioqui
727 5760 1125 5839 nousohaeret.

2272 2776 2405 2832 Erui
2431 2792 2693 2849 nunquam
2712 2782 2893 2849 potest
2910 2772 3000 2830 Sic
3010 2772 3325 2849 multrmss.
3352 2773 3496 2831 inter
3522 2790 3664 2849 quos
3687 2782 3794 2830 sunt

2199 2844 2559 2931 antiquissimi
2646 2844 2805 2931 Bern,
2839 2844 3130 2917 Reg-Pot.
3161 2844 3267 2903 Pro
3287 2844 3558 2917 nunquam
3583 2848 3643 2904 ll
3678 2860 3790 2902 mss.

2202 2917 2511 2976 comeditis
2542 2917 2744 2973 habent
2769 2933 2891 2972 non.

2216 3064 2221 3065 γ
2275 2991 2489 3062 Assequi
2523 2989 2703 3065 valuit.
2752 2988 3140 3065 Voluitrest_in
3184 3002 3316 3046 mss.
3367 2988 3789 3065 quamplurimis.

2123 3025 2169 3090 ο
2203 3025 3331 3131 δρῖἶῖἐῗιῖἷὶὲῗῐέϊιὶηι’.”ῥ“ἇὲἱιεῖῗέἶ’ὶοεέἒῖ³ἒί
3359 3025 3731 3128 ἓᾶεἷὲῗῗᾜὲἕὶἶ

2279 3130 2424 3191 Sicut
2454 3132 2609 3188 Plato
2636 3133 2689 3186 in
2719 3130 3119 3201 Timaeo.Cujus
3140 3134 3302 3187 verba
3332 3135 3402 3189 ita
3418 3133 3615 3191 Cicero
3638 3144 3789 3189 trans-

2206 3207 2327 3261 tulit
2367 3206 2419 3260 in
2461 3205 2553 3259 lib.
2597 3204 2665 3259 de
2699 3203 2963 3259 Universo
2990 3221 3007 3259 :
3037 3205 3200 3275 Atque
3226 3205 3373 3259 illuni
3412 3207 3625 3274 quidem
3668 3202 3790 3276 quasi

2205 3286 2470 3346 parentem
2508 3276 2661 3346 hujus
2698 3276 3042 3347 universitatis
3066 3276 3291 3330 inuenire
3313 3277 3565 3347 difficile,
3598 3287 3647 3334 et
3690 3290 3787 3332 cum

2202 3349 2454 3404 inveneris
2477 3388 2491 3412 ,
2519 3348 2753 3401 indicare
2773 3348 2828 3400 in
2853 3346 3039 3418 vulgus
3065 3351 3230 3418 nefas.
3255 3347 3444 3403 lsaws.

2277 3441 2304 3497 l
2314 3445 2428 3497 dem
2456 3449 2669 3497 testatur
2692 3439 2929 3495 Hermes.
2963 3441 3255 3495 Mercurius
3279 3440 3489 3497 scilicet
3519 3442 3617 3497 ille
3659 3438 3789 3495 Tris-

2203 3515 2500 3585 megistus,
2546 3514 2701 3583 cujus
2759 3510 2885 3585 haec
2923 3510 2989 3565 ad
3035 3510 3246 3585 Tatium
3292 3515 3566 3585 sententia
3615 3513 3789 3585 legitur

2205 3582 2347 3654 apud
2372 3582 2646 3641 Stobaaum
2686 3585 2740 3639 in
2771 3582 3128 3655 Collectaneis
3154 3582 3331 3639 Serm.
3363 3584 3456 3655 80,
3497 3587 3593 3655 qui
3622 3582 3701 3639 est
3732 3582 3788 3655 de

2206 3653 2319 3712 Diis
2338 3697 2353 3721 ,
2378 3664 2433 3713 et
2458 3655 2769 3727 Physiolog.
2798 3655 2951 3727 circa
2971 3653 3115 3727 coal.
3146 3669 3210 3709 ac
3244 3653 3430 3727 mund.
3466 3653 3638 3711 Deam
3661 3653 3787 3725 cogi-

2206 3739 2315 3783 tare
2335 3729 2506 3781 animo
2531 3725 2746 3796 difficile
2773 3734 2846 3781 est
2864 3766 2879 3791 ,
2906 3725 3075 3796 eloqui
3100 3725 3431 3795 impossibile.
3459 3728 3673 3793 lsaos._

2279 3797 2474 3855 Cicero.
2506 3797 2563 3854 ld
2586 3795 2669 3854 est
2697 3797 2812 3853 Cic.
2836 3812 2895 3852 ut
2921 3795 3042 3852 Nat.
3072 3795 3251 3866 deor.,
3281 3807 3343 3853 ut
3370 3797 3465 3857 lib.
3496 3797 3785 3863 tlnstitut.,

2206 3885 2324 3942 cap.
2352 3872 2405 3926 6.

2280 3964 2638 4037 Trismegistus
2666 3964 2978 4037 nominatus.
3006 3963 3149 4037 Edit.
3174 3963 3448 4037 Gymnic.,
3480 3966 3783 4037 nominatur.

2209 4031 2570 4109 Trismegis'tus
2592 4077 2608 4103 ,
2644 4036 2694 4109 id
2723 4045 2805 4091 est
2833 4044 2908 4089 ter
2930 4031 3239 4109 maximus;
3264 4044 3320 4091 ut
3368 4036 3603 4109 ha_hetur
3628 4037 3679 4109 in
3707 4031 3786 4089 tri-

2209 4110 2309 4165 bus
2353 4107 2484 4164 mss.
2530 4123 2640 4163 rec.
2686 4108 3157 4179 interpretationis
3178 4109 3371 4177 gratia.
3418 4107 3783 4179 Trismegistus

2208 4179 2351 4251 apud
2382 4180 2657 4235 Stobaeum
2689 4178 2866 4251 Serm.
2896 4177 2966 4233 80
2986 4177 3059 4251 d_e_
3080 4177 3211 4233 Diis.

2283 4250 2352 4306 Et
2378 4260 2486 4306 erat
2512 4266 2615 4305 non
2657 4249 2808 4305 modo
2828 4290 2843 4310 ,
2873 4256 2979 4304 etc.
3013 4248 3162 4307 Mose
3188 4250 3384 4306 dicitur
3414 4250 3586 4307 multo
3613 4262 3784 4308 recen-

2212 4323 2336 4391 tior,
2363 4332 2421 4394 ut
2440 4321 2709 4377 Marsilius
2731 4326 2796 4376 ex
2818 4318 3116 4394 Augustino
3138 4320 3358 4394 indicat.
3389 4321 3521 4378 Nam
3546 4338 3657 4394 quo
3671 4332 3784 4394 rein-

2211 4409 2343 4478 pore
2374 4393 2550 4478 Moses
2577 4402 2737 4478 natus
2757 4402 2848 4478 est
2865 4434 2885 4466 ι
2906 4391 3091 4478 ﬂoruit
3120 4391 3273 4449 Atlas
3299 4391 3641 4478 astrologus,
3666 4392 3783 4478 Bro-

2208 4462 2409 4522 inethei
2438 4463 2642 4536 physici
2673 4462 2857 4536 frater,
2871 4462 2949 4517 'ac
2968 4471 3244 4536 maternus
3266 4479 3398 4519 avus
3421 4462 3645 4534 majoris
3665 4462 3780 4518 Mcr-

2208 4536 2381 4602 curii,
2413 4534 2567 4605 cujus
2598 4536 2685 4591 hic
2727 4534 3111 4605 Trismegistus
3155 4534 3300 4590 ﬁlius
3346 4536 3465 4591 fuit.
3500 4536 3701 4593 Βετυι..
3725 4557 3781 4573 --

2209 4605 2314 4663 Alii
2340 4617 2520 4680 tamen
2550 4607 2693 4665 hunc
2714 4606 3130 4680 Trismegistqu
3159 4606 3308 4664 Mose
3336 4609 3506 4664 multo
3534 4605 3781 4680 antiquio-

2208 4694 2323 4735 rem
2353 4678 2518 4735 luisse
2546 4693 2654 4733 non
2681 4678 2801 4733 sine
2825 4692 2985 4733 causa
3015 4687 3224 4749 putant.

2280 4771 2435 4841 Apud
2485 4770 2917 4839 Xenophontem.
2972 4780 3076 4845 etc.
3126 4771 3282 4844 Apud
3340 4772 3779 4845 Xenophontem.

2205 4842 2747 4919 ’ᾼπομνημονευμάτῳν
2771 4852 2963 4913 quarto
2980 4842 3274 4919 ,_Socrrales
3298 4861 3418 4900 cum
3454 4842 3778 4919 Euthydemo

2209 4914 2520 4994 disputans:
2555 4914 2660 4994 non
2694 4914 3052 4994 Dcllln-lllodo
3085 4917 3169 4994 ςτὸν
3198 4914 3776 4994 οἰκονομοῦντᾳ-ἆόρατον

2208 4984 2371 5053 dicit,
2412 4985 2508 5041 sed
2545 4988 2707 5040 etiam
2750 4985 3028 5040 ministros
3066 4988 3291 5042 deorum
3340 4984 3779 5044 iitviSIbiles'e~sc

2208 5057 2462 5129 affirmat.
2506 5060 2680 5128 Atque
2710 5055 3120 5129 pauloiuferius
3161 5061 3369 5115 animas
3400 5068 3617 5115 nostras
3643 5055 3775 5129 quid-

2208 5127 2330 5181 dam
2359 5130 2426 5201 de
2454 5127 2732 5201 divinitate
2764 5127 3083 5197 participare
3115 5130 3291 5186 docet.
3324 5131 3449 5185 Hinc
3475 5127 3777 5201 Xenophan-

2212 5207 2293 5253 tea
2318 5199 2477 5254 verba
2501 5199 2621 5255 vide
2651 5201 2743 5253 lib.
2770 5214 2826 5252 tv
2846 5201 3141 5254 uu-rnomh.
3166 5202 3363 5257 Dietor.
3386 5210 3440 5255 ct
3463 5200 3501 5255 F
3505 5199 3674 5256 actor.
3697 5199 3777 5253 So-

2207 5272 2373 5343 cratis
2401 5272 2542 5343 circa
2577 5271 2844 5343 inediuur;
2876 5270 2997 5343 vide
3029 5272 3119 5324 lih.
3160 5288 3228 5327 vn
3258 5273 3468 5343 Platon.
3497 5279 3566 5328 de
3596 5274 3713 5343 Leg.
3734 5278 3776 5322 ct

2207 5340 2457 5415 Ciceron.
2494 5342 2584 5415 lih.
2627 5358 2644 5396 ι
2674 5342 2741 5395 dc
2779 5340 2902 5415 Nat.
2934 5341 3160 5415 tleor.—
3179 5344 3329 5415 Apud
3373 5340 3775 5413 Χεηοριιωιὶειιι,

2208 5421 2312 5466 etc.
2344 5414 2511 5481 Cujus
2538 5414 2651 5467 lucc
2680 5412 2843 5467 verba
2874 5422 2998 5466 sunt
3026 5412 3120 5469 lib.
3155 5412 3235 5468 tv.
3259 5412 3556 5470 Mcmoruh.
3590 5416 3773 5470 Socrat.

2211 5483 2360 5547 Quod
2386 5486 2543 5553 igitur
2577 5483 2661 5555 Dii
2700 5484 2829 5545 sint,
2860 5484 3220 5555 hominumque
3246 5486 3460 5541 habeant
3500 5503 3673 5541 curam
3695 5527 3709 5550 ,
3733 5492 3773 5534 ttt

2208 5571 2437 5621 quoque,
2492 5571 2527 5628 o_
2564 5554 2905 5628 Eutlrydrute,
2947 5554 3255 5628 cognosces,
3302 5559 3346 5612 si
3392 5576 3492 5612 non
3533 5567 3770 5627 expectes.

2207 5642 2469 5695 quousque
2494 5626 2702 5700 deorum
2728 5626 2911 5700 videris
2933 5630 3164 5700 fortnas;
3185 5626 3309 5684 satis
3337 5646 3554 5700 namque
3573 5626 3664 5684 erit
3685 5638 3773 5697 ope

2213 5711 2270 5756 ra
2296 5711 2467 5755 eorum
2494 5697 2899 5773 considerando,
2930 5696 3096 5758 colere
3141 5716 3203 5756 ac
3240 5696 3493 5775 honorare
3530 5716 3650 5769 cos,
3687 5696 3770 5775 cth.

3422 5792 3423 5797 π
3468 5769 3656 5835 lacus.

3909 4842 3911 4983 Ν

3910 5048 3911 5141 l
