4034 6354
167 320 308 381 113

169 536 236 591 in
278 539 496 610 Legum
531 542 683 598 libris
715 563 727 599 :
765 562 784 597 s
831 543 969 613 Quid
994 543 1213 598 omnino
1241 543 1312 597 sit
1341 543 1478 598 Deus
1499 586 1512 608 ,
1546 559 1652 600 non
1685 558 1807 600 esse

168 632 602 699 quaerendum;
633 637 756 704 quia
780 651 880 691 nec
905 635 1127 689 inveniri
1152 636 1340 705 possit,
1373 650 1474 691 nec
1493 637 1802 709 enarrari.|s

172 720 547 794 Pythagoras
575 740 788 797 quoque
837 743 998 782 unum
1045 727 1212 781 Deum
1260 727 1547 782 confitetur
1580 728 1805 795 dicens,

173 815 608 887 incorporalem
637 834 761 876 esse
787 830 1054 887 mentem,
1096 836 1213 891 qua:
1244 837 1342 891 per
1369 836 1586 877 omnem
1628 837 1808 880 rerum

174 917 459 964 naturam
489 911 680 966 diliusa
709 922 764 968 et
791 912 996 969 intenta
1017 955 1032 978 ,
1066 914 1281 969 vitalem
1329 929 1550 970 sensum
1597 916 1808 972 cunctis

174 1003 570 1060 animantibus
638 1005 858 1062 tribuat.
916 1006 1266 1064 Antisthenes
1316 1017 1496 1064 autem
1559 1008 1614 1064 in
1662 1009 1808 1080 Phy-

178 1093 317 1149 sico
377 1111 542 1150 unum
597 1110 720 1154 esse
770 1098 1072 1154 naturalem
1130 1099 1298 1155 Deum
1341 1100 1514 1167 dixit,
1564 1100 1810 1172 quamvis

174 1197 397 1257 gentes
423 1198 481 1244 et
513 1189 677 1246 urbes
704 1205 832 1246 suos
859 1191 1096 1248 habeant
1124 1193 1432 1263 populares.
1474 1193 1674 1249 Eadem
1700 1194 1811 1251 fere

179 1288 245 1334 et
275 1278 610 1336 Aristoteles
656 1295 781 1337 cum
811 1282 924 1338 suis
966 1283 1360 1354 peripateticis,
1409 1293 1465 1340 et
1494 1283 1640 1340 Zeno
1685 1299 1808 1340 cum

177 1373 315 1428 suis
353 1373 556 1430 stoicis.
588 1375 836 1447 Longum
863 1387 949 1433 est
977 1377 1120 1432 enim
1153 1378 1487 1450 singulorum
1509 1379 1810 1435 sententias

182 1465 450 1534 exequi,
497 1467 588 1536 qui
634 1466 759 1524 licet
786 1467 1017 1525 diversis
1046 1470 1352 1526 nominibus
1396 1472 1505 1526 sint
1527 1472 1711 1538 abusi,
1740 1470 1811 1528 ad

189 1571 378 1612 unam
405 1566 580 1614 tamen
609 1568 952 1630 potestatem,
983 1577 1102 1632 qua:
1126 1563 1384 1620 mundum
1414 1574 1661 1636 regeret,
1681 1579 1810 1621 con-

191 1661 518 1705 currerunt.
548 1649 655 1706 Sed
702 1661 881 1709 tamen
909 1667 1179 1709 summum
1210 1655 1376 1711 Deum
1399 1697 1414 1721 ,
1445 1671 1567 1712 cum
1609 1666 1663 1712 et
1689 1657 1810 1728 plti-

197 1740 460 1812 losophi,
489 1751 544 1798 et
570 1752 760 1814 poetae,
795 1755 852 1801 et
892 1746 993 1816 ipsi
1038 1745 1272 1818 denique
1300 1748 1390 1820 qui
1431 1750 1560 1804 deos
1585 1749 1769 1804 colunt
1791 1791 1808 1817 ,

1511 328 1715 386 LIBER
1756 329 1846 386 DE
1887 330 2004 389 IRA
2045 332 2173 390 DEI.

164 443 262 495 ait
288 483 310 511 ,
364 461 385 496 ι
422 444 650 502 formam
681 447 774 503 Dei
804 463 908 505 non
937 455 1186 518 oportere
1207 447 1484 519 conquiri;
1523 466 1541 500 ι
1568 460 1624 504 et
1649 450 1804 505 Plato
1829 457 1884 513 Α

3413 332 3525 394 ιιι

2518 451 2749 514 CAPUT
2801 452 2912 508 XII.

2307 565 2386 621 De
2432 567 2674 638 religione
2709 578 2756 623 et
2791 567 2884 623 Dei
2911 568 3112 624 timore.

1984 723 2134 779 Nunc
2184 724 2434 794 quoniam
2486 725 2862 794 respondimus
2908 727 3084 797 impias
3135 729 3492 799 quorumdam

1912 817 2326 888 detestabilique
2364 818 2700 888 prudentius,
2733 821 2812 874 vel
2865 823 3040 891 potius
3087 823 3376 889 amentia),
3424 840 3516 878 rc-

1908 909 2132 964 deamus
2156 908 2224 964 ad
2252 909 2603 978 propositum.
2644 911 2915 979 Diximus,
2965 915 3228 985 religione
3267 915 3511 981 sublata,

1910 1017 2010 1057 nec
2036 1001 2356 1071 sapientiam
2404 1003 2573 1056 teneri
2606 1017 2793 1070 posse,
2819 1019 2918 1060 nec
2941 1004 3236 1074 justitiam;
3264 1007 3389 1077 quia
3421 1022 3512 1061 sa-

1911 1093 2110 1164 pientia
2139 1092 2438 1148 divinitatis
2480 1093 2788 1149 intellectus
2815 1104 2929 1159 est,
2979 1111 3086 1165 quo
3135 1096 3432 1152 dill'erimus
3481 1113 3515 1152 a

1910 1185 2141 1241 belluis:
2185 1186 2237 1240 in
2268 1185 2489 1241 homine
2535 1186 2653 1241 solo
2683 1186 2908 1257 reperiri
2949 1187 3211 1256 juStitiam
3231 1230 3246 1254 ,
3274 1203 3376 1256 qua
3410 1189 3516 1244 nisi

1911 1279 2233 1349 cupiditates
2258 1288 2472 1335 nostras
2501 1279 2675 1345 Deus,
2700 1281 2787 1350 qui
2817 1279 2930 1334 falli
2961 1296 3066 1335 non
3115 1291 3322 1351 potest,
3353 1298 3514 1337 cocr~

1911 1372 2122 1439 cuerit,
2163 1372 2426 1428 scelerate
2471 1370 2740 1442 impieque
2786 1373 3046 1428 vivemus.
3083 1373 3327 1444 Spectari
3375 1388 3510 1443 ergo

1911 1476 2066 1522 actus
2094 1474 2310 1522 nostros
2347 1482 2378 1521 a
2423 1466 2568 1533 Deo,
2598 1481 2705 1521 non
2751 1467 2913 1522 modo
2950 1470 3017 1522 ad
3049 1467 3333 1523 utilitatem
3361 1483 3513 1524 com-

1912 1557 2093 1611 mmis
2119 1557 2243 1612 vitae
2271 1557 2496 1624 attinet,
2529 1557 2624 1614 sed
2646 1557 2809 1614 etiam
2837 1558 2903 1614 ad
2930 1559 3250 1626 veritatem;
3281 1560 3403 1631 quia
3427 1575 3518 1616 re-

1913 1649 2112 1720 ligione
2132 1649 2450 1721 iustitiaque
2475 1649 2716 1707 detracta
2739 1694 2752 1717 ,
2785 1651 2868 1707 vel
2899 1651 2966 1706 ad
3015 1653 3294 1710 stultitiam
3345 1667 3517 1724 pecu-

1913 1743 2042 1798 dum
2081 1745 2278 1800 amissa
2324 1746 2534 1799 ratione
2580 1744 2935 1812 devolvimur,
2982 1745 3067 1801 vel
3099 1746 3165 1802 ad
3212 1746 3513 1803 bestiarum

197 1845 368 1901 sazpe
413 1831 709 1902 fateantur;
755 1837 824 1893 de
868 1839 1017 1894 cultu
1051 1849 1226 1894 tamen
1269 1849 1324 1896 et
1370 1839 1664 1896 honoribus
1693 1842 1802 1910 ejus

1921 1836 2343 1892 immanitatem:
2394 1835 2502 1892 imo
2530 1852 2658 1892 vero
2702 1838 2966 1909 amplius;
3018 1837 3287 1909 siquidem
3321 1837 3514 1894 bestia:

199 1939 386 1980 nemo
413 1941 641 1997 unquam
670 1929 970 2000 requisivit,
1013 1945 1175 1988 nemo
1205 1931 1491 1999 disseruit;
1521 1947 1582 1988 ea
1604 1933 1812 1990 scilicet

194 2017 594 2087 persuasione,
624 2036 730 2090 qua
753 2036 969 2092 semper
997 2023 1298 2080 beneﬁcum
1330 2025 1810 2097 incorruptumque

193 2107 529 2176 credentes,
565 2126 666 2168 nec
711 2114 869 2170 irasci
901 2129 1022 2170 eum
1051 2115 1338 2186 cuiquam,
1369 2131 1468 2172 nec
1512 2118 1620 2173 ullo
1661 2119 1810 2174 cultu

188 2198 454 2272 indigere
479 2203 828 2261 arbitrantur.
869 2206 1021 2263 Adeo
1052 2207 1242 2280 religio
1287 2224 1408 2265 esse
1451 2225 1556 2266 non
1590 2221 1806 2282 potest,

196 2291 296 2348 ubi
327 2302 509 2351 metus
532 2296 713 2353 nullus
738 2307 839 2353 est.

1917 1931 2003 1985 sui
2048 1930 2266 2000 generis
2294 1929 2618 1986 animalibus
2667 1940 2912 2000 parcunt.
2961 1929 3099 1999 Quid
3141 1929 3244 1986 erit
3292 1930 3516 1987 homine

1918 2023 2305 2091 truculentius,
2337 2023 2466 2095 quid
2499 2024 2758 2079 immitius
2782 2065 2797 2090 ,
2827 2026 2872 2080 si
2921 2023 3140 2095 dempto
3169 2033 3317 2080 metu
3344 2039 3512 2094 supe-

1914 2117 2093 2182 riore,
2120 2117 2226 2171 vim
2258 2117 2434 2188 legum
2482 2125 2577 2172 aut
2600 2116 2806 2185 fallere
2851 2117 3121 2187 potuerit,
3151 2126 3246 2172 aut
3270 2124 3514 2173 contem-

1915 2211 2080 2268 nere?
2105 2211 2288 2266 Timor
2315 2211 2474 2280 igitur
2503 2211 2595 2267 Dei
2637 2211 2786 2266 solus
2817 2219 2930 2278 est,
2959 2211 3051 2281 qui
3077 2210 3311 2267 custodit
3339 2209 3516 2267 homi-

1917 2318 2043 2358 num
2083 2304 2223 2359 lnter
2253 2316 2312 2358 se
2351 2303 2702 2369 societatem,
2741 2317 2834 2373 per
2860 2317 3022 2374 quem
3050 2303 3159 2358 vita
3190 2303 3303 2373 ipsa
3349 2302 3518 2359 susti-

1535 2393 1898 2453 VARIORUM
1934 2393 2167 2451 NOTAE.

274 2501 345 2558 Et
374 2502 549 2580 Plato
570 2503 637 2580 in_
651 2503 844 2576 Legum
873 2506 1051 2580 libris,
1085 2517 1190 2563 etc.
1240 2508 1296 2563 lu
1347 2511 1575 2580 septimo
1601 2511 1669 2566 de
1701 2513 1806 2569 Le-

193 2575 359 2649 gibus
409 2578 488 2630 sic
538 2575 804 2647 legimus,
832 2579 934 2634 sub
977 2594 1203 2645 persona
1253 2575 1477 2649 hospiiis
1507 2584 1804 2637 Athenien-

196 2647 308 2724 sis:
343 2650 439 2724 To?
467 2649 701 2724 μέγιςτσθ
728 2650 834 2724 θξόν
863 2690 876 2712 ,
912 2654 995 2704 καὶ
1039 2650 1146 2705 ὅλον
1179 2651 1261 2705 τὸν
1292 2647 1474 2724 κὸάμον
1501 2656 1658 2724 φαμὲν
1687 2654 1801 2711 οὔτε

195 2723 375 2799 ξητεῑν
402 2718 546 2799 otia,
563 2718 677 2775 οὔτε
697 2721 1146 2799 ’πολ-’ξηραγμσνεῑν
1171 2725 1265 2783 τὰς
1287 2718 1449 2788 αἰτίας
1474 2718 1801 2799 ἐρεὐνῶντας.

193 2790 622 2916 1Suntctlluaedam
667 2790 1054 2848 similia'etiam
1095 2795 1147 2849 in
1193 2810 1223 2847 χ
1247 2835 1262 2861 ,
1295 2796 1389 2850 sed
1445 2790 1547 2850 huc
1575 2812 1679 2852 non
1715 2814 1802 2854 re-

219 2875 352 2916 eren
398 2877 452 2916 a.

219 2875 452 2918 erenaa.

271 2929 611 3010 Pythagoras
635 2950 833 3010 quoque
853 2976 866 2997 ,
896 2935 1225 3010 etc._Simile
1250 2938 1504 3008 quiddam
1549 2950 1634 2995 est
1662 2939 1804 3010 apttd

193 3003 335 3059 Cic.
365 3004 422 3058 in
455 3003 963 3082 printo'de'Natura
995 3007 1220 3082 deorum
1242 3003 1482 3080 {nempe
1531 3003 1806 3082 Pythago-

194 3089 316 3130 ram
342 3078 629 3151 censuisse
647 3118 662 3140 ,
696 3077 860 3132 Deum
887 3093 1007 3134 esse
1037 3077 1279 3135 animum
1312 3077 1691 3151 per'naturam
1711 3077 1808 3138 're-

192 3161 320 3224 rum
349 3162 573 3224 omnem
602 3137 866 3204 intentum
898 3137 1374 3224 etcommeautém
1394 3194 1408 3219 ,
1441 3168 1506 3208 ex
1540 3170 1648 3224 quo
1676 3137 1804 3209 nos-
1834 3137 1880 3202 Ο

194 3217 267 3288 tri
318 3217 491 3274 animi
535 3230 906 3288 carperentur.
937 3222 1068 3288 Qua:
1102 3232 1279 3279 tamen
1325 3240 1354 3278 a
1397 3217 1609 3280 Velleio
1636 3226 1801 3281 etiam

193 3287 479 3364 Epicureo
509 3287 1012 3364 reprehenduntur;
1040 3307 1216 3364 neque
1243 3296 1534 3351 immerito.
1562 3297 1806 3352 Crassior

195 3372 284 3436 est
313 3361 406 3416 illa
430 3403 446 3429 ,
477 3377 597 3436 qua;
624 3361 818 3432 legitur
854 3365 993 3436 apud
1024 3361 1384 3434 Epipbattium
1405 3408 1420 3433 ,
1465 3377 1520 3422 et
1549 3369 1707 3436 plane
1736 3369 1805 3423 ab

196 3430 302 3488 hac
330 3430 520 3506 nostra
543 3430 854 3506 discrepans
873 3430 903 3502 ,“
920 3435 1011 3506 ubi
1039 3430 1300 3506 Epicurus
1324 3430 1490 3494 Deum
1516 3430 1622 3493 non
1648 3454 1804 3493 men~

195 3511 307 3558 tem
327 3547 342 3571 ,
374 3504 476 3560 sed
506 3519 700 3574 corpus
731 3505 878 3560 facit.
911 3505 1016 3562 Sed
1048 3504 1114 3563 cit
1140 3506 1363 3563 Platone
1408 3509 1460 3562 in
1503 3525 1555 3563 χ.
1599 3509 1666 3564 de
1696 3509 1804 3564 Le-

194 3573 308 3650 gib_.
335 3576 504 3650 Astra
527 3573 640 3650 non
670 3575 893 3650 deorum
923 3593 1148 3650 corpora
1177 3579 1302 3634 facit
1335 3579 1473 3636 idem
1498 3579 1800 3650 Epicurus;

197 3645 297 3700 sed
342 3645 484 3701 deos
525 3647 709 3716 ipsos:
746 3647 939 3702 librum
989 3649 1230 3706 Platonis
1259 3650 1439 3707 adeas.
1489 3645 1638 3706 Hanc
1666 3645 1802 3706 delié

197 3715 467 3792 ttitionem
491 3733 658 3792 ,quce
689 3717 778 3792 hic
803 3719 1018 3792 citatur,
1053 3722 1400 3791 produximus
1441 3738 1602 3792 supra
1632 3723 1722 3777 lib.
1750 3739 1796 3790 ι,

201 3800 324 3860 cap.
374 3789 445 3856 5,
481 3791 622 3845 sicut
664 3790 826 3846 etiam
855 3789 1190 3850 Antistliettis
1213 3793 1433 3865 jamjam
1450 3789 1797 3920 lsequentem.

1497 3881 1657 3920 ETUL.

1497 3881 1657 3920 ETUL.

201 3931 687 4056 detli’r't‘igpomlem'
720 3932 945 4005 Ρῖίδθε·
977 3933 1118 4005 δρυά
1152 3935 1266 3991 Cic.
1299 3936 1392 3994 lib.
1426 3954 1442 3992 ι
1489 3937 1556 3993 de
1602 3937 1799 3993 Natura

239 4017 450 4059 eorum.

271 4074 490 4148 Di/fusa
529 4084 576 4131 et
615 4077 824 4131 intenta.
877 4076 1027 4133 Lact.
1061 4077 1128 4133 de
1156 4079 1298 4148 Opil‘.
1346 4094 1394 4132 c.
1436 4081 1503 4134 16
1552 4098 1563 4132 :
1611 4079 1800 4134 Divina

203 4161 343 4202 mens
383 4147 488 4202 Dei
517 4163 608 4216 per
649 4148 907 4203 universas
948 4151 1124 4203 mundi
1156 4147 1327 4218 partes
1366 4152 1557 4206 intenta
1594 4152 1798 4204 discur-

204 4218 417 4293 rit....._.
441 4219 629 4290 ubique
648 4218 861 4293 diffusa.
889 4221 1151 4274 Minucius
1179 4221 1292 4276 Fel.
1324 4237 1444 4290 cap.
1474 4223 1538 4277 l9
1563 4240 1574 4274 :
1600 4221 1800 4293 Pytha-

205 4303 343 4358 gora:
376 4289 516 4345 Deus
545 4300 617 4344 est
661 4291 862 4345 animus
904 4308 993 4358 per
1032 4293 1316 4345 universam
1346 4309 1514 4346 rerum
1562 4289 1798 4346 naturam

207 4375 496 4433 commeans
517 4372 564 4415 et
593 4363 838 4433 intentus,
869 4379 931 4416 ea:
949 4380 1046 4433 quo
1069 4364 1220 4416 etiant
1247 4364 1545 4416 animalium
1572 4363 1798 4416 omnium

207 4431 307 4502 vita
333 4435 592 4502 capiatur.
625 4432 840 4488 Confer.
886 4431 1034 4488 Lact.
1069 4433 1158 4486 lib.
1192 4448 1241 4499 t,
1274 4450 1391 4502 cap.
1421 4434 1454 4488 5
1501 4451 1514 4488 :
1550 4434 1794 4500 Quamvis

209 4500 316 4576 ipse
345 4500 436 4573 per
457 4516 620 4560 totum
645 4521 699 4559 se
726 4521 910 4576 corpus
934 4505 1234 4576 intenderat.
1266 4500 1396 4558 Bais.

282 4575 609 4632 Antisthenes
630 4587 798 4630 autem
819 4579 871 4630 in
895 4576 1122 4647 physico.
1151 4575 1376 4647 Respice
1397 4575 1462 4629 ad
1487 4575 1576 4630 lib.
1603 4592 1618 4630 t
1640 4575 1796 4631 Insti-

213 4652 332 4718 tut.,
362 4663 484 4718 cap.
515 4648 566 4703 6.
605 4647 881 4703 Ciceronis
912 4646 1071 4701 verba
1118 4657 1242 4700 sunt
1269 4646 1337 4701 de
1379 4647 1575 4718 Natura
1617 4648 1790 4714 deor.,

214 4714 302 4795 lib.
331 4733 384 4795 t_,
406 4714 534 4795 cap.
561 4720 626 4775 15
655 4737 671 4775 :
699 4719 1018 4795 Antisthenes
1056 4719 1109 4772 in
1135 4734 1192 4795 eo
1222 4718 1351 4773 libra
1371 4760 1386 4785 ,
1427 4720 1520 4795 qui
1543 4717 1797 4789 Physicus

212 4790 526 4862 inscribitur,
577 4793 847 4862 populares
889 4790 1009 4844 deos
1048 4790 1269 4853 multas,
1316 4790 1600 4844 naturalem
1641 4806 1798 4844 unum

215 4871 318 4928 esse
345 4861 547 4928 dicens,
579 4863 717 4917 tollit
748 4863 852 4916 vim
881 4872 936 4916 et
963 4870 1205 4915 naturam
1241 4863 1489 4917 deorum.
1520 4863 1686 4917 CELL.

287 4927 541 5001 Physica.
563 4933 719 4988 Liber
747 4932 841 4986 fuit
865 4931 1220 4987 Antisthenis.

288 5001 424 5073 Suos
452 5003 668 5058 habeant
696 5005 986 5073 populares.
1018 5003 1143 5059 Mss.
1174 5004 1207 5058 9
1228 5003 1429 5059 addunt
1458 5004 1596 5058 deos.

286 5070 485 5146 ljladem
507 5078 612 5146 fere
640 5070 1003 5146 et'Aristoteles
1026 5116 1038 5140 ,
1067 5085 1170 5129 etc.
1207 5075 1368 5130 Libro
1402 5077 1594 5141 primo,
1627 5076 1798 5144 capite

222 5139 273 5212 5.
304 5139 611 5201 Lactaniius
638 5155 721 5200 est
754 5139 1031 5200 confessus
1052 5188 1066 5212 ,
1101 5139 1445 5203 Aristotelem
1471 5161 1652 5201 secum
1684 5139 1794 5201 dis-

223 5211 434 5288 sidere;
465 5218 516 5271 in
543 5232 749 5272 summa
772 5227 974 5280 tamen,
1003 5211 1233 5272 mentem
1255 5233 1375 5273 esse
1402 5218 1583 5271 tnundi
1613 5219 1798 5288 praesi-

223 5279 362 5358 (lem.
398 5279 474 5344 De
501 5289 586 5342 illa
623 5290 735 5358 ipsa
756 5303 883 5343 vero
911 5279 1246 5344 dissensione
1273 5289 1389 5358 lege
1415 5289 1525 5343 Cic.
1551 5279 1799 5357 in'primo

223 5351 504 5434 demtum
517 5351 758 5434 deorum.
777 5361 976 5434 Barac.
992 5389 1068 5434 -—_
1075 5361 1146 5414 De
1159 5351 1434 5415 Aristo'tel.
1465 5369 1519 5414 et
1552 5351 1766 5414 Zenone
1781 5401 1798 5428 ,

225 5425 344 5500 vide
366 5426 609 5500 Cicerou.
635 5430 727 5487 lib.
756 5447 769 5483 ι
795 5429 863 5484 de
891 5431 1009 5485 Nat.
1039 5431 1189 5486 deor.

271 5496 358 5576 .Et
402 5499 574 5576 Zeno,
605 5510 710 5576 etc.
732 5501 878 5576 _Vide
911 5501 1129 5576 omnino
1150 5502 1491 5576 Lactantium
1539 5503 1712 5572 ipsum
1743 5512 1797 5557 et

225 5561 532 5646 {liceronem
560 5561 695 5627 locis
725 5571 836 5640 jam
881 5574 1076 5646 Saepius
1115 5575 1319 5639 citatis,
1359 5573 1448 5628 ubi
1480 5561 1630 5640 haec,
1680 5589 1801 5646 qua:

221 5632 310 5760 {tie
336 5639 394 5760 il:-
413 5643 590 5699 medio
617 5632 878 5713 suspensa
904 5632 1678 5714 relinquuntur,’excutiuntur
1698 5632 1802 5700 di-

247 5722 356 5760 uten
385 5728 480 5760 tus-

247 5719 480 5777 tgentius.

263 5779 682 5857 "Concurrerunl.
725 5783 1048 5857 Sicrestitui
1096 5801 1162 5838 ex
1204 5786 1382 5840 multis
1414 5786 1574 5843 editis
1599 5795 1652 5842 et
1682 5802 1799 5840 om-

221 5847 372 5907 nibus
399 5870 526 5911 mss.
572 5867 764 5927 przeter
814 5856 836 5910 l
886 5854 1037 5910 Colb.
1087 5871 1195 5911 rec.
1229 5857 1280 5912 in
1310 5872 1442 5927 quo,
1489 5870 1544 5914 ut
1593 5868 1647 5916 et
1681 5859 1734 5915 in
1765 5857 1796 5911 ὃ

1821 4523 1876 4584 D

1910 2513 2122 2569 excusis
2143 2553 2158 2576 ,
2181 2521 2264 2567 est
2283 2523 2611 2566 concurrunt.

1982 2583 2377 2654 Detestabilique
2403 2584 2706 2649 prudentia.
2753 2583 2985 2640 Malebat
3024 2585 3283 2640 Francius
3329 2583 3513 2654 legere

1911 2655 2261 2726 impudentius.
2293 2656 2360 2708 At
2386 2655 2666 2722 legendum
2694 2670 2816 2710 cum
2845 2672 2974 2710 mss.
3007 2656 3323 2726 l‘legio-Put.
3363 2657 3514 2710 aliis-

1917 2741 2023 2797 que
2051 2725 2260 2789 decem,
2287 2737 2340 2780 et
2365 2726 2398 2779 ‘2
2427 2736 2535 2780 vet.
2565 2726 2689 2782 cdd.
2717 2727 2874 2781 ltom.
2904 2743 2966 2781 ac
2990 2725 3162 2782 Betul.
3199 2726 3509 2796 prudentiae,

1911 2797 1963 2851 id
1990 2807 2074 2853 est
2101 2798 2379 2867 sapientia:
2424 2798 2505 2869 vel
2545 2798 2787 2853 scientia:
2837 2798 3116 2869 gentilium
3155 2797 3506 2869 philos0pho-

1911 2884 2030 2923 rum
2050 2909 2064 2932 ,
2101 2877 2160 2923 ut
2190 2871 2422 2923 sumitur
2450 2868 2548 2922 hac
2577 2869 2798 2924 notione
2817 2867 2956 2936 apud
2987 2867 3162 2925 Cicer.

1987 2939 2121 3007 Quia
2145 2941 2396 3010 sapientia
2422 2941 2702 2994 divinitatis
2727 2941 3010 2995 intellectus
3031 2950 3124 2995 est.
3161 2939 3372 3011 Sequor
3399 2939 3511 2996 lec-

1911 3009 2112 3067 tionem
2140 3011 2638 3082 antiquissimorum
2671 3022 2725 3067 et
2753 3021 2864 3079 Opt.
2895 3012 3141 3066 codicum
3173 3009 3306 3067 mss.
3337 3011 3371 3064 2
3403 3011 3508 3066 Bo-

1912 3098 2063 3147 non.,
2099 3085 2134 3138 5
2161 3083 2426 3147 Colbert.,
2458 3082 2636 3138 Balnz.
2671 3094 2724 3136 et
2751 3083 2837 3137 ed.
2880 3083 3112 3136 Plantin.
3156 3083 3430 3151 probatam
3478 3097 3510 3136 a

1911 3151 2203 3208 Tltomasio
2234 3155 2285 3208 in
2333 3154 2474 3208 notis
2513 3154 2623 3207 suis
2648 3196 2661 3219 ,
2694 3153 2762 3208 Is.
2795 3153 2988 3222 Spark.
3024 3151 3217 3208 Cteteri
3261 3151 3508 3208 multifa-

1909 3226 2044 3279 riam
2078 3225 2259 3296 legunt
2288 3243 2300 3279 :
2331 3225 2418 3278 alii
2451 3226 2572 3277 dum
2591 3241 2611 3289 ;
2639 3225 2793 3279 alteri
2815 3241 2928 3296 cum
2959 3224 3242 3296 divinitatis
3272 3224 3506 3278 intellec-

1908 3295 2468 3366 tus......'reperiatur,
2491 3297 2788 3366 justitiam;
2818 3295 2908 3350 alii
2925 3295 3132 3365 justitia
3164 3310 3182 3348 :
3210 3295 3506 3366 ltancpos-

1910 3377 2134 3421 tremam
2167 3365 2350 3422 vacem
2381 3365 2560 3434 plures
2592 3375 2946 3437 respuunt.—
2972 3367 3107 3433 Quia
3151 3365 3402 3437 sapientia
3433 3377 3509 3420 est

1907 3437 2186 3492 divinitatis
2231 3438 2544 3498 intellectus.
2606 3450 2708 3493 etc.
2778 3438 3006 3494 Secutus
3052 3453 3170 3492 sum
3219 3438 3506 3492 lectionem

1907 3523 2040 3563 mss.
2069 3511 2417 3579 optimorum.
2449 3518 2502 3563 et
2534 3509 2885 3564 Plantinianm
2914 3508 3215 3579 probatam,
3245 3517 3300 3563 et
3325 3509 3506 3579 expli-

1905 3590 2080 3635 catam
2108 3596 2136 3634 a
2181 3580 2470 3635 'l‘ltomasio
2518 3580 2568 3634 in
2616 3582 2726 3636 suis
2760 3580 2919 3636 uotis.
2951 3580 3218 3634 Antonius
3243 3581 3505 3650 Augusti-

1907 3667 2007 3706 nus
2032 3667 2226 3722 proeo
2255 3651 2395 3722 quod
2429 3651 2640 3722 legitur,
2674 3651 2741 3706 In
2787 3652 2989 3705 homine
3014 3652 3124 3706 sola
3147 3652 3362 3722 reperiri
3381 3652 3505 3722 jus-

1905 3721 2066 3775 titiam
2085 3765 2098 3787 ,
2133 3721 2399 3788 malebat,
2436 3721 2499 3775 In
2526 3723 2728 3777 homine
2753 3724 2863 3778 solo
2891 3723 3142 3792 reperitur
3157 3721 3383 3793 justitia.
3408 3721 3508 3776 lm-

1903 3795 2074 3864 pressi
2101 3795 2219 3848 libri
2247 3793 2356 3849 fere
2387 3808 2576 3849 omnes
2607 3795 2807 3850 habent
2827 3835 2842 3859 ,
2877 3795 3005 3848 Cum
3034 3794 3315 3847 divinitatis
3345 3794 3502 3846 intel-

1905 3869 2061 3920 lectus
2083 3908 2097 3931 ,
2124 3882 2224 3937 quo
2252 3865 2539 3932 di/Terimus
2566 3883 2598 3918 a
2629 3867 2810 3920 belluis
2830 3907 2845 3930 ,
2883 3866 2937 3919 in
2975 3865 3178 3937 homine
3217 3865 3326 3917 solo
3352 3879 3504 3932 repe-

1902 3937 2089 4008 riatur,
2117 3935 2217 4008 qua
2246 3939 2342 3992 nisi
2367 3937 2674 4006 cupiditates
2695 3978 2709 4002 ,
2735 3947 2840 3992 etc.
2873 3952 3033 4006 quam
3059 3935 3343 4008 lectionem
3374 3950 3494 3988 ntu-

1904 4007 2053 4061 tilam
2079 4005 2219 4076 esse,
2243 4025 2341 4064 nec
2361 4007 2497 4063 bene
2523 4023 2644 4062 cum
2670 4005 3040 4076 superioribus
3059 4005 3358 4070 cohaerere,
3381 4020 3501 4059 om-

1903 4093 2032 4140 nes,
2065 4088 2123 4133 ut
2152 4090 2280 4148 puto
2304 4121 2318 4145 ,
2355 4080 2671 4148 intelligunt.
2706 4080 2838 4134 BUN.

1979 4146 2208 4221 Reperiri
2223 4151 2500 4222 justitiam.
2531 4146 2600 4204 ita
2639 4166 2768 4206 mss.
2799 4151 2833 4203 2
2863 4149 3096 4214 Bonon.,
3127 4147 3162 4202 5
3183 4146 3364 4212 Colb.,
3398 4147 3503 4202 Ba-

1903 4219 2008 4274 luz.
2041 4219 2096 4274 In
2123 4219 2243 4275 aliis
2264 4230 2344 4275 est
2365 4222 2667 4288 reperiatur.

1977 4291 2093 4357 Qua
2131 4293 2227 4346 nisi
2262 4293 2584 4360 cupiditates.
2618 4294 2707 4348 Sic
2737 4291 2857 4360 lego
2887 4304 3007 4344 cum
3048 4304 3177 4346 mss.
3211 4289 3245 4343 2
3274 4289 3433 4361 Reg,
3463 4292 3499 4347 3

1901 4361 2165 4423 Colbert.,
2194 4362 2420 4422 Christ.,
2469 4362 2719 4424 Merton.,
2749 4362 2918 4428 Lips.,
2954 4361 3116 4428 Ultr.,
3149 4363 3292 4426 Em.,
3326 4362 3496 4417 Bruti.

1902 4441 1954 4486 et
1984 4433 2070 4504 ed.
2105 4433 2350 4495 Fasitel.,
2380 4432 2542 4487 Basil.
2579 4433 2722 4504 1532
2747 4473 2760 4497 ,
2789 4433 2978 4503 Egnat.
3013 4434 3123 4498 AL,
3157 4434 3299 4504 quia.

1975 4501 2242 4574 Impieque
2292 4505 2530 4558 vivemus.
2580 4503 2653 4558 lta
2686 4501 2874 4559 omnes
2919 4520 3050 4559 mss.
3101 4501 3312 4560 et'vet.
3363 4503 3496 4559 edd.

1901 4574 2060 4656 Rom.
2089 4592 2198 4630 non
2241 4585 2297 4630 ut
2338 4576 2389 4630 in
2423 4575 2584 4631 editis
2614 4577 2913 4630 viveremus.
2944 4575 3075 4630 Nam
3108 4575 3318 4631 dixerat
3348 4592 3496 4630 coer-

1899 4657 2078 4701 cuertt.

1972 4717 2149 4773 Actus.
2183 4719 2285 4774 Pro
2316 4721 2514 4773 actione
2540 4719 2700 4775 etiam
2731 4717 2865 4774 infra
2892 4733 3012 4790 cap.
3048 4719 3134 4785 17,
3161 4719 3485 4790 singulorum

1899 4800 2042 4844 actus
2073 4792 2446 4845 animadvertit.

1974 4862 2240 4933 lieligione
2263 4863 2568 4932 justitiaque
2597 4862 2846 4915 detracta.
2881 4861 3007 4933 lltec
3037 4861 3238 4915 locutio
3264 4859 3496 4933 Laclan-

1903 4933 1958 4985 tii
1987 4943 2070 4987 est
2091 4931 2107 4995 ζ
2132 4931 2383 5002 illamque
2415 4935 2465 4986 in
2495 4933 2610 5002 ejus
2650 4934 2864 5001 scriptis
2890 4932 3200 5000 frequenter
3229 4931 3489 5000 reperies.

1903 5004 1958 5058 ln
1985 5004 2020 5056 9.
2048 5020 2178 5058 mss.
2210 5006 2413 5057 Bonon.
2438 5014 2491 5058 ct
2520 5005 2552 5058 5
2578 5004 2698 5058 aliis
2726 5019 2834 5057 rec.
2863 5012 2945 5056 est
2971 5003 3228 5058 detractis.

1976 5073 2324 5128 Devalvimur.
2356 5075 2434 5129 Ex
2461 5076 2709 5129 omnibus
2740 5090 2870 5129 mss.
2905 5083 2958 5128 et
2983 5073 3207 5142 vulgatis
3233 5070 3394 5124 editis
3418 5071 3487 5124 ita

1902 5149 2143 5208 restitui,
2175 5147 2316 5216 quod
2347 5146 2563 5199 latinius
2592 5156 2647 5200 et
2675 5145 2958 5200 rotundius
2983 5155 3066 5197 est
3087 5185 3100 5209 ,
3143 5157 3302 5213 quam
3337 5143 3496 5194 volvi-

1902 5235 2038 5282 mur,
2071 5227 2127 5272 ut
2154 5219 2204 5271 itt
2233 5217 2475 5287 pluribus
2500 5216 2676 5272 editis.

1977 5281 2193 5360 Dempta
2221 5281 2355 5342 metu.
2397 5288 2459 5341 de
2489 5289 2768 5358 superiore.
2801 5285 2891 5360 Sic
2929 5281 3292 5360 lcgiturﬁapttd
3322 5281 3495 5336 Bunc—

1903 5375 2048 5414 man.
2079 5352 2167 5429 q'ui
2201 5369 2380 5414 nolam
2412 5352 2721 5427 sequentem
2751 5357 3082 5429 exltibct_;-_-—
3105 5352 3324 5422 Dempta
3360 5363 3495 5407 metu

1904 5432 1967 5484 de
2005 5426 2283 5499 superiore.
2338 5426 2583 5499 Plerique
2627 5429 2812 5497 scripti
2857 5444 2867 5478 :
2914 5426 3041 5499 editi
3089 5439 3218 5499 vero
3263 5440 3490 5489 omnes,

1903 5512 2039 5555 metu
2069 5493 2360 5571 superiore.
2411 5493 2828 5571 Ita'Cypriat'tus
2867 5497 3031 5571 epist.
3054 5493 3120 5547 ad
3163 5495 3426 5571 Donatum
3477 5513 3488 5548 :

1903 5573 2074 5626 nullus
2102 5563 2164 5624 de
2188 5573 2383 5641 legibus
2415 5563 2592 5624 metus
2615 5563 2731 5629 est;
2756 5569 2838 5641 de
2873 5567 3141 5641 gua'sitore
3161 5605 3175 5631 ,
3209 5563 3276 5618 de
3315 5565 3496 5635 judice

1905 5659 2070 5712 pavor
2101 5633 2297 5698 nulluvs.
2333 5641 2497 5698 Silius
2517 5641 2679 5696 Italus
2700 5680 2714 5704 ,
2749 5638 2810 5690 l7
2832 5676 2847 5700 ,
2872 5633 3015 5689 394:

2401 5721 2570 5769 δείκνυε
2591 5727 2764 5777 magno
2784 5713 2847 5761 de
2864 5713 3055 5761 nomine
3082 5716 3290 5831 terrori;

3296 5794 3381 5834 UN.
3451 5812 3456 5816 -

1984 5855 2085 5910 Per
2111 5870 2278 5924 quem.
2311 5851 2508 5920 Lond.,
2543 5850 2698 5918 Reg,
2735 5845 2880 5916 Lips.
2928 5844 2989 5911 Ξ,
3036 5851 3086 5899 et
3114 5844 3371 5918 Reimm.,
3420 5867 3508 5922 per
