4034 6354
183 331 293 397 ιη

1526 330 1730 393 uasa
1771 329 1858 394 Ds
1895 329 2012 393 tua
2055 331 2189 393 DEI.

3399 336 3505 400 118

260 448 430 510 Astra
457 450 629 509 etiam
671 459 892 519 caetera,
935 450 1021 509 vel
1068 456 1228 516 ortu.
1277 447 1365 506 vel
1416 461 1610 507 occasu
1659 463 1794 522 suo,
1820 447 1877 515 Α,
1900 457 1956 507 et
1994 450 2268 522 copiarum
2334 451 2661 513 abundantia
2712 454 2989 523 hominum
3020 454 3185 513 vitam
3233 455 3505 515 instruere

181 542 360 600 cortis
398 543 739 601 stationibus
785 541 1211 616 opportunitates
1257 549 1557 614 temporum
1590 540 1797 599 submi-

181 636 448 693 nistrant.
478 635 589 693 Sed
620 647 677 693 et
704 638 961 708 navigiis,
990 635 1278 707 quominus
1302 633 1609 691 errabundo
1635 647 1798 691 cursu

184 743 293 802 per
321 730 654 786 immensum
686 737 965 800 vagentur,
998 726 1236 799 regimen
1266 725 1527 797 praebent,
1579 741 1703 783 cum
1731 740 1797 783 ea

180 823 297 880 rise
316 823 655 895 gubernator
684 825 1013 889 observans,
1045 820 1114 877 ad
1144 829 1361 892 portum
1409 819 1663 877 destinati
1709 820 1796 876 lit-

182 920 327 978 toris
398 918 753 990 pervebatur.
827 919 1122 974 Ventorum
1192 916 1385 988 spiritu
1452 914 1796 972 attrahuntur

185 1012 401 1080 nubes,
438 1021 500 1068 ut
528 1022 646 1067 sata
679 1010 944 1067 imbribus
970 1010 1279 1080 irrigentur,
1302 1018 1363 1065 ut
1381 1008 1519 1065 vites
1553 1007 1788 1076 ﬂetibus,

183 1105 414 1162 arbusta
444 1104 627 1175 pomis
656 1103 980 1159 exuberent.
1017 1103 1085 1158 Et
1108 1101 1225 1158 huic
1254 1117 1350 1171 per
1379 1101 1565 1157 orbem
1588 1099 1796 1156 vicibus

184 1197 542 1264 exhibentur,
572 1212 642 1253 ne
670 1195 814 1252 desit
843 1193 1137 1266 aliquando
1157 1235 1173 1260 ,
1222 1210 1348 1264 qu0~
1374 1194 1484 1249 vita
1513 1193 1793 1249 hominum

185 1291 544 1349 sustineatur.
577 1294 647 1345 At
671 1289 817 1346 enim
845 1295 1071 1344 caeteras
1096 1288 1399 1343 animantes
1427 1286 1616 1343 eadem
1649 1295 1790 1341 terra

183 1383 395 1451 nutrit,
424 1390 481 1438 et
507 1380 753 1452 ejusdem
780 1379 914 1436 fietu
937 1378 1098 1435 etiam
1130 1389 1274 1434 muta
1305 1390 1614 1448 pascuntur.
1650 1377 1785 1433 Num

184 1474 354 1531 etiam
378 1481 652 1530 mutorum
680 1486 842 1528 causa
868 1472 1009 1527 Deus
1038 1470 1340 1525 laboravit?
1369 1469 1585 1525 Minime
1607 1511 1623 1536 ,
1664 1470 1788 1540 quia

185 1575 321 1623 sunt
362 1566 587 1622 rationis
631 1564 894 1634 expertia.
947 1563 1053 1619 Sed
1114 1563 1462 1634 intelligimus
1491 1606 1506 1630 ,
1557 1572 1612 1619 et
1669 1562 1789 1634 ipsa

187 1658 386 1716 eodem
423 1657 585 1714 modo
614 1658 665 1713 in
697 1672 851 1713 usum
883 1655 1121 1710 hominis
1158 1671 1187 1709 a
1218 1655 1329 1710 Deo
1379 1653 1538 1720 facta,
1596 1655 1787 1725 partim

192 1750 267 1807 ad
292 1752 482 1819 cibos,
532 1752 724 1822 partim
776 1750 846 1806 ad
894 1751 1186 1815 vestitum,
1244 1748 1436 1819 partim
1489 1748 1556 1804 ad
1604 1748 1786 1820 aperis

1900 552 2061 617 atque
2092 557 2290 601 ornare
2316 545 2572 616 voluisse,
2604 546 2674 605 ob
2704 562 2932 621 eamque
2963 562 3203 617 causam,
3236 556 3289 603 et
3315 563 3503 619 aerem

1902 630 2237 703 volucribus,
2281 647 2336 693 et
2362 653 2513 696 mare
2561 640 2819 711 piscibus,
2867 649 2922 695 et
2965 650 3161 697 terram
3194 639 3504 713 qttadtttpe-

1906 727 2065 787 dibus
2093 730 2356 803 implevit.
2386 731 2493 787 Sed
2519 730 2828 790 Academici
2852 742 3035 789 contra
3073 734 3283 791 Stoicos
3324 732 3503 789 disse-

1900 835 2081 884 rentes
2108 828 2288 886 solent
2316 843 2585 900 quaerere,
2616 843 2733 896 cur,
2763 830 2809 885 si
2838 829 2983 886 Deus
3006 829 3187 886 omnia
3219 828 3503 885 hominum

1900 933 2065 975 causa
2092 917 2302 987 fecerit,
2335 919 2500 976 etiam
2523 919 2688 975 multa
2717 921 3010 987 contraria,
3061 930 3115 977 et
3137 921 3354 995 inimica
3378 963 3395 991 ,
3446 931 3505 989 et

1904 1009 2153 1082 pestifera
2185 1010 2344 1067 nobis
2372 1011 2733 1083 reperiantur,
2782 1020 2890 1066 tam
2932 1012 2983 1066 in
3028 1012 3199 1079 mari,
3249 1027 3410 1083 quam
3444 1012 3501 1079 in
3599 1037 3613 1054 ο

1895 1113 2059 1161 terra.
2088 1104 2242 1175 Quod
2268 1104 2437 1162 Stoici
2463 1105 2743 1161 veritatem
2784 1120 2891 1160 non
2937 1104 3297 1176 respicientes
3346 1106 3504 1176 inept-

1898 1198 2103 1255 tissime
2130 1198 2467 1269 repulerunt.
2501 1198 2667 1254 Aiunt
2712 1197 2855 1253 enim
2884 1240 2899 1265 ,
2950 1197 3117 1253 multa
3153 1211 3276 1253 esse
3326 1198 3378 1252 in
3416 1196 3503 1269 gi-

1893 1290 2200 1361 gnentibus,
2237 1299 2291 1347 et
2319 1292 2371 1346 in
2402 1306 2625 1347 numero
2651 1289 2960 1345 animalium
2985 1331 2999 1355 ,
3051 1304 3278 1360 quorum
3320 1288 3503 1345 adhuc

1894 1381 2056 1439 lateat
2083 1383 2285 1439 utilitas
2314 1403 2326 1439 :
2352 1383 2445 1439 sed
2475 1399 2593 1438 eam
2619 1397 2874 1455 processu
2906 1391 3208 1456 temporum
3242 1381 3502 1448 inveniri;

1895 1476 2033 1533 sicut
2055 1476 2168 1547 jam
2190 1476 2344 1548 plura
2373 1476 2646 1547 prioribus
2669 1474 2881 1531 sarculis
2906 1474 3175 1546 incognita
3201 1472 3503 1531 necessitas

1894 1577 1949 1624 et
1979 1584 2108 1624 usus
2129 1568 2419 1626 invenerit.
2451 1569 2582 1638 Qua:
2613 1567 2830 1624 tandem
2860 1567 3060 1624 utilitas
3090 1575 3265 1638 potest
3294 1567 3345 1621 in
3374 1582 3500 1622 mu-

1891 1662 2062 1732 ribus,
2107 1664 2159 1718 in
2186 1664 2392 1730 blattis,
2431 1666 2482 1719 in
2526 1664 2872 1733 serpentibus
2916 1663 3177 1734 reperiri,
3219 1673 3348 1735 qua:
3393 1660 3501 1717 ho-

1892 1759 2020 1814 mini
2052 1760 2278 1815 molesta
2321 1770 2377 1816 et
2426 1761 2722 1830 perniciosa
2782 1758 2940 1815 sunt?
2987 1758 3070 1813 An
3115 1757 3386 1814 medicina
3439 1756 3495 1823 in

195 1846 433 1913 auxilia;
467 1856 525 1901 ut
545 1845 746 1901 clarum
774 1844 864 1912 sit,
897 1843 1136 1900 divinam
1176 1844 1562 1914 providentiam
1599 1859 1780 1901 rerum
1814 1842 1864 1905 B
1890 1852 1972 1908 bis
2004 1854 2180 1925 aliqua
2208 1853 2385 1910 latet?
2416 1854 2549 1923 ρυω
2588 1855 2632 1909 si
2667 1863 2750 1910 est
2779 1896 2795 1922 ,
2829 1851 3138 1910 invenietur
3181 1849 3500 1923 aliquando,

1507 1960 1867 2022 VARIORUM
1894 1956 2126 2024 ΝΟΤᾹΣ.

265 2101 428 2157 Certis
454 2100 779 2167 stationibus.
810 2099 959 2155 Nihil
987 2099 1322 2157 mutandum.
1353 2098 1527 2154 Certae
1557 2100 1795 2157 stationes

192 2183 322 2229 sunt
361 2171 621 2229 siderum.
652 2171 787 2228 Vide
828 2171 1023 2228 Senec.
1079 2170 1280 2238 Quaest.
1329 2169 1450 2224 Nat.
1481 2212 1496 2236 ,
1548 2170 1642 2226 lib.
1696 2188 1793 2239 vn,

194 2258 316 2315 cap.
354 2242 448 2315 25,
473 2253 528 2300 et
564 2243 722 2298 Plinii
753 2243 844 2299 lib.
882 2259 917 2298 ll
949 2244 1083 2297 Hist.
1110 2242 1255 2307 Nat.,
1284 2256 1402 2311 cap.
1428 2243 1517 2307 15,
1541 2252 1674 2297 sect.
1706 2243 1791 2312 12,

202 2326 348 2368 extr.
1552 2312 1684 2368 BU‘N.

202 2326 348 2372 estr.
1552 2326 1684 2368 HUN.

272 2385 579 2459 Temporum
607 2386 1009 2440 subministrant.
1045 2384 1140 2440 Ms.
1183 2382 1347 2441 Cauc.
1397 2393 1450 2439 et
1482 2384 1678 2459 Tcdit.
1714 2387 1795 2442 in-

198 2455 486 2527 tersemint.
516 2459 685 2527 plane.
1434 2525 1451 2527 Α
1464 2525 1479 2527 _
1553 2455 1681 2511 ch.

269 2526 353 2585 Ea
377 2525 566 2585 rite...
600 2530 885 2583 observans.
930 2527 1146 2583 Curtius
1179 2542 1277 2592 vn,
1313 2528 1348 2582 4
1378 2546 1391 2582 :
1425 2525 1794 2598 Navigantium

195 2600 347 2661 modo
373 2610 525 2655 noctu
571 2602 740 2654 sidera
774 2599 1067 2664 observant,
1102 2600 1169 2654 ad
1204 2614 1421 2669 quorum
1450 2616 1654 2654 cursum
1699 2601 1793 2656 iter

196 2671 447 2742 dirigunt.
481 2670 629 2726 Lact.
678 2672 769 2725 lib.
801 2686 876 2736 γι,
918 2686 1037 2740 cap.
1066 2671 1137 2726 8:
1179 2670 1399 2742 Naves,
1434 2671 1535 2725 nisi
1581 2672 1792 2741 aliquod

196 2741 395 2799 caeleste
427 2744 599 2809 lumen
654 2743 945 2808 observent,
997 2742 1197 2799 incertis
1242 2741 1476 2803 cursibus
1520 2752 1787 2867 vggantur.

1593 2830 1683 2867 υιε.

1593 2830 1683 2869 υιε.

266 2885 606 2943 Parve/ratur.
642 2887 729 2941 Sic
783 2886 992 2941 restitui
1026 2900 1092 2940 ex
1144 2884 1394 2942 omnibus
1447 2899 1612 2952 prope
1656 2900 1785 2941 mss.

194 2968 246 3014 et
274 2958 308 3014 5
338 2970 453 3014 vet.
485 2958 660 3013 editis.
702 2957 757 3012 ln
802 2957 838 3010 9.
886 2957 1013 3027 Reg.
1047 2972 1182 3020 rec.,
1242 2956 1402 3009 Cane.
1459 2955 1789 3024 totidemque

193 3030 413 3089 excusis
453 3039 543 3100 est
579 3030 920 3100 provehatur;
963 3031 1014 3085 in
1060 3028 1094 3082 ὅ
1128 3027 1383 3100 vulgatis,
1419 3027 1790 3100 provehamur;

195 3100 249 3157 in
316 3098 640 3168 quihusdam
716 3100 910 3167 editis,
984 3099 1345 3168 provehantur,
1415 3108 1550 3152 teste
1622 3098 1794 3165 lsaeo,

194 3144 640 3240 ἕξεσιᾈῦὲὶῗῖἱῖ
686 3144 910 3242 έξιίεῖῖ
960 3144 1385 3235 ὧίέίὲῗἿὲξέ,
1416 3144 1752 3239 ἘΠὴὲιῇῐῖ
1777 3144 1794 3237 ζ
1822 3144 1868 3207 C

195 3245 460 3314 provehat.

272 3314 554 3379 Ventorum
576 3316 761 3386 spiritu
790 3311 1314 3386 attrahunturnubes.
1348 3310 1409 3386 [_..
1438 3325 1510 3367 vn
1534 3310 1791 3386 instituit.,

191 3398 310 3456 cap.
336 3389 371 3444 6
406 3406 416 3438 :
442 3388 548 3443 Cur
567 3382 827 3443 ventorum
852 3387 1062 3456 spiritus
1084 3385 1256 3441 cittent
1282 3382 1486 3456 nubes._
1554 3385 1684 3456 tium.
1776 3412 1783 3420 -

272 3456 417 3515 Vites
447 3459 667 3533 fletibus.
702 3453 1004 3533 _Eminat_m.
1053 3456 1186 3510 Vites
1216 3455 1348 3533 ulvis,
1378 3453 1787 3533 sapitglossam.

192 3523 636 3586 Fructus'etiam
687 3531 837 3598 {cetus
907 3527 1176 3584 dicuntur.
1239 3523 1551 3597 Cyprianus
1605 3536 1792 3580 contra

195 3599 629 3670 Demetrianum,
680 3600 915 3655 Arboreis
955 3598 1180 3670 funibus
1223 3607 1472 3670 nutunutu
1530 3598 1746 3670 fecunda
1775 3638 1790 3661 ,

194 3670 435 3727 imitatur
488 3666 693 3742 Virgilii
742 3670 837 3726 lib.
879 3688 892 3725 I
936 3666 1133 3740 Georg.
1182 3668 1251 3725 55
1296 3686 1309 3722 ;
1361 3666 1790 3794 Αγὸονεὲυῖωηιε.

1627 3756 1679 3793 iv.

1594 3755 1679 3794 [ΙΝ.

265 3813 491 3872 Arbusta
518 3814 681 3883 pomis
728 3814 1017 3875 exuberent.
1058 3811 1310 3885 Cyprian.
1365 3810 1501 3869 Bon.
1547 3810 1786 3885 Patient.

196 3881 495 3947 Exuberare
516 3881 677 3955 pomis
696 3887 923 3953 arbusta.
1104 3881 1118 3885 ⁷
1143 3881 1152 3883 Ὗ
1392 3954 1395 3955 ν
1508 3952 1529 3955 _
1546 3882 1678 3937 BUN.

266 3955 371 4011 Per
406 3952 580 4015 orbem
627 3952 836 4011 vicibus.
866 3956 934 4013 Ut
979 3956 1071 4011 lib.
1123 3972 1180 4024 tt,
1229 3969 1349 4024 cap.
1380 3954 1413 4010 9
1445 3970 1459 4008 :
1493 3952 1621 4018 Qua:
1645 3954 1789 4009 orbes

198 4037 490 4101 temporum
519 4039 785 4101 perpetuos
811 4045 871 4081 ac
896 4028 1162 4101 volubiles,
1188 4042 1313 4101 quos
1339 4041 1575 4101 vocamus
1605 4042 1787 4101 annos,

198 4096 392 4169 alterna
421 4096 667 4173 pernicies
690 4101 1006 4173 successione
1031 4098 1330 4173 conﬁciant.
1367 4096 1585 4173 Tacitus
1618 4096 1709 4173 lib.
1755 4098 1789 4151 5

199 4166 364 4241 Anth,
393 4166 516 4243 cap.
544 4169 616 4227 55
640 4186 655 4224 :
680 4168 798 4224 Nisi
826 4173 954 4243 forte
980 4170 1127 4243 rebus
1163 4169 1357 4223 cunctis
1398 4169 1553 4243 inest_
1580 4166 1791 4243 quidam

199 4239 356 4302 velut
381 4239 562 4308 orbis,
617 4251 673 4295 ut
715 4239 1142 4313 quenwdniodum
1179 4250 1463 4310 temporum
1507 4239 1673 4313 vices,
1717 4239 1790 4293 ita

199 4334 393 4372 morum
416 4322 691 4371 vertantur.
727 4309 736 4313 ⁷
1282 4309 1287 4310 ⁷
1546 4309 1679 4365 ΒυΝ.

272 4388 415 4442 Num
461 4386 615 4440 etiam
656 4393 911 4438 mutorum
963 4398 1138 4437 causa.
1187 4380 1299 4435 lmo
1356 4382 1570 4435 illorum
1626 4395 1789 4436 causa

204 4457 342 4515 Deus
366 4457 649 4524 laboravit,
678 4456 775 4511 sed
805 4463 1007 4510 tantum
1036 4452 1377 4519 secundariu,
1410 4451 1641 4505 hominis
1660 4467 1789 4508 vero

265 4530 474 4586 lmario.

202 4544 514 4657 "matiam
534 4600 770 4656 hominis.
816 4596 891 4654 ita
935 4613 1064 4653 mss.
1116 4611 1304 4652 omnes
1347 4604 1541 4666 praeter
1584 4594 1619 4651 3
1644 4596 1775 4669 Reg.

202 4685 306 4728 rec.
342 4673 435 4744 qui
462 4673 694 4744 habent,
713 4670 795 4744 ad
822 4687 989 4724 usum.

270 4738 641 4800 Ad'vestitum.
669 4742 760 4799 Sic
786 4758 815 4796 a
859 4758 944 4797 me
970 4740 1274 4795 restitutum
1314 4754 1382 4795 ex
1422 4738 1456 4794 6
1487 4747 1599 4794 vet.
1648 4738 1781 4794 edit.

202 4817 508 4887 cunctisque
530 4830 659 4887 mss.
685 4822 878 4887 praeter
918 4814 942 4867 al
970 4813 1101 4881 llcg.
1126 4824 1245 4866 rec:
1264 4812 1316 4865 in
1334 4826 1438 4881 quo
1456 4819 1536 4865 est
1554 4812 1780 4877 vestium,

203 4894 261 4941 ut
286 4887 337 4941 in
366 4888 578 4944 caeteris
605 4886 901 4955 impressis.

287 4958 367 5011 Ad
428 4960 594 5025 aperis
656 4952 871 5011 auxilia.
940 4953 1049 5011 κατ’
1098 4953 1382 5026 ἐξοχὴνᾷῐιἒ
1438 4953 1471 5007 1.
1524 4952 1787 5023 signiﬁcat

203 5042 329 5099 opus
368 5024 648 5096 rusticum,
702 5027 1131 5099 agriculturam,
1163 5024 1510 5099 quoddocct
1548 5026 1786 5099 maxime

201 5096 348 5155 Lact.
379 5100 471 5156 lib.
505 5117 562 5166 ll,
587 5114 707 5170 cap.
734 5096 821 5155 ῙΟ.
850 5097 917 5153 Ut
941 5098 1183 5152 animalia
1218 5097 1335 5170 usui
1366 5096 1652 5170 hominibus
1680 5111 1785 5149 esse

205 5182 424 5241 possent,
456 5173 581 5227 alia.
606 5210 620 5225 .
644 5168 666 5224 .“
688 5172 755 5224 ad
781 5171 943 5231 cibos,
975 5172 1079 5224 alia
1103 5185 1225 5241 vero
1246 5168 1310 5220 ad
1343 5168 1591 5241 vestitum
1626 5184 1639 5219 ε
1674 5182 1787 5236 qua:

202 5252 366 5317 autem
390 5237 691 5317 magnarum
722 5252 839 5297 sunt
883 5240 1086 5309 virium,
1116 5250 1171 5294 ut
1210 5240 1263 5293 in
1302 5237 1595 5317 excolenda
1646 5246 1784 5292 terra

203 5313 448 5377 iuvarent.
474 5309 496 5317 ⁷
1509 5309 1642 5363 Βυλι.

284 5384 448 5439 Vitam
466 5387 710 5440 instruere
735 5392 882 5452 atque
916 5398 1115 5437 ornare.
1142 5381 1239 5437 llic
1268 5378 1412 5436 refer
1433 5379 1692 5452 Senecam
1718 5377 1785 5433 ad

205 5450 486 5521 Marciam,
538 5471 657 5524 cap.
710 5450 1035 5520 18.'Disces,
1093 5453 1390 5520 docebisque
1419 5461 1578 5524 artes,
1621 5451 1783 5513 alias,

205 5540 313 5590 Qui!
350 5526 511 5583 vitam
542 5522 833 5589 iuistruant,
876 5526 1034 5587 alios,
1064 5542 1178 5595 qua:
1206 5533 1429 5590 ornent,
1472 5522 1627 5587 alias,
1671 5538 1787 5593 qua:

205 5606 403 5647 recent.
1509 5593 1642 5647 BUN.

205 5606 403 5665 regant.
1020 5664 1025 5665 γ
1509 5606 1642 5665 non.

279 5663 381 5721 Sed
407 5666 721 5732 Academici,
750 5674 852 5721 etc.
903 5665 979 5720 De
1016 5664 1117 5719 hoc
1139 5680 1202 5719 ex
1225 5674 1414 5733 quarto
1442 5663 1787 5719 Academicu-

210 5749 323 5793 rum
370 5735 644 5793 Ciceronis
687 5751 845 5806 supra
895 5736 989 5806 lib.
1018 5752 1111 5800 vn,
1155 5750 1275 5806 cap.
1322 5737 1376 5801 4,
1424 5735 1632 5793 dictum
1678 5743 1779 5806 est.

210 5808 533 5875 Augustinus
554 5816 738 5863 contra
752 5802 1083 5862 Manichmos
1111 5806 1160 5858 in
1188 5802 1325 5866 Gen.
1355 5807 1447 5861 lib.
1479 5822 1517 5871 1,
1547 5820 1665 5873 cap.
1694 5805 1781 5870 l6,

212 5874 496 5947 respondet
548 5878 651 5932 illis
706 5877 1008 5933 hominibus
1060 5874 1233 5951 cidem
1284 5877 1450 5931 errori
1501 5875 1779 5944 obnoxiis,

1898 2105 2186 2160 animantia
2214 2106 2393 2159 omnia
2424 2112 2516 2159 aut
2537 2104 2683 2159 ntilla
2711 2119 2855 2169 esse,
2889 2115 2979 2158 aut
3009 2103 3313 2173 perniciosa
3340 2146 3352 2164 .
3400 2112 3498 2161 aut

1898 2178 2120 2232 omnino
2148 2178 2352 2233 inutilia
2373 2190 2426 2232 et
2447 2177 2675 2245 abiecta.
2705 2176 2778 2231 De
2802 2176 3019 2231 utilibus
3042 2183 3187 2231 certa
3217 2175 3354 2230 ratio
3384 2184 3501 2241 est;

1900 2249 2195 2318 perniciosa
2245 2264 2344 2304 nos
2389 2259 2605 2319 prepter
2653 2258 2867 2317 peccata
2906 2255 3182 2319 exercent.
3214 2246 3499 2319 Esemplis

1899 2315 1999 2374 nec
2029 2331 2207 2376 nostra
2246 2315 2700 2389 teinpora‘carent
2721 2361 2736 2384 ,
2784 2332 2883 2374 nec
2914 2315 3245 2389 Testamenti
3275 2316 3494 2389 Veteris

1899 2391 2059 2457 libri;
2090 2400 2145 2446 et
2196 2392 2246 2446 in
2300 2387 2372 2447 iis
2403 2407 2522 2461 quze
2575 2391 2824 2444 videntur
2879 2389 3035 2444 nobis
3078 2387 3147 2443 ab
3191 2388 3338 2444 omni
3384 2402 3494 2461 usu

1898 2461 2069 2516 aliena
2098 2477 2242 2530 esse,
2273 2459 2549 2517 materiam
2580 2462 2732 2515 nobis
2754 2462 3019 2526 existere,
3050 2469 3108 2515 ut
3135 2464 3300 2515 Deum
3326 2459 3493 2530 etiam

1902 2534 1953 2587 in
2000 2529 2342 2589 formicarum
2372 2534 2676 2588 humilitate
2697 2532 2996 2588 laudemus.
3027 2530 3099 2586 Et
3115 2532 3338 2586 omnino
3367 2529 3497 2585 hinc

1897 2604 2122 2675 colligit,
2180 2606 2541 2660 universitatis
2606 2603 2965 2674 integritatem
3015 2601 3141 2675 inde
3196 2601 3486 2675 compleri.

1899 2672 2128 2731 Basilius
2155 2676 2219 2729 ad
2249 2691 2425 2730 mores
2461 2672 2741 2731 transtert.‘
2766 2676 2995 2730 Possunt
3019 2674 3184 2737 enim.
3216 2673 3302 2729 vel
3332 2672 3490 2729 Salo-

1898 2749 2074 2802 monis
2102 2748 2425 2812 testimonio,
2460 2763 2559 2801 nos
2578 2748 2647 2802 ab
2675 2746 2863 2801 inertia
2886 2745 2953 2801 ad
2974 2744 3317 2800 sedulitatem
3339 2745 3490 2799 exci-

1897 2828 2011 2873 tare
2036 2834 2048 2873 :
2073 2834 2374 2887 quanquam
2402 2833 2526 2873 snas
2555 2818 2825 2873 naturales
2854 2817 3079 2872 virtutes
3107 2815 3303 2871 habeat
3325 2813 3492 2870 etiam

1900 2889 2028 2944 illud
2057 2891 2290 2944 animal:
2324 2901 2380 2946 et
2416 2888 2662 2944 Christus
2709 2890 3040 2958 serpentium
3096 2887 3347 2956 exemplo
3393 2900 3491 2943 sa-

1899 2962 2148 3031 pientiam
2182 2961 2334 3016 nobis
2361 2960 2732 3027 commendat,
2762 2968 2866 3015 etc.
3015 2958 3337 3031 Bsrunstus.

1970 3031 2036 3087 In
2061 3034 2394 3104 gignentibus,
2428 3042 2474 3086 et
2495 3033 2546 3085 in
2578 3048 2787 3085 numero
2819 3030 3137 3104 animalium.
3171 3029 3373 3085 Omnes
3397 3029 3491 3104 _li-

1903 3103 1981 3158 bri
2031 3100 2284 3159 exhibent
2324 3105 2375 3157 in
2415 3104 2754 3174 gignentibus.
2806 3100 3081 3174 Gignentia
3116 3111 3242 3157 sunt
3291 3102 3487 3174 genita.

1900 3192 2017 3239 qua:
2047 3187 2172 3229 sunt
2198 3170 2433 3239 arbores;
2456 3170 2682 3245 frutices.
2711 3184 2818 3228 etc.
2839 3170 2987 3245 Lact.
3024 3174 3113 3226 lih.
3132 3188 3187 3245 Vi,
3219 3170 3338 3245 cap.
3372 3170 3442 3245 12
3461 3186 3484 3228 :

1902 3245 1964 3298 In
1994 3263 2091 3314 quo
2122 3246 2295 3317 (Sole)
2339 3256 2411 3299 est
2438 3243 2620 3300 natura
2647 3253 2875 3317 etcausa
2916 3244 3249 3315 gignentium.
3279 3243 3489 3299 Eodem

1897 3310 2058 3438 fetisu
2076 3310 2216 3441 ἕὶκίι
2240 3310 2305 3371 de
2338 3316 2439 3383 Ira,
2471 3332 2519 3373 c.
2558 3316 2642 3372 10.
2676 3310 2896 3371 Arbores
2916 3310 2987 3369 ἐἰ
3010 3329 3127 3383 qua
3150 3317 3432 3387 gignuntur
3454 3329 3489 3371 ο

1919 3404 2048 3439 crra.
2119 3404 2204 3441 nx.

1897 3396 2048 3439 terra.
2078 3396 2204 3442 BUN.

1971 3461 2197 3525 Quorum
2240 3461 2411 3513 adhuc
2442 3460 2595 3513 lateat
2634 3457 2849 3513 utilitas.
2899 3458 3058 3513 Deest
3093 3456 3261 3511 adhuc
3310 3457 3362 3511 in
3416 3456 3489 3512 l3

1895 3544 2025 3584 mss.
2071 3541 2123 3585 et
2180 3530 2242 3584 l2
2272 3530 2489 3585 edd.—
2529 3530 2756 3596 Quorum
2799 3528 2969 3583 adhuc
3023 3530 3197 3583 lateat.
3232 3527 3488 3583 Teatatut‘

1895 3599 2059 3655 [smus
2108 3603 2158 3655 in
2197 3602 2382 3662 variis.
2436 3602 2618 3656 haberi
2669 3600 2912 3655 voculam
2962 3600 3131 3654 adhuc
3176 3598 3229 3654 in
3271 3598 3482 3655 Bonan.

1896 3671 2036 3727 unde
2059 3673 2145 3729 illa
2171 3690 2200 3728 a
2220 3674 2529 3737 Thomasio,
2552 3672 2706 3735 Isaeo,
2729 3671 2923 3743 Thys,
2947 3672 3113 3735 Gall.,
3137 3668 3368 3743 Sparkio
3388 3669 3487 3743 ad-

1896 3745 2079 3811 missa,
2108 3761 2138 3799 a
2168 3744 2398 3800 Cellario
2422 3758 2477 3800 et
2498 3744 2722 3815 reliquis
2742 3741 2847 3797 non
2870 3742 3098 3868 debeant
3130 3743 3199 3795 ita
3229 3741 3481 3796 fastidiri.

3034 3828 3264 3868 unsuan.

3034 3828 3264 3869 υΝειιΑΝ.

1964 3886 2032 3941 In
2062 3888 2305 3941 muribus.
2335 3886 2520 3956 Neque
2551 3885 2654 3941 hoc
2682 3884 3064 3940 animalculnm
3103 3895 3213 3956 tam
3245 3882 3350 3937 vile
3370 3891 3480 3950 est,

1892 3960 2019 4025 quin
2051 3960 2309 4013 celebrari
2338 3955 2499 4013 etiam
2530 3956 2597 4012 ab
2623 3958 2841 4027 optimis
2868 3955 3219 4027 scriptoribus
3262 3968 3480 4027 merue-

1892 4024 1980 4085 rit.
2012 4030 2262 4085 Ducentis
2292 4028 2524 4084 nummis
2557 4029 2607 4081 in
2639 4024 2918 4083 obsidione
2960 4026 3262 4081 Massiliana
3310 4024 3479 4093 venit,

1893 4102 2176 4163 Strabone,
2203 4101 2372 4155 Plinio
2397 4112 2451 4156 et
2478 4098 2688 4153 Valerio
2714 4098 3043 4154 auctoribus.
3072 4097 3127 4151 Id
3150 4096 3312 4150 etiam
3336 4097 3483 4150 acci-

1892 4172 1971 4227 dit
1997 4174 2047 4227 in
2078 4173 2363 4227 Parisiensi
2391 4172 2516 4226 anni
2548 4169 2689 4226 t590
2708 4171 2832 4225 etin
2862 4167 3170 4236 Rupellensi
3190 4164 3314 4220 anni
3338 4164 3478 4223 i628

1892 4243 2280 4311 obsidionibus.
2309 4243 2485 4298 Taceo
2511 4241 2909 4303 salubritatem;
2956 4253 3078 4311 nam
3102 4237 3351 4311 ‘murium
3378 4251 3481 4311 ca-

1895 4314 2062 4382 pitum
2094 4308 2490 4383 caudarumque
2516 4312 2752 4383 cinerem
2780 4311 2949 4366 oculis
2987 4308 3284 4383 claritatem
3317 4308 3479 4383 indu-

1893 4380 2015 4439 cere
2042 4384 2277 4452 tradunt,
2308 4386 2351 4439 si
2384 4380 2450 4438 ex
2480 4382 2642 4437 melle
2668 4382 2971 4452 inungatur.
3005 4380 3189 4435 l’lures
3217 4381 3335 4449 ejus
3358 4380 3477 4435 vir-

1895 4462 2034 4510 tutes
2063 4471 2244 4525 qumre
2266 4454 2403 4525 apud
2431 4453 2681 4519 Plinium,
2711 4469 2832 4507 cum
2863 4453 3006 4525 alibi,
3028 4463 3153 4525 tum
3177 4465 3305 4525 vero
3336 4467 3479 4525 praef

1810 4538 1866 4599 ι)
1892 4528 2047 4596 cipue
2079 4522 2114 4581 Ι.
2146 4542 2269 4582 xxxx
2302 4522 2421 4596 cap.
2456 4533 2519 4599 ti.
2542 4525 2763 4582 Sextum
2795 4539 2931 4599 vero
2951 4522 3353 4599 philosophum,
3380 4522 3479 4594 qui

1890 4595 2109 4653 Adriani
2140 4595 2470 4666 temporibus
2495 4596 2695 4661 ﬂoruit,
2725 4610 2843 4665 cap.
2872 4596 2961 4650 21.
2991 4595 3196 4651 Βετυι..

1958 4669 2164 4726 Btattis.
2198 4669 2345 4724 inter
2373 4669 2574 4723 insecta
2605 4676 2660 4723 et
2695 4667 3016 4723 Aristoteles
3041 4675 3093 4722 et
3124 4666 3263 4720 Plin.
3288 4676 3478 4720 nume-

1886 4752 2027 4797 rant.
2077 4740 2396 4814 Aristoteles
2439 4755 2564 4814 snas
2607 4738 3023 4814 πρασοκουρὶδας
3061 4737 3343 4814 nominat,
3394 4735 3478 4793 sic

1887 4815 2029 4868 cnim
2058 4812 2199 4869 Gaza
2242 4812 2549 4867 transtulit:
2583 4810 2677 4866 sed
2729 4827 2795 4865 ex
2835 4810 3105 4865 scarabeis
3136 4820 3317 4873 natas,
3350 4821 3477 4863 cum

1887 4886 2025 4939 Gaza
2056 4900 2119 4939 ex
2147 4884 2377 4938 alvearis
2407 4883 2553 4938 nasci
2580 4882 2758 4945 dicat;
2809 4880 2951 4935 unde
2985 4881 3135 4935 locus
3179 4878 3308 4934 mihi
3354 4892 3508 4933 δας-δ

1958 4966 2071 5010 ctus
2093 4967 2192 5010 est.
2227 4955 2428 5010 Plinius
2469 4969 2592 5007 snas
2617 4968 2681 5009 ex
2714 4952 2937 5006 humido
2964 4965 3163 5020 vapore
3191 4950 3341 5020 nasci
3370 4949 3467 5003 ait.

1940 5027 2141 5097 irgilins
2182 5029 2232 5079 in
2263 5024 2543 5097 tviCeorg.
2572 5019 3075 5097 ethColumellalib.
3108 5037 3186 5097 ι,Δ
3211 5019 3469 5097 lttcil‘ugas

1887 5091 2287 5168 cognominant.
2320 5096 2450 5149 Nam
2494 5091 2546 5168 et
2580 5094 2787 5168 Plinius
2828 5108 2920 5148 eas
2957 5093 3135 5168 lucent
3161 5091 3473 5168 l‘ttgere_.'ait3

1887 5156 2144 5224 elisarum
2179 5169 2339 5222 vitam
2375 5165 2715 5221 tenebrarum
2743 5165 3011 5218 alumnam
3035 5162 3185 5218 dicit.
3210 5156 3305 5217 Est
3326 5156 3475 5217 aliud

1886 5256 2077 5309 genus,
2106 5240 2247 5309 quod
2277 5238 2449 5312 Grmci
2480 5235 2711 5312 μύλοχοπί
2732 5235 3059 5312 vocant_,__vel
3092 5234 3174 5301 (ut
3206 5232 3329 5312 aliis
3353 5230 3473 5311 pla-

1887 5301 1995 5384 cet)
2023 5301 2217 5384 σῗλῷην,
2248 5301 2879 5384 vermiculout'inl'estum
2917 5304 3065 5384 libris
3095 5312 3150 5356 et
3191 5301 3469 5358 studiosis.

1886 5373 2336 5455 Ad'priu'spgenus
2356 5379 2695 5455 referendam
2713 5373 3216 5455 putamedicinam,
3236 5387 3356 5442 qua:
3382 5388 3471 5455 rc-

1886 5442 2058 5507 fertur
2083 5471 2112 5506 a
2144 5442 2285 5512 Plin.
2322 5451 2420 5506 sub
2449 5450 2608 5504 linem
2633 5442 2740 5510 29',
2776 5446 2861 5501 ubi
2908 5443 2982 5497 ait
3025 5444 3306 5515 quamdam
3350 5442 3472 5515 ejus

1888 5539 2031 5588 esse,
2060 5526 2101 5577 si
2126 5522 2587 5593 caputavcllatur.
2625 5520 2771 5593 Hanc
2814 5516 2955 5569 enim
2984 5513 3165 5593 tritam
3213 5513 3466 5593 unacum
3504 5566 3505 5569 η

1890 5582 2138 5656 rosacen.
2178 5582 2396 5646 auribus
2438 5592 2574 5645 mire
2618 5591 2902 5659 prodesse,
2946 5592 3057 5659 etc._
3085 5583 3232 5659 Ergo
3277 5582 3474 5659 blatta-

1888 5680 2007 5719 rum
2032 5653 2189 5719 etiam
2218 5664 2271 5716 in
2300 5661 2582 5717 medicinis
2606 5653 2835 5713 salubris
2865 5653 3181 5708 mortalibus
3209 5667 3338 5710 usus
3365 5654 3472 5733 ali-

1888 5735 2005 5805 quis
2027 5743 2128 5789 est.
2158 5734 2511 5805 Βιιγωιιιτιιιρξ.Δ
2589 5800 2601 5805 _
2835 5800 2845 5805 _
3035 5800 3044 5805 _

1959 5804 2025 5858 In
2053 5803 2381 5875 serpentibus.
2416 5800 2711 5875 Unicuique
2758 5800 3053 5875 malumne“
3072 5832 3089 5859 ,
3118 5809 3187 5850 cx
3209 5792 3315 5849 illis
3343 5791 3470 5856 theo:

1887 5875 2091 5943 riacon,
2115 5862 2320 5931 homini
2347 5873 2501 5928 valde
2531 5862 2679 5934 utile,
2704 5862 2915 5919 conﬁci.
2938 5862 3107 5923 GALL.
