4034 6354
506 245 614 304 “9

1849 240 2032 298 FIRM.
2076 240 2446 300 LACTANTII

3725 239 3826 299 120

498 375 706 432 nempe
751 359 1014 416 adversus
1061 358 1222 425 mala,
1275 371 1397 413 cum
1441 355 1491 412 id
1535 355 1608 412 illi
1654 367 1951 429 querantur
1978 371 2100 412 csse
2128 365 2182 426 Α
2204 358 2337 414 Nam
2366 360 2410 414 si
2445 357 2644 415 malum
2673 359 2882 415 nullum
2918 360 2991 416 sit
3013 398 3028 425 ,
3062 359 3270 416 nullum
3311 359 3613 431 periculum
3636 404 3654 428 ,
3692 361 3821 418 nihil

505 451 735 508 omnino
779 451 997 506 malum.
1029 449 1280 521 Viperam
1327 449 1508 505 ferunt
1555 463 1800 505 exustam
1853 450 1908 505 in
1958 451 2106 507 ciue-

505 557 736 615 remque
773 543 1065 614 dilapsam,
1097 541 1298 598 mederi
1338 541 1582 611 ejusdem
1631 543 1822 598 bestia:
1875 543 2101 599 morsui.

510 635 729 704 Quanto
759 634 952 690 melius
979 635 1157 689 luerat
1182 648 1302 688 eam
1341 648 1561 704 prorsus
1590 648 1697 689 non
1740 649 1863 690 esse
1884 677 1898 702 ,
1946 650 2105 706 quam

509 731 810 789 remedium
843 741 1024 786 contra
1056 745 1116 786 se
1141 731 1211 785 ab
1240 747 1303 786 ea
1327 732 1436 803 ipsa
1467 731 1809 788 desiderari?
1947 792 1953 796 _

586 826 806 881 Brcrius
834 825 1012 897 igitttr,
1041 839 1106 880 ac
1139 824 1320 882 verius
1362 825 1692 897 respondere
1734 837 2023 898 potuerunt
2054 829 2109 885 in

508 915 654 973 hunc
700 915 936 972 modum.
973 917 1113 973 Deus
1141 931 1262 972 cum
1310 916 1598 974 lormassct
1633 918 1905 975 hominem
1946 920 2111 976 veluti

507 1009 858 1066 simulacrum
883 1025 1066 1075 suum,
1094 1009 1238 1079 quod
1265 1020 1380 1065 erat
1404 1009 1567 1065 divini
1591 1011 1790 1082 opilicii
1819 1027 2111 1080 summum,

511 1101 792 1172 inSpiravit
823 1101 873 1156 ei
904 1101 1225 1172 sapientiam
1249 1103 1372 1168 soli,
1399 1111 1455 1157 ιιι
1475 1103 1654 1158 omnia
1685 1103 1910 1174 imperio
1935 1120 1999 1161 ac
2024 1105 2109 1160 di-

510 1197 646 1253 tioni
696 1212 810 1252 sua:
840 1195 1155 1268 subjugaret
1182 1197 1538 1268 omnibusque
1587 1199 1770 1253 mundi
1816 1198 2117 1256 commodis

512 1299 780 1348 uteretur.
816 1291 1104 1362 Proposuit
1129 1302 1304 1349 tamen
1332 1293 1380 1348 ei
1409 1303 1464 1348 et
1506 1295 1646 1350 bona
1692 1303 1746 1348 et
1787 1294 1959 1360 mala;
1989 1295 2115 1365 quia

509 1383 829 1454 sapientiam
856 1383 1036 1451 dedit;
1072 1384 1227 1454 cujus
1268 1385 1447 1440 omnis
1475 1387 1613 1441 ratio
1655 1387 1709 1441 in
1745 1386 2119 1445 discernendis

512 1475 677 1533 malis
706 1490 771 1531 ac
799 1476 956 1533 bouis
990 1477 1092 1532 sita
1133 1487 1239 1533 est.
1271 1477 1386 1534 Non
1441 1486 1621 1550 potest
1666 1479 1808 1535 enim
1838 1479 2120 1552 quisquam

515 1569 718 1640 eligere
747 1567 969 1628 meliora
1001 1577 1058 1625 et
1101 1569 1243 1626 scire
1287 1570 1414 1642 quid
1442 1571 1644 1627 bonum
1693 1572 1803 1637 sit,
1835 1572 1935 1627 nisi
1984 1571 2122 1627 sciat

514 1661 677 1718 simul
708 1661 935 1732 rejicere
959 1676 1024 1718 ac
1053 1661 1226 1719 vitare
1253 1678 1376 1734 qua:
1403 1663 1542 1718 mala
1574 1673 1719 1718 sunt.
1752 1663 1987 1719 Invicem
2018 1663 2118 1720 sibi

2208 451 2480 524 denique,
2537 452 2683 524 quod
2737 452 2959 510 laedere
3013 453 3289 510 hominem
3337 455 3546 527 possit,
3619 455 3824 511 tollitur

2209 545 2386 600 omnis
2416 545 2635 602 materia
2658 545 2959 617 sapientiae,
2987 560 3088 602 nec
3112 545 3218 603 erit
3244 546 3449 603 homini
3487 548 3821 604 necessaria.

2211 637 2406 694 Positis
2442 637 2588 694 enim
2618 637 2990 694 tantummodo
3036 638 3091 694 in
3137 650 3435 711 conspectu
3478 639 3673 707 bonis,
3701 639 3823 710 quid

2213 747 2348 803 opus
2377 741 2460 787 est
2503 732 2856 803 cogitatione,
2907 731 3208 802 intellectu,
3255 732 3516 798 scientia,
3565 733 3826 790 ratione!

2213 839 2339 881 cum
2382 839 2722 896 quocumque
2759 825 3064 896 porrexerit
3091 840 3346 894 manum,
3388 825 3441 882 id
3473 836 3699 882 natura:
3734 841 3828 898 ap-

2217 927 2330 973 tum
2351 927 2405 972 et
2430 916 2894 973 accommodatum
2922 917 2995 973 sit
3025 935 3040 974 :
3074 927 3131 972 ut
3156 919 3200 973 si
3228 918 3347 989 quis
3370 919 3498 973 velit
3519 920 3828 990 apparatis

2215 1009 2407 1065 simam
2427 1024 2638 1067 contam
2671 1009 2986 1078 infantibus,
3009 1011 3099 1082 qui
3130 1010 3367 1066 nondum
3394 1011 3638 1082 sapiant,
3668 1027 3831 1082 appo-

2219 1119 2371 1171 nere,
2406 1105 2588 1172 utiquc
2619 1103 2670 1158 id
2701 1112 2958 1175 appetent
2987 1105 3208 1176 singuli,
3245 1121 3354 1176 quo
3382 1121 3829 1177 unumquemque

2217 1207 2311 1253 aut
2355 1197 2608 1268 impetus.
2657 1205 2750 1252 aut
2778 1196 2970 1265 fames,
3003 1206 3096 1253 aut
3134 1197 3296 1254 etiam
3325 1213 3483 1254 casus
3509 1200 3827 1265 attraxerit,

2219 1299 2276 1348 et
2294 1289 2552 1362 quidquid
2579 1290 2932 1360 sumpserint,
2963 1291 3014 1344 id
3043 1289 3149 1344 illis
3171 1291 3278 1346 erit
3301 1289 3465 1345 vitale
3490 1305 3558 1346 ac
3583 1289 3828 1347 salubre.

2220 1380 2359 1450 Quid
2386 1380 2543 1452 igitur
2590 1381 2826 1448 nocebit,
2876 1395 2974 1436 eos
3009 1380 3166 1436 sicuti
3209 1388 3367 1446 sunt,
3400 1379 3741 1451 permanere
3784 1393 3832 1436 et

2223 1490 2440 1546 semper
2477 1473 2713 1530 infantes
2756 1489 2822 1530 ac
2869 1474 3083 1530 nescios
3125 1487 3248 1530 esse
3296 1473 3517 1528 rerum?
3545 1474 3607 1529 Si
3652 1484 3828 1529 autem

2224 1568 2525 1625 admisceas
2550 1567 2632 1624 vel
2653 1582 2858 1631 amara,
2881 1566 2968 1623 vel
2988 1566 3217 1632 inutilia,
3245 1567 3332 1622 vel
3354 1569 3520 1624 etiam
3541 1578 3829 1632 venenata,

2223 1658 2570 1730 decipiuntur
2616 1659 2800 1728 utique
2852 1673 2948 1729 per
2994 1657 3348 1729 ignorantiam
3402 1658 3528 1712 boni
3573 1673 3640 1714 ac
3687 1658 3827 1723 ntali,

514 1753 775 1811 alterutra
807 1769 1047 1810 connexa
1076 1763 1237 1821 sunt;
1266 1762 1323 1811 ut
1349 1755 1562 1810 sublato
1586 1755 1874 1824 alterutro,
1910 1764 2117 1811 utrum-
2150 1778 2198 1840 Β
2225 1755 2328 1811 nisi
2355 1755 2576 1811 accedat
2624 1755 2712 1811 his
2739 1754 3027 1824 sapientia,
3056 1769 3152 1825 per
3191 1768 3351 1824 quam
3385 1753 3628 1810 habeant
3660 1754 3826 1809 malo-

517 1859 627 1918 que
648 1846 762 1901 tolli
777 1847 846 1901 sit
865 1861 1108 1904 necesse.
1136 1847 1433 1920 Propositis
1465 1848 1624 1920 igitur
1649 1848 1804 1905 bonis
1831 1848 2116 1920 malisque,

517 1948 632 1994 tum
655 1939 871 1995 demqu
897 1955 1036 2010 opus
1063 1956 1224 1996 suum
1257 1942 1461 2013 peragit
1489 1941 1788 2011 sapientia;
1820 1952 1875 1997 et
1903 1941 2119 2012 quidem

510 2031 716 2088 bonum
759 2031 961 2102 appetit
991 2031 1061 2087 ad
1091 2031 1402 2097 utilitatem,
1436 2031 1636 2086 malum
1681 2031 1857 2101 rejicit
1883 2031 1949 2085 ad
1978 2031 2122 2086 salu-

513 2129 651 2178 tem.
677 2121 817 2192 Ergo
841 2122 982 2178 sicut
1004 2122 1144 2177 bona
1166 2121 1572 2177 innumerabilia
1595 2121 1718 2176 data
1744 2131 1869 2176 sunt
1894 2121 2120 2188 homini,

516 2214 716 2288 quibus
757 2214 859 2270 frui
907 2223 1119 2285 posset;
1171 2215 1250 2270 sic
1299 2217 1458 2270 etiam
1499 2214 1660 2280 mala,
1711 2231 1832 2286 qua:
1882 2223 2120 2270 caveret.

2228 1863 2347 1905 rum
2375 1848 2726 1920 rejectionem
2755 1848 3128 1920 bonorumque
3150 1846 3444 1903 delectum.

2301 2028 2464 2085 Vides
2512 2043 2664 2098 ergo,
2697 2027 2868 2100 magis
2905 2038 3127 2100 propter
3167 2029 3305 2083 mala
3347 2041 3486 2098 opus
3526 2028 3694 2083 nobis
3721 2042 3828 2083 esse

2228 2120 2486 2192 sapientia
2513 2137 2527 2173 :
2555 2137 2676 2192 qua:
2705 2120 2806 2176 nisi
2839 2121 3058 2176 inissent
3090 2121 3386 2191 proposita,
3415 2122 3693 2178 rationale
3716 2123 3820 2176 ani-

2230 2214 2340 2273 mal
2369 2229 2477 2271 non
2507 2229 2774 2270 essemus.
2801 2213 2956 2283 Quod
2987 2215 3030 2268 si
3060 2215 3174 2270 ha-c
3203 2214 3340 2270 ratio
3370 2230 3494 2271 vera
3518 2225 3609 2271 est
3629 2255 3646 2281 ,
3678 2229 3824 2287 quam

1865 2351 2228 2410 VARIORUM
2267 2353 2500 2411 NOTAE.

595 2471 799 2543 Nempe
826 2471 1064 2543 adversus
1094 2472 1262 2535 mala,
1296 2488 1410 2543 cum
1437 2470 1490 2523 id
1531 2468 1608 2523 illi
1632 2477 1929 2543 querantur.
1950 2511 1979 2543 AI
2102 2507 2114 2519 .

522 2538 745 2598 malum.
776 2543 899 2598 llzec
927 2542 1091 2599 verba
1121 2545 1300 2598 omnia
1334 2542 1684 2598 Heumanuus
1724 2540 1889 2608 ejicit.
1939 2538 2119 2593 Cella-

520 2618 637 2671 rius
663 2624 717 2669 et
746 2614 957 2669 Walch.
990 2612 1190 2685 Nempe
1216 2614 1456 2668 adversus
1473 2613 1638 2685 mula,
1667 2627 1878 2685 cumque
1900 2609 1986 2685 illi
1998 2627 2122 2685 que—

524 2696 724 2740 rentur.
757 2686 962 2742 Sensus
985 2681 1200 2740 videtur
1238 2699 1395 2740 esse:
1430 2683 1487 2738 Si
1532 2685 1616 2738 vel
1666 2684 1898 2738 maxime
1941 2681 2118 2750 aliqua

523 2756 796 2832 medicina
827 2757 878 2810 in
909 2758 974 2812 iis
1002 2753 1374 2832 (perniciosis)
1421 2764 1525 2832 est,
1572 2764 1626 2809 et
1656 2753 2122 2832 aliquandoinve-

524 2829 728 2894 nietnr,
761 2843 955 2897 nempe
983 2824 1244 2883 adversus
1271 2824 1407 2882 mala
1439 2827 1564 2897 erit,
1589 2826 1741 2897 etita
1763 2824 2032 2897 medicina
2061 2839 2124 2878 ra:

525 2899 680 2954 malis
706 2895 971 2955 adversus
1000 2899 1174 2963 mala;
1201 2914 1325 2954 cum
1358 2896 1664 2952 Academici
1693 2895 1890 2960 velint,
1922 2895 2124 2949 nullum

521 2971 749 3026 omnino
803 2971 1002 3026 malum
1048 2986 1168 3025 esse
1195 2970 1415 3032 debere,
1456 2984 1525 3024 ne
1569 2966 1832 3022 medicina
1871 2983 1936 3021 ex
1968 2966 2124 3020 malis

524 3019 1040 3114 satiasset}.
1052 3019 1167 3099 ’έίῐῖ
1182 3019 1391 3098 esse;
1401 3019 1685 3106 his.
1702 3019 1896 3092 an...
1926 3019 2128 3092 suun...
2153 3019 2199 3084 C

528 3113 614 3170 sit.

610 3182 851 3254 Viperam
901 3185 1070 3251 {erum
1113 3195 1365 3251 exustam,
1418 3192 1525 3241 etc.
1577 3179 1712 3254 Vide
1737 3180 1997 3254 #Plinium
2031 3180 2128 3254 lib.

526 3269 655 3328 ιιιιξ
676 3252 867 3328 ςΝιιιιιι.
897 3257 1089 3313 histor.
1123 3272 1244 3328 cap.
1274 3257 1330 3312 4.
1360 3255 1624 3312 Galenum
1651 3253 1706 3309 iu
1735 3252 2129 3323 Therapeutica

531 3325 600 3382 ad
628 3327 906 3382 Pisonem.

536 3398 761 3526 l6Quod
796 3408 903 3454 erat
941 3399 1100 3454 divini
1148 3399 1342 3470 apiﬁeii
1365 3413 1640 3453 sumntum.
1684 3394 1856 3451 Abest
1897 3395 2060 3449 divini
2099 3410 2130 3451 a

634 3484 764 3524 mss.

634 3484 764 3524 MSS.

609 3539 678 3594 Et
711 3538 846 3594 bona
869 3549 916 3594 et
942 3542 1079 3595 ntola
1098 3582 1114 3607 ,
1155 3549 1262 3596 etc.
1286 3541 1440 3610 Saepe
1467 3539 1586 3594 hac
1612 3547 1668 3594 et
1686 3536 1879 3610 similia
1898 3536 2134 3610 inculcat

529 3611 847 3668 Lactantius
893 3630 906 3666 ι
959 3613 1158 3667 fallitur
1203 3609 1388 3667 autem
1432 3626 1592 3681 quam
1641 3609 1908 3681 maxime;
1952 3609 2132 3663 omnia

531 3681 678 3740 enim
704 3698 825 3750 quae
857 3683 997 3738 Deus
1023 3685 1247 3746 creavit,
1279 3691 1434 3737 erant
1452 3679 1614 3737 valde
1653 3679 1791 3734 bona
1816 3720 1834 3745 ,
1866 3686 1933 3750 ut
1954 3687 2133 3750 textus

533 3767 691 3808 sacer
724 3749 927 3808 innuit.
973 3755 1028 3810 Si
1080 3753 1239 3823 igitur
1289 3752 1562 3808 nonnulla:
1612 3759 1874 3823 creatura:
1925 3749 2131 3823 homini

533 3824 726 3894 noxias
749 3823 949 3880 habent
976 3819 1282 3894 qualitates,
1314 3840 1419 3878 non
1447 3821 1706 3894 creatoris
1733 3821 1883 3884 vitio,
1910 3819 2006 3894 sed
2036 3819 2132 3874 ho-

533 3893 699 3950 minis
726 3906 946 3963 peccato
977 3891 1377 3965 imputandum;
1419 3893 1550 3965 illud
1581 3893 1729 3965 enim
1772 3899 1944 3965 totum
1989 3891 2133 3965 hunc

534 3965 795 4021 mundum
851 3963 1072 4022 vanitati
1123 3967 1416 4022 obnoxium
1463 3963 1717 4030 reddidit,
1764 3972 1824 4017 ut
1864 3963 2040 4016 innuit
2069 3963 2128 4016 Β.

534 4035 733 4092 Paulus
761 4036 830 4093 ad
851 4037 1126 4095 Romanos
1147 4053 1264 4109 cap.
1301 4053 1416 4092 vui.

610 4109 684 4162 Ac
709 4109 854 4165 bonis
879 4111 977 4166 sita
997 4121 1092 4165 est.
1125 4105 1227 4166 Sic'
1239 4110 1444 4165 restitui
1474 4124 1539 4164 ex
1569 4121 1699 4163 mss.
1723 4105 1973 4160 omnibus
1995 4120 2132 4174 prae-

537 4186 626 4252 ter
646 4181 679 4252 .3
711 4196 819 4236 rec.
855 4181 905 4236 in
931 4183 1130 4252 quibus
1157 4191 1260 4246 est,
1295 4191 1351 4236 ut
1377 4183 1428 4235 itt
1450 4180 1635 4247 editis,
1665 4177 1828 4250 posita
1852 4185 1965 4242 est;
1998 4191 2128 4231 mss.

536 4249 779 4320 quidam,
808 4253 907 4306 sita
935 4249 1018 4307 sit.

608 4319 834 4394 Invicem
858 4324 951 4394 sibi
975 4326 1220 4380 alterutra
1241 4339 1469 4379 connexa
1491 4331 1630 4379 sunt.
1657 4320 1731 4376 lta
1755 4318 1941 4394 lerunt.
1959 4327 2134 4394 veter-

537 4389 825 4467 rimiutnss.
855 4393 1176 4467 [legio-Plit.
1200 4395 1454 4467 etiCauc.,
1483 4393 1899 4463 aliiqueplures,
1934 4389 1999 4445 ac
2029 4390 2131 4445 Be-

539 4461 690 4519 tuleii
720 4463 850 4522 edit.
879 4461 1142 4520 ltt'multis
1164 4461 1302 4530 aliis,
1333 4461 1637 4521 alterutrum
1665 4461 1892 4518 connexa
1919 4471 2136 4514 sunt.—

539 4531 694 4589 Hanc
735 4534 976 4590 ultimam
1016 4537 1302 4592 lectionem
1329 4537 1520 4606 recipit
1549 4536 1848 4606 Buneman,
1878 4541 1933 4586 et
1955 4539 2134 4586 notam

538 4616 856 4674 sequentem
895 4606 1134 4662 exhibet.
1158 4635 1228 4647 —-
1267 4605 1493 4663 Invicem
1538 4607 1630 4660 sibi
1668 4605 2135 4674 alterutrum_con-

540 4671 675 4731 nerea
707 4686 842 4732 sunt.
874 4676 1034 4733 Goth.
1069 4686 1123 4733 et
1149 4678 1322 4733 Bctul.
1354 4679 1622 4739 alterutra,
1649 4689 1874 4728 numero
1897 4671 2136 4725 multitu-

541 4745 708 4820 dinis,
732 4747 1031 4820 elegantius
1061 4763 1212 4804 sane.
1248 4749 1322 4805 lta
1346 4760 1472 4820 ante
1500 4756 1742 4820 nostrum
1773 4741 2138 4799 Tertullianus

541 4817 612 4873 de
641 4816 862 4891 Resrtrr.
892 4819 1080 4885 Carm,
1111 4836 1229 4891 cap.
1268 4821 1361 4884 44,
1411 4819 1643 4874 Membra
1688 4816 2007 4891 alterutrum
2051 4831 2138 4867 su-

539 4905 677 4944 mus.
736 4887 1035 4967 Cyprianus
1079 4886 1267 4967 Ιίιιςίιιι
1306 4890 1534 4967 ξΐθειίιιι.
1593 4905 1646 4943 ιι.
1807 4886 2135 4967 Alterutrum

540 4975 700 5015 onera
723 4957 988 5024 sustinete,
1027 4971 1082 5018 et
1125 4963 1272 5018 alibi.
1306 4962 1428 5030 ipse
1475 4959 1781 5016 Lactantius
1823 4957 1878 5011 in
1912 4957 2050 5026 Epit.
2081 4973 2130 5013 c.

539 5030 646 5088 29:
677 5031 845 5088 Vides.
870 5073 883 5086 .
910 5074 924 5088 .
957 5036 1142 5087 bonum
1162 5044 1208 5088 et
1237 5033 1430 5087 malum
1457 5034 1530 5086 ita
1557 5032 1650 5086 sibi
1681 5047 1787 5084 esse
1811 5038 2059 5093 connexa,
2083 5039 2137 5081 ut

540 5103 760 5157 alterum
785 5106 894 5159 sine
909 5106 1069 5158 altera
1095 5116 1329 5160 constare
1355 5121 1457 5158 non
1485 5103 1662 5173 possit.
1694 5101 1826 5156 BUN.

616 5173 834 5229 Sublato
886 5176 1153 5242 alterutro,
1205 5187 1310 5232 ctc.
1363 5176 1390 5231 1
1447 5170 1653 5229 Borion.
1711 5173 1902 5241 antiq.,
1951 5170 2130 5224 altera.

539 5242 736 5314 Scripti
762 5245 925 5300 Cattc.
955 5290 968 5310 ,
1004 5247 1141 5302 Ultr.
1165 5290 1177 5306 .
1219 5248 1484 5301 alterutra.
1529 5245 1663 5300 Huic
1695 5243 1975 5314 qurestioni
1998 5257 2132 5314 _nott

539 5312 677 5388 satis
698 5319 939 5385 apposite
964 5319 1254 5388 respondet
1284 5319 1610 5373 Lactantius.
1640 5312 1771 5388 Cum
1813 5313 1956 5368 enim
1997 5312 2134 5366 Deus

541 5387 627 5460 sui
655 5388 834 5454 operis
865 5387 1158 5456 inspector,
1183 5403 1535 5460 qna-cumque
1563 5387 1724 5460 totius
1760 5394 1963 5439 naturae
1987 5398 2135 5460 com-

545 5457 703 5529 plexu
731 5460 1175 5523 continebantur,
1201 5456 1423 5529 prppria
1448 5456 1626 5514 Vellato
1663 5459 1794 5511 bona
1823 5456 2136 5529 pronuntia-

544 5536 650 5592 ret,
683 5528 751 5581 ita
783 5538 840 5582 ut
869 5546 986 5599 qua:
1028 5527 1281 5599 deinceps
1322 5532 1456 5585 mala
1485 5529 1796 5586 acciderint.
1841 5527 1941 5581 sibi
1975 5527 2134 5579 homo

547 5613 773 5672 necesse
801 5600 871 5654 sit
897 5612 1112 5669 accepta
1141 5605 1365 5666 referat,
1393 5603 1589 5672 quippe
1620 5616 1738 5671 quae
1770 5613 1875 5672 non
1905 5610 2128 5672 natium.

548 5669 642 5724 sed
673 5672 872 5744 perciti
897 5667 1116 5744 humani
1149 5675 1364 5744 sequela
1391 5667 1572 5728 essent
1597 5691 1608 5726 :
1637 5667 1745 5744 iam
1779 5671 1934 5744 longe
1959 5667 2130 5728 abest,

551 5747 612 5796 ut
645 5742 787 5810 quod
831 5741 966 5798 infra
1005 5748 1196 5802 asserit
1229 5740 1572 5812 Lactantius,
1619 5742 1816 5798 sublato
1865 5740 2130 5804 alterutro,

2223 2477 2494 2537 utrumque
2525 2468 2631 2521 tolli
2659 2468 2722 2522 sit
2745 2485 2963 2532 necesse,
2990 2477 3041 2521 nt
3066 2467 3186 2523 caeli
3218 2468 3409 2523 incolis
3454 2469 3592 2522 nihil
3642 2486 3711 2525 eo
3743 2486 3826 2524 no-

2223 2539 2645 2609 minerdecedat,
2678 2539 2820 2609 (ιηοά
2849 2540 2998 2593 omni
3028 2540 3432 2595 contrarietatis
3460 2551 3608 2595 metu
3647 2543 3826 2596 immu-

2223 2625 2340 2683 nes,
2372 2608 2880 2683 felici4_neceSsitate
2926 2611 2978 2664 iu
3029 2612 3254 2667 alteram
3300 2610 3581 2666 dumtaxat
3633 2625 3823 2683 partem

2226 2680 2488 2736 ferantur.
2525 2681 2648 2736 llaec
2669 2681 2849 2748 itaque
2881 2697 3044 2747 preme
3069 2683 3206 2737 mala
3237 2693 3527 2738 consecuta
3559 2680 3689 2738 sunt
3723 2700 3822 2738 ma-

2226 2752 2335 2807 lum
2389 2753 2589 2822 culpat,
2635 2753 2776 2823 quod
2824 2753 2878 2808 itt
2927 2767 2987 2808 se
3026 2753 3266 2808 Adamtts
3309 2755 3560 2817 admisit,
3613 2771 3826 2810 securus

2225 2823 2425 2896 alioqui
2454 2840 2483 2877 a
2532 2823 2802 2890 prioribus
2831 2825 3074 2892 iuturus,
3108 2825 3151 2879 si
3178 2824 3816 2938 inuocensgperstitisset.

3438 2932 3448 2938 .
3480 2913 3710 2938 DARRIITC

3438 2913 3730 2953 DPABKlUS.

2309 2965 2526 3021 Tollitur
2546 2967 2710 3022 omnis
2740 2968 2952 3022 materia
2978 2967 3261 3038 sapientia.
3303 2964 3520 3023 Falsum
3565 2973 3674 3024 hoc
3718 2983 3824 3024 esse

2235 3046 2378 3105 patet
2408 3040 2458 3091 iu
2492 3038 2729 3104 Adamo;
2763 3039 2860 3094 luit
2889 3041 3034 3096 enim
3064 3049 3352 3107 antequam
3382 3040 3520 3094 mala
3547 3051 3821 3097 essent.—

2236 3107 2456 3164 Tollitur
2480 3110 2644 3182 omnis
2672 3111 2886 3166 materia
2905 3112 3187 3182 sapientiae.
3221 3110 3291 3165 Et
3319 3111 3417 3166 luit
3444 3113 3716 3177 sapientia
3736 3127 3822 3165 au-

2237 3189 2450 3252 teqttam
2480 3181 2618 3252 mala
2647 3190 2850 3248 essent,
2881 3193 2937 3238 et
2961 3181 3064 3238 erit
3094 3193 3370 3252 perpetua,
3417 3182 3655 3238 sublatis
3683 3183 3822 3237 malis

2234 3250 2506 3324 omnibus.
2529 3250 2698 3309 Caute
2721 3268 2874 3324 ergo,
2916 3269 3037 3324 quas
3068 3250 3171 3310 hoc
3193 3250 3318 3309 loco
3360 3253 3618 3309 dicuntur
3645 3298 3660 3321 ,
3697 3254 3819 3310 acci.

2234 3323 2597 3395 piendasnnt,
2624 3338 2747 3380 cum
2778 3323 2953 3394 pecua:
2983 3325 3121 3379 mala
3168 3339 3274 3379 nou
3311 3333 3438 3381 ante
3477 3325 3696 3395 culpam
3741 3325 3824 3378 ho.

2235 3395 2397 3520 ἶιιίἰὲἱδ
2411 3394 2643 3522 (ruerint,
2679 3410 2854 3467 neque
2891 3396 2958 3451 ad
3003 3395 3322 3452 exercitium
3361 3394 3646 3467 sapientiae
3688 3398 3822 3452 insti-

2263 3481 2295 3521 u
2360 3507 2373 3520 .
2457 3481 2578 3521 ειι..

2240 3475 2373 3521 tuta.
2411 3475 2578 3521 UELL.

2305 3535 2434 3592 Cum
2461 3552 2777 3608 quocumque
2807 3539 3109 3608 porrexerit.
3136 3537 3308 3593 Abest
3357 3555 3475 3593 eum
3517 3554 3550 3594 a
3602 3541 3674 3596 10
3703 3554 3818 3595 mss.

2236 3608 2567 3678 totidemque
2590 3607 2772 3664 editis.
2810 3607 2813 3608 ⁷
3060 3675 3062 3677 ὶ

2309 3679 2597 3734 Natura...
2613 3682 3075 3735 accommodatum.
3102 3680 3345 3736 Imitatur
3358 3679 3706 3748 Ciceronem,
3724 3682 3758 3737 1.
3775 3696 3817 3744 v.

2235 3751 2356 3816 lin.,
2379 3767 2496 3821 cap.
2529 3751 2564 3806 9
2587 3769 2599 3804 ε
2626 3750 2820 3821 Ca:th
2842 3762 2888 3806 et
2913 3769 2993 3817 ea,
3020 3767 3136 3819 qua
3163 3763 3360 3807 natura:
3386 3763 3510 3820 apta
3535 3756 3708 3814 sentit,
3739 3769 3818 3821 apo

2233 3831 2400 3895 petere
2415 3833 2464 3876 et
2490 3823 2792 3895 prapulsare
2817 3825 3096 3878 contraria.
3124 3823 3262 3895 Ergo
3283 3827 3420 3879 omni
3445 3826 3661 3880 animali
3681 3826 3814 3888 illud,

2232 3893 2370 3966 quod
2397 3893 2593 3966 appetit
2617 3894 2840 3961 positum
2863 3905 2936 3949 est
2957 3895 3010 3948 in
3035 3910 3115 3966 eo,
3144 3893 3282 3965 quod
3312 3907 3512 3952 natum
3541 3908 3615 3952 est
3637 3913 3819 3952 accom—

2234 3965 2517 4019 modatum.
2549 3965 2678 4020 BUN.

2306 4057 2757 4131 Accomtnodatum
2781 4059 2868 4114 sit.
2897 4057 2988 4114 Sic
3014 4057 3224 4131 restitui
3246 4075 3313 4116 ex
3335 4061 3618 4131 antiqttiss.
3649 4075 3769 4116 mss.
3792 4060 3810 4114 l

2237 4128 2468 4203 liopon.,
2518 4128 2868 4203 [legio-Pot"
2925 4131 2948 4184 l
2994 4131 3068 4187 al.
3108 4130 3244 4203 Reg.
3299 4148 3433 4196 rec.,
3467 4128 3516 4186 ’2
3567 4132 3812 4192 Colbert.,

2237 4199 2501 4324 Bal‘pzmt
2526 4199 2760 4256 Clarom.
2795 4203 2847 4257 in
2895 4217 3066 4274 marg.
3117 4199 3341 4259 ln'aliis
3387 4213 3441 4259 et
3489 4205 3650 4260 editis
3697 4219 3816 4258 com-

2237 4287 2317 4324 mo
2359 4289 2465 4324 um.

2236 4287 2442 4326 morum
2451 4312 2465 4327 ο

2320 4363 2484 4436 Yitale
2509 4381 2570 4419 ac
2596 4364 2816 4419 salubre.
2853 4365 2933 4421 lsa
2965 4367 3181 4436 reposui
3231 4339 3298 4422 ex
3348 4367 3384 4421 2
3429 4367 3731 4422 veterrimis
3772 4373 3815 4417 ct

2159 4416 2215 4476 D
2239 4416 3220 4509 οριῑιιιῖέξηῖέεζιιώιόιι,ζῖξέςῖἷιῖἰῆιι
3236 4416 3311 4493 Εἰ
3335 4416 3814 4509 τὲοιὲἷὲὲξιῖῑὶιιιιτ

2237 4506 2382 4560 enim
2409 4506 2476 4560 ad
2507 4523 2701 4562 amttam
2731 4522 2912 4576 supra.
2937 4508 3066 4563 Aliis
3093 4520 3176 4565 est
3203 4511 3346 4565 utile.
3373 4539 3445 4551 —
3485 4506 3656 4565 Vitale'
3676 4527 3732 4563 ac
3745 4523 3814 4562 sa-

2237 4576 2401 4652 lubre.
2448 4577 2670 4652 Legitur
2707 4580 2830 4634 utile
2857 4597 2918 4634 ac
2963 4580 3168 4635 salubre
3204 4583 3342 4652 apud
3380 4582 3675 4637 Buneman.
3719 4583 3810 4646 Ap-

2237 4648 2430 4772 grobat
2456 4660 2634 4733 tamen
2660 4650 2712 4705 in
2737 4660 2862 4706 nota
2887 4652 3135 4722 sequenti
3159 4648 3396 4709 nostram
3428 4654 3734 4736 lectionem.
3757 4676 3812 4689 ——

2280 4719 2591 4772 tntrulartter
2621 4722 2781 4772 idque
2826 4722 3105 4772 eleaanter
3132 4723 3342 4772 Bmmn.
3385 4723 3564 4772 Vitale'
3592 4743 3653 4772 ac
3690 4721 3810 4772 salso

2280 4719 2591 4792 iugulariter
2621 4722 2781 4792 idque
2826 4719 3105 4790 eleganter
3131 4723 3342 4778 Bonon.
3385 4723 3564 4779 Vitale'
3592 4743 3653 4778 ac
3690 4721 3810 4777 salso

2237 4789 2356 4856 bre;
2389 4801 2443 4845 ut
2471 4791 2641 4847 vitatis
2683 4789 2756 4848 sit
2781 4793 2848 4848 ad
2891 4789 3043 4848 vitam
3087 4796 3247 4850 utilis.
3285 4794 3549 4852 Videntur
3589 4808 3810 4850 nonnun-

2236 4876 2396 4931 quam
2425 4863 2510 4917 ha:
2529 4879 2688 4942 ypces
2717 4865 2973 4942 conlnsre.
3007 4864 3178 4942 Forte
3208 4867 3400 4942 aliquis
3441 4869 3756 4942 suspicitur,
3779 4862 3806 4942 [-

2235 4948 2320 5000 νι,
2352 4948 2471 5005 cap.
2522 4935 2610 5002 15,
2665 4951 2760 5006 pro
2804 4937 2972 4992 vitalis
3001 4937 3119 5004 viri,
3165 4937 3471 5063 legendutg.
3527 4935 3667 4993 utilis
3711 4935 3804 4990 viri.

3459 5025 3546 5063 un.

3459 5025 3546 5064 [ΙΝ.

2305 5075 2449 5147 Opus
2478 5077 2639 5132 nobis.
2689 5077 2778 5133 Sic
2825 5079 3110 5135 emendavi
3161 5095 3228 5135 ex
3273 5095 3403 5135 mss.
3433 5081 3469 5134 ‘2
3521 5081 3742 5140 Bonum,
3773 5074 3802 5147 _l

2236 5145 2395 5220 1103..
2427 5149 2462 5203 2
2487 5147 2750 5213 Colbert.,
2779 5149 2987 5220 Baluz.,
3020 5151 3153 5206 Tax.
3184 5151 3241 5206 ln
3279 5153 3490 5208 caeteris
3519 5151 3671 5207 libris
3701 5145 3805 5218 legi-

2239 5217 2513 5286 turbonis,
2542 5221 2818 5275 mendose.

2311 5310 2444 5388 Qute
2486 5315 2589 5388 nisi
2625 5314 2840 5388 fuissent
2878 5317 3160 5388 proposita.
3213 5317 3434 5372 Scilicet
3479 5318 3640 5371 mala.
3694 5310 3801 5367 Vide

2238 5384 2469 5455 praecedi.
2498 5393 2552 5438 et
2580 5385 2630 5437 ιιι
2661 5386 2770 5455 line
2795 5384 3002 5455 capitis.
3038 5387 3113 5443 Ita
3149 5389 3360 5444 correxi
3402 5405 3467 5444 ex
3515 5390 3671 5444 editis
3713 5394 3798 5439 vet.

2239 5453 2419 5528 Rom.)
2438 5453 2722 5528 Bctul.,ls.
2751 5466 2803 5510 et
2825 5453 3075 5528 omnibus
3102 5474 3256 5522 mss..
3287 5470 3481 5528 przutcr
3505 5461 3530 5514 1
3563 5460 3692 5526 Reg.
3712 5467 3799 5528 rec.

2235 5533 2290 5579 et
2369 5523 2603 5581 Colbert.
2637 5527 2688 5580 in
2737 5527 2931 5598 quibus
2961 5529 3156 5600 legitur
3193 5523 3390 5603 fuisset,
3423 5541 3479 5584 ut
3520 5532 3572 5585 itt
3604 5523 3669 5586 l3
3709 5524 3799 5581 vul-

2235 5607 2390 5666 gatts.

2309 5665 2582 5742 Rationale
2607 5669 2801 5742 animal
2829 5687 2930 5724 non
2956 5687 3195 5727 essemus.
3231 5674 3311 5728 An
3344 5673 3514 5727 Adam
3557 5673 3730 5742 utique
3757 5667 3794 5716 ίη

2235 5736 2485 5806 paradiso
2533 5753 2639 5795 non
2684 5740 2782 5794 luit
2827 5742 3024 5798 animal
3067 5745 3364 5803 rationale?
3413 5761 3537 5807 num
3582 5736 3795 5812 homines
