4034 6354
585 347 689 411 ηδ

1941 346 2127 407 “RM.
2166 342 2536 410 ιιιοτΑΝτιι

3781 340 3863 407 ιιι

582 464 861 537 hominem
894 462 1121 537 diligere
1143 463 1287 522 velut
1310 462 1553 530 fratrem;
1592 463 1646 520 ln
1678 461 1765 521 his
1787 462 1932 520 enlm
1969 462 2181 521 duobus
2205 462 2260 527 Α
2287 460 2399 520 Deo
2448 460 2650 518 laetitia:
2682 459 2909 519 edoctus
2954 460 3023 519 ad
3073 460 3301 530 gratiam
3323 500 3338 528 ,
3384 468 3440 519 et
3466 458 3587 517 odll
3621 456 3688 514 ad
3717 457 3861 525 iram,

582 565 696 616 tota
721 558 928 635 justitia
953 558 1213 616 consistit.
1240 556 1340 624 Qui
1369 571 1498 629 ergo
1532 565 1625 613 aut
1652 557 1820 614 Deum
1853 572 1958 612 non
1980 571 2179 627 agnos-

584 649 683 718 cit,
706 659 800 706 aut
816 649 1016 705 homini
1035 657 1215 715 uocet,
1245 647 1443 719 injuste
1465 658 1521 705 et
1546 656 1735 709 contra
1762 656 2004 704 naturam
2024 662 2175 705 suam

587 743 739 809 vivit,
765 751 820 799 et
846 743 948 799 hoc
981 740 1143 798 modo
1168 741 1367 812 rumpit
1398 740 1700 796 institutum
1740 741 2021 812 legemque
2042 740 2181 795 divi-

1176 943 1409 1002 CAPU'I‘
1448 944 1566 1001 XV.

805 1064 956 1135 Unde
987 1064 1055 1135 ad
1088 1063 1342 1131 hominem
1379 1073 1586 1135 peccata
1625 1065 1959 1137 pervenerint.

654 1199 760 1256 llic
787 1198 1020 1255 fortass
1035 1206 1246 1269 querat
1267 1198 1483 1270 aliquis,
1513 1198 1655 1255 unde
1676 1198 1745 1253 ad
1766 1198 2040 1254 hominem
2059 1212 2186 1269 pec-

582 1300 703 1350 cata
722 1290 1093 1363 pervenerint,
1115 1299 1209 1345 aut
1228 1307 1348 1362 quae
1376 1291 1617 1361 pravitas
1646 1291 1811 1346 divini
1844 1290 2073 1347 instituti
2091 1304 2185 1346 re-

584 1386 765 1457 gulam
809 1385 877 1439 ad
918 1385 1100 1455 pejora
1131 1383 1441 1451 detorserit,
1474 1394 1532 1440 ut
1563 1400 1687 1442 cum
1713 1385 1786 1441 sit
1824 1386 1892 1440 ad
1918 1385 2185 1455 justitiam

584 1475 821 1549 genitus,
852 1490 1018 1547 opera
1058 1484 1236 1532 tamen
1278 1476 1480 1532 alliciat
1515 1476 1736 1549 iniusta.
1777 1477 1896 1533 iam
1937 1480 2187 1547 superius

586 1567 891 1640 explanari,
916 1568 1079 1624 simul
1097 1567 1265 1624 Deum
1285 1568 1633 1639 proposuisse
1654 1569 1853 1625 bonum
1876 1584 1942 1626 ac
1962 1569 2181 1634 malum;

548 1722 553 1727 ,
587 1670 645 1718 et
669 1662 870 1719 bonum
898 1661 1114 1733 quidem
1143 1662 1388 1734 diligere,
1417 1663 1617 1718 malum
1640 1664 1824 1721 autem
1842 1705 1858 1730 ,
1891 1662 2037 1735 quod
2061 1662 2187 1718 huic

587 1755 871 1827 mpugnat',
913 1754 1127 1811 odisse:
1153 1755 1246 1810 sed
1276 1754 1398 1811 ideo
1436 1755 1637 1810 malum
1663 1756 1999 1826 permisisse,
2031 1763 2091 1811 ut
2129 1763 2187 1810 et

588 1940 771 2012 docui)
796 1940 1150 2010 intelligimus
1190 1949 1443 1996 constare
1478 1955 1586 1996 non
1616 1955 1776 2011 posse
1805 1958 1819 1993 :
1847 1939 2081 2012 denique
2111 1940 2189 2010 ip-

586 2050 708 2103 sum
736 2036 994 2091 mundum
1019 2049 1089 2091 ex
1113 2034 1325 2092 duobus
1350 2035 1639 2091 elementis
1671 2034 2103 2106 repugnantibus
2130 2042 2189 2090 et

590 2128 820 2187 invicem
847 2126 1109 2198 copulatis
1132 2140 1258 2183 esse
1274 2136 1588 2182 concretum
1608 2166 1626 2193 ,
1658 2126 1818 2198 igneo
1842 2137 1895 2182 et
1925 2124 2148 2182 humido
2171 2166 2187 2191 ,

590 2234 696 2276 nec
724 2218 963 2290 potuisse
994 2219 1168 2274 lucem
1215 2218 1355 2284 fieri,
1387 2219 1491 2274 nisi
1532 2229 1589 2274 et
1645 2218 1883 2275 tenebrae
1923 2218 2187 2283 fuissent;

594 2311 719 2384 quia
745 2325 850 2371 nec
876 2325 1132 2381 superum
1163 2318 1341 2381 potest
1367 2325 1491 2366 esse
1513 2311 1634 2367 sine
1663 2309 1857 2377 infero,
1881 2308 1981 2367 nec
2007 2312 2190 2367 oriens

592 2404 713 2461 sine
738 2402 1039 2468 occidente,
1079 2418 1181 2459 nec
1212 2402 1445 2459 calidum
1486 2404 1604 2459 sine
1638 2402 1848 2475 frigido,
1892 2418 1994 2459 nec
2023 2403 2190 2459 molle

592 2500 715 2553 sine
729 2496 888 2554 duro.
922 2496 1012 2555 Sic
1036 2506 1092 2552 et
1116 2511 1216 2552 nos
1244 2511 1319 2552 ex
1347 2495 1560 2551 duobus
1593 2510 1746 2567 reque
1766 2494 2190 2567 repugnantibus

592 2590 861 2661 compacti
889 2604 1098 2655 sumus,
1121 2590 1299 2644 anima
1322 2598 1378 2645 et
1407 2604 1638 2659 corpore
1662 2606 1674 2642 :
1702 2604 1926 2660 quorum
1956 2589 2188 2646 alterum

594 2685 739 2741 casio
767 2683 1074 2752 ascribitnr,
1105 2684 1230 2755 quia
1274 2693 1434 2739 tenue
1459 2693 1544 2739 est
1573 2692 1628 2739 et
1657 2683 2022 2750 intractabile;
2060 2683 2190 2740 alte-

594 2792 718 2834 rum
747 2785 929 2840 terra,
962 2776 1086 2845 quia
1114 2774 1602 2846 comprehensibile
1630 2785 1714 2830 est
1742 2792 1755 2828 :
1792 2774 2019 2830 alterum
2049 2774 2186 2831 soli-

595 2868 727 2926 dum
764 2878 822 2925 et
846 2876 1109 2925 atternum
1142 2878 1249 2933 est,
1273 2868 1504 2924 alterum
1537 2866 1724 2939 fragile
1751 2876 1913 2939 atque
1940 2868 2185 2923 mortale.

595 2960 740 3033 Ergo
756 2960 917 3017 alteri
933 2959 1135 3016 bonum
1158 2959 1422 3027 adhairet,
1442 2959 1597 3018 alteri
1620 2959 1819 3015 malum
1851 2976 1865 3013 :
1887 2959 2043 3015 alteri
2071 2960 2185 3026 lux,

596 3054 728 3123 vita,
757 3054 995 3125 iustitia;
1023 3052 1178 3110 alteri
1220 3053 1491 3121 tenebrat,
1522 3067 1699 3120 mors,
1744 3051 2023 3123 injustitia.
2054 3051 2189 3108 Hinc

596 3150 771 3207 extitit
799 3151 854 3205 in
884 3148 1194 3205 hominibus
1223 3161 1431 3204 naturtc
1461 3164 1574 3205 suae
1604 3148 1933 3220 depravatio;
1959 3159 2015 3203 ut
2043 3157 2191 3205 esset

596 3258 821 3303 necesse
859 3244 1112 3301 constitui
1143 3243 1340 3315 legem,
1372 3258 1477 3314 qua
1510 3253 1731 3315 possent
1770 3250 1827 3299 et
1852 3242 1977 3298 vitia
2006 3242 2189 3315 prebi-
2216 3255 2264 3319 ρ

595 3338 736 3405 beri,
762 3346 821 3395 et
847 3338 1063 3394 virtutis
1086 3337 1262 3394 officia
1305 3338 1584 3409 imperari.
1617 3335 1751 3395 Cum
1787 3337 1947 3409 igitur
1980 3337 2090 3392 sint
2134 3337 2191 3392 in

600 3431 766 3488 rebus
794 3430 1045 3486 humanis
1071 3429 1208 3485 bona
1237 3439 1294 3487 et
1332 3429 1470 3485 mala
1488 3472 1504 3496 ,
1535 3445 1762 3500 quorum
1792 3430 2058 3501 rationem
2084 3427 2185 3485 de-

595 3524 839 3599 claravi,
892 3538 1112 3580 necesse
1162 3534 1244 3580 εει
1288 3524 1337 3578 in
1386 3533 1669 3597 utramque
1723 3533 1929 3597 partem
1982 3524 2187 3578 moveri

597 3616 790 3686 Deum,
810 3627 865 3673 et
880 3616 948 3673 ad
966 3618 1216 3688 gratiam,
1240 3633 1359 3673 cum
1373 3618 1515 3690 justa
1534 3618 1651 3675 ﬁeri
1670 3618 1834 3685 videt;
1857 3626 1913 3673 et
1933 3616 1998 3671 ad
2030 3617 2189 3684 iram,

594 3726 718 3785 cum
745 3711 921 3779 cernit
949 3711 1162 3782 injusta.

670 3805 781 3864 Sed
801 3805 1037 3863 occurrit
1065 3805 1223 3862 nobis
1252 3805 1516 3879 Epicurus
1537 3849 1552 3876 ,
1585 3822 1649 3862 ac
1675 3806 1842 3862 dicit:
1880 3826 1899 3861 ι
1936 3809 1995 3866 Si
2024 3820 2110 3868 est
2138 3812 2193 3868 in

2284 568 2506 611 necesse
2525 562 2609 611 est
2631 552 2848 620 habeat,
2878 562 2934 611 et
2962 553 3236 622 timorem,
3265 562 3322 611 et
3366 550 3689 617 libidinem,
3724 556 3863 605 etcu-

2284 644 2597 717 piditatcm,
2634 655 2970 717 ceterosque
3015 644 3275 709 aﬂectus,
3325 643 3418 716 qui
3466 650 3604 699 sunt
3654 641 3864 697 imbecil-

2284 737 2447 794 litatis
2471 739 2737 794 humanai.
2771 759 2790 791 ι
2825 738 2939 795 Non
2962 747 3048 795 est
3070 753 3291 795 necesse
3321 747 3380 794 ut
3405 736 3622 804 timeat,
3645 735 3732 807 qui
3756 735 3866 791 iras-
3940 748 3941 785 ξ

2285 831 2466 898 citur;
2499 840 2591 887 aut
2633 841 2892 900 intereat,
2943 831 3034 902 qui
3063 830 3258 903 gaudet
3289 821 3301 884 Ξ
3329 829 3575 899 denique
3616 826 3863 894 iracundi,

2289 924 2472 980 minus
2507 924 2681 979 timidi
2733 933 2888 989 sunt;
2920 932 2979 980 et
3019 931 3214 979 natura
3234 922 3341 978 ιτειί
3365 965 3380 988 ,
3425 921 3616 976 minus
3642 926 3862 976 marest.

2284 1015 2423 1083 Quid
2444 1031 2582 1085 opus
2623 1026 2704 1070 est
2732 1015 2802 1073 de
2833 1015 3082 1071 humanis
3107 1014 3393 1072 atleetibus
3418 1013 3651 1080 dicere,
3699 1012 3864 1083 quibus

2287 1106 2550 1178 fragilitas
2595 1117 2780 1164 nostra
2825 1106 3167 1163 succumbit?
3202 1104 3637 1162 Considercmus
3660 1103 3864 1159 divinam

2291 1201 2706 1266 necessitatem;
2736 1201 2866 1257 nolo
2895 1201 3039 1256 enim
3073 1209 3316 1255 naturam
3343 1199 3532 1256 dicere
3551 1240 3569 1266 ,
3606 1199 3729 1269 quia
3750 1198 3866 1252 Deus

2287 1302 2471 1347 noster
2497 1307 2769 1362 nunquam
2808 1292 3049 1348 creditur
3070 1302 3248 1348 natus.
3278 1290 3520 1347 Timoris
3550 1288 3775 1346 affectus
3794 1289 3866 1343 lta-
3942 1308 3943 1361 ι

2288 1388 2377 1443 bet
2403 1388 2455 1443 in
2498 1389 2717 1444 homine
2748 1388 3026 1443 materiam
3047 1428 3062 1455 ,
3096 1388 3149 1442 in
3179 1387 3292 1442 Deo
3316 1401 3423 1442 non
3460 1385 3657 1441 habet.
3678 1383 3866 1449 Homo,

2288 1480 2412 1551 quia
2445 1480 2631 1535 multis
2669 1479 2885 1535 casibus
2927 1479 3291 1550 periculisque
3315 1478 3605 1547 subjectus
3626 1484 3715 1533 est
3734 1516 3749 1543 ,
3777 1491 3866 1531 me-

2289 1578 2387 1632 tuit
2407 1616 2423 1643 ,
2456 1591 2526 1633 ne
2544 1592 2648 1648 qua
2681 1577 2760 1632 vis
2789 1575 2964 1646 major
2989 1576 3187 1631 existat.
3209 1617 3224 1641 ,
3250 1558 3564 1645 quasillum
3606 1572 3866 1639 verberet,

2288 1669 2521 1738 spoliet,
2553 1669 2786 1735 laceret,
2821 1668 3057 1739 amigat,
3100 1667 3396 1723 interimat.
3423 1667 3576 1722 Deus
3603 1665 3866 1733 autem,ia

2295 1776 2454 1832 quem
2483 1775 2584 1816 nec
2608 1771 2819 1833 egestas
2841 1803 2855 1822 ,
2889 1775 2987 1816 nec
3014 1758 3229 1831 injuria,
3260 1774 3362 1815 nec
3390 1758 3555 1814 dolor
3575 1802 3592 1825 ,
3625 1773 3727 1815 nec
3750 1772 3868 1814 mors

486 1868 505 1884 κ
590 1848 792 1917 bellum
818 1848 1255 1918 emicaret,un
1278 1848 1507 1904 alterum
1523 1848 1644 1903 sine
1658 1848 1834 1903 altero
1857 1846 2023 1920 (sicut
2042 1861 2189 1917 sape
2215 1862 2266 1925 Β
2294 1854 2457 1918 cadit,
2481 1855 2672 1909 timere
2700 1854 2850 1909 nullo
2874 1862 3029 1923 pacto
3058 1862 3270 1921 potest;
3304 1852 3427 1923 quia
3455 1851 3605 1907 nihil
3631 1860 3735 1917 est,
3753 1847 3867 1920 quod

2289 1946 2337 2003 ei
2371 1945 2479 2000 vim
2511 1945 2683 2017 possit
2710 1944 2928 2001 inferre.
2964 1945 3091 2000 Item
3124 1943 3360 1999 libidinis
3385 1944 3529 1998 ratio
3561 1953 3621 1999 et
3652 1956 3805 1999 causa
3827 1942 3867 1996 itt

2295 2037 2516 2111 homine
2565 2038 2850 2095 manifesta
2882 2048 2983 2094 est.
3016 2039 3149 2094 Nam
3180 2039 3301 2111 quia
3331 2037 3539 2109 fragilis
3568 2049 3628 2095 et
3659 2037 3869 2093 mortalis

2289 2132 2513 2190 eiectus
2540 2140 2640 2197 est,
2663 2148 2884 2189 necesse
2912 2132 3003 2188 fuit
3028 2132 3260 2188 alterum
3292 2147 3478 2187 sexum
3505 2132 3868 2201 diversumque

2289 2228 2578 2296 constitui,
2604 2242 2759 2299 cujus
2790 2227 3142 2298 permistione
3188 2225 3405 2281 soboles
3427 2224 3575 2281 efﬁci
3607 2233 3788 2295 posset
3818 2220 3868 2277 ad

2291 2320 2721 2376 continuandam
2743 2319 2957 2390 generis
2983 2319 3420 2390 perpetuitatem.
3458 2317 3596 2373 lixae
3620 2329 3794 2372 autem
3816 2316 3867 2370 lio

2296 2414 2424 2471 bido
2450 2415 2503 2470 in
2536 2415 2648 2471 Deo
2679 2416 2851 2471 locum
2877 2431 2981 2469 non
3007 2415 3199 2479 habet;
3224 2414 3345 2485 quia
3373 2422 3430 2470 ει
3454 2412 3724 2485 fragilitas
3743 2421 3794 2467 ει
3809 2412 3870 2465 inc

2297 2506 2491 2564 teritus
2530 2508 2598 2563 ab
2619 2522 2686 2564 eo
2711 2507 2920 2563 alienus
2946 2518 3059 2573 est,
3094 2521 3195 2563 nec
3216 2507 3321 2561 ulla
3354 2515 3434 2562 est
3462 2506 3612 2576 apud
3637 2521 3759 2562 eum
3786 2504 3867 2559 ite-

2291 2601 2434 2656 mina
2458 2641 2478 2665 ,
2497 2600 2655 2670 cujus
2683 2601 2853 2672 possit
2871 2600 3215 2671 cupulatione
3237 2598 3474 2672 gaudere
3495 2642 3510 2665 ,
3548 2616 3657 2655 nec
3684 2612 3869 2654 succes-

2291 2692 2444 2747 sione
2470 2691 2701 2763 indiget,
2732 2693 2822 2763 qui
2851 2706 3067 2763 semper
3093 2690 3302 2747 futurus
3328 2702 3431 2748 est.
3461 2692 3673 2748 Eadem
3714 2693 3776 2747 de
3801 2693 3866 2746 ia-

2290 2787 2430 2843 vidia
2467 2797 2522 2844 et
2546 2786 2839 2857 cupiditate
2862 2787 2966 2842 dici
2996 2798 3247 2858 possunt;
3272 2802 3395 2858 qua:
3423 2788 3594 2845 certis
3625 2784 3858 2842 manifes-

2293 2882 2473 2949 tisque
2509 2879 2578 2936 de
2604 2880 2783 2936 causis
2808 2880 2863 2935 in
2895 2880 3168 2936 hominem
3196 2879 3428 2946 cadunt,
3461 2880 3515 2934 in
3542 2880 3717 2935 Deum
3748 2876 3867 2932 nullo

2293 2972 2473 3029 modo.
2506 2972 2577 3028 At
2606 2987 2754 3040 vero,
2778 2983 2834 3029 et
2860 2973 3051 3045 gratia,
3087 2982 3143 3028 et
3172 2973 3274 3040 ira,
3296 2983 3352 3029 et
3373 2972 3662 3029 miseratio
3700 2970 3867 3025 habent

2290 3066 2344 3121 in
2373 3065 2483 3122 Deo
2506 3065 2784 3120 materiam
2810 3082 2824 3131 ;
2854 3077 3108 3137 recteque
3130 3065 3234 3120 illis
3260 3068 3427 3121 utitur
3455 3081 3671 3119 summa
3720 3064 3800 3119 illa
3824 3068 3865 3117 et

2293 3161 2579 3233 singularis
2604 3169 2843 3233 potestas
2874 3160 2938 3216 ad
2972 3176 3149 3215 rerum
3175 3162 3670 3216 conservationem.

2886 3320 3111 3378 CAPUT
3149 3321 3286 3378 XVI.

2627 3467 2706 3523 De
2741 3466 2852 3524 Deo
2882 3468 3091 3539 ejusque
3116 3468 3198 3522 ira
3224 3478 3275 3523 et
3298 3466 3590 3535 aﬁ'ectibus.

2370 3628 2589 3697 Quzerct
2636 3626 2897 3698 quispiam
2921 3668 2935 3692 ,
2970 3640 3089 3695 qua:
3118 3625 3188 3680 sit
3233 3625 3332 3680 ista
3364 3626 3632 3682 materia?
3656 3626 3865 3682 Primum

2301 3719 2668 3775 accidentibus
2689 3719 2846 3773 malis
2872 3716 3057 3773 alﬂicti
3086 3717 3333 3773 homines
3363 3716 3429 3773 ad
3463 3718 3634 3779 Deum
3661 3719 3867 3791 plerum-

2303 3827 2407 3885 que
2432 3810 2779 3883 cont‘ugiunt,
2810 3810 3088 3883 mitigant,
3121 3810 3430 3876 obsecrant,
3456 3809 3746 3867 credentes
3763 3821 3864 3887 eum

1916 3945 2277 4006 VARIORUM
2316 3945 2547 4004 ΝΟΤΕ.

596 4084 782 4143 multis
807 4081 932 4142 edd.
964 4082 1143 4140 addidi
1172 4086 1232 4140 τὸ
1260 4083 1506 4145 homines,
1554 4080 1698 4152 quod
1727 4095 1757 4135 a
1788 4080 2060 4139 nonnullis
2084 4083 2185 4137 im-

596 4157 799 4227 pressis
827 4156 1003 4227 abest.

669 4226 737 4284 In
767 4228 847 4287 his
870 4226 1085 4283 duobus.
1111 4224 1297 4282 Matth.
1329 4240 1461 4288 xxn,
1493 4224 1650 4279 Rom.
1675 4239 1788 4290 xui,
1821 4223 1940 4281 Gal.
1967 4241 2020 4280 v.

671 4298 798 4367 Quae
816 4300 1121 4369 pravitas...
1139 4298 1440 4369 regulam...
1464 4295 1749 4369 deterserit.
1776 4296 1933 4352 Verte
1964 4296 2185 4353 lectioni

596 4368 889 4437 deterserit
928 4371 980 4425 in
1030 4367 1261 4425 Reimm.
1315 4368 1627 4437 inscriptum
1655 4410 1669 4434 ,
1711 4367 1978 4423 detruserit
2009 4370 2182 4435 male;

2292 4097 2421 4155 mss.
2450 4091 2505 4139 et
2531 4083 2680 4140 editi.
2709 4084 2763 4139 In
2795 4084 3010 4155 scriptis
3038 4085 3072 4139 5
3100 4091 3183 4139 εει
3206 4124 3221 4150 ,
3256 4082 3407 4150 Quod
3440 4082 3485 4139 si
3513 4082 3867 4137 consideremus

2293 4154 2518 4226 divinam
2548 4156 2859 4221 bonitatem;
2891 4154 3066 4211 minus
3106 4166 3277 4226 apte,

2367 4224 2575 4282 Noster.
2604 4228 2764 4281 Deest
2791 4228 2842 4281 in
2880 4227 3109 4285 vetcrib.
3142 4224 3368 4281 edition.

2366 4295 2433 4351 Et
2454 4315 2631 4353 causa.
2670 4297 2825 4353 Deest
2855 4300 2904 4351 in
2933 4302 2965 4352 ti
2998 4313 3108 4352 rec.
3144 4312 3274 4352 mss.
3309 4296 3419 4352 et9
3447 4295 3632 4351 editis.

2370 4368 2511 4423 Nam
2534 4371 2656 4440 quia
2684 4370 2906 4440 fragilis.
2934 4369 3009 4424 lta
3037 4370 3416 4439 corrigendum
3454 4368 3552 4440 fuit
3578 4368 3708 4423 illud
3733 4367 3866 4440 libra:

601 4435 749 4514 prius
773 4441 991 4514 elegans
1016 4449 1071 4514 et
1096 4450 1324 4514 rectum.
1350 4435 1570 4514 Liba—vr,
1596 4454 1714 4514 c_:tp.
1743 4439 1807 4494 21
1834 4459 1847 4494 :
1880 4442 1972 4495 llic
1993 4455 2186 4499 sensus
2295 4441 2502 4514 riornni
2528 4435 2788 4514 erratum,
2805 4441 2839 4495 5
2867 4455 2995 4497 mss.
3020 4456 3131 4496 rec.
3163 4435 3218 4495 εἰ
3244 4442 3277 4496 8
3302 4439 3431 4495 edit.
3464 4438 3517 4494 in
3539 4441 3735 4512 quibus
3762 4435 3865 4508 legi-

600 4509 709 4580 iton
735 4522 821 4573 est
844 4509 910 4566 a'd
940 4512 1124 4567 vitium
1155 4509 1580 4580 detorquendns.
1610 4511 1742 4566 BUN.

672 4584 846 4641 Simul
878 4581 1043 4637 Deum
1073 4583 1395 4651 proposuisse
1427 4580 1614 4635 bonum
1641 4598 1701 4639 ac
1732 4581 1941 4635 malum.
1972 4581 2027 4637 ω
2059 4594 2142 4637 est
2167 4624 2183 4649 ,

603 4655 905 4727 permisisse.
942 4652 1037 4708 Hic
1058 4652 1300 4727 loquitur
1317 4651 1385 4708 de
1407 4652 1548 4705 malo
1568 4653 1760 4727 culpae.
1789 4651 1978 4707 Ιειευε.

673 4721 742 4781 Et
771 4725 958 4780 bonum
981 4722 1183 4795 quidem
1208 4722 1447 4795 diligere;
1474 4724 1665 4781 malum
1688 4733 1872 4795 autem,
1910 4723 2045 4790 quod
2072 4723 2188 4777 huic

602 4805 852 4871 repugnat
877 4792 1125 4871 ,_odisse.
1162 4792 1395 4871 S_ic_iego
1423 4809 1544 4871 cum
1576 4807 1705 4871 mss.
1740 4794 1763 4849 i
1796 4792 1927 4871 Reg.
1958 4804 2012 4849 et
2051 4795 2190 4849 anti-

642 4863 876 4927 tiissimis
900 4864 1064 4923 Cauc.
1096 4874 1152 4921 ει
1183 4866 1207 4919 l
1251 4863 1482 4929 Bonum,
1512 4866 1547 4922 3
1573 4863 1838 4929 Colbert.,
1866 4864 2099 4920 Clarum.
2134 4875 2190 4921 et

642 4886 876 4927 ιιιδειηιιδ
900 4886 1064 4923 hanc.
1096 4886 1152 4921 Cl
1183 4886 1207 4919 ’l
1254 4886 1482 4929 Donum,
1513 4886 1547 4922 ὓ
1573 4886 1838 4929 υυΙυϐῐἸο,
1866 4886 2099 4920 uarum.
2134 4886 2189 4921 Cl

604 4886 674 4998 ἳι
698 4938 942 5008 vulgatis,
973 4938 1072 4991 nisi
1103 4937 1242 5006 quod
1276 4952 1371 5008 pro
1402 4938 1591 4991 "nilum
1630 4946 1831 5003 autem,
1866 4936 2055 5008 77editi
2093 4940 2189 4992 lia-

606 5011 735 5068 bent
757 5007 819 5065 ac
846 5011 1061 5073 malum;
1098 5009 1132 5064 4
1175 5007 1359 5077 scripti
1406 5022 1539 5072 rec.,
1566 5018 1615 5061 et
1658 5011 1866 5061 malum.
1898 5007 1955 5063 In
1990 5009 2014 5062 ιι
2052 5009 2185 5064 Βοιι.

607 5082 777 5154 antiq.
802 5091 857 5137 et
883 5081 968 5154 ed.
998 5080 1196 5154 l_s._pro
1214 5079 1352 5144 Imic,
1378 5087 1460 5134 est
1479 5080 1627 5154 bono.
1647 5078 1990 5154 Regirnl’ntq
2023 5092 2069 5135 et
2096 5082 2189 5154 ba-

607 5148 1259 5225 num'quidemdiligereL
1279 5161 1469 5225 pttgtm‘l
1503 5149 1688 5213 odisse,
1726 5148 1959 5225 omissis,
2000 5152 2192 5225 malum

606 5220 940 5293 autemquod
967 5223 1185 5293 tutiore.
1215 5220 1337 5276 Mes.
1368 5221 1401 5277 6
1431 5220 1563 5293 Reg.
1597 5236 1731 5285 rec.,
1762 5222 1797 5293 2
1822 5221 2001 5285 Colb.,
2027 5222 2190 5290 Ultr.,

609 5295 774 5351 Brnn.
803 5291 857 5351 ει
884 5305 992 5349 vet.
1034 5292 1165 5348 edit.
1196 5293 1379 5358 Rom.,
1411 5304 1455 5347 et
1492 5291 1676 5346 bonum
1707 5292 1907 5359 quidem
1933 5294 2146 5363 diligere
2169 5336 2188 5362 ,

610 5384 809 5501 pggnas
832 5366 1022 5431 odisse;
1054 5365 1182 5419 Pen.
1210 5374 1264 5418 et
1289 5363 1315 5419 1
1341 5363 1518 5430 Cnlb.,
1551 5364 1734 5419 habent
1760 5363 1961 5434 eligere,
1995 5382 2193 5436 pugnas

610 5455 640 5493 ο
678 5455 794 5495 isse.

609 5455 794 5495 oatsse.

682 5508 1024 5581 lntelligintus
1045 5516 1279 5562 constare
1299 5522 1399 5581 non
1424 5521 1585 5576 posse.
1611 5502 1785 5581 Caute
1809 5506 1946 5576 lege,
1977 5522 2096 5581 quae
2124 5507 2210 5581 (ιε⁵

610 5582 735 5637 ntali
786 5570 996 5650 origine
1021 5587 1075 5633 et
1119 5570 1439 5633 necessitate
1466 5578 1711 5645 proponit
1753 5570 2059 5634 Lactantius
2090 5597 2102 5632 :
2137 5579 2190 5633 in

612 5653 695 5708 bis
720 5653 862 5708 enini
898 5667 1001 5703 non
1032 5651 1226 5720 tibique
1254 5664 1417 5704 sanus
1441 5656 1544 5702 est.

683 5724 748 5779 In
767 5733 1035 5793 atramque
1057 5717 1271 5793 partem.
1302 5721 1374 5775 lta
1405 5734 1593 5774 omnes
1621 5735 1750 5776 mss.
1780 5728 1974 5789 praeter
1998 5717 2035 5771 Ξ
2057 5719 2190 5790 llcg.

612 5811 721 5852 rec.
749 5795 839 5866 qui
864 5792 1063 5866 ltabent
1092 5794 1159 5866 (id
1189 5803 1456 5861 utramque
1483 5800 1699 5866 partem.

681 5861 1070 5925 Consideremns
1113 5865 1336 5919 divinam
1361 5863 1722 5921 necessitatem.
1754 5861 1826 5917 Ita
1854 5876 2044 5917 omnes
2083 5861 2194 5919 fere

2213 4515 2267 4577 Β
2297 4521 2415 4579 tur,
2452 4510 2591 4565 Nam
2629 4512 2735 4582 qui.
3033 4530 3048 4544 ’

2363 4605 2441 4658 Ad
2472 4606 2875 4666 continuandam
2897 4608 3095 4677 generis
3122 4606 3533 4676 perpetuitatem.
3565 4606 3660 4663 Sic
3679 4599 3864 4663 restitui

2290 4690 2359 4748 ex
2400 4690 2535 4748 mss.
2579 4679 2956 4748 vetustissimis
2993 4680 3019 4734 1
3053 4678 3287 4744 Bonou.,
3326 4679 3672 4748 Hegio—PM,
3698 4679 3861 4748 Causa

2291 4746 2479 4819 (30th.,
2511 4748 2539 4819 ir
2567 4747 2831 4816 Colbert.,
2864 4752 2887 4803 1
2926 4750 3097 4819 Lips.,
3131 4751 3273 4814 Em.,
3304 4745 3496 4815 Brutu,
3528 4751 3661 4806 edit.
3690 4745 3861 4819 Βειιιι.2

2291 4816 2485 4892 Cellar.
2529 4818 2741 4892 Walcii.
2783 4814 2838 4876 et
2879 4814 3070 4889 Spai-k.
3108 4822 3160 4875 in
3184 4836 3351 4891 marg.
3389 4814 3583 4876 melius
3618 4837 3771 4892 quam
3804 4814 3858 4869 ad

2291 4890 2650 4945 continendam
2672 4935 2686 4959 ,
2718 4901 2773 4947 ut
2803 4893 2853 4946 in
2890 4894 2952 4948 13
2981 4893 3196 4963 scriptis
3224 4904 3279 4947 et
3308 4890 3378 4948 ’10
3414 4890 3663 4963 vulgatis.

2368 4983 2572 5053 Quini-et
2601 4984 2875 5053 quispiam.
2906 4983 2995 5039 Sic
3027 4998 3157 5037 mss.
3197 4983 3384 5037 Marm.
3434 4993 3488 5038 et
3520 4984 3547 5037 1
3575 4982 3807 5053 (ὶιιιιυοῐηἶ
3822 4989 3859 5053 Δ³

2292 5047 2527 5115 secunda
2551 5047 2731 5126 manu.
2761 5054 2824 5108 Et
2844 5055 2921 5109 sic
2948 5053 3161 5114 Cicero,
3192 5064 3248 5108 et
3275 5070 3398 5109 mox
3414 5055 3626 5126 inquiet,
3650 5069 3762 5124 cap.
3786 5047 3857 5104 20.

2293 5130 2437 5185 Multi
2469 5125 2691 5194 scripti,
2724 5128 2941 5196 quaerit;
2974 5126 3022 5179 l.
3054 5128 3153 5188 al.,
3181 5128 3410 5191 Qttterat.

2364 5188 3075 5254 Accidentibrtsinalia'Mss.
3122 5199 3145 5250 Ι
3182 5188 3316 5251 lion.
3340 5198 3508 5266 antiq.
3554 5196 3685 5252 Pen.
3716 5201 3766 5250 et
3788 5188 3855 5247 ed.

2294 5272 2451 5327 liom‘.
2478 5268 2638 5325 1468.
2653 5269 2818 5324 Turn.
2849 5268 3120 5325 Snubron.
3141 5269 3354 5324 Walcli.
3371 5269 3740 5322 accedentibus.

2368 5364 2421 5418 Μ
2428 5364 2627 5433 itigant.
2652 5360 2804 5433 Quod
2822 5360 3039 5416 verbum
3060 5370 3227 5415 mutat
3242 5359 3658 5433 lieninannusin
3680 5365 3859 5433 eaqu

2295 5423 2970 5499 οὺεεενᾶιιι.-4’Μίιὶ9αηι,
3020 5434 3304 5486 obsecrant.
3350 5430 3467 5485 Lib.
3519 5446 3593 5497 Vl,
3648 5444 3757 5499 cap.
3808 5423 3857 5477 10

2298 5507 2539 5574 ΟΙῙεηειιε
2580 5505 2641 5558 ab
2672 5504 2750 5558 his
2779 5502 2919 5557 Deus
2946 5519 3099 5557 eos...
3144 5502 3501 5573 Subjugabat,
3545 5502 3706 5574 donec
3752 5512 3856 5552 rttr-

2292 5572 2380 5634 sus
2405 5576 2695 5650 ptpnt'tentia
2731 5574 2912 5650 pgpuli
2950 5575 3218 5650 mitigatus
3247 5572 3515 5650 liberaret;
3562 5572 3655 5628 lib.
3684 5587 3734 5635 v,
3759 5579 3853 5650 cup-

2298 5652 2365 5705 15
2389 5639 2416 5704 ;’
2438 5649 2569 5704 Si...
2604 5639 2881 5700 cuiii'Deos
2917 5645 3011 5699 sibi
3042 5639 3355 5700 tti‘bitrttttlur
3379 5646 3563 5708 iratos,
3596 5652 3753 5697 tamen
3780 5639 3853 5691 do-

2295 5724 2404 5783 nis,
2449 5729 2496 5771 et
2543 5717 2838 5784 sacriﬁciis,
2891 5716 3200 5771 etodoribns
3245 5717 3437 5787 placari
3480 5732 3566 5771 eos
3613 5712 3853 5787 credunt...

2294 5809 2387 5845 cur
2419 5790 2577 5843 Deum
2602 5799 2827 5843 nostrum
2857 5799 2957 5842 tam
2976 5784 3371 5855 iuunitentptmn
3395 5784 3758 5860 implacabilem
3778 5795 3853 5853 ριι·

2293 5863 2437 5919 tent?
2460 5862 2587 5917 Bun.
