4034 6354
160 334 274 396 198

1499 329 1706 392 LIBER
1747 328 1837 390 DE
1876 328 1995 389 IRA
2034 330 2165 392 DEI.

158 468 331 528 posse
347 453 421 515 ab
442 454 529 513 his
555 456 783 530 injurias
802 457 1135 532 propulsare.
1168 453 1338 513 Habet
1359 453 1521 528 igitur
1544 465 1764 510 causam
1792 453 1845 515 Α
1871 459 1956 509 tus
1973 493 1989 519 ,
2020 451 2111 525 qui
2138 463 2247 508 non
2275 450 2473 509 eadunt
2497 451 2550 511 in
2579 452 2747 511 Deum
2767 496 2784 523 ,
2820 460 2880 511 ut
2906 449 3075 512 libido
3094 490 3109 520 ,
3140 448 3326 519 timor,
3356 462 3480 507 ara;

160 549 505 617 miserandi;
560 566 663 607 nec
691 552 834 608 enim
879 561 985 607 tam
1017 550 1235 606 immitis
1266 557 1352 604 est
1382 548 1769 619 hominumque

164 651 520 713 contemptor
540 685 555 710 ,
592 652 649 699 ut
676 644 931 715 auxilium
961 640 1322 698 laborantibus
1351 639 1600 710 deneget.
1629 639 1760 693 item

161 733 408 811 plurimi,
441 724 636 806 quibus
663 752 974 806 persuasum
1003 747 1083 792 est
1114 736 1224 791 Deo
1248 734 1459 806 placere
1479 734 1765 805 justitiam,

160 842 401 901 eumque
425 828 515 902 qui
545 830 614 884 sit
639 829 891 885 dominus
915 844 979 884 ac
1000 843 1195 901 parens
1221 828 1479 891 omnium,
1503 843 1768 882 veneran-

164 927 289 985 tur,
319 928 375 974 et
402 921 651 990 precibus
676 921 906 977 assiduis
937 936 1001 977 ac
1028 920 1397 990 frequentibus
1424 920 1564 975 vctis
1585 961 1601 986 ,
1625 920 1767 975 dona

166 1019 225 1067 et
248 1010 518 1067 sacriﬁcia
541 1011 799 1080 oﬁ‘erunt,
820 1027 1014 1069 nomen
1033 1013 1150 1084 ejus
1173 1011 1416 1067 laudibus
1432 1027 1764 1083 prosequun-

164 1112 257 1161 tur
276 1148 292 1176 ,
313 1106 473 1177 justis
502 1122 563 1162 ac
591 1106 749 1163 bonis
799 1108 1051 1179 operibus
1077 1107 1346 1163 demereri
1373 1124 1494 1163 eum
1520 1107 1767 1163 laboran-

162 1203 271 1254 tes.
304 1197 448 1269 Ergo
476 1207 559 1254 est
577 1241 590 1263 ,
619 1210 837 1270 propter
856 1200 996 1271 quod
1027 1201 1166 1256 Deus
1186 1210 1241 1257 et
1263 1202 1462 1271 possit,
1493 1210 1547 1255 et
1571 1201 1765 1256 debeat

161 1290 481 1362 gratiﬁcari.
525 1290 660 1347 Nam
691 1293 736 1347 si
790 1292 919 1347 nihil
972 1302 1191 1349 esttam
1245 1294 1577 1348 conveniens
1606 1292 1757 1360 Deo,

163 1395 329 1451 quam
360 1381 714 1438 beneﬁcentia
736 1428 750 1449 ,
781 1383 913 1439 nihil
944 1396 1122 1440 autem
1155 1396 1263 1440 tam
1290 1386 1527 1442 alienum
1551 1427 1565 1448 ,
1598 1400 1761 1455 quam

161 1483 228 1530 ut
274 1478 346 1530 sit
393 1476 637 1547 ingratus
670 1495 683 1530 :
736 1492 958 1534 necesse
994 1489 1077 1533 est
1118 1488 1178 1533 ut
1202 1480 1395 1535 ofﬁciis
1432 1480 1760 1549 eptimorum

161 1577 458 1639 sancteque
495 1570 785 1625 viventium
826 1579 1049 1643 praestet
1075 1571 1277 1641 aliquid
1299 1614 1313 1635 ,
1340 1587 1404 1626 ac
1431 1572 1601 1627 vicem
1630 1571 1760 1627 red-

166 1658 293 1725 dat,
316 1676 387 1717 ne
414 1660 603 1716 snbcat
628 1660 819 1733 ingrati
851 1662 1063 1732 culpam
1088 1704 1100 1728 ,
1131 1679 1251 1733 quae
1276 1673 1359 1718 est
1380 1662 1539 1717 etiam
1560 1660 1762 1717 homini

166 1752 483 1825 criminosa.
530 1751 726 1808 Contra
753 1765 932 1809 autem
965 1764 1087 1829 sunt
1116 1755 1205 1809 alii
1239 1754 1528 1811 facinerosi
1565 1764 1620 1810 ct
1659 1771 1757 1811 ne-

1876 543 2022 609 ritis,
2054 557 2261 601 mosror
2280 584 2295 611 ,
2328 542 2545 610 invidia,
2577 544 2725 599 omni
2748 558 2970 616 prorsus
2996 542 3195 600 affectu
3223 555 3349 598 eum
3381 552 3478 597 va,

1870 649 1997 692 care
2021 633 2299 691 dixerunt.
2330 633 2425 690 His
2453 634 2596 690 enim
2627 644 2814 702 vacat,
2847 636 2970 707 quia
3010 635 3262 691 vitiorum
3301 631 3471 688 aﬁ'cc-

1871 720 1957 784 tus
2004 739 2131 784 sunt
2166 745 2177 786 :
2205 743 2301 784 eos
2325 736 2505 784 autem
2531 770 2546 794 ,
2596 728 2689 799 qui
2714 738 2839 784 sunt
2868 730 3110 797 virtutis,
3146 728 3197 784 id
3229 736 3347 790 est,
3385 726 3472 783 ira

1871 823 1923 877 iu
1974 823 2184 890 malos,
2236 824 2434 880 caritas
2461 824 2514 879 in
2544 822 2748 891 bonos,
2780 822 3054 879 miseratio
3099 826 3150 878 in
3197 821 3469 887 afﬂictos,

1866 914 2120 985 quoniam
2149 915 2334 971 divina
2382 924 2650 987 potestate
2692 926 2820 971 sunt
2844 917 3033 987 digna,
3088 914 3339 986 proprios
3361 954 3375 980 ,
3409 919 3468 971 et

1862 1006 2072 1075 justas,
2120 1016 2176 1061 et
2221 1023 2378 1063 veros
2428 1007 2610 1063 habet.
2660 1007 2791 1076 Qun:
2822 1007 3063 1077 profecto
3104 1006 3206 1062 nisi
3238 1006 3464 1074 habeat,

1868 1097 2103 1152 humana
2154 1100 2259 1153 vita
2306 1099 2638 1165 turbabitur;
2672 1098 2834 1170 atque
2862 1098 2929 1154 ad
2962 1107 3161 1153 tantam
3188 1098 3468 1155 conlusio,

1868 1212 1989 1251 nem
2018 1197 2267 1253 devcuiet
2297 1206 2468 1253 status
2496 1212 2697 1262 rerum,
2732 1206 2791 1252 ut
2821 1197 3145 1267 contemptis
3166 1195 3466 1265 superatis-

1864 1305 1972 1361 que
2007 1290 2215 1362 legibus
2237 1333 2251 1357 ,
2309 1292 2424 1345 sola
2454 1301 2641 1362 regnet
2664 1290 2885 1346 audacia
2912 1332 2927 1357 ,
2970 1303 3021 1343 nt
3062 1304 3220 1345 nemo
3239 1290 3471 1360 denique

1877 1390 2025 1436 tutus
2043 1396 2162 1437 esse
2184 1382 2376 1452 possit,
2398 1382 2498 1437 nisi
2520 1384 2610 1454 qui
2645 1383 2844 1437 viribus
2875 1383 3186 1452 praevaleat.
3215 1380 3293 1441 Ita
3316 1381 3470 1452 quasi

1862 1475 2135 1529 communi
2172 1474 2461 1530 latrocinio
2483 1484 2624 1531 terra
2651 1476 2828 1530 omnis
2855 1474 3289 1546 depopulabitur.
3311 1474 3469 1533 Nunc

1861 1580 1997 1621 vero
2018 1567 2275 1637 quoniam
2314 1576 2370 1622 et
2409 1568 2539 1623 mali
2580 1582 2793 1639 pmnam
2825 1608 2840 1635 ,
2870 1577 2928 1624 et
2949 1569 3078 1624 boni
3107 1568 3333 1640 gratiam
3352 1609 3369 1633 ,
3399 1575 3459 1625 et

1860 1657 2047 1713 afﬂicti
2075 1674 2232 1728 opem
2263 1669 2519 1729 sperant;
2547 1672 2601 1714 et
2627 1661 2915 1716 virtutibus
2938 1660 3090 1717 locus
3111 1670 3231 1727 est,
3260 1669 3315 1717 et
3341 1674 3466 1717 sce-

1861 1750 1973 1807 lera
1998 1752 2204 1807 rariora
2224 1763 2369 1806 sunt.
2409 1752 2624 1807 Atenim
2659 1754 2972 1824 plerumque
2993 1739 3047 1808 et
3071 1751 3317 1809 scelerati
3345 1752 3468 1815 folii-

168 1842 312 1910 farii,
346 1845 436 1915 qui
461 1845 766 1901 libidinibus
793 1848 972 1901 omnia
995 1847 1256 1919 polluant,
1286 1849 1526 1904 czrdibus
1547 1857 1764 1917 vexent,
1797 1855 1845 1915 Β
1871 1845 2048 1901 ciores
2090 1856 2216 1900 sunt
2236 1888 2250 1910 ,
2285 1855 2340 1902 et
2383 1846 2507 1901 boni
2541 1847 2850 1903 miseriores
2870 1889 2886 1911 ,
2930 1856 2983 1901 et
3006 1847 3134 1916 justi
3160 1846 3230 1905 ab
3252 1846 3468 1917 iniustis

163 1930 449 2011 fraudem,
480 1938 716 2009 rapiant,
739 1937 1045 2008 perjurent;
1075 1954 1171 1993 uec
1194 1941 1628 2010 consanguineis,
1661 1956 1763 1995 nec

162 2027 474 2096 parentibus
505 2037 759 2098 pareant;
787 2029 938 2101 leges
966 2038 1021 2086 et
1048 2030 1220 2101 ipsum
1252 2030 1416 2085 etiam
1460 2031 1625 2085 Deum
1659 2045 1759 2087 ne-

136 2124 140 2127 ‘
157 2116 381 2190 giigant.

234 2211 403 2268 liabet
431 2212 595 2284 igitur
622 2214 773 2269 ira'in
797 2214 909 2271 Deo
929 2216 1229 2272 materiam.
1253 2215 1371 2271 Non
1392 2226 1478 2272 est
1506 2216 1649 2272 enim
1674 2216 1756 2272 fas

159 2322 314 2380 eum,
344 2321 467 2361 cum
516 2306 638 2361 talia
670 2306 785 2362 ﬁeri
823 2308 1035 2374 videat,
1069 2323 1176 2363 non
1211 2309 1452 2374 moveri,
1484 2320 1539 2365 et
1570 2309 1749 2364 insur-

158 2414 289 2471 gere
323 2399 390 2454 ad
419 2398 678 2455 ultionem
710 2400 1097 2456 sceleratorum
1118 2443 1133 2467 ,
1163 2411 1215 2457 et
1241 2401 1525 2473 pestiferos
1552 2416 1752 2459 nocen-

159 2500 346 2563 tesque
380 2490 599 2556 delere,
630 2502 692 2546 ut
728 2493 885 2547 bonis
934 2494 1185 2549 omnibus
1210 2494 1458 2550 consulat
1487 2513 1501 2548 :
1534 2493 1671 2550 adeo
1698 2503 1754 2552 et

154 2584 209 2640 in
233 2585 348 2656 ipsa
369 2587 448 2640 ira
468 2586 608 2641 inest
633 2595 687 2641 et
706 2586 1047 2657 gratiﬁeatio.
1077 2586 1259 2642 inania
1285 2604 1418 2659 ergo
1438 2598 1493 2644 et
1512 2588 1645 2647 falsa
1668 2604 1755 2646 re-

160 2678 442 2749 periuntur
485 2687 836 2749 argumenta,
868 2679 953 2736 vel
980 2694 1203 2748 eorum,
1255 2683 1346 2751 qui
1371 2722 1386 2746 ,
1429 2697 1552 2736 eum
1594 2669 1753 2738 irasci

154 2768 325 2829 Deum
357 2769 577 2835 nolunt,
606 2771 897 2844 gratificari
918 2771 1135 2836 volunt,
1165 2772 1379 2842 quiane
1403 2771 1506 2828 hoc
1536 2773 1751 2844 quidem

153 2861 273 2926 fieri
315 2862 438 2917 sine
483 2864 561 2919 ira
599 2872 808 2934 potest;
844 2863 927 2923 vel
971 2879 1193 2930 eorum,
1226 2866 1314 2935 qui
1340 2866 1540 2919 nullum
1587 2865 1751 2920 animi

1870 1939 2093 2010 impune
2138 1949 2422 1996 vexantur.
2464 1939 2941 1996 Considerabimus
2985 1948 3206 2011 postea,
3236 1956 3335 1996 cur
3361 1939 3468 1997 ista

1870 2032 2022 2088 ﬁant.
2083 2033 2298 2090 Interim
2327 2034 2397 2091 de
2438 2034 2515 2090 ira
2561 2034 2921 2105 explicemus,
2973 2049 3042 2089 an
3072 2036 3145 2090 sit
3179 2034 3357 2104 aliqua
3407 2033 3465 2090 ita

1866 2124 2010 2191 Deo;
2032 2134 2213 2181 utrum
2246 2125 2377 2182 nihil
2408 2136 2561 2183 curet
2578 2130 2802 2182 omnino
2825 2169 2842 2193 ,
2872 2141 2972 2182 nec
2998 2134 3277 2187 moveatur
3299 2124 3367 2181 ad
3390 2137 3465 2182 eo

1862 2232 1983 2288 qua:
2010 2221 2171 2289 impie
2192 2227 2469 2290 geruntur.

2442 2373 2672 2451 caput:
2715 2375 2875 2432 xvu.

2357 2515 2432 2570 De
2459 2516 2589 2585 Deo,
2628 2533 2753 2572 cura
2788 2525 2834 2572 et
2859 2517 2957 2572 ira.

1930 2677 2094 2741 Dens,
2130 2676 2304 2748 inquit
2332 2675 2614 2747 Epicurus,
2648 2676 2781 2733 nihil
2823 2684 3010 2742 curat;
3046 2676 3249 2733 nullam
3291 2676 3453 2750 igitur

1855 2768 2020 2826 habet
2050 2777 2391 2839 potestatem.
2413 2768 2618 2826 Curare
2652 2771 2797 2826 enim
2828 2781 3052 2827 necesse
3078 2778 3165 2832 est
3191 2784 3335 2837 sum,
3367 2770 3464 2843 qui

1856 2864 2018 2920 habet
2054 2872 2411 2935 potestatem;
2453 2864 2539 2918 vel
2579 2863 2624 2919 si
2665 2863 2844 2927 habet,
2886 2874 2941 2918 et
2982 2878 3089 2921 non
3124 2863 3311 2931 utitur,
3337 2877 3462 2936 qua)

152 2964 358 3011 motum
385 2956 583 3011 essein
616 2956 723 3012 Deo
754 2964 961 3025 putant.
1008 2957 1069 3012 Et
1092 2958 1216 3027 quia
1246 2967 1371 3015 sunt
1394 2958 1554 3029 aliqui
1586 2957 1749 3013 δῆμος
1820 2969 2003 3015 μιηηιει
2047 2973 2209 3014 causa
2253 2968 2358 3025 est,
2401 2965 2459 3013 ut
2499 2958 2572 3024 ei,
2616 2973 2721 3011 non
2766 2956 2942 3012 dicam
2988 2964 3234 3012 nostrum
3263 2969 3463 3029 genus,

1485 3094 1843 3169 VABIOttliti
1896 3092 2126 3151 ueras.

223 3232 299 3291 Ab
328 3234 412 3289 liis
432 3234 653 3296 iniurias
680 3236 1003 3305 propulsare.
1039 3236 1113 3290 ita
1154 3236 1432 3293 emendavi
1461 3252 1526 3292 ex
1562 3252 1692 3295 mss.
1723 3237 1759 3292 2
1786 3240 1831 3301 (ζ
1863 3234 2296 3301 confunduntur;
2340 3242 2601 3302 praeterea
2639 3234 2690 3287 in
2723 3231 2888 3302 priori
2917 3231 3160 3288 membro
3202 3230 3413 3290 dixerat
3439 3250 3458 3292 :

152 3302 360 3360 Borion.
398 3306 425 3361 1
482 3306 613 3373 Reg.
663 3302 726 3362 ac
777 3302 873 3364 sex
902 3308 1021 3364 aliis
1061 3318 1116 3362 et
1155 3306 1287 3363 edit.
1312 3308 1382 3364 is.
1406 3306 1544 3375 Alii,
1588 3310 1651 3365 ab
1679 3310 1758 3365 his

148 3375 359 3447 injuriis
392 3380 712 3449 propulsare.

225 3467 401 3542 Habet
441 3470 599 3542 igitur
642 3488 868 3525 causam.
904 3471 998 3524 Ms.
1032 3473 1054 3525 i
1098 3471 1228 3525 Bon.
1259 3472 1427 3542 antiq.
1468 3483 1521 3527 et
1558 3473 1591 3527 6
1625 3474 1755 3532 edit.

152 3538 485 3614 interjieiuni
524 3541 699 3608 Deus,
735 3543 877 3613 quod
920 3558 949 3596 a
985 3544 1198 3598 caeteris
1230 3538 1403 3597 abest.
1438 3544 1492 3598 In
1527 3544 1669 3614 Lips.
1703 3555 1758 3601 et

149 3611 236 3667 ed.
263 3614 466 3668 (ἔθηκε.
502 3630 742 3668 caussas.

226 3681 337 3741 Nec
380 3685 516 3757 enim
546 3696 651 3757 utin
683 3686 889 3740 immitis
916 3696 987 3740 est
1011 3685 1373 3755 hominumque
1407 3696 1744 3757 contemptor.

154 3753 244 3810 Sic
269 3764 398 3828 vcta
428 3755 558 3828 edit.
592 3756 748 3810 Rom.
783 3766 839 3811 et
878 3756 1126 3828 Gytnuic.
1166 3753 1297 3812 cum
1335 3759 1584 3814 omnibus
1609 3753 1743 3815 inss.

153 3834 351 3901 praeter
383 3824 678 3901 5Colbert.
712 3840 749 3882 a’
773 3824 966 3899 quibus
992 3827 1147 3895 abest
1173 3830 1482 3900 conjunctio
1511 3846 1607 3901 que
1638 3839 1694 3884 ut
1717 3846 1747 3885 a

150 3899 362 3957 earteris
396 3897 704 3969 impressis;

223 3986 287 4045 Et
319 3988 558 4061 precibus
577 3990 818 4047 assiduis.
842 3989 916 4046 ita
943 4005 1065 4047 cum
1086 3990 1173 4048 ed.
1192 3991 1366 4049 Betui.
1396 4003 1447 4048 et
1470 3992 1539 4051 Is.
1569 3994 1747 4053 cuncti

151 4074 303 4136 mss,
334 4061 583 4136 demptis
618 4064 650 4117 5
689 4076 793 4118 rec.
841 4063 1036 4133 quibus
1062 4073 1145 4125 est
1172 4081 1286 4119 cum
1314 4064 1546 4136 precibus
1566 4106 1582 4131 ,
1614 4076 1671 4128 ut
1696 4065 1749 4121 iu

153 4132 381 4202 vulgatis
405 4134 636 4200 cieteris.

225 4220 522 4293 Pet-iurent.
569 4224 642 4279 ita
689 4239 878 4281 omnes
930 4226 1039 4280 fere
1084 4240 1215 4280 mss.
1262 4226 1316 4281 In
1367 4226 1405 4281 2
1458 4227 1662 4280 Bonon.
1716 4228 1751 4282 2

159 4291 283 4364 Reg.
319 4291 435 4350 rec.
461 4307 515 4351 et
546 4296 569 4351 l
601 4295 747 4365 Lips.
772 4308 854 4352 est
882 4299 1198 4366 pejereut.-—
1225 4298 1314 4354 Sic
1336 4313 1546 4365 quoque
1576 4298 1751 4353 Bttne-

156 4379 296 4421 uian.
326 4367 572 4436 ltapiant,
597 4371 841 4437 peierarit.
868 4366 1048 4424 Verbo
1094 4369 1441 4438 frequentiori
1471 4386 1615 4427 usus.
1641 4369 1748 4425 Sed

153 4442 325 4493 tamen
347 4447 406 4494 et
431 4437 705 4505 Horatius,
740 4440 831 4494 lib.
863 4455 901 4496 ιι
940 4440 1053 4495 Sat.
1087 4441 1142 4504 5,
1163 4437 1303 4494 vers.
1338 4439 1459 4495 127.

241 4550 293 4601 Si
316 4554 518 4617 quidvis
540 4556 659 4605 satis
678 4561 773 4617 est,
797 4548 1039 4620 periuras,
1062 4556 1293 4619 surripis,
1320 4555 1501 4607 aufers.
1528 4555 1665 4608 (Σειι.
1690 4588 1748 4597 —
1775 4556 1830 4617 D

157 4652 449 4731 Perjurent.
484 4658 607 4713 Ha-c
624 4661 945 4731 estantiqua
974 4662 1261 4730 scriptura,
1285 4676 1443 4729 quam
1463 4677 1525 4715 ex
1556 4662 1745 4718 Plauto

156 4734 208 4800 ct
377 4726 470 4786 lib.
506 4746 559 4785 ιιι
602 4730 669 4785 de
697 4726 929 4799 Ofﬁciis,
955 4726 1196 4800 eanQi),
1231 4726 1572 4787 Continendat
1603 4733 1741 4788 Cur-

158 4797 346 4875 lit_ts__ad
373 4800 593 4875 Sallust.
618 4797 1003 4875 Jggurth.,cap
1025 4797 1051 4859 il
1067 4805 1119 4869 l,
1140 4805 1193 4871 4,
1217 4802 1403 4875 confer
1423 4802 1738 4867 Lambinum

156 4865 523 4949 ad.llo_ratiu_m
556 4888 625 4938 ιι,
652 4865 765 4928 sai.
793 4865 942 4940 5,’v.
970 4865 1113 4943 .127;
1154 4865 1481 4945 reliquorum
1514 4866 1741 4947 pejorent

160 4942 420 4999 usitatius.
455 4944 588 4999 BUN.
638 4988 642 4993 υ

223 5010 552 5089 Λάροᾴεεᾲῇιέ
596 5017 725 5089 ipsa,
924 5017 1137 5089 reptisiii
1195 5033 1258 5071 8X
1312 5017 1491 5089 Milli]:
1541 5016 1737 5089 Regio-

161 5077 297 5159 ζιιιη
334 5082 383 5159 2
414 5086 490 5159 al.
521 5077 681 5159 Reg,
728 5089 762 5142 2
787 5086 964 5152 Colb.,
987 5077 1242 5143 'Clurom.
1268 5099 1320 5144 et
1341 5089 1425 5143 ed.
1446 5077 1651 5145 'Cellar'.
1680 5089 1735 5145 ln

157 5148 770 5233 Qigscriptisrecjinest
792 5148 1098 5231 gratificatio
1116 5178 1132 5226 ;
1153 5161 1204 5214 in
1235 5159 1270 5213 ἓ
1297 5176 1405 5233 rec.
1438 5170 1510 5215 est
1536 5161 1737 5230 grati/i-

158 5225 382 5281 catian
426 5225 838 5298 Lipsiensibus',
888 5225 990 5285 non
1014 5234 1179 5298 inest;
1225 5232 1276 5286 in
1299 5231 1333 5285 2
1361 5231 1432 5286 al.
1464 5225 1601 5299 rec},
1631 5225 1734 5287 non

159 5304 225 5345 est
242 5311 567 5372 ;_utrunique
592 5303 750 5361 male.

230 5365 444 5442 lyoluut.
480 5365 824 5428 Heumaouns
856 5373 983 5442 legit
1011 5375 1195 5430 nolint.

232 5435 427 5503 Quin...
477 5454 657 5514 potest.
713 5445 840 5502 Hinc
887 5435 1007 5500 octo
1058 5447 1220 5507 verba
1266 5443 1535 5500 eradenda
1581 5453 1733 5515 putat

164 5501 498 5584 Heumannus
524 5516 667 5569 velut
690 5517 980 5584 glos.~emu.

228 5574 330 5632 Eos
344 5593 526 5650 autem,
552 5585 639 5653 qui
657 5574 775 5640 sunt
802 5585 1017 5650 virtutis,
1051 5587 1103 5641 id
1131 5599 1223 5652 est,
1255 5588 1401 5642 ira...
1435 5588 1725 5649 cliat'itos...

163 5648 426 5707 miseratio.
448 5648 520 5708 ita
540 5648 728 5709 onmes
746 5654 929 5723 scripti
956 5648 1352 5725 οάἱιῙιιιιρξΜιΙιὶ
1377 5675 1443 5714 ne
1471 5668 1547 5713 tot
1571 5648 1731 5714 voces

161 5728 505 5799 corrigantur,
540 5726 748 5799 duabus
778 5726 970 5799 litteris
1000 5729 1235 5799 mutatis,
1265 5729 1546 5799 legendum
1576 5729 1727 5785 vide-

161 5792 245 5866 tur
262 5806 275 5841 :
301 5792 401 5847 Eos
424 5805 611 5858 autem,
635 5796 717 5864 qui
732 5806 849 5851 sunt
865 5794 1085 5862 vlrmtis,
1107 5806 1163 5851 ut
1179 5802 1252 5852 est
1270 5792 1367 5852 ira.
1380 5840 1389 5851 .
1402 5840 1414 5853 .
1431 5801 1673 5853 charitas.
1687 5839 1699 5854 .
1711 5840 1723 5855 .

151 5866 416 5919 miseratio.
455 5867 522 5923 Ut
552 5876 605 5922 et
630 5867 684 5920 id
711 5866 959 5923 ductibus
987 5882 1172 5938 parum
1198 5867 1467 5936 dilferunt,
1498 5878 1555 5927 et
1583 5885 1727 5942 saepe

1868 3308 1935 3364 Ut
1965 3307 2188 3361 libido...
2220 3306 2433 3360 invidia.
2472 3306 2601 3360 BUN.

1934 3376 2127 3450 Digna.
2171 3379 2315 3450 Lege
2344 3378 2509 3450 digni,
2547 3377 2625 3432 ait
2650 3375 3031 3450 iieumannus,
3062 3374 3456 3450 subaudiendo,

1860 3421 2857 3520 apicii}:"Ilii4525"iieiiiitsiﬁii§,_
2887 3421 3031 3517 ἱρᾶεξ
3060 3421 3459 3520 ῖυψῖιπῖἇὲὧῦζ

1863 3521 2192 3602 subauditur
2232 3517 2373 3602 enim
2427 3518 2662 3602 allectus.
2716 3517 2861 3602 i‘liliil
2907 3517 3157 3602 corrigo;
3204 3517 3459 3602 neutfum

1858 3596 2013 3664 digna
2053 3593 2272 3663 respicit
2313 3586 2647 3648 voces'ira...
2678 3592 2975 3664 maritas“:
3003 3586 3284 3664 miseratio.
3316 3586 3454 3664 Fre-

1859 3659 2214 3736 quentissintc
2261 3666 2331 3719 ita
2369 3671 2614 3719 neutrum
2656 3659 3071 3736 sequiturque
3106 3677 3162 3731 lii
3199 3660 3459 3736 Instituit"

1855 3733 1915 3791 cl
1940 3737 2001 3792 li
2034 3753 2047 3789 :
2079 3734 2221 3791 Nunt
2252 3736 2668 3806 voluptatem}...
2699 3733 2902 3806 divitias
2919 3733 3011 3806 ?.
3053 3733 3367 3806 potestates?
3393 3733 3461 3791 Αι

1854 3823 1916 3863 ea
1947 3808 2222 3880 fragilia...
2256 3804 2521 3880 caduca...
2551 3804 2695 3880 Num
2737 3804 2955 3880 gloriam
2973 3804 3065 3858 .9...
3099 3804 3457 3880 ltono_re_m?...

1856 3875 2150 3933 memoriam
2182 3877 2445 3935 nominis?
2487 3876 2551 3931 Αι
2588 3877 2695 3939 Itwc
2726 3875 2968 3929 Omnia...
3004 3877 3192 3945 posita.
3224 3875 3343 3930 Lib.
3376 3893 3454 3945 Vl,

1857 3963 1908 4005 c.
1943 3951 1977 4005 '5
2007 3969 2019 4005 :
2056 3950 2300 4016 Desidiw,
2335 3948 2552 4014 inertiae,
2596 3948 2820 4002 luxuria:
2857 3963 2911 4015 se
2941 3946 3167 4015 tradere,
3191 3964 3309 4021 qua:
3332 3964 3456 4007 sua-

1857 4023 2006 4076 via...
2042 4023 2293 4077 videnlur.
2326 4021 2459 4077 BUN.

1934 4093 2059 4159 Qua:
2079 4096 2324 4164 profecto.
2344 4092 2485 4151 idem
2513 4090 2642 4160 legit
2662 4104 2790 4164 quos
2806 4092 3055 4164 proiecto,
3080 4087 3456 4164 subaudiendo

1857 4158 2093 4229 allectus;
2123 4158 2191 4203 -ἒ
2221 4164 2348 4232 Qua:
2379 4158 2627 4232 profecto.
2664 4161 2731 4216 Et
2767 4158 2853 4214 ltic
2891 4159 3239 4232 licuinannus
3284 4161 3456 4232 corri-

1855 4236 1948 4304 git,
1985 4236 2123 4300 Quos
2165 4229 2413 4305 profecto,
2453 4229 2658 4305 scilicet
2699 4232 2944 4305 allectus;
3001 4229 3106 4285 Sed
3138 4229 3241 4303 qui
3274 4230 3453 4304 priora

1854 4300 1998 4359 salva
2031 4300 2333 4375 cognoscet,
2368 4319 2466 4375 nec
2496 4304 2611 4358 haec
2631 4301 2882 4375 coq'iget.
2915 4300 3045 4375 ltuit.

1931 4370 2353 4447 Depnp'ulubitur.
2404 4374 2647 4447 Passive.
2702 4370 2903 4428 Confer
2944 4373 3335 4447 Heusingerum
3381 4376 3451 4434 ad

1857 4445 2143 4501 chhnnr.
2177 4446 2439 4502 Hellcuol.
2474 4445 2609 4501 BUN.

1929 4517 2171 4588 Spei-ant.
2206 4517 2337 4571 Cum
2378 4517 2601 4583 verbum
2633 4516 2736 4571 hoc
2764 4515 2924 4585 etiam
2966 4514 3032 4588 ad
3071 4515 3265 4585 priora,
3314 4519 3443 4575 mali

1855 4587 2076 4657 poenam,
2110 4591 2392 4658 pertineat,
2423 4599 2476 4645 et
2518 4588 2785 4659 signiticet
2814 4602 2957 4659 surpe
2987 4587 3177 4659 timere,
3212 4590 3444 4659 credere,

1851 4656 1970 4714 vide
1996 4656 2337 4730 Quintillib.
2370 4675 2461 4716 vttt
2488 4656 2686 4725 lnsiit.,
2714 4676 2765 4730 e.
2799 4660 2855 4713 2.
2896 4656 3032 4713 Vide
3072 4668 3125 4713 et
3160 4656 3342 4715 Davis.
3376 4662 3446 4723 ad

1849 4732 1990 4799 Epit.
2019 4726 2070 4787 ἒς.
2102 4732 2170 4787 65
2201 4749 2212 4784 :
2246 4732 2411 4802 Spera
2439 4743 2487 4787 et
2525 4731 2613 4786 tibi
2653 4726 2885 4784 accidere
2923 4745 3088 4801 posse,
3128 4731 3267 4799 quod
3295 4732 3447 4788 alteri

1846 4806 2015 4857 videas
2034 4804 2307 4857 accidisse.
2340 4805 2471 4859 Bon.

1920 4875 2138 4939 Impune
2164 4886 2429 4929 vexantur.
2460 4874 2676 4930 Scilicet
2698 4873 2765 4928 ad
2796 4881 3023 4942 tempus.
3055 4871 3292 4929 Offendit
3324 4888 3431 4934 vox

1842 4946 2050 5014 impune
2077 4948 2245 5009 alios;
2272 4947 2393 5000 hinc
2428 4948 2477 5000 in
2505 4946 2650 5014 Lips.
2680 4946 2715 4998 2
2742 4954 2796 4999 et
2819 4945 2874 5007 3,
2906 4953 2989 4998 est
3017 4946 3236 4997 omissa.
3270 4944 3400 4999 BDN.

1915 5018 2017 5071 Cur
2042 5020 2139 5070 ista
2160 5019 2308 5085 ﬁant.
2345 5017 2371 5072 1
2397 5016 2577 5083 Colb.,
2606 5017 2710 5070 Cur
2730 5018 2800 5069 ita
2822 5016 2984 5084 ﬁant;
3016 5014 3133 5069 Em.
3166 5026 3221 5070 et
3242 5014 3435 5085 Bruu.,

1839 5104 1932 5142 cur
1957 5090 2027 5141 ita
2056 5091 2171 5154 ﬁat.

1915 5159 2119 5215 Utrum.
2146 5159 2419 5215 Heuman:
2445 5158 2594 5229 legit,
2623 5174 2688 5211 an
2717 5172 2853 5213 uero.

1912 5232 2041 5299 Qiue
2076 5241 2218 5284 tanta
2260 5247 2417 5283 causa
2454 5227 2546 5299 est.
2590 5229 2669 5283 Ex
2711 5244 2839 5282 mss.
2874 5227 3183 5299 Reg-PM.
3209 5235 3264 5283 et
3290 5227 3326 5281 3
3353 5229 3429 5285 al.

1836 5298 1968 5373 Reg.
2002 5302 2394 5372 Lipsiensibus,
2441 5302 2475 5355 4
2511 5298 2766 5373 Coibert.
2792 5298 3019 5373 aliisque
3063 5299 3301 5373 pluribus
3339 5316 3434 5355 cx-

1837 5368 2022 5442 purixi,
2059 5368 2113 5427 ut
2142 5373 2348 5433 inutile,
2377 5375 2436 5427 τὸ
2477 5370 2787 5443 negligendi,
2826 5368 2969 5443 quod
3004 5379 3087 5443 est
3132 5368 3185 5443 in
3216 5368 3251 5423 4
3285 5384 3430 5443 mss.

1834 5439 1945 5498 rec.
1978 5439 2034 5499 et
2062 5447 2128 5500 15
2155 5444 2311 5497 editis
2334 5460 2348 5508 ;
2376 5445 2424 5495 iu
2450 5443 2484 5496 5
2509 5439 2744 5510 scriptis,
2770 5439 3121 5508 negligentia;
3150 5440 3203 5493 in
3233 5440 3427 5509 tribus,

1832 5524 2003 5569 :an'tu.
2048 5545 2119 5555 ——
2151 5515 2373 5569 Bttnem.
2423 5528 2552 5568 vero
2580 5510 2723 5566 addit
2754 5510 2975 5577 verbum
3022 5510 3339 5580 negligendi,
3373 5522 3429 5568 et

1832 5597 2015 5640 notaui
2038 5598 2352 5659 sequentem
2380 5585 2708 5659 exhibet:—
2732 5582 3109 5659 Qutetantue‘st
3136 5583 3429 5653 negligendi

1831 5670 2006 5711 causa.
2036 5648 2229 5712 Thom.
2265 5658 2316 5710 in
2345 5672 2514 5724 marg.
2548 5671 2609 5705 cx
2645 5653 2775 5724 linit.
2806 5649 2953 5724 citat.
2983 5664 2995 5698 ε
3032 5648 3162 5724 Qum
3188 5648 3329 5707 {auia
3352 5664 3429 5711 est

1831 5730 2150 5800 negligentia:
2202 5719 2671 5800 causa;_t§amquc
2727 5719 3427 5800 lcetiouetdﬂcttmannﬂs

1830 5791 1990 5854 vol-ai
2013 5797 2384 5853 rectissimam.
2414 5796 2621 5849 Lubens
2642 5801 2914 5858 sequerer,
2947 5791 3049 5858 nisi
3078 5791 3326 5850 obstaret
3347 5809 3430 5850 re-

1829 5872 2039 5927 centior
2079 5868 2306 5925 eollator
2334 5863 2688 5922 Bononiensis
2718 5856 2918 5914 codicis
2949 5856 3147 5931 lsaeus,
3175 5866 3267 5936 qui
3301 5865 3430 5943 legit
