4034 6354
633 315 736 374 127

1981 314 2164 372 1³11111.
2211 315 2223 370 Ι

2325 315 2430 370 ΣΤΛ
2444 311 2581 369 NT“
3801 307 3866 369 “3

631 433 727 490 sed
754 435 916 491 etiam
944 431 1174 491 mundus
1201 433 1312 504 ipse
1332 432 1401 488 sit
1433 432 1600 489 vilis?
1630 432 1777 499 ldeo,
1806 435 1998 505 inquit,
2035 437 2216 491 incur-
2245 438 2295 496 Α
2323 435 2437 489 sive
2476 433 2790 497 humanam,
2831 430 2946 486 sive
2983 429 3221 486 divinam
3242 470 3258 497 ,
3285 427 3606 486 acerbitatis
3633 435 3683 484 et
3708 430 3865 483 maliti:

633 537 828 597 ruptus
854 539 935 584 est
969 543 1034 584 ac
1063 529 1266 593 beatus,
1304 526 1425 598 quia
1456 543 1674 599 semper
1705 531 1939 599 quietus.
1966 531 2063 585 Cui
2097 545 2224 599 ergo

631 619 1028 674 administratio
1059 627 1328 675 tantarum
1370 634 1548 673 rerum
1581 620 1765 684 cessit,
1808 621 1854 674 si
1893 620 2006 674 haec
2045 636 2074 674 a
2118 622 2225 676 Deo

632 712 990 782 negligantur,
1023 727 1142 781 qua:
1165 710 1409 766 videmus
1439 713 1648 769 ratione
1668 728 1874 768 summa
1903 713 2226 784 gubernari?

626 814 720 858 aut
743 804 960 873 quietus
988 818 1109 858 esse
1135 803 1408 874 quomodo
1440 813 1636 873 pote5t,
1665 806 1750 873 qui
1783 806 1910 859 vivit
1934 816 1987 860 et
2017 806 2224 862 sentit?

627 895 760 951 Nam
800 895 953 966 quies
992 905 1085 951 aut
1121 896 1297 951 somni
1334 912 1424 952 res
1452 906 1556 962 est,
1597 906 1691 952 aut
1733 899 1944 952 mortis.
1977 899 2083 954 Sed
2126 913 2227 955 nec

624 1003 848 1046 somnus
895 989 1055 1045 habet
1093 989 1350 1061 quietem.
1397 989 1529 1045 Nam
1570 1005 1691 1046 cum
1736 993 1974 1062 soporati
2016 1007 2225 1060 sumus,

623 1097 825 1152 corpus
873 1082 1091 1153 quidem
1133 1083 1383 1153 quiescit,
1425 1083 1638 1138 animus
1679 1093 1855 1139 tamen
1903 1085 2228 1160 irrequietus

624 1176 858 1246 agitatur
889 1192 904 1230 :
944 1175 1206 1247 imagines
1233 1176 1356 1241 sibi,
1389 1192 1524 1246 quas
1551 1187 1742 1232 cernat
1769 1177 2006 1247 effingit,
2040 1189 2097 1232 ut
2126 1193 2226 1233 na-

633 1266 892 1322 turaletno
909 1281 1064 1321 suum
1118 1277 1321 1323 motum
1363 1277 1614 1324 exerceat
1652 1267 1912 1324 varietate
1950 1269 2222 1334 visorum;

632 1368 935 1430 avocatque
954 1374 1014 1415 se
1034 1375 1064 1414 a
1092 1359 1260 1427 falsis,
1285 1359 1410 1414 dum
1440 1362 1678 1416 membra
1699 1371 2034 1429 saturentur,
2064 1378 2128 1418 ae
2148 1363 2228 1417 vi-

626 1467 815 1524 gorem
838 1453 1053 1523 capiant
1079 1452 1148 1509 de
1175 1454 1374 1524 quiete.
1403 1453 1565 1522 Quies
1591 1455 1752 1525 igitur
1782 1456 2108 1525 sempiterna
2139 1471 2226 1510 so-

631 1547 738 1602 lius
766 1546 957 1603 mortis
984 1556 1088 1603 est.
1121 1547 1178 1603 Si
1225 1556 1404 1603 autem
1445 1563 1593 1604 mors
1636 1548 1802 1604 Deum
1843 1564 1949 1603 non
1989 1549 2226 1619 attingit,

636 1638 781 1695 Deus
807 1637 967 1710 igitur
994 1655 1268 1711 nunquam
1289 1640 1500 1712 quietus
1529 1649 1632 1696 est.
1661 1641 1757 1696 Dei
1786 1656 1915 1696 vero
1945 1641 2087 1697 actio
2106 1656 2227 1710 quin

629 1740 805 1803 potest
829 1746 970 1797 esse,
1004 1732 1107 1788 nisi
1138 1731 1321 1787 mundi
1351 1732 1782 1788 administratio?
1811 1734 1866 1790 Si
1893 1747 2020 1790 vero
2041 1733 2226 1789 mundi

2328 528 2543 580 nomine
2573 525 2854 588 infamant,
2897 533 3145 593 putantes
3186 531 3476 578 nocentem
3516 521 3623 576 diei
3657 534 3864 591 oportere,

2327 618 2416 687 qui
2446 626 2704 671 nocentes
2730 614 2895 672 afficit
2928 630 3104 684 pceua.
3130 615 3284 682 Quod
3311 615 3355 670 si
3397 624 3508 680 est,
3541 626 3777 668 nocentes
3804 614 3867 681 igi-

2330 722 2416 767 tur
2451 711 2596 782 leges
2618 711 2903 776 habemus,
2927 725 3047 780 quaa
3080 709 3428 780 peccantibus
3451 707 3710 777 supplicia
3730 722 3868 762 sanxe-

2327 814 2482 868 runt;
2517 813 2780 859 nocentes
2805 801 3040 872 iudices,
3081 801 3172 872 qui
3213 801 3422 857 scelere
3459 799 3729 856 convictos
3761 814 3868 868 ptent

2328 899 2521 968 capitis
2542 897 2805 953 afficiunt.
2831 896 2984 966 Quod
3016 897 3061 952 si
3091 904 3148 951 et
3170 896 3256 950 lex
3286 896 3427 964 iusta
3466 904 3578 958 est,
3607 910 3720 965 qua:
3742 903 3784 949 et
3804 910 3867 949 no-

2327 991 2472 1049 centi
2500 992 2688 1047 tribuit
2715 991 2858 1062 quod
2885 1000 3142 1057 meretur,
3173 1000 3229 1047 et
3244 991 3406 1060 judex
3437 990 3652 1061 integer
3669 1005 3726 1045 ac
3749 989 3868 1044 bonus

2330 1084 2548 1151 dicitur,
2577 1100 2699 1139 cum
2731 1083 2870 1139 male
2902 1084 3040 1139 facta
3072 1083 3307 1138 vindieat
3337 1082 3633 1155 (bonorum
3669 1081 3792 1136 enim
3815 1096 3868 1135 ss-

2329 1177 2496 1233 lutem
2524 1176 2789 1241 custodit,
2815 1175 2907 1246 qui
2937 1177 3111 1232 malus
3139 1175 3338 1248 punit),
3371 1190 3510 1246 ergo
3538 1185 3596 1231 et
3625 1175 3767 1239 Deus,
3789 1190 3867 1228 cum

2329 1270 2484 1325 malis
2512 1269 2687 1333 obest,
2716 1283 2922 1324 noeens
2946 1283 3054 1324 non
3085 1277 3204 1332 est;
3239 1268 3353 1338 ipse
3381 1278 3570 1324 autem
3600 1276 3681 1323 est
3705 1281 3867 1331 nocens,

2328 1365 2418 1436 qui
2443 1373 2536 1418 aut
2564 1362 2838 1419 innocenti
2867 1371 3046 1428 nocet,
3077 1374 3170 1418 aut
3200 1363 3415 1418 nocenti
3448 1364 3646 1433 parcit,
3674 1370 3726 1415 ut
3751 1360 3868 1431 pluri-

2330 1455 2434 1511 bus
2465 1464 2675 1510 noceat.

2401 1551 2557 1607 Libet
2577 1565 2821 1620 quarrere
2841 1551 2910 1606 ab
2925 1551 3011 1614 iis,
3036 1551 3126 1622 qui
3150 1551 3316 1607 Deum
3341 1550 3552 1606 faciunt
3570 1550 3863 1612 immobilem,

2329 1643 2376 1700 si
2402 1645 2524 1715 quis
2553 1644 2748 1700 habeat
2773 1659 2910 1712 rem,
2938 1644 3180 1710 domum,
3212 1645 3498 1711 familiam,
3527 1645 3766 1716 servique
3787 1643 3864 1712 ejus

2330 1744 2743 1793 contemnentes
2775 1735 3092 1806 patientiam
3119 1735 3323 1792 domini
3346 1779 3361 1801 ,
3393 1736 3583 1792 omnia
3621 1734 3868 1796 invaserint,

629 1841 813 1882 curam
855 1826 1013 1895 gerit,
1050 1835 1204 1882 curat
1233 1827 1393 1898 igitur
1437 1826 1713 1882 hominum
1759 1826 1921 1882 vitam
1968 1827 2130 1894 Deus,
2163 1841 2226 1882 ac
2253 1827 2302 1888 B
2331 1828 2432 1898 ipsi
2465 1827 2622 1884 bonis
2649 1827 2769 1897 ejus
2797 1826 3065 1893 fruantur,
3096 1828 3244 1898 ipsos
3286 1829 3492 1885 familia
3524 1829 3646 1901 ejus
3678 1829 3868 1891 honoret,

632 1917 968 1990 singulorum
1000 1928 1153 1975 actus
1195 1919 1593 1987 animadvertit,
1623 1934 1826 1990 eosque
1867 1919 2138 1990 sapientes
2164 1935 2228 1976 ac

632 2009 805 2066 bonos
832 2025 954 2067 esse
977 2011 1270 2067 desiderat.
1301 2011 1428 2068 Haec
1454 2020 1534 2066 est
1560 2012 1812 2067 voluntas
1844 2013 1962 2078 Dei,
1999 2012 2112 2067 hme
2141 2012 2226 2066 di-

625 2102 750 2157 vina
780 2103 896 2167 lex;
924 2118 1085 2173 quam
1113 2103 1204 2173 qui
1227 2103 1490 2174 sequitur,
1515 2105 1606 2174 qui
1632 2104 1906 2169 observat,
1934 2105 2047 2160 Deo
2067 2120 2227 2162 rarus

631 2201 737 2249 est.
763 2192 996 2248 Necesse
1016 2203 1095 2248 est
1122 2193 1304 2264 igitur,
1326 2202 1382 2248 ut
1399 2194 1477 2250 ira
1506 2204 1784 2250 moveatur
1798 2195 2058 2251 adversus
2075 2211 2219 2264 eum,

632 2286 724 2356 qui
748 2285 885 2340 hane
911 2294 1168 2340 aeternam
1199 2287 1542 2357 divinamque
1574 2288 1767 2358 legem,
1800 2298 1891 2342 aut
1921 2289 2223 2355 violaverit,

632 2388 726 2434 aut
747 2380 1034 2450 spreverit.
1065 2379 1120 2436 Si
1139 2390 1316 2444 nocet,
1347 2381 1539 2452 inquit,
1557 2382 1714 2437 alicui
1737 2383 1896 2449 Deus,
1913 2383 2024 2453 jam
2054 2384 2225 2440 bonus

631 2482 868 2528 nonest.
900 2471 1018 2528 Non
1055 2473 1248 2546 exiguo
1279 2473 1534 2530 falluntur
1564 2491 1771 2542 errore,
1809 2477 1900 2548 qui
1938 2491 2220 2532 censuram

2331 1919 2584 1975 dominus
2612 1929 2792 1975 autem
2809 1929 3187 1976 contemnatur
3207 1921 3276 1976 ab
3304 1920 3581 1987 omnibus,
3601 1920 3870 1980 derideatur.

2331 2013 2666 2084 relinquatur
2690 2031 2702 2065 :
2731 2024 2982 2069 utrumne
3009 2014 3224 2084 sapiens
3251 2029 3374 2070 esse
3401 2015 3602 2085 possit,
3629 2014 3716 2085 qui
3739 2023 3871 2069 conu-

2331 2106 2524 2162 melias
2553 2121 2659 2162 non
2688 2105 2944 2174 vindicet,
2973 2108 3194 2179 suisque
3221 2108 3385 2164 rebus
3413 2123 3514 2164 eos
3542 2107 3735 2179 perfrui
3757 2106 3872 2176 patia-

2331 2207 2438 2263 tur,
2473 2199 2525 2254 in
2554 2213 2688 2270 quos
2724 2198 2919 2254 habeat
2959 2201 3320 2270 potestatem?
3346 2201 3480 2268 Quae
3517 2209 3669 2256 tanta
3711 2200 3757 2254 in
3778 2211 3869 2268 qo-

2331 2308 2491 2363 quatn
2535 2301 2713 2363 potest
2749 2293 3005 2363 patientia
3045 2293 3310 2364 reperiri?
3348 2295 3396 2349 si
3436 2303 3623 2350 tamen
3666 2291 3863 2364 patientia

2330 2383 2656 2440 nominanda
2692 2393 2796 2451 est,
2841 2397 2895 2439 et
2938 2399 3042 2440 non
3085 2395 3274 2457 stupor
3309 2386 3534 2458 quidam
3573 2383 3865 2443 insensibilis.

2330 2476 2437 2532 Sed
2469 2476 2623 2532 facile
2652 2485 2736 2532 est
2763 2475 2906 2532 ferre
2946 2487 3336 2549 contemptum.
3367 2477 3511 2548 Quid
3552 2478 3601 2534 si
3646 2477 3765 2533 fiant
3800 2474 3871 2534 illa.

1983 2622 2346 2680 VAIlIOllUlll
2385 2621 2617 2678 ΝΟΤᾸΞ.

631 2760 686 2816 in
717 2760 924 2817 Bonou.
969 2767 1027 2817 et
1053 2759 1188 2816 Tax.
1230 2761 1356 2827 Qua:
1395 2769 1553 2816 tanta:
1600 2762 1902 2832 negligente
1942 2779 2097 2816 causa
2129 2769 2221 2816 est.

712 2853 860 2908 Vilis.
893 2853 1010 2908 Lib.
1046 2869 1116 2908 VII
1143 2853 1496 2919 Iustitution.,
1523 2868 1573 2925 c.
1605 2854 1675 2908 22
1702 2873 1715 2907 :
1744 2853 1943 2910 Cum...
1969 2856 2098 2925 justi
2121 2865 2228 2909 tam

633 2925 755 3052 glas
783 2925 1088 3052 Igrbeantur.
1128 2925 1299 2981 Tacit.
1337 2926 1431 2980 lib.
1462 2941 1480 2981 ι
1525 2924 1720 2980 Annal.
1753 2925 1824 2982 40
1853 2944 1869 2982 :
1900 2924 2102 2983 Si’uilis
2128 2928 2230 2995 ipsi

686 3015 764 3052 us.
841 3013 928 3052 un.

631 2999 764 3053 laus.
793 2999 928 3053 Buu.

702 3068 801 3123 Cui
835 3086 953 3141 ergo
979 3069 1357 3141 administratio
1387 3078 1644 3124 tantarum
1673 3086 1863 3123 rerum.
1887 3069 1976 3126 Sic
2007 3071 2057 3124 in
2091 3085 2224 3126 mss.

629 3140 1142 3213 omnibuslegmet
1181 3142 1234 3196 in
1261 3140 1420 3196 editis
1455 3151 1561 3213 vet.
1603 3141 1760 3195 Rom.
1805 3150 1862 3196 et
1897 3141 2043 3196 Crat.
2091 3141 2226 3197 Vide

632 3211 769 3285 infra
797 3211 991 3267 mundi
1013 3212 1410 3268 administratio.
1457 3212 1514 3268 lu
1555 3213 1768 3269 caeteris
1809 3214 2087 3285 impressis
2117 3223 2222 3281 est,

633 3281 727 3337 Cui
755 3299 874 3354 ergo
901 3285 1226 3339 ministratio.

708 3375 920 3454 Tamen.
951 3377 1042 3454 Sic
1080 3393 1206 3434 mss.
1240 3379 1515 3437 Tltomasii
1549 3398 1561 3435 :
1591 3381 1680 3436 alii
1706 3380 1888 3450 plures
1918 3382 2102 3454 legunt
2129 3400 2226 3436 au-

637 3454 758 3513 tem,
784 3450 962 3503 minus
988 3449 1146 3505 bene.

707 3539 998 3610 Avocatque
1027 3557 1080 3596 se
1106 3558 1136 3594 a
1163 3541 1328 3610 falsis.
1360 3544 1450 3599 Sic
1475 3546 1851 3600 vetustissima:
1880 3545 2144 3600 editiones
2174 3555 2230 3602 et

637 3626 771 3684 mss.
793 3612 831 3666 2
850 3626 960 3684 περ.
987 3622 1042 3667 et
1068 3614 1218 3666 multi
1250 3614 1414 3676 editi,
1449 3615 1628 3684 falsis;
1657 3617 1691 3670 2
1716 3618 1784 3670 al.
1811 3631 1948 3679 rec.,
1973 3617 2035 3670 de
2061 3618 2224 3684 falsis.

635 3711 708 3755 έ-
734 3681 953 3753 Legitur
982 3693 1252 3754 avocatque
1296 3701 1349 3739 se
1393 3681 1540 3755 falsis
1585 3687 1722 3754 apud
1765 3681 2128 3751 Bunemanu.,
2172 3690 2224 3744 in

637 3753 883 3825 hancque
931 3755 1226 3810 variantem
1283 3753 1461 3810 notam
1513 3753 1825 3825 sequentem
1875 3759 2116 3813 exhibet.
2159 3791 2227 3801 ο-

616 3824 924 3895 'Avocatque
962 3842 1015 3879 se
1053 3827 1226 3951 gilsis.
1278 3826 1454 3881 Reim.
1507 3824 1690 3894 prave,
1743 3831 2065 3898 Advocalque
2104 3847 2157 3884 se
2193 3849 2226 3886 a

638 3896 824 3951 falsis:
865 3896 1023 3951 idque
1103 3912 1400 3951 eumannus
1442 3897 1681 3951 defendit
1714 3910 1769 3951 et
1809 3904 2062 3951 exnonit-
2095 3904 2226 3951 Avo-

637 3896 824 3965 falsis;
865 3896 1023 3966 idque
1053 3896 1400 3953 Heumannus
1442 3897 1681 3954 defendit
1714 3910 1769 3955 et
1809 3896 2062 3969 exponit,
2095 3904 2227 3958 Avo-

634 3976 715 4021 cat
742 3985 796 4024 se
835 3985 866 4020 a
908 3969 1054 4037 falsis
1092 3969 1420 4037 imaginibus,
1451 3970 1504 4023 id
1533 3982 1627 4033 est,
1658 3972 1912 4025 somniare
1949 3984 2128 4027 cessat.
2160 3977 2227 4030 Af.

633 4038 820 4113 90th.,
850 4038 1336 4113 Merlon.,_7C.C.C.
1367 4041 1542 4104 Rost.,
1582 4042 1712 4097 Ven.
1753 4045 1908 4109 1471,
1941 4045 2097 4111 H93,
2131 4047 2222 4113 97,

634 4110 806 4184 Paris.
837 4112 975 4168 1515
1001 4121 1054 4168 et
1079 4111 1364 4174 Cellarius,
1393 4113 1680 4183 Avocatque
1705 4131 1758 4170 se
1779 4116 1944 4183 falsis.
1969 4110 2098 4184 Qum
2117 4110 2224 4172 lec;

635 4183 711 4258 tio
749 4192 830 4238 est
871 4184 1231 4258 unicerecta.
1275 4183 1472 4258 Noster
1512 4186 1704 4258 iterum
1748 4187 1816 4242 de
1853 4187 1996 4258 Opif.
2027 4203 2077 4242 c.
2109 4189 2176 4242 18
2209 4207 2221 4242 :

639 4251 708 4327 Ut
738 4270 876 4327 mens
906 4272 994 4322 per
1022 4255 1155 4308 diem
1183 4257 1312 4310 veris
1353 4256 1626 4310 visionibus
1649 4251 1914 4327 avocatur,
1947 4277 2009 4313 ne
2037 4260 2223 4314 obdor~

635 4325 799 4403 vitiati
817 4325 887 4403 ita
911 4327 1054 4394 falsis
1089 4336 1249 4403 nocte
1271 4328 1497 4396 (scilicet
1534 4331 1815 4403 avocatur)
1851 4325 1915 4403 ne
1943 4333 2222 4400 excitetur;

635 4401 692 4474 (ξι
731 4395 928 4451 ibidem
976 4409 1100 4474 ante
1151 4416 1164 4452 :
1217 4395 1471 4474 Avocatur
1506 4416 1625 4471 ergo
1667 4395 1868 4474 (mens)
1910 4395 2218 4471 simulacris,

635 4465 797 4519 donec
841 4469 1061 4544 membra
1105 4485 1287 4539 sapore
1327 4471 1538 4544 irrigata
1561 4465 1888 4544 'vegetentur.
1929 4475 2021 4528 Est
2062 4465 2224 4543 igitur

636 4549 830 4591 sensus
879 4539 1184 4601 verborum,
1241 4549 1301 4594 ut
1343 4539 1536 4596 iterum
1585 4539 1714 4597 ibid.
1773 4543 1922 4598 Mens
1971 4539 2222 4600 visionum

635 4607 941 4681 imaginibus
966 4619 1213 4678 occupata
1243 4621 1467 4676 tenetur;
1497 4622 1551 4666 et
1577 4621 1779 4681 postea,
1811 4615 1958 4668 Mens
1988 4617 2056 4668 ad
2094 4632 2221 4670 con-

638 4679 957 4748 templandas
977 4681 1222 4751 imagines
1243 4682 1306 4735 ab
1337 4679 1614 4737 intentione
1640 4679 1942 4739 traducitur.
1977 4687 2112 4742 BUN.

720 4767 956 4848 Vigorem
981 4772 1187 4848 capiant
1217 4773 1280 4848 de
1303 4773 1484 4848 quiete.
1506 4773 1659 4848 Quies
1681 4776 2218 4848 igitur.'Tbomasius,

635 4858 820 4916 capere
846 4842 1069 4916 vigorem
1090 4843 1153 4897 de
1172 4846 1354 4914 quiete,
1383 4845 1574 4916 inquit,
1607 4842 1761 4902 latine
1786 4865 1886 4904 non
1907 4851 2112 4907 dicitur.
2136 4842 2222 4909 Ea:

637 4915 716 4968 his
745 4922 918 4992 autem
944 4913 1263 4992 denique’re
1290 4916 1443 4992 facile
1458 4913 1629 4992 potuit
1668 4919 1779 4986 ﬁeri
1809 4920 1875 4975 de
1908 4923 2106 4992 quiete,
2137 4925 2222 4979 cui

632 4985 974 5063 postmodum
1002 4985 1182 5039 addita
1214 4985 1475 5063 estdictio
1517 4985 1694 5063 igitur,
1733 5001 1786 5044 ut
1822 4985 2004 5063 aliquis
2046 4985 2221 5052 sensus

636 5055 1161 5139 elicereturﬁeiltior‘
1174 5059 1518 5139 nihilominus
1539 5055 2030 5139 legionemﬁotln,
2045 5067 2219 5139 Lips.,

638 5127 894 5208 Reimm.,
925 5126 1112 5208 I_Jlntr.n,n
1123 5129 1780 5208 caue.‘,_Ar_tglic.,_Rost.,
1799 5134 1931 5208 Yen.
1954 5126 2083 5195 M7!
2103 5126 2216 5208 :72,

639 5199 1137 5279 utr_i_usg‘ue78,_90,
1158 5201 1249 5266 95,
1277 5202 1366 5279 Ψ,
1388 5199 1553 5279 Meg,
1584 5199 1796 5279 P_arrh_.,
1823 5206 2018 5276 Paris.,
2043 5199 2220 5279 Junt.,

633 5269 782 5351 ειμί,
815 5268 988 5335 Crat.,
1014 5269 1240 5351 .Gymnq
1284 5271 1432 5351 Fas,
1455 5273 1702 5351 Αίῖιςγριῃ.ἓ
1735 5268 1922 5351 Torn.,
1969 5268 2216 5351 B'etuleii,

649 5338 885 5425 rigorem
909 5338 1204 5425 capiantde
1227 5338 1424 5425 quiete.
1445 5338 1598 5425 Quies
1627 5338 1785 5425 igitur
1807 5338 2006 5421 (Enim.
2043 5338 2218 5425 ergo):

639 5411 772 5479 Quis
791 5411 931 5466 enim
954 5411 1268 5481 simpliciter
1289 5415 1504 5490 digerit,
1537 5411 1758 5490 membra
1784 5411 2027 5490 saturari,
2056 5411 2221 5480 acuvi-

637 5497 824 5568 gorem
865 5497 1217 5568 caperel'non
1248 5485 1453 5568 addito,
1485 5487 1624 5568 unde
1651 5500 1960 5549 saturentur
1987 5485 2049 5551 ac
2080 5496 2223 5568 vigo-

636 5567 753 5610 rem
785 5555 998 5639 capiant
1008 5555 1040 5639 ?_
1058 5555 1254 5639 Verba,
1279 5556 1420 5639 Dum
1446 5559 1668 5639 membra
1693 5571 1983 5639 saturentur
2007 5585 2068 5621 ac
2084 5555 2223 5639 vigo-

635 5639 745 5710 rem
761 5626 980 5710 fapignt
1005 5627 1068 5684 de
1089 5631 1276 5710 quiete,
1303 5629 1444 5686 idem
1473 5629 1681 5710 dicunt,
1708 5635 1851 5706 quod
1878 5637 1968 5693 illa
1991 5639 2058 5693 de
2077 5626 2222 5710 otia.

639 5695 794 5778 e48
831 5695 1066 5778 inDonee
1099 5695 1323 5756 membra
1362 5719 1545 5778 sopore
1578 5695 1792 5778 irrigata
1825 5695 2143 5778 vegetentur}
2171 5717 2227 5765 et

639 5763 802 5849 infra,
836 5766 1116 5849 Postquam
1144 5790 1280 5828 mens
1301 5776 1369 5828 ad
1398 5763 1820 5845 contemplandas
1843 5763 2088 5849 imagines
2118 5763 2227 5835 ira;

641 5837 797 5892 ducta
818 5848 909 5906 est,
938 5850 1056 5897 tunc
1083 5844 1285 5901 (lentum
1313 5865 1498 5920 corpus
1529 5837 1676 5905 omne
1704 5837 1971 5907 νοερὰ-ξιιιῖ
1998 5855 2048 5907 in
2085 5854 2226 5924 quie-

2330 2771 2447 2815 tem.
2477 2760 2678 2815 Plinius
2703 2759 2794 2814 lib.
2819 2775 2948 2814 xxut
2975 2757 3039 2814 ll.
3065 2757 3127 2813 Ν.
3153 2771 3201 2812 c.
3227 2757 3293 2812 ιε
3319 2755 3446 2811 Oleo
3468 2755 3700 2810 mollitur
3723 2764 3871 2816 corpu.

2330 2833 2552 2904 vigorem
2580 2843 2626 2886 et
2665 2832 2820 2904 robur
2848 2832 3054 2904 accipit.
3088 2829 3167 2904 De
3189 2829 3354 2898 quiete
3378 2829 3552 2904 valet,
3572 2843 3637 2904 ea;
3662 2825 3872 2897 quictr,r1

2329 2898 2530 2973 so'porc,
2585 2919 2734 2958 more
2788 2901 3068 2973 Lactantio
3124 2899 3555 2973 frequenti_,__ubi
3602 2898 3682 2959 de,
3726 2909 3804 2973 pro
3836 2906 3872 2941 α

2332 2966 2499 3043 ponit.
2530 2973 2618 3030 Uti
2665 2989 2794 3028 vero
2823 2989 3005 3043 capere
3047 2966 3293 3034 fructum,
3329 2970 3641 3043 utilitatem,
3683 2966 3872 3043 volupta-

2337 3037 2442 3100 tem
2468 3061 2534 3101 ex
2567 3061 2623 3101 re
2663 3037 2896 3106 dieituri
2937 3045 3016 3098 sic
3045 3044 3206 3098 latine
3236 3042 3339 3097 dici
3369 3059 3555 3109 capere
3595 3037 3870 3110 vigerentde,

2255 3107 2300 3170 C
2335 3117 2419 3172 vel
2451 3134 2512 3171 ea:
2538 3133 2593 3171 re
2615 3159 2628 3181 ,
2664 3117 2793 3170 nihil
2825 3115 3067 3186 impedit.
3100 3115 3230 3169 BUN.
3260 3143 3332 3153 —-
3360 3107 3584 3186 capiant
3629 3107 3690 3186 tle
3724 3107 3869 3186 .quiett.

2336 3189 2492 3252 Quies
2520 3179 2678 3259 igitur
2697 3179 3041 3259 sempiterna.
3066 3186 3170 3259 gSie
3201 3184 3414 3259 reposui
3441 3199 3506 3237 ex
3541 3179 3868 3259 antiquislnss.

2332 3249 2646 3328 Reg-PBL,
2680 3249 2869 3318 Caue'..
2901 3259 2974 3313 al.
3000 3258 3033 3312 4
3060 3257 3215 3328 Begu,
3241 3249 3274 3312 6
3298 3255 3566 3328 Colbert.,
3598 3249 3868 3328 Ultr.,_Et_n.,

2333 3319 2522 3396 Bru'n.,
2557 3319 2740 3386 multis
2768 3329 2926 3384 editis
2970 3337 3025 3384 et
3059 3331 3073 3380 l
3107 3319 3378 3389 αἰαῖ-01η..
3416 3326 3518 3381 nisi
3554 3319 3726 3396 'quod.
3759 3319 3871 3396 habet

2331 3387 2523 3471 capiat:
2551 3402 2577 3456 1
2607 3401 2739 3455 Bon.
2759 3401 2968 3469 Autiq.,
2992 3398 3158 3471 Cant.
3169 3409 3227 3471 et
3245 3399 3278 3452 4
3306 3387 3557 3467 impressi
3577 3387 3785 3466 capiant.
3807 3387 3870 3442 De-

2333 3469 2484 3543 nique
2525 3474 2721 3540 requies
2765 3472 3096 3540 sempiterna.
3142 3469 3290 3525 lianc
3343 3479 3524 3523 tamen
3581 3479 3752 3523 veram
3791 3473 3870 3515 esse

2330 3545 2656 3613 scripturam
2685 3543 2958 3599 existimat
2986 3543 3354 3598 lleumaunus.

2405 3636 2466 3691 Si
2493 3647 2656 3700 uocet,
2682 3636 2874 3704 inquit,
2899 3637 3058 3689 alicui
3089 3635 3247 3688 Deus.
3279 3633 3448 3689 Abest
3489 3633 3655 3699 inquit
3683 3645 3710 3684 a
3737 3639 3870 3704 quaut-

2331 3706 2574 3776 plurimis
2604 3701 2818 3776 scriptis
2855 3716 2911 3762 et
2937 3707 3216 3778 impressis
3247 3722 3260 3758 :
3303 3715 3358 3758 at
3390 3713 3539 3778 extat
3568 3705 3622 3778 in
3661 3701 3869 3778 antiquis-

2329 3773 2479 3850 simis
2512 3795 2643 3834 mss.
2677 3773 3079 3850 liegio-Put.,t
3115 3777 3322 3832 Bonon.
3357 3784 3413 3831 et
3453 3775 3614 3832 editis
3653 3773 3868 3846 Gymnie.

2327 3847 2423 3916 ls.,
2449 3849 2615 3916 Gall.,
2641 3847 2838 3922 Thys.,
2867 3849 3060 3920 Spark.

2401 3943 2702 3997 Acerbitatis
2731 3952 2776 3996 et
2798 3942 3030 3996 malitiae.
3060 3940 3207 3995 Haud
3238 3954 3393 3995 secus
3421 3936 3700 3994 veterrimi
3729 3932 3870 4002 Regio-

2328 4013 2448 4067 Put.
2479 4025 2529 4068 et
2562 4015 2587 4068 1
2639 4013 2872 4078 Bunou.,
2911 4013 3034 4068 edd.
3066 4012 3348 4078 Thomas.,
3388 4008 3483 4077 ls.,
3519 4010 3709 4081 Thys.,
3744 4003 3868 4066 Gall.,

2329 4084 2523 4155 Spark.
2552 4084 2611 4140 In
2638 4085 2756 4139 aliis
2781 4084 2938 4140 deest
2963 4094 3009 4138 et
3033 4085 3261 4138 malitiae.

2401 4177 2502 4244 Qui
2544 4181 2732 4233 scelere
2770 4178 3041 4232 convictos.
3073 4177 3148 4232 Ita
3178 4176 3384 4232 restitui
3410 4190 3477 4231 ex
3507 4171 3866 4246 quamplurimis

2326 4249 2487 4304 editis
2527 4259 2580 4304 et
2609 4249 2860 4304 omnibus
2905 4264 3034 4303 mss.
3087 4249 3333 4318 praeteri
3373 4247 3504 4318 Reg.
3550 4248 3635 4303 cui
3667 4254 3865 4318 estcorj

2327 4331 2486 4388 rupte
2515 4321 2837 4390 conjunctos,
2867 4335 2964 4390 pro
2991 4314 3261 4374 convictos.
3291 4318 3348 4374 lu
3382 4314 3631 4390 pluribus
3655 4314 3868 4390 editis}!-il

2326 4383 2576 4455 conviclo,
2603 4383 3168 4450 ntettdOSeZ—Scelere
3193 4383 3503 4444 convinctos.
3529 4389 3694 4444 Paris.
3719 4383 3868 4442 Scelere

2333 4463 2605 4517 convictos.
2632 4461 2785 4528 Cant.
2815 4463 2998 4525 editio,
3036 4463 3238 4517 Scelere
3267 4463 3515 4528 convicto,
3554 4462 3752 4515 vitiose.
3775 4456 3866 4528 Sue-

2247 4505 2302 4566 Ῑ)
2329 4505 2460 4587 tonii
2489 4543 2592 4599 est,
2617 4505 2895 4590 ululiexi‘ca
2918 4505 3180 4600 indicant,
3205 4534 3257 4588 in
3279 4505 3515 4599 Nerone:
3536 4546 3587 4588 e.
3611 4532 3694 4588 51.
3717 4526 3866 4585 Scelere-

2324 4604 2606 4660 convictus.
2635 4605 2765 4660 Bun.

2397 4695 2520 4766 Ipse
2558 4709 2726 4773 autem
2767 4707 2861 4773 cst.
2912 4698 2983 4754 At
3021 4697 3318 4773 Bttueman.
3360 4695 3418 4752 Is
3455 4705 3624 4752 autem
3662 4685 3864 4773 estaedili

2326 4782 2538 4841 omnes,
2581 4769 2703 4841 Ipse
2732 4771 2901 4824 autem
2925 4779 3018 4824 est.
3054 4770 3260 4825 Bonon.
3289 4767 3348 4841 Is
3365 4778 3439 4824 est
3464 4779 3653 4822 autent.
3685 4766 3861 4841 lignum.

2325 4838 2384 4894 Is
2411 4849 2582 4894 autent
2609 4835 2700 4896 est.
2737 4842 2906 4896 Etiam
2943 4841 3256 4897 Heumanno
3284 4838 3340 4894 Is
3366 4848 3572 4895 rectum
3602 4847 3699 4895 est.
3729 4835 3830 4908 Bas:

2396 4911 2542 4966 Libet
2567 4929 2811 4981 qmerere.
2844 4912 3330 4984 Manuscriptorum
3376 4921 3460 4967 est
3493 4920 3548 4967 et
3585 4911 3618 4966 9
3647 4917 3742 4965 vet.
3768 4899 3860 4959 edit

2323 4983 2383 5038 lu
2415 4985 2444 5037 7
2473 4984 2700 5054 vulgatis
2729 4996 2814 5040 est
2842 4983 3004 5040 Licet.

2393 5075 2734 5148 Immobilem.
2775 5077 2904 5148 Cap.
2945 5075 3017 5130 22
3059 5093 3074 5130 :
3117 5075 3288 5131 Deum
3322 5075 3532 5148 faciunt
3579 5067 3858 5129 immobilem.

2322 5146 2479 5202 Couf.
2513 5159 2624 5203 not.
2656 5149 2692 5202 Ι.
2720 5165 2794 5213 vr,
2822 5146 2873 5203 e.
2905 5150 2970 5204 17
3004 5164 3017 5201 :
3047 5147 3128 5202 Ad
3153 5147 3462 5203 immobilem
3485 5155 3736 5218 stuporem
3760 5150 3859 5192 nteit-

2320 5221 2384 5274 tis
2414 5221 2704 5290 perducere.
2730 5220 2866 5276 BUN.

2399 5314 2584 5390 Qinnia
2600 5315 2892 5390 invaserint.
2917 5316 2983 5390 At
3005 5313 3139 5368 Buu.
3157 5311 3457 5390 additejus,
3477 5307 3858 5390 et‘sictlationtm

2323 5386 2502 5442 reddit
2518 5405 2529 5438 :
2545 5417 2606 5426 —
2631 5385 2817 5440 Omnia
2838 5387 2947 5455 ejus
2960 5385 3257 5440 invaserint.
3274 5382 3356 5438 Ei
3370 5384 3515 5449 Lips.
3529 5383 3566 5437 2
3582 5426 3595 5448 ,
3612 5386 3644 5441 '5
3657 5382 3858 5455 Reinnnq

2325 5457 2501 5532 l_lost.,
2537 5457 2670 5532 \'_en.
2707 5447 2874 5532 liii,
2898 5468 3123 5532 utraque
3149 5455 3240 5520 78,
3272 5457 3361 5521 95,
3386 5447 3478 5532 92,
3502 5447 3670 5532 Pier,
3693 5447 3857 5532 Patria.

2324 5528 2523 5594 Paris.,
2557 5528 2734 5596 Junt.,
2777 5529 2933 5596 lszeo,
2979 5527 3294 5582 Heumanno
3330 5526 3531 5588 scribo,
3579 5526 3755 5596 Omnia
3781 5526 3858 5595 et“

2323 5591 2619 5655 invaserint.
2649 5591 2844 5656 Caneri
2873 5591 2985 5671 ejus
3014 5599 3384 5670 neglexerunt.
3421 5596 3617 5654 Studio
3645 5591 3758 5650 illud
3781 5591 3856 5657 ej!“

2324 5679 2407 5726 ter
2435 5673 2670 5742 repetiit.
2704 5672 2836 5728 Bun.

2327 5855 2340 5866 _
2405 5783 2629 5867 Perfrui.
2664 5786 2832 5867 thier
2860 5788 2940 5844 vis
2967 5788 3018 5844 iu
3042 5787 3341 5859 composito
3367 5785 3648 5843 subinnuit
3669 5785 3855 5841 securam

2327 5860 2717 5928 impunitatem.
2746 5860 2878 5914 lius.
