4034 6354
151 333 252 394 129

1473 293 1670 390 manu
1710 333 1796 390 nr.
1837 332 1951 387 IRA
1995 326 2125 386 nat.

3347 330 3454 389 150

148 467 265 526 quae
305 467 335 506 a
363 451 631 508 Cicerone
672 451 957 507 dicuntur?
990 469 1007 501 ι
1049 449 1260 516 Etenim
1302 466 1508 521 quaero,
1541 454 1587 507 si
1626 453 1747 523 quis
1771 453 1827 514 Α
1853 449 1935 505 lra
1966 448 2289 518 composuit.
2323 467 2342 500 (
2373 449 2454 503 lra
2482 458 2586 516 est,
2611 449 2806 520 inquit,
2834 449 3098 520 cupiditas
3127 451 3455 507 ulciscenda)

149 544 540 618 paterfamilias
579 543 766 600 liberis
807 543 917 598 suis
957 557 987 597 a
1028 556 1186 598 servo
1230 541 1550 610 interiectis,
1582 558 1753 601 uxore

149 636 347 703 occisa,
381 634 604 691 incensa
629 635 815 702 domo,
840 633 1159 705 supplicium
1187 633 1256 708 d_e
1281 649 1440 692 servo
1460 649 1568 691 non
1590 651 1750 706 quam

149 729 478 788 acerrimum
509 729 838 799 sumpserit;
869 737 1046 784 utrum
1080 727 1128 784 is
1168 729 1409 786 clemens
1441 743 1503 785 ac
1543 728 1753 784 miseri-

149 835 294 892 cors,
323 838 394 880 an
423 821 830 878 inhumanus'et
854 821 1257 878 crudelissimus
1279 837 1402 879 esse
1429 822 1706 878 videatur?
1725 840 1746 875 ι

153 915 304 985 Quod
340 917 387 974 si
418 912 689 987 ejusmodi
744 913 1066 970 facinoribus
1110 913 1390 986 ignoscere
1425 914 1752 972 crudelitatis

153 1020 238 1070 est
273 1011 454 1083 potius
498 1023 662 1082 quam
705 1007 952 1078 pietatis;
1005 1022 1113 1064 non
1154 1016 1238 1064 est
1278 1022 1408 1078 ergo
1446 1007 1657 1063 virtutis
1697 1008 1750 1062 in

155 1108 288 1176 Deo,
315 1107 383 1163 ad
409 1121 496 1174 ea,
528 1120 649 1176 qua:
677 1104 877 1174 injuste
908 1104 1069 1172 ﬁunt,
1104 1119 1209 1159 non
1239 1103 1588 1160 commoveri.
1617 1102 1750 1158 Nam

155 1200 386 1257 mundus
425 1209 678 1269 tanquam
726 1197 817 1251 Dei
859 1196 1052 1253 domus
1101 1205 1202 1262 est,
1247 1206 1304 1252 et
1348 1195 1597 1250 homines
1637 1205 1754 1250 tan-

155 1309 312 1366 quam
343 1293 484 1349 servi
513 1309 526 1344 :
556 1290 749 1362 quibus
769 1289 815 1344 si
843 1289 1074 1344 ludibrio
1101 1290 1174 1344 sit
1203 1303 1398 1344 nomen
1416 1289 1554 1358 ejus,
1581 1289 1753 1360 qualis

156 1392 248 1440 aut
297 1390 494 1455 quanta
541 1380 795 1451 patientia
839 1390 944 1444 eSI,
975 1388 1033 1434 ut
1072 1378 1371 1434 honoribus
1415 1379 1527 1434 suis
1571 1377 1758 1448 cedat,

157 1475 319 1549 prava
352 1485 407 1532 et
439 1475 621 1547 iniqua
654 1474 766 1530 ﬁeri
797 1472 999 1537 videat,
1032 1481 1220 1528 etnon
1252 1473 1577 1542 indignetur,
1607 1471 1752 1543 quod

159 1568 434 1642 proprium
483 1576 538 1622 et
577 1565 820 1621 naturale
864 1575 948 1620 est
978 1564 1049 1630 ei,
1099 1565 1184 1620 cui
1233 1574 1449 1634 peccata
1491 1580 1598 1618 nou
1641 1564 1755 1634 pla-

1853 541 2084 612 injuriaa.
2115 541 2242 607 Alii,
2272 551 2330 596 ut
2357 541 2438 596 ait
2480 541 2806 598 Posidonius
2827 585 2842 609 ,
2884 542 3149 615 cupiditas
3195 543 3455 615 puniendi

1851 631 1990 702 ejus,
2021 647 2053 688 a
2071 647 2176 704 quo
2198 640 2249 687 te
2278 631 2460 703 inique
2481 642 2639 704 putes
2666 634 2878 689 lassum.
2910 652 2931 688 ι
2954 633 3182 703 Quidam
3212 635 3286 691 ita
3313 635 3454 691 deﬁ-

1852 727 2070 783 nierunt
2093 745 2105 780 :
2129 747 2146 780 ‹
2166 725 2247 781 Ira
2273 734 2356 782 est
2376 727 2617 784 incitatio
2638 728 2805 784 animi
2834 727 2902 784 ad
2928 729 3234 786 nocendum
3260 729 3314 786 ei
3337 729 3452 802 qui,

1853 829 1948 875 aut
1973 820 2178 886 nocuit,
2209 829 2302 875 aut
2333 833 2531 876 nocere
2575 820 2766 876 voluit.
2803 839 2823 874 ›
2861 822 3165 880 Aristotelis
3209 821 3456 879 deﬁnitio

1853 928 1963 968 non
1995 912 2221 967 multum
2244 927 2274 966 a
2299 922 2480 968 nostra
2505 913 2676 969 abest.
2706 913 2797 968 Ait
2820 915 2963 970 enim
2995 915 3128 971 iram
3160 929 3283 972 esse
3302 915 3456 985 cupi-

1852 1004 2075 1061 ditatem
2100 1003 2299 1059 doloris
2319 1004 2671 1074 rependendi.
2696 1004 2823 1060 Haec
2847 1012 2930 1059 est
2948 1007 3049 1070 ira,
3068 1004 3136 1060 de
3162 1021 3266 1078 qua
3293 1021 3457 1078 supe-

1853 1100 1968 1154 rius
1997 1097 2265 1165 diximus,
2303 1095 2536 1167 injusta;
2588 1113 2707 1168 qua:
2756 1097 2922 1152 etiam
2975 1099 3140 1154 mutis
3181 1100 3324 1156 inest
3356 1119 3369 1155 :
3399 1103 3453 1158 in

1854 1191 2074 1248 homine
2102 1206 2230 1247 vero
2246 1190 2545 1246 cohibenda
2575 1200 2679 1256 est,
2713 1206 2781 1245 ne
2811 1189 2878 1245 ad
2907 1190 3132 1262 aliquod
3160 1192 3455 1251 maximum

1853 1284 2056 1339 malum
2081 1283 2328 1354 prosiliat
2357 1299 2451 1355 per
2478 1282 2736 1340 furorem.
2771 1283 2898 1344 Haec
2927 1285 2979 1339 in
3038 1284 3155 1341 Deo
3181 1301 3304 1343 esse
3347 1304 3454 1345 non

1853 1389 2057 1451 potest,
2087 1382 2210 1452 quia
2250 1381 2528 1437 illaesibilis
2557 1391 2674 1446 est;
2718 1382 2773 1436 in
2806 1381 3025 1438 homine
3065 1392 3281 1448 autem,
3334 1384 3458 1452 quia

1853 1471 2058 1542 fragilis
2087 1483 2194 1542 est,
2225 1474 2520 1529 invenitur.
2552 1473 2721 1529 lnurit
2747 1472 2892 1529 enim
2917 1475 3066 1530 lzesio
3094 1474 3373 1540 dolorem;
3403 1491 3461 1534 et

1853 1565 2011 1622 dolor
2032 1567 2162 1622 facit
2191 1568 2413 1623 ultionis
2443 1567 2812 1637 cupiditatem.
2853 1568 2955 1624 Ubi
2986 1578 3070 1624 est
3097 1583 3228 1641 ergo
3258 1570 3347 1625 illa
3377 1570 3455 1625 ira

162 1661 353 1717 eeant?
382 1659 547 1716 Irasci
586 1674 715 1730 ergo
752 1657 977 1724 rationis
1002 1665 1115 1723 est;
1149 1656 1466 1713 auferuntur
1488 1658 1634 1713 enim
1660 1657 1754 1714 de-
1850 1658 1993 1730 justa
2024 1661 2286 1717 adversus
2313 1661 2725 1733 delinquentes?
2762 1677 2882 1732 qua:
2908 1663 3092 1732 utique
3119 1677 3226 1717 non
3251 1671 3335 1718 est
3360 1678 3450 1718 cu-

164 1752 324 1822 licta,
352 1760 407 1808 et
451 1752 768 1808 refrenatur
797 1749 1043 1816 licentia,
1083 1749 1227 1821 quod
1269 1750 1453 1821 utique
1481 1749 1626 1820 juste
1661 1764 1754 1805 sa-

171 1846 480 1917 pienterque
512 1843 590 1898 ﬁt.

237 1939 341 1995 Sed
389 1938 553 1994 Stoici
607 1951 710 1992 non
755 1937 1005 1992 viderunt
1041 1951 1162 1992 esse
1198 1935 1488 1994 discrimen
1531 1937 1664 1994 recti
1695 1945 1752 1994 et

166 2033 346 2105 pravi;
377 2047 497 2088 esse
524 2034 654 2088 iram
675 2032 875 2104 justam
909 2041 962 2087 et
1006 2031 1298 2104 injustam:
1327 2043 1382 2089 et
1419 2016 1751 2105 quia.mede-

164 2127 267 2184 lam
286 2127 363 2183 rei
385 2141 491 2182 non
519 2127 879 2193 inveniebant,
899 2127 1185 2182 voluerunt
1210 2141 1329 2181 eam
1361 2128 1575 2197 penitus
1599 2127 1750 2182 exci-

165 2219 308 2276 dere.
339 2217 679 2288 Peripatetici
710 2232 838 2274 vero
866 2233 973 2273 non
1001 2216 1376 2281 excidendam,
1410 2218 1505 2273 sed
1548 2228 1752 2288 tempe-

165 2311 384 2369 randam
403 2326 526 2369 esse
553 2311 806 2367 dixerunt
831 2328 843 2364 :
877 2311 1072 2382 quibus
1099 2311 1150 2366 in
1191 2322 1344 2367 sexto
1373 2312 1512 2368 libro
1542 2311 1752 2368 Institu-

168 2407 362 2464 tionum
402 2407 534 2462 satis
579 2405 978 2478 respondimus.
1028 2405 1277 2463 Nescisse
1306 2416 1488 2463 autem
1519 2407 1753 2478 philoso-

164 2497 316 2570 phas,
344 2513 464 2570 quae
489 2497 625 2554 ratio
651 2506 795 2554 esset
821 2498 935 2564 irae,
970 2507 1194 2568 apparet
1232 2513 1300 2554 ex
1347 2498 1750 2556 deﬁnitionibus

161 2607 367 2662 eorum,
411 2605 545 2665 quas
587 2589 794 2647 Seneca
824 2590 1162 2647 enumeravit
1191 2591 1242 2646 in
1275 2590 1464 2660 ,libris,
1506 2606 1642 2662 quos
1681 2591 1752 2649 de

1856 1756 2056 1824 piditas
2087 1756 2326 1822 ultionis,
2358 1757 2480 1826 quia
2510 1771 2614 1811 non
2649 1755 2906 1826 praecedit
2932 1755 3151 1826 injuria.
3185 1755 3301 1811 Non
3333 1756 3460 1813 dico

1781 1841 1830 1902 B
1856 1844 1923 1902 de
1953 1847 2020 1901 iis
2044 1847 2136 1917 qui
2164 1847 2424 1902 adversus
2456 1847 2602 1918 leges
2631 1856 2887 1918 peccant,
2916 1846 3112 1918 quibus
3159 1846 3265 1903 etsi
3290 1848 3457 1918 judex

1857 1939 1975 1995 sine
2000 1939 2228 1996 crimine
2259 1940 2415 1995 irasci
2445 1948 2670 2010 postest,
2692 1939 2959 2010 ﬁngamus
2979 1948 3178 2008 tamen,
3215 1956 3338 1997 eum
3369 1955 3459 1997 se-

1857 2031 1983 2086 dato
1999 2031 2182 2086 animo
2203 2047 2325 2088 esse
2343 2033 2565 2101 debere,
2589 2048 2713 2089 cum
2731 2033 2949 2104 subjicit
2963 2049 3136 2104 paena:
3150 2043 3455 2101 nocentem,

1856 2125 1981 2197 quia
2011 2126 2187 2195 legum
2225 2126 2294 2180 sit
2340 2126 2618 2192 minister,
2654 2141 2762 2182 non
2792 2126 2994 2193 animi,
3045 2136 3140 2182 aut
3171 2127 3462 2198 petestatis

1857 2235 2001 2284 suae;
2034 2221 2113 2275 sic
2153 2218 2300 2274 enim
2339 2219 2548 2286 volunt,
2579 2220 2668 2290 qui
2714 2221 2849 2275 iram
2899 2229 3170 2276 conantur
3199 2220 3458 2277 evellere.

1857 2311 1964 2368 Sed
1991 2311 2058 2367 de
2085 2311 2151 2367 iis
2177 2311 2517 2382 potissimum
2543 2310 2684 2380 dico,
2710 2313 2803 2383 qui
2832 2323 2960 2369 sunt
2982 2323 3180 2370 nostra:
3211 2322 3452 2384 potesta-

1854 2403 1945 2468 tis,
1975 2414 2033 2458 ut
2063 2403 2227 2469 servi,
2259 2403 2455 2469 liberi,
2483 2404 2740 2474 conjuges
2765 2412 2822 2460 et
2847 2403 3099 2475 discipuli
3130 2421 3145 2458 :
3177 2419 3313 2475 quos
3333 2419 3461 2460 cum

1860 2495 2176 2567 delinquere
2197 2496 2466 2566 videmus,
2499 2498 2787 2554 incitamur
2815 2498 2882 2554 ad
2904 2496 3288 2554 coercendum.

1925 2591 2158 2649 Necesse
2208 2602 2290 2650 est
2319 2594 2464 2650 enim
2503 2593 2647 2652 bono
2690 2608 2754 2650 ac
2781 2593 2930 2666 justo
2977 2592 3290 2665 displicere,
3335 2606 3459 2664 quas

1489 2731 1852 2791 VARIORUM
1880 2731 2112 2791 NOTE.

159 2877 199 2904 θ’
230 2873 555 2945 Supplicium
577 2874 640 2928 de
663 2889 805 2929 servo
828 2889 928 2928 non
953 2889 1106 2942 quam
1126 2871 1428 2926 acerrimum
1449 2871 1742 2942 sumpserit.

159 2944 216 3002 in
238 2944 492 3002 omnibus
521 2945 779 3000 Lactantii
809 2961 938 2999 mss.
973 2955 1027 3000 et
1054 2945 1175 3000 edd.
1201 2955 1284 2998 est
1306 2960 1427 2999 cum
1461 2948 1748 3015 negatione

159 3017 247 3075 hic
287 3020 474 3084 locus;
524 3017 665 3087 apud
715 3017 1034 3072 Ciceronem
1081 3017 1231 3071 Orat.
1283 3016 1314 3070 4
1364 3021 1414 3070 in
1459 3014 1745 3071 Catilinam

158 3105 206 3146 (ε.
239 3091 292 3156 6,
326 3083 484 3161 quam
522 3083 926 3161 acerbissimum,
958 3089 1077 3143 sine
1111 3087 1483 3161 negationem
1527 3089 1751 3161 quibus-
1776 3083 1822 3146 C
1856 3089 2066 3161 aliquod
2109 3089 2392 3161 maximum
2445 3084 2639 3161 malum

169 3161 289 3217 dam
328 3159 537 3217 editis:
572 3159 862 3214 Lambinus
905 3174 1056 3222 vero,
1106 3160 1287 3219 lszrus.
1333 3159 1529 3227 aliique
1573 3160 1754 3229 legunt

163 3250 263 3289 non
291 3250 448 3303 quam
475 3232 799 3286 acerrimum.
833 3231 899 3286 Et
922 3230 991 3303 ita
1023 3229 1163 3303 apud
1194 3229 1548 3303 Lactantium.

195 3370 198 3372 γ
227 3299 333 3360 Sed
362 3305 512 3360 stoici
539 3320 640 3357 non
662 3305 912 3357 viderunt.
947 3301 1306 3358 Perturbatio.
1335 3302 1495 3361 πάθος
1519 3342 1532 3365 ,
1579 3311 1638 3356 ut
1663 3299 1754 3356 Ci-

156 3390 280 3431 cero
318 3378 371 3431 in
418 3374 456 3428 4
487 3374 650 3430 Tusc.
682 3390 746 3430 ex
779 3374 1013 3429 Zenonis
1057 3373 1328 3428 sententia
1385 3373 1574 3426 detinit
1601 3414 1615 3436 ,
1674 3381 1755 3427 est

157 3463 348 3503 aversa
371 3462 400 3501 ιι
435 3455 586 3503 recta
619 3448 824 3502 ratione
855 3454 1042 3502 contra
1061 3456 1305 3499 naturam
1329 3442 1490 3498 animi
1517 3458 1758 3498 commo-

155 3520 252 3574 tio.
280 3519 516 3586 Quidam
544 3518 836 3588 appetitum
853 3515 1341 3591 vehementiorem,
1365 3515 1524 3591 ὁρμήν
1540 3516 1756 3591 1:);on-

156 3595 346 3662 ζουσαν
368 3609 382 3646 ε
412 3591 553 3645 iram
580 3586 838 3662 autemtll
856 3587 1082 3662 formam
1096 3586 1325 3662 libidini,
1424 3588 1682 3662 ἐπεθνμίᾳ,
1699 3586 1760 3640 Ιί-

155 3661 394 3718 bidinem
414 3675 555 3717 vero
577 3660 962 3730 perturbationi
989 3658 1300 3729 subjiciunt,
1317 3658 1394 3712 sie
1408 3658 1653 3730 delinieii;
1647 3670 1757 3712 tes:

156 3731 236 3788 Ira
269 3744 352 3790 est
379 3732 548 3789 libido
577 3728 714 3801 ejus,
757 3731 846 3801 qui
880 3728 1098 3785 videtur
1129 3730 1332 3785 laesisse
1357 3729 1569 3799 injuria.
1615 3728 1760 3797 Ergo

154 3805 306 3861 stoici
335 3805 781 3876 posueruntiram
800 3802 941 3876 inter
967 3801 1185 3876 mgrbos
1206 3801 1412 3876 etvitia.
1434 3801 1755 3876 Barrus-nus.

229 3872 448 3931 Pcnitus
503 3876 754 3929 excidere.
807 3873 954 3944 Lips.
1005 3872 1187 3944 Tert.,
1235 3872 1516 3944 occidere,
1565 3873 1755 3939 ann.,

159 3946 373 4003 Peuitus
414 3947 733 4002 exscindere.
767 3942 1044 4015 Sic’sazpe
1074 3943 1289 4000 variare
1330 3942 1442 4000 dixi
1469 3944 1536 4000 ad
1578 3944 1672 4001 lib.
1703 3959 1758 4014 v,

157 4035 276 4092 cap.
310 4022 384 4077 5:
416 4018 678 4074 Horatius
706 4017 803 4072 lib.
834 4032 896 4081 ιι,
924 4017 1036 4072 Sat.
1062 4016 1096 4072 5
1128 4033 1142 4071 :

308 4138 546 4199 Denique
571 4143 813 4199 quatenus
835 4135 996 4185 excidi
1025 4138 1234 4199 penitus
1256 4136 1431 4186 vitium
1456 4136 1544 4183 ira:

307 4195 510 4254 Caetera
531 4195 651 4248 item
672 4207 925 4262 nequeant
940 4195 1104 4248 stultis
1123 4199 1383 4248 haerentia.
1637 4195 1760 4246 Bos.

226 4303 320 4359 Ira
346 4305 656 4376 esttinquit,
679 4302 956 4376 cupiditas,
975 4301 1284 4376 ulciscenda:
1302 4299 1762 4376 injuriw._S_enect1

159 4375 250 4433 lib.
287 4376 399 4432 Ide
445 4373 565 4440 Ira,
609 4390 730 4442 cap.
764 4373 843 4428 5‘:
891 4373 1126 4426 Primum
1155 4374 1380 4426 diximus
1427 4373 1764 4442 cupiditatem

157 4464 264 4503 esse
286 4463 451 4518 paenae
469 4446 754 4516 exigendis.
785 4443 867 4500 Ad
891 4445 1386 4518 vomunt/diximus,
1424 4454 1757 4518 commenta—

1851 2870 2180 2938 necessaria,
2213 2870 2341 2943 quia
2380 2869 2449 2926 de
2476 2872 2555 2924 ira
2575 2869 2724 2941 justo
2750 2879 2872 2939 post
2898 2868 3160 2943 loquitur:

1929 2943 2011 2999 Ne
2034 2945 2101 2998 ad
2122 2937 2335 3014 aliquod
2355 2937 2635 3014 magnima'm
2654 2937 2881 3014 ηιαὶιιηι.Δ
2897 2937 3100 2996 ῐιίίῐηε.
3126 2937 3457 3014 Regio-Pot.
3555 2991 3558 2994 .

1852 3031 1974 3072 cum
2009 3011 2401 3071 multis'editis.
2430 3012 2489 3067 In
2541 3012 2809 3082 plerisque
2852 3011 3004 3067 deest
3035 3011 3252 3065 malum.
3283 3043 3355 3052 —
3379 3013 3464 3068 Ad

2688 3084 2944 3154 prosiliat.
3001 3083 3322 3138 Necessario
3373 3085 3464 3140 hic

1857 3154 2253 3214 substantivum
2280 3157 2609 3212 addendum.
2645 3154 2732 3210 Sic
2761 3169 2810 3209 c.
2846 3155 2913 3209 18
2937 3170 2950 3208 :
2971 3154 3107 3208 Hinc
3134 3154 3364 3222 quotidie
3393 3156 3465 3209 ad

1857 3232 2105 3283 immania
2155 3231 2388 3300 facinora
2432 3227 2736 3300 prosililur;
2769 3236 2823 3300 et
2875 3225 3012 3300 inira
3058 3244 3071 3280 :
3119 3223 3354 3300 Eundem
3393 3227 3464 3281 ad

1860 3302 2028 3372 majus
2056 3296 2266 3372 malum.
2304 3301 2442 3370 Epit.
2476 3315 2525 3354 c.
2555 3298 2666 3372 6i:
2699 3297 2934 3372 Indead
2959 3296 3204 3372 immania
3227 3299 3463 3372 lucinam

1861 3367 2150 3440 prosilitur;
2179 3367 2376 3441 ubique
2405 3385 2532 3426 vero
2561 3369 2786 3441 adtuon
2818 3371 2909 3441 in,
2942 3379 2998 3423 ut
3027 3371 3080 3424 in
3112 3367 3305 3441 Parrh.
3337 3370 3467 3425 dici-

1863 3438 1984 3514 tur;
2015 3442 2139 3496 hinc
2169 3443 2248 3495 bis
2276 3438 2366 3496 lib.
2396 3455 2618 3514 vr,_cap.
2649 3440 2703 3506 5,
2736 3450 2791 3495 et
2817 3439 2908 3494 lib.
2941 3457 3015 3508 v1,
3049 3455 3169 3511 cap.
3215 3438 3316 3495 l8:
3345 3459 3467 3514 pro-

1859 3513 2000 3569 silire
2027 3514 2098 3568 ad
2130 3513 2435 3568 nocendum.
2471 3512 2602 3573 BUN.

1932 3604 2234 3678 Illazsibilis.
2267 3605 2411 3678 Rara
2433 3621 2554 3670 vox,
2585 3603 3242 3678 quam_u_ullibireperire
3287 3608 3462 3678 potui.

1861 3709 1932 3719 —
1958 3677 2177 3749 Legitur
2201 3677 2345 3748 apud
2397 3674 2700 3732 Buneman.
2741 3674 3098 3749 llleﬂstabilis
3118 3719 3138 3749 ε
3163 3688 3219 3733 et
3247 3674 3304 3734 iii
3326 3679 3467 3734 hanc

1861 3747 2160 3808 variantem
2193 3747 2373 3804 nOtam
2399 3760 2714 3816 sequentem
2743 3747 2993 3803 exhibet:
3017 3780 3086 3790 --
3111 3747 3216 3804 Ille
3240 3751 3460 3806 stabilis.

1862 3823 2064 3880 Omnes
2108 3822 2404 3887 editiones,
2439 3818 2746 3874 illwsibilis:
2785 3821 2948 3874 etiam
2997 3819 3108 3875 duo
3153 3820 3464 3884 Guellerb..

1862 3893 2153 3958 illwsibilis,
2200 3904 2256 3948 et
2299 3891 2543 3960 sequitur
2586 3890 2746 3945 lwsio.
2797 3888 3055 3956 Suspecta
3087 3891 3217 3947 mihi
3259 3893 3466 3949 dudum

1863 3967 1976 4022 visa
2003 3981 2102 4020 vox
2145 3963 2436 4032 illtrst'bt'lis,
2468 3979 2570 4034 qua
2597 3961 2724 4016 alibi
2748 3975 2970 4034 semper
2995 3963 3290 4029 abstinuit;
3321 3964 3467 4018 unde

1863 4053 1914 4092 c.
1951 4037 2048 4091 l7:
2082 4035 2232 4091 Nihil
2257 4047 2349 4102 est,
2373 4031 2510 4107 quod
2537 4036 2582 4089 ei
2609 4031 2765 4107 (Deo)
2797 4032 2902 4107 vim
2933 4034 3104 4107 possit
3131 4034 3374 4107 inlerre;
3407 4043 3466 4089 et

1863 4125 1916 4164 c.
1945 4109 2007 4164 5:
2039 4109 2127 4179 qui
2157 4107 2276 4162 lzedi
2311 4104 2415 4162 non
2459 4115 2653 4176 potest.
2687 4104 2904 4179 Optime
2951 4105 3068 4179 lure
3115 4105 3466 4179 ratio__alte_ri

1864 4174 2134 4250 sequenti,
2163 4181 2283 4249 quia
2307 4174 2509 4250 fragilis
2534 4186 2627 4240 est,
2657 4176 2965 4250 opponitur.
2998 4174 3089 4250 lta_
3103 4189 3221 4250 cap.
3259 4176 3327 4250 15
3355 4195 3365 4230 ;
3397 4176 3465 4232 1η

1866 4246 2137 4305 homine...
2159 4246 2316 4322 quiar'
2334 4246 2536 4322 frugilis
2562 4257 2622 4322 et,
2641 4247 2869 4322 mortalis
2898 4258 3041 4322 est...
3071 4246 3126 4322 in
3151 4246 3259 4303 Deo
3285 4248 3465 4322 locum

1866 4339 1971 4378 non
2005 4319 2185 4387 habet,
2218 4319 2342 4391 quia
2369 4333 2422 4376 et
2453 4319 2713 4391 fragilitas
2733 4319 3138 4391 etinteritus‘a‘b
3164 4333 3231 4374 eo
3251 4319 3468 4378 alienus

1867 4405 2017 4448 est...
2047 4393 2134 4462 qui
2162 4389 2360 4461 semper
2389 4389 2591 4519 gutum—ts
2619 4401 2714 4455 est,
2748 4390 2797 4444 id
2827 4401 2930 4456 est,
2961 4389 3173 4446 stabilis
3204 4400 3307 4446 est.
3359 4392 3465 4448 Ea-

1869 4466 1990 4519 dem
2037 4463 2306 4519 oonositio
2350 4464 2383 4518 li
2432 4505 2442 4516 .
2479 4479 2509 4516 v
2542 4462 2807 4519 lustitut..
2862 4478 2980 4519 cat).
3023 4463 3086 4516 21
3128 4480 3142 4517 :
3188 4459 3462 4519 Cornus...

1869 4466 1990 4519 dem
2037 4459 2306 4534 oppositio
2350 4459 2442 4519 lib.
2479 4479 2509 4516 v
2542 4462 2807 4534 lustituL,
2862 4478 2980 4534 cap.
3023 4463 3142 4534 εἰς
3188 4459 3462 4534 Corpus...

163 4528 248 4573 tur
269 4513 349 4602 ita
381 4513 645 4610 Lipsius:
685 4531 876 4610 nempe
905 4517 956 4570 in
989 4517 1073 4581 iis,
1118 4513 1313 4610 que-0
1361 4514 1640 4610 Lactantio
1673 4531 1755 4571 re-

1868 4513 2198 4603 intbecillrurm,
2228 4535 2434 4610 fragile,
2466 4531 2764 4610 mortale”:
2785 4513 2985 4610 (iniuriis
3006 4533 3206 4610 stabilis
3244 4513 3468 4591 etrcons-

156 4591 427 4659 ponimus.
451 4586 525 4643 Et
556 4589 648 4643 lib.
682 4604 718 4642 ιι
748 4589 814 4642 de
855 4586 957 4649 Ira.
986 4602 1104 4658 cap.
1137 4588 1190 4652 3,
1222 4586 1293 4640 ait
1327 4606 1338 4640 :
1370 4586 1463 4659 Ira
1513 4597 1586 4640 est
1635 4604 1756 4642 con-

158 4663 331 4787 citatéo
381 4661 546 4715 animi
575 4661 641 4714 ad
671 4661 915 4714 ultionem
958 4661 1218 4715 voluntate
1255 4667 1298 4712 et
1317 4658 1521 4729 judicio
1546 4675 1757 4730 pergen-

162 4743 242 4787 tis.
321 4748 449 4787 ELL.

162 4734 242 4788 tis.
273 4734 449 4788 CELL.

233 4806 334 4859 Alii
392 4806 428 4876 ί(
458 4811 517 4857 ut
569 4800 690 4876 ait)
745 4801 1075 4876 Posidonius.
1138 4801 1364 4876 Siclego
1397 4817 1541 4876 Acum
1592 4801 1753 4876 Lam-

162 4875 318 4937 bino.
374 4871 748 4939 G‘othol‘redo,
803 4873 1064 4939 Francia,
1115 4871 1340 4942 aliisque
1378 4871 1554 4926 doctis
1596 4875 1756 4939 viris;

163 4962 266 5003 non
290 4946 659 5008 Possidonius,
690 4953 748 5000 ut
774 4945 826 4999 in
852 4958 982 4999 mss.
1013 4953 1068 4999 et
1105 4943 1264 5000 editis
1290 4943 1512 4998 nostris.
1543 4944 1761 4998 Posido-

161 5019 300 5080 nius.
324 5018 467 5074 forte
495 5035 522 5072 a
550 5016 821 5078 Ποσείδων.
851 5015 1148 5086 Neptunus,
1180 5016 1253 5069 ait
1281 5015 1636 5071 Francius.-—
1658 5015 1762 5068 Bu-

163 5103 379 5145 neman.
410 5105 545 5145 vero
575 5089 772 5144 habet:
799 5087 920 5154 Aut,
954 5097 1008 5141 ut
1027 5088 1118 5151 ait,
1146 5097 1198 5141 et
1235 5097 1418 5141 notam
1449 5096 1758 5158 sequentem

163 5159 702 5228 exhibet:—Goth.,
730 5159 900 5229 Lips.,
926 5159 1254 5222 Reimm.,et
1279 5159 1407 5214 editi
1431 5158 1756 5222 :Alii,utait,

165 5231 320 5298 Pen.,
355 5231 475 5298 Vel,
506 5242 560 5286 ut
593 5233 685 5286 ait.
714 5231 946 5298 Bonon.,
978 5230 1096 5293 Aut,
1128 5241 1185 5285 ut
1223 5232 1316 5285 ait.
1365 5231 1512 5285 llunc
1541 5243 1756 5298 sequor.

163 5300 351 5358 Posset
378 5313 559 5359 tamen
587 5317 690 5356 vox
721 5303 810 5374 alii
830 5318 1041 5374 quoque
1071 5303 1158 5359 hic
1184 5305 1360 5358 locum
1393 5302 1622 5374 habere;
1651 5315 1760 5354 nnn

165 5385 369 5429 tantum
400 5375 546 5429 enim
577 5370 916 5438 Posidonius,
949 5370 1044 5429 sed
1071 5375 1233 5428 etiam
1257 5374 1404 5428 Zeno
1430 5370 1582 5435 dixit,
1618 5380 1758 5427 teste

165 5443 412 5522 Laenio:
436 5445 617 5522 Ὠργήν
637 5446 904 5522 tramam.
925 5448 1225 5522 τιμωρίαςη
1242 5446 1370 5500 BUN.

201 5515 404 5640 liram.
431 5511 657 5584 Aristot.
689 5532 726 5572 ιι
756 5511 1004 5584 Ιξιιυιονξ,
1040 5511 1158 5586 c'ap.
1198 5516 1254 5580 2,
1287 5526 1339 5572 et
1374 5511 1515 5584 apud
1558 5511 1758 5568 Senec.

201 5633 202 5638 η
228 5606 256 5640 il
283 5605 476 5640 SIIDI'R.

171 5603 256 5642 ιιιη
283 5605 448 5644 supra
463 5630 476 5644 .

519 5659 641 5714 l-lzrc
673 5672 774 5712 vox
801 5659 957 5714 deest
978 5658 1028 5711 iu
1055 5658 1086 5712 8
1109 5659 1330 5727 vulgatis
1355 5655 1655 5728 «ξι-1211155.
1693 5655 1766 5710 At

170 5726 316 5786 extat
354 5734 406 5784 in
441 5730 820 5785 vetustissimis
871 5733 892 5783 1
933 5729 1170 5792 Bonon.,
1211 5726 1562 5793 Regio—Put.,
1598 5727 1624 5779 1
1686 5729 1758 5780 al.

171 5802 331 5871 ltcg.,
359 5802 398 5856 2
421 5800 603 5864 Colb.,
628 5800 810 5871 Batus.
831 5811 886 5856 et
905 5801 1144 5871 Olarom.
1177 5800 1237 5871 in
1256 5812 1425 5871 m:_i_r_g._
1457 5811 1670 5871 necnon
1707 5797 1762 5853 in

169 5866 329 5938 θαίῑῶ
341 5873 567 5951 Thom.,
589 5871 658 5931 Is.
672 5869 882 5948 ,Thys.,
900 5870 1038 5930 Gall.
1051 5910 1066 5939 ,
1089 5866 1549 5946 Spark.,Walch.,
1567 5879 1764 5942 estque

1865 4619 1978 4664 laus
1999 4620 2044 4662 et
2073 4603 2364 4678 perpetuus.
2393 4606 2590 4678 lterum
2633 4604 2701 4660 de
2737 4605 2845 4660 Deo
2873 4603 2965 4659 lib.
2994 4621 3047 4678 vi
3071 4604 3306 4678 lustitttt.
3337 4622 3460 4676 cap.

1867 4682 1965 4736 15:
2000 4675 2081 4736 Ut'
2099 4675 2232 4732 idem
2259 4677 2450 4748 (Deus)
2479 4679 2542 4748 sit
2575 4693 2774 4746 semper
2803 4686 2849 4730 et
2877 4675 3072 4731 stabilis
3091 4717 3104 4738 ,
3137 4687 3184 4730 et
3225 4675 3468 4733 immuta-

1865 4753 2003 4818 bilis,
2040 4760 2086 4804 et
2117 4747 2469 4802 inconcussus.
2501 4747 2580 4803 Ne
2615 4759 2790 4802 tamen
2821 4747 2987 4802 lexica
3044 4747 3247 4816 aliquid
3292 4749 3466 4804 detri-

1862 4822 2031 4878 menti
2060 4822 2275 4889 capiant
2306 4821 2608 4888 proscripta
2650 4818 2750 4874 hac
2793 4834 2948 4882 voce,
2994 4834 3152 4888 quam
3181 4818 3468 4875 Walcliins

1863 4894 2100 4948 maxime
2130 4907 2325 4958 raram,
2357 4907 2445 4944 nec
2475 4890 2600 4944 alibi
2625 4904 2738 4943 eam
2780 4907 2834 4943 se
2861 4889 3084 4959 potuisse
3124 4891 3349 4957 reperire
3384 4892 3469 4945 di-

1862 4966 1964 5026 cit,
2007 4964 2061 5018 in
2103 4962 2371 5018 Lactantii
2401 4966 2577 5018 locum
2605 5002 2620 5028 ,
2649 4959 2912 5032 sulﬁciam
2942 4961 3467 5032 Tertullianum,qui

1861 5035 1999 5090 dixit
2023 5035 2147 5089 adv.
2183 5034 2454 5090 Valentia.
2505 5050 2626 5105 cap.
2664 5033 2734 5086 27
2767 5050 2780 5086 :
2814 5031 2966 5087 Pater
3005 5032 3364 5103 impassibilis,
3392 5031 3467 5088 il-

1862 5107 2114 5163 lwsibilis.
2146 5108 2278 5162 BUN.
3052 5107 3057 5119 '

1939 5201 2108 5257 lnurit
2149 5205 2282 5256 enim
2326 5202 2468 5255 la’sio
2499 5203 2750 5256 dolorem.
2795 5198 2882 5253 Sic
2914 5198 3128 5254 restitui
3158 5213 3224 5253 ex
3267 5213 3401 5254 mss.
3432 5201 3466 5256 4

1865 5274 1998 5341 Reg.
2016 5277 2243 5343 aliisque
2272 5289 2402 5328 mss.
2422 5274 2686 5342 plurimis,
2714 5280 2821 5326 vet.
2840 5269 2982 5343 edit.
3005 5267 3462 5343 Ro_m._etCellar.

1864 5346 1922 5400 In
1950 5339 1984 5401 6
2011 5339 2225 5410 scripiis
2266 5354 2320 5399 et
2371 5339 2436 5400 ιι
2457 5345 2676 5399 excusis
2706 5352 2789 5397 est
2825 5341 3028 5394 Irritat.
3074 5339 3181 5396 Sed
3223 5352 3279 5397 et
3323 5343 3466 5401 infra

1863 5417 2022 5481 dixit,
2043 5415 2272 5470 dolorem
2300 5417 2540 5475 inureret,
2573 5430 2692 5484 cap.
2731 5414 2796 5469 18
2819 5415 2961 5468 circa
2995 5411 3136 5467 med.

1937 5487 2043 5541 Illa
2071 5489 2150 5541 ira
2167 5489 2334 5558 justa.
2360 5487 2487 5540 Mss.
2517 5494 2645 5539 tres.
2683 5500 2792 5540 rec.
2829 5484 3033 5538 addunt
3061 5500 3165 5552 qua
3195 5496 3464 5558 movetur;

1863 5559 1898 5615 5
1925 5559 1994 5614 al.
2039 5556 2291 5628 rcchuw
2337 5567 2597 5621 movetur;
2639 5572 2773 5625 quas
2806 5570 2966 5608 voces
3009 5565 3197 5628 utpote
3243 5556 3462 5613 inutiles

1863 5631 2118 5700 expunxi.
2147 5626 2201 5683 et
2227 5629 2419 5683 absunt
2440 5644 2468 5682 a
2496 5632 2710 5700 caeteris
2742 5637 2956 5700 mss._et
2984 5637 3093 5680 vet.
3136 5626 3268 5682 edit.
3303 5629 3460 5685 Rulli.

1941 5696 2139 5770 Quibus
2175 5701 2266 5754 etsi
2297 5700 2480 5770 judeac.
2519 5698 2594 5751 lta
2634 5699 2812 5770 cuncti
2863 5696 2978 5770 fore
3017 5713 3146 5751 mss.
3194 5715 3258 5753 ac
3287 5700 3321 5754 2
3355 5712 3462 5756 vct.

1866 5768 1989 5832 edd.
2027 5773 2079 5827 In
2098 5773 2132 5826 5
2157 5768 2375 5841 εει-ἰρὶὶε
2403 5784 2512 5824 rec.
2549 5777 2602 5821 et
2628 5768 2752 5823 aliis
2783 5769 2942 5824 editis
2972 5779 3056 5824 est
3079 5779 3145 5824 et.

1944 5865 2010 5928 Ut
2039 5864 2168 5922 servi
2199 5862 2366 5933 liberi,
2395 5871 2451 5918 ut
2482 5858 2760 5934 conjuges,
2789 5872 2835 5920 et
2860 5861 3124 5938 dilcipttlt'.
3149 5863 3465 5926 Distributio
