4034 6354
80 408 195 468 137

1388 394 1590 457 LIBER
1632 392 1720 456 DE
1756 394 1873 455 lRA
1916 395 2050 451 DEI.

3300 393 3408 451 158

76 540 148 585 ut
183 528 460 584 Aristides
485 537 542 583 et
567 524 801 591 Timon,’
819 522 1106 592 caeterique
1123 517 1590 589 philosophorum,
1609 531 1700 571 ce-
1727 522 1778 580 Α
1804 514 1898 568 tim
1924 508 2113 566 debuit
2138 507 2431 573 vindicare,
2459 517 2513 565 et
2534 522 2632 579 pro
2656 507 2849 564 merito
2875 520 3144 578 quemque
3188 508 3406 578 punire.

75 623 259 679 detne
290 621 419 677 huic
445 624 688 691 impune,
719 619 860 689 quod
906 630 1026 671 cum
1050 615 1152 684 legi
1178 614 1271 670 Dei
1292 610 1701 681 ohlemperarit,

76 716 273 787 ipsum
294 723 481 770 tamen
495 712 789 784 spreverit?
806 710 900 766 Est
914 709 1074 779 igitur
1089 704 1313 777 aliquid,
1335 713 1552 774 propter
1562 702 1703 773 quod

78 810 241 866 Deus
271 807 448 880 possit
480 805 663 870 irasci,
686 814 936 873 tanquam
964 799 1156 855 liducia
1181 797 1500 869 integritatis
1518 794 1708 850 adver-

78 917 189 958 sus
215 916 343 956 eum
371 898 682 955 rebellanti.
736 896 792 951 Si
823 894 948 949 huic
976 900 1156 963 potest
1181 892 1338 947 irasci
1362 896 1584 959 propter
1612 901 1705 941 su-

84 994 368 1067 perbiam,
404 1006 503 1047 cur
548 1004 658 1045 non
708 988 878 1058 magis
928 984 1223 1057 peccatori,
1249 982 1339 1053 qui
1385 982 1557 1052 legem
1585 993 1707 1034 cum

85 1090 222 1158 ipso
252 1087 456 1159 pariter
483 1076 656 1139 latore
683 1079 1114 1151 contempserit?
1146 1077 1318 1134 iudex
1351 1075 1586 1147 peccatis
1612 1090 1708 1129 ves

87 1179 247 1236 niam
274 1178 410 1234 dare
463 1191 569 1232 non
619 1182 820 1246 potest,
854 1172 977 1244 quia
1006 1169 1273 1225 voluntati
1301 1168 1469 1224 servit
1497 1167 1710 1222 alienae.

92 1276 250 1331 Deus
279 1282 463 1327 autem
491 1279 687 1341 potest,
716 1266 841 1338 quia
880 1276 965 1322 est
994 1264 1128 1336 legis
1158 1278 1270 1319 suae
1298 1263 1418 1333 ipse
1443 1261 1715 1332 discepta-

90 1377 190 1424 tor
214 1377 271 1423 et
296 1364 463 1436 judex
492 1381 506 1417 :
535 1377 696 1433 quam
718 1375 841 1416 cum
873 1365 1120 1430 poneret,
1170 1371 1275 1411 non
1299 1356 1487 1424 utique
1514 1350 1718 1407 ademit

94 1459 212 1515 sibi
242 1471 465 1514 omnem
520 1460 865 1527 potestatem,
891 1448 988 1507 sed
1017 1447 1179 1504 habet
1202 1443 1519 1518 ignoscendi
1550 1443 1719 1497 licen-

96 1552 258 1609 tiam.

720 1634 950 1694 CAPUT
990 1632 1114 1690 XX.

453 1732 531 1789 De
560 1731 783 1806 peccatis
809 1738 855 1784 et
880 1727 973 1783 Dei
1001 1725 1378 1781 misericordia.

194 1851 252 1908 Si
288 1858 470 1923 potest
516 1850 814 1918 ignoscere,
871 1853 1049 1914 potest
1089 1843 1253 1914 igitur
1302 1853 1357 1899 et
1406 1841 1590 1898 irasci.
1616 1838 1726 1895 Cur

1806 602 2020 659 Atenim
2069 601 2115 655 si
2163 599 2217 655 id
2276 599 2494 665 faceret,
2547 614 2709 656 nemo
2750 608 3081 669 superesset.
3109 597 3300 654 Nullus
3325 608 3411 655 est

1807 695 1973 759 enim,
1991 692 2084 764 qui
2111 691 2240 747 niltil
2270 701 2455 762 peccet
2478 707 2493 757 ;
2513 701 2569 747 et
2592 692 2758 747 multa
2786 700 2932 757 sunt,
2955 706 3075 761 quae
3101 691 3167 746 ad
3187 706 3414 761 peccan-

1808 786 1935 844 dum
1958 786 2198 851 irritent;
2227 793 2384 851 aetas,
2412 783 2729 848 vinolentia,
2750 793 2982 854 egestas,
3002 783 3240 849 occasio,
3271 798 3411 853 pra:-

1810 879 2000 934 mium.
2034 876 2185 931 Adeo
2210 874 2450 945 subjecta
2504 885 2589 930 est
2640 885 2859 943 peccato
2912 875 3173 944 fragilitas
3205 874 3410 942 carnis,

1812 985 1915 1042 qua
1963 969 2132 1024 induti
2177 981 2385 1034 sumus,
2416 978 2473 1022 ut
2499 967 2602 1022 nisi
2638 966 2763 1020 huic
2793 967 3102 1021 necessitati
3128 968 3266 1022 Deus
3296 982 3424 1037 par-

1814 1071 1983 1129 ceret,
2015 1061 2237 1115 nimium
2290 1058 2522 1114 fortasse
2550 1058 2703 1129 pauci
2724 1057 2969 1114 viverent
2993 1076 3005 1111 :
3030 1068 3249 1129 propter
3278 1061 3421 1116 hanc

1815 1168 2034 1210 causam
2084 1151 2507 1223 patientissimus
2537 1161 2642 1217 est,
2674 1160 2731 1206 ct
2785 1150 2920 1205 iram
2952 1166 3103 1205 suam
3158 1152 3419 1208 continet.

1817 1246 1951 1303 Nam
1982 1246 2104 1316 quia
2128 1243 2366 1315 perfecta
2392 1254 2476 1300 est
2511 1245 2563 1299 in
2609 1258 2677 1300 eo
2723 1242 2915 1308 virtus,
2952 1257 3175 1299 necesse
3220 1252 3303 1299 est
3329 1259 3426 1314 pa-

1821 1341 2063 1398 tientiam
2093 1354 2307 1411 quoque
2330 1339 2448 1409 ejus
2468 1353 2590 1395 esse
2613 1339 2927 1410 perfectam,
2955 1354 3076 1408 qua:
3098 1348 3152 1393 et
3179 1338 3291 1410 ipsa
3315 1339 3426 1393 vir—

1822 1442 1911 1489 tus
1932 1442 2034 1488 est.
2055 1430 2228 1500 Quam
2276 1430 2432 1486 multi
2477 1446 2545 1486 ex
2598 1430 2977 1501 peccatoribus
2998 1430 3128 1501 justi
3159 1431 3431 1501 posterius

1823 1524 2006 1583 effecti
2036 1534 2181 1592 sunt,
2211 1540 2277 1580 ex
2309 1524 2466 1580 malis
2489 1524 2641 1591 boni,
2671 1540 2737 1579 ex
2767 1524 3033 1595 improbis
3053 1525 3417 1580 continentes!

1824 1634 1987 1690 quam
2013 1617 2166 1674 multi
2221 1618 2273 1672 in
2307 1617 2478 1687 prima
2505 1626 2667 1672 aetate
2697 1626 2905 1688 turpes,
2931 1627 2986 1672 et
3014 1620 3254 1672 omnium
3280 1616 3432 1687 judi-

1826 1712 1914 1769 cio
1943 1710 2203 1778 damnati,
2225 1709 2565 1780 postmodum
2586 1718 2764 1766 tamen
2793 1710 3092 1767 laudabiles
3113 1712 3428 1767 extiterunt!

1829 1806 1983 1874 Quod
2008 1806 2189 1876 utique
2224 1820 2331 1860 non
2361 1803 2533 1870 fieret,
2564 1804 2610 1859 si
2651 1819 2810 1861 omne
2855 1816 3133 1875 peccatum
3166 1820 3320 1875 poena
3348 1819 3437 1862 se-

113 1907 887 2018 ergoiinquiet“aliquis,'et-
934 1937 1026 2007 qui
1073 1907 1318 2007 pecca'nt,
1350 1950 1495 2005 saepe
1539 1933 1724 1988 felices
1752 1921 1801 1982 B
1832 1907 2109 2018 “fit”:

106 2049 263 2107 sunt,
295 2047 352 2093 et
380 2037 469 2107 qui
502 2036 587 2106 pie
616 2036 828 2100 vivunt,
853 2046 999 2102 saepe
1026 2031 1248 2088 miseri?
1277 2030 1409 2099 Quia
1442 2028 1646 2099 fugitivi
1670 2036 1725 2083 et

109 2130 352 2189 abdicati
382 2128 549 2184 libere
568 2128 776 2190 vivunt,
809 2133 867 2180 et
890 2124 981 2195 qui
1003 2123 1106 2180 sub
1124 2122 1405 2193 disciplina
1424 2122 1612 2193 patris,
1632 2130 1728 2175 aut

110 2222 327 2281 domini
360 2228 507 2286 sunt,
541 2206 782 2274 strictius
811 2224 870 2272 et
914 2214 1196 2286 frugalius.
1231 2213 1414 2270 Virtus
1460 2213 1603 2269 enim
1631 2227 1728 2283 per

118 2314 265 2374 mala
292 2323 347 2370 et
377 2312 661 2383 probatur,
690 2319 745 2366 et
792 2317 1035 2373 constat;
1090 2308 1218 2363 vitia
1248 2322 1345 2378 per
1372 2306 1723 2376 voluptatem.

118 2407 241 2464 Nec
265 2416 444 2461 tamen
472 2404 564 2459 ille
594 2405 683 2475 qui
716 2410 921 2473 peccat,
951 2415 1173 2471 sperare
1198 2399 1363 2455 debet
1412 2409 1728 2470 perpetuam

125 2500 526 2573 impunitatem,
552 2497 678 2568 quia
701 2496 844 2550 nulla
873 2506 955 2550 cst
992 2500 1248 2566 perpetua
1280 2492 1510 2549 felicitas
1540 2511 1554 2547 :

636 2608 949 2658 Sed-scilicet
968 2607 1133 2657 ultima
1158 2620 1363 2670 semper

380 2672 701 2737 Expectanda
721 2672 832 2721 dies
854 2670 1068 2733 homini;
1090 2671 1289 2737 dicique
1314 2672 1491 2737 beatus

379 2732 507 2787 Ante
526 2737 713 2785 obittun
732 2746 879 2782 nemo
896 2732 1224 2795 supremaque
1248 2732 1425 2783 funera
1447 2735 1619 2785 debet.

648 2795 836 2857 (Otum,
865 2793 1083 2856 Metam,
1107 2793 1193 2845 lib.
1217 2810 1285 2857 ut,
1309 2808 1441 2847 vers.
1479 2796 1613 2859 135.)

124 2915 188 2964 ut
213 2905 294 2961 ait
322 2912 490 2977 poeta
520 2918 628 2958 non
650 2902 912 2958 insuavis.
946 2902 1136 2958 Exitus
1180 2912 1283 2971 est,
1314 2904 1404 2975 qui
1427 2906 1602 2977 arguit
1628 2906 1744 2962 feli-

124 3001 356 3058 citatem
380 3015 397 3065 ;
429 3011 486 3055 et
514 3012 674 3053 nemo
712 2996 977 3066 judicium
1009 2997 1103 3052 Dei
1132 3004 1327 3068 potest,
1356 3013 1457 3054 nec
1485 3000 1642 3054 vivus
1671 3000 1748 3055 ef-

125 3093 338 3165 fugere,
372 3106 476 3147 nec
518 3099 782 3145 ntortuns.
833 3088 1007 3144 Habet
1033 3090 1177 3145 enim
1207 3099 1554 3160 potestatem,
1577 3102 1633 3148 et
1663 3093 1747 3148 vi-

131 3199 236 3241 vos
266 3183 611 3255 praecipitare
655 3180 723 3236 de
753 3194 987 3245 summo,
1021 3189 1077 3237 et
1106 3193 1349 3237 mortuos
1390 3184 1608 3240 internis
1634 3184 1753 3241 affi-

1900 1993 2073 2063 Leges
2107 1990 2676 2062 publicarmanifestos
2706 2006 2830 2047 rens
2856 1991 3114 2046 damnant
3146 2010 3158 2044 :
3187 1991 3281 2047 sed
3309 1992 3434 2063 plu-

1825 2085 1948 2142 rimi
1980 2092 2127 2150 sunt,
2161 2098 2392 2154 quorum
2426 2092 2648 2153 peccata
2677 2086 3036 2151 occuluntur;
3068 2085 3309 2153 plurimi,
3340 2085 3435 2156 qui

1828 2177 2127 2233 delatorem
2158 2175 2523 2246 comprimunt
2549 2216 2563 2241 ,
2592 2184 2687 2229 aut
2712 2176 2965 2245 precibus
2989 2215 3006 2240 ,
3035 2185 3126 2230 aut
3167 2177 3430 2246 pmmio;

1830 2271 2048 2345 plurimi
2074 2313 2088 2336 ,
2119 2271 2209 2341 qui
2226 2270 2432 2341 judicia
2461 2269 2685 2325 eludunt
2712 2285 2808 2341 per
2828 2270 3054 2341 gratiam
3081 2311 3095 2335 ,
3128 2270 3214 2323 vel
3244 2278 3440 2340 poten-

1834 2364 1985 2420 tiam.
2028 2361 2182 2431 Quod
2214 2362 2260 2417 si
2302 2377 2397 2418 eos
2423 2376 2636 2426 omnes,
2672 2361 2767 2430 qui
2798 2362 3086 2417 humanam
3116 2377 3328 2433 pinnam
3355 2360 3439 2418 ef-

1833 2455 2061 2527 fugiunt,
2103 2468 2333 2509 censura
2364 2453 2546 2508 divina
2593 2451 2898 2521 damnaret,
2948 2463 3095 2508 esset
3136 2454 3301 2508 homo
3348 2464 3448 2508 aut

1835 2562 2016 2610 rarus,
2049 2556 2141 2602 aut
2169 2546 2332 2602 etiam
2362 2545 2542 2600 nullus
2567 2544 2618 2599 in
2651 2556 2818 2600 terra.
2851 2544 3090 2615 Denique
3114 2546 3197 2600 vel
3228 2560 3330 2600 una
3355 2544 3450 2601 illa

1836 2652 2000 2693 causa
2043 2635 2263 2692 delendi
2303 2634 2524 2706 generis
2572 2633 2961 2703 humani'justa
3010 2648 3133 2690 esse
3163 2634 3453 2704 potuisset,

1841 2730 1984 2802 quod
2024 2729 2295 2796 homines,
2328 2739 2644 2799 contempto
2670 2727 2782 2783 Deo
2808 2728 2949 2794 vivo,
2988 2728 3220 2783 terrenis
3250 2726 3454 2799 fragili-

1845 2824 2056 2894 busquc
2098 2822 2370 2893 figmentis
2413 2820 2677 2877 honorem
2722 2820 2966 2876 divinum
3003 2828 3259 2891 tanquam
3289 2819 3456 2876 cmic-

1847 2916 2020 2971 stibus
2046 2913 2317 2978 deferunt,
2350 2912 2640 2969 adorantes
2683 2926 2849 2983 opera
2884 2910 3133 2966 humanis
3164 2911 3344 2979 digitis
3375 2911 3459 2965 la-

1852 3009 2056 3064 borata.
2090 3007 2333 3077 Cumque
2364 3008 2485 3061 illos
2512 3006 2654 3061 Deus
2675 3004 2894 3072 artifex,
2925 3019 3019 3060 ore
3045 3004 3285 3070 sublimi,
3313 3014 3458 3059 statu

1854 3110 2005 3156 recto
2036 3097 2317 3171 figuratos,
2348 3097 2415 3154 ad
2442 3097 2957 3169 contemplationem
2988 3096 3113 3153 caeli
3141 3106 3195 3152 et
3214 3096 3458 3151 notitiam

1860 3193 1955 3249 Dei
1985 3193 2322 3260 excitaverit,
2350 3206 2576 3247 curvare
2617 3205 2677 3245 se
2702 3189 2769 3244 ad
2802 3199 3001 3245 terram
3034 3189 3345 3245 maluerunt
3366 3204 3465 3261 pe-

132 3291 261 3335 cerc
276 3275 637 3335 cruciatibus.
670 3273 807 3339 lino,
842 3274 1037 3345 intulit.
1068 3275 1113 3330 si
1147 3275 1403 3331 irascitur
1428 3277 1591 3343 Deus,
1637 3291 1750 3335 sta—
1773 3273 1818 3335 C
1851 3286 2048 3341 cnduin
2077 3284 2258 3340 modo.
2292 3284 2519 3340 Humilis
2535 3282 2705 3349 enim,
2726 3291 2781 3337 et
2807 3296 3026 3348 curvus,
3049 3290 3104 3337 et
3130 3296 3335 3352 pronus
3351 3290 3458 3349 est,

1458 3415 1825 3477 VARIORUM
1864 3421 2099 3479 ΝΟΤᾹΞ.

141 3581 290 3640 Orat.
312 3580 541 3649 '52,,pro
589 3577 661 3649 Ρ.
684 3575 870 3649 Sestio
896 3590 949 3649 η..
986 3571 1129 3649 Ml:
1158 3573 1222 3629 Si
1246 3573 1388 3641 apud
1417 3573 1750 3632 Athenienses

146 3656 377 3730 homines
400 3645 607 3730 Greecos
622 3646 1017 3730 Ihmistoclem
1040 3645 1191 3730 illum
1220 3655 1628 3728 conservatorem
1652 3665 1754 3730 pu-

148 3728 257 3781 trite
282 3741 392 3778 non
420 3722 733 3776 deterruit...
768 3717 1009 3772 Aristidis
1039 3716 1186 3787 fuga.
1219 3716 1307 3785 qui
1343 3732 1473 3769 unus
1524 3716 1755 3774 omnium

146 3795 512 3851 invictissimus
548 3791 704 3861 fuisse
752 3788 1045 3844 traditur...
1079 3787 1355 3859 propositis
1408 3796 1482 3842 tot
1508 3792 1756 3862 exemplis

149 3867 459 3931 iracundia,
489 3875 597 3919 etc.

227 3936 294 3991 Et
323 3929 534 3992 Timon.
564 3933 685 3988 Fuit
714 3929 978 3987 Cicerone
1003 3938 1144 3988 teste
1170 3930 1334 3986 etiam
1383 3931 1754 4000 Atheniensis,

156 4009 370 4066 Laertio
399 4008 482 4061 vir
503 4006 663 4070 frttgi,
698 4001 1001 4058 solitudinis
1031 4011 1087 4056 et
1117 4001 1400 4057 hortorum
1428 4018 1638 4070 amans,
1662 4005 1759 4059 ho-

159 4020 370 4066 Laertto
399 4023 482 4061 νη·
503 4020 663 4130 uulgi,
698 4020 1001 4085 εοῃιυαιηιδ
1031 4020 1087 4056 ει
1118 4020 1400 4083 [tortorum
1428 4020 1638 4070 amans,
1664 4020 1758 4059 ηο-

159 4082 358 4134 minum
390 4092 542 4133 osor.
615 4090 703 4144 jus
734 4074 874 4128 dicta
900 4072 1065 4128 refert
1087 4069 1281 4129 Cicero
1303 4073 1522 4129 'l‘uscnl.
1556 4075 1758 4143 Quaest.

160 4150 253 4205 lib.
276 4165 351 4205 tv.
378 4167 438 4204 η.
465 4149 541 4204 25
561 4157 615 4201 et
640 4145 733 4205 27.
752 4160 817 4201 ac
846 4146 913 4199 de
936 4144 1182 4199 Amicitia
1207 4161 1260 4198 n.
1282 4145 1372 4200 87.
1392 4146 1560 4201 Abest
1578 4144 1758 4203 Timon

184 4162 253 4205 ID.
276 4165 351 4214 IV,
378 4167 438 4204 η.
465 4162 541 4204 25
561 4162 615 4201 ει
641 4162 733 4211 ΖΙ,
752 4162 817 4201 ac
846 4162 913 4199 (le
936 4162 1182 4199 amicula
1207 4162 1260 4198 η.
1282 4162 1372 4200 Gl.
1392 4162 1560 4201 ADCSI»
1580 4162 1605 4199 1
1625 4163 1763 4203 imon

163 4222 229 4275 ab
255 4223 319 4278 11
353 4234 490 4276 mss.
515 4228 569 4275 et
598 4219 633 4273 5
658 4216 782 4271 edd.
813 4217 916 4272 Alii
935 4216 1122 4270 volunt
1147 4214 1291 4272 hunc
1320 4218 1488 4272 fuisse
1515 4217 1763 4288 Philigis-

167 4307 306 4364 mum
332 4290 638 4364 Pyrrhonis
666 4287 1008 4364 discipulum:

241 4362 307 4417 Ut
335 4356 589 4419 A'ristides
635 4369 681 4412 et
720 4356 921 4413 Cimon.
978 4358 1126 4414 Unus
1166 4356 1312 4423 Vat.,
1366 4358 1512 4420 Διά..
1563 4357 1764 4425 Crat..,

171 4434 391 4504 Gymn.,
418 4431 570 4499 Fas.,
593 4431 823 4504 GryphL,
850 4429 1204 4504 Torn.._l}et.,
1236 4428 1599 4504 Parisalbtil,
1623 4430 1769 4485 Tho-

176 4497 331 4572 m'as.,
358 4497 562 4572 Thys.,
585 4497 752 4565 Galli,
775 4500 997 4571 Spark.,
1020 4497 1213 4572 Iimon
1239 4515 1256 4553 :
1280 4498 1559 4572 Siquidem
1591 4502 1641 4556 in
1672 4518 1769 4556 an-

1851 3580 1887 3634 2
1918 3578 2124 3633 Bnnon‘.
2151 3587 2203 3634 et
2225 3577 2343 3632 aliis
2368 3576 2423 3643 5,
2455 3574 2767 3640 rebellante;
2799 3575 2853 3630 in
2883 3574 3135 3631 omnibus
3165 3575 3278 3633 fere
3308 3576 3471 3635 editis

1857 3661 1940 3707 est
1962 3649 2265 3705 rebellandi.

1932 3722 2107 3776 Potest
2124 3723 2283 3792 igitur
2299 3729 2345 3792 et
2367 3719 2551 3792 irasci.
2687 3716 2811 3788 lego
2817 3730 2947 3792 eum
2963 3731 3094 3792 mss.
3114 3716 3441 3792 [legio-Pot.
3452 3762 3470 3787 ,

1858 3794 1895 3848 4
1918 3794 1990 3848 al.
2021 3787 2184 3860 Regi,
2222 3792 2260 3845 2
2288 3791 2441 3847 Colb.
2467 3833 2482 3857 ,
2537 3787 2759 3853 Baluz.,
2807 3787 3046 3843 Claram.
3076 3789 3135 3843 lit
3165 3787 3467 3860 2'Bonon.,

1859 3864 2020 3926 Tax.,
2049 3868 2072 3918 l
2103 3859 2283 3927 Colh.,
2315 3871 2372 3917 et
2396 3864 2483 3918 ed.
2512 3861 2579 3916 ls.
2610 3859 2767 3931 deest
2786 3861 2970 3931 igitur;
2995 3862 3047 3914 in
3074 3860 3306 3931 vulgatis
3329 3859 3474 3919 desi—

1862 3938 2081 3991 deratur
2108 3947 2176 3990 et.
2219 3934 2398 3989 Mss.t
2437 3933 2595 3996 Reg.,
2629 3933 2664 3983 5
2711 3930 2896 3992 Colb..
2928 3930 2961 3984 2
3007 3930 3185 4001 Lips,
3211 3931 3377 3988 Brun.
3417 3945 3476 3989 et

1865 4006 1989 4063 edd.
2021 4007 2178 4061 Rom.
2210 4005 2375 4068 “70,
2404 4002 2564 4067 1474,
2615 4001 2847 4068 Tridin.,
2882 4001 3129 4058 Floreat.
3160 4003 3385 4073 legunt:
3408 4004 3474 4060 Si

1869 4087 2028 4149 potest
2050 4080 2208 4147 igitur
2231 4076 2411 4149 irasci,
2432 4091 2526 4129 cur
2546 4074 2707 4149 ergo?

1942 4144 2199 4203 Abdicati.
2230 4147 2285 4203 Id
2316 4156 2399 4202 est
2418 4144 2694 4216 repudiati.

1946 4220 2048 4287 Qui
2072 4220 2242 4290 arguit
2275 4215 2677 4290 felicitatem._ld
2712 4226 2821 4290 est
2850 4216 3207 4290 demonstrat,
3257 4218 3471 4287 probat.

1871 4286 2153 4347 Minucius
2193 4289 2391 4352 Felix.,
2422 4303 2542 4356 cap.
2588 4286 2681 4358 36.
2712 4286 2767 4358 In
2797 4288 2887 4340 ﬁn.
2925 4304 2936 4338 :
2971 4288 3152 4358 itaque
3183 4298 3240 4343 ttt
3262 4286 3474 4346 aurum

1874 4361 2111 4431 ignibus,
2138 4361 2216 4415 sic
2237 4374 2335 4431 nos
2358 4355 2763 4431 discriminibus
2785 4355 3081 4431 arguimur;
3108 4356 3475 4430 Hieronymus

1875 4426 2031 4500 e'pist.
2080 4426 2146 4488 ad
2193 4426 2751 4486 Paulamzhumilitas
2780 4426 3009 4484 veStium
3054 4445 3160 4483 nou
3203 4426 3478 4489 tumentes

1877 4503 2088 4559 animos
2112 4502 2387 4572 arguebat.
2588 4569 2599 4572 _
2681 4571 2685 4572 ν
2954 4571 2957 4572 ν
3105 4570 3113 4572 ᾼ
3194 4500 3326 4557 Buu.

178 4569 492 4646 tiquissimis
534 4589 665 4629 mss.
699 4569 904 4627 Borion.
940 4580 993 4646 ej.
1018 4569 1241 4625 Taurin.
1269 4569 1438 4646 forma
1471 4571 1769 4646 inajnscttla
1795 4575 1850 4636 D
1956 4569 2267 4629 Vinolenlia.
2301 4572 2389 4646 lta_
2407 4569 2690 4646 emen_dav_i
2719 4587 2787 4646 εξ
2814 4571 3066 4646 omnibus
3092 4570 3205 4646 [ere
3233 4574 3478 4646 msstin-

181 4642 475 4704 litterarum
508 4663 535 4699 c
562 4654 617 4698 et
645 4653 663 4697 t
693 4642 1081 4711 propemodum
1106 4657 1210 4695 una
1259 4653 1313 4697 et
1340 4642 1528 4698 eadem
1557 4654 1658 4697 est.
1694 4643 1770 4699 De

183 4718 410 4775 Aristide
426 4718 569 4773 clare
584 4714 762 4782 Nepos
784 4714 835 4767 in
860 4712 1113 4777 Aristide,
1137 4728 1255 4783 cap.
1282 4712 1317 4767 2
1340 4730 1353 4766 :
1386 4713 1637 4769 Memoria
1660 4716 1771 4785 ejus

178 4790 385 4849 iustitia
406 4799 454 4843 et
477 4786 729 4857 aequitatis
751 4794 802 4839 et
818 4785 1120 4857 innocentiae
1140 4785 1320 4839 multa.
1336 4785 1601 4857 Ejusdem
1613 4786 1772 4856 justi‘

188 4855 738 4916 tiaml.actantiuslib.
764 4870 843 4915 ut.
874 4871 923 4909 c.
958 4855 1046 4920 l9,
1064 4856 1425 4910 commendat.
1453 4857 1589 4911 Atld.
1610 4858 1774 4914 lib.“

190 4928 440 4998 lnstitut.,
469 4945 591 4997 Cap.
622 4928 675 4983 6.
709 4926 776 4982 Ut
819 4942 951 4982 vero
978 4928 1354 4991 emendarem,
1405 4926 1607 4992 Cimon,
1651 4928 1779 4985 fecit

195 5002 343 5071 plane
367 5002 634 5071 genuinus
663 5000 811 5053 locus
845 4998 1103 5071 Lactantii
1129 4998 1289 5071 lih.v1
1322 4999 1517 5071 lnstit.,
1553 5015 1672 5069 cap.
1698 5002 1730 5053 9
1761 5017 1774 5053 :

196 5069 349 5145 Deum
372 5068 467 5145 qui
512 5073 737 5145 ignorat,
769 5079 814 5145 et
845 5071 1009 5137 ipsam
1044 5068 1299 5145 justitiam
1340 5070 1541 5145 ignoret
1581 5087 1781 5145 necesse

198 5151 284 5214 est.
304 5140 409 5198 Sed
437 5140 671 5214 putemus
693 5142 804 5208 ﬁeri
831 5155 1001 5214 posse,
1026 5148 1080 5192 ut
1107 5140 1292 5214 aliquis
1318 5142 1613 5214 naturaliet
1638 5144 1781 5214 inge-

201 5212 301 5265 nito
329 5212 457 5268 bono
483 5230 626 5268 veras
652 5215 858 5265 virtutes
887 5212 1311 5283 capiat,gqualem
1339 5213 1495 5283 fuisse
1523 5212 1780 5268 Cimonem

204 5282 403 5338 Athenis
428 5286 733 5355 accepimus,
755 5284 843 5351 qui
858 5281 1176 5355 elegantibus
1196 5281 1378 5351 stipem
1400 5283 1557 5341 dedit.
1586 5295 1633 5338 et
1656 5301 1784 5354 pan-

206 5369 341 5420 peres
370 5353 598 5411 invitavit
626 5364 673 5408 et
703 5354 865 5407 nudos
890 5353 1091 5407 induit:
1112 5363 1277 5408 tamen
1308 5371 1423 5407 cum
1450 5355 1582 5409 illud
1602 5353 1782 5422 unum,

1876 4656 1958 4731 ter
1978 4655 2271 4731 Δ(ιιιρςηξιιιιι
2296 4642 2332 4697 2
2352 4642 2518 4731 gon”
2547 4640 2874 4731 RegiogPut.
2894 4686 2909 4709 ,
2931 4644 2976 4731 ἓ
2998 4643 3068 4697 al.
3102 4643 3258 4731 ἕως.ἓ
3288 4643 3479 4731 δ-ὶουι-

1876 4711 2041 4783 ῢθτιῖ,
2067 4717 2100 4772 4
2128 4715 2327 4781 Oxon.,
2352 4715 2513 4777 Tan,
2548 4711 2690 4780 Eni},
2723 4711 2903 4778 Cant.,
2931 4714 3123 4779 Brun.,
3152 4711 3284 4770 edit.
3316 4716 3477 4771 Rom.

1879 4789 2019 4869 1470
2046 4804 2107 4842 ac
2134 4788 2333 4869 Cellar.
2368 4785 2434 4869 Et
2460 4787 2530 4869 ita
2561 4785 2719 4841 Joan.
2742 4785 2911 4869 Cauci
2928 4797 2986 4867 et
3012 4785 3271 4869 Francius
3296 4788 3480 4869 legen-

1877 4860 2008 4915 dum
2033 4875 2155 4914 esse
2181 4858 2611 4929 suspicnbnntur;
2636 4872 2794 4916 quam
2819 4858 3102 4929 lectionem
3126 4860 3314 4929 probat
3337 4859 3482 4914 lieu-

1882 4947 2131 4985 tnannns.
2161 4931 2231 4985 At
2260 4927 2312 4984 in
2342 4930 2376 4983 '5
2398 4927 2533 4996 Reg.
2565 4944 2700 4992 rec.,
2732 4930 2767 4985 5
2790 4928 2970 4995 (3011),,
3001 4928 3212 4994 Marnt.,
3237 4927 3476 4985 Clarum.

1881 5001 2147 5070 editisque
2181 5002 2244 5055 13
2268 5009 2347 5055 est
2378 5000 2636 5052 violentia.

1957 5071 2188 5138 Quorum
2236 5080 2444 5140 peccata
2494 5070 2819 5140 occuluntur.
2874 5070 2962 5125 Sic
3012 5071 3217 5127 restitui
3272 5087 3338 5125 cx
3386 5071 3478 5126 ed.

1884 5143 2131 5216 Gyntnic.
2161 5156 2213 5198 et
2240 5139 2638 5216 tuantiscriptis,
2666 5153 2859 5216 praeter
2880 5142 2921 5216 Δ’2
2943 5140 3074 5216 Reg.
3107 5156 3240 5216 rem,
3269 5141 3303 5195 5
3321 5142 3478 5198 Colb.

1887 5212 1949 5271 in'
1970 5214 2163 5283 quibus
2191 5223 2273 5268 est
2300 5212 2645 5283 occultantur,
2679 5223 2734 5266 ut
2763 5212 2814 5266 in
2844 5212 3083 5282 pluribus
3102 5212 3280 5266 editis.

1964 5287 2060 5339 Aut
2100 5288 2251 5339 etiam
2288 5283 2480 5339 nullus.
2533 5282 2613 5338 Ex
2657 5283 2906 5338 omnibus
2936 5298 3101 5352 prope
3146 5297 3275 5335 mss.
3309 5292 3365 5337 et
3388 5283 3482 5340 ed.

1889 5359 2135 5435 Gymnic.
2168 5357 2406 5435 additum
2436 5356 2611 5422 etiam,
2639 5353 2782 5425 quod
2809 5355 3022 5435 caneris
3062 5353 3340 5421 impressis
3368 5363 3424 5410 et
3446 5357 3483 5411 4

207 5428 336 5498 quod
372 5438 446 5481 est
492 5426 793 5491 maximum,
821 5426 961 5498 deest
993 5425 1190 5498 agnitio
1219 5424 1333 5490 Dei,
1368 5427 1483 5494 jam
1534 5427 1666 5479 bona
1695 5427 1788 5480 illa
1890 5424 2000 5498 rec.
2026 5429 2241 5498 scriptis
2261 5427 2431 5498 deest.

211 5497 374 5550 omnia
399 5512 713 5568 supervacua
739 5505 854 5568 sunt
879 5493 1141 5568 ctrina’nia,
1174 5506 1227 5548 ut
1260 5493 1452 5565 [rustra
1471 5497 1523 5551 in
1545 5499 1623 5551 his
1652 5513 1787 5550 asse-
1965 5493 2234 5553 Laborata.
2273 5497 2555 5562 Francius,
2587 5494 3032 5568 for_te_elaborata.
3064 5493 3157 5548 Est
3192 5501 3379 5568 tamen
3406 5496 3489 5551 la-

213 5569 415 5632 quendis
443 5565 765 5624 laborarem.
788 5565 967 5618 Omnis
985 5566 1120 5618 enim
1146 5568 1343 5631 iustitia
1371 5568 1482 5637 ejus
1511 5569 1692 5622 similis
1718 5576 1791 5622 est
1895 5569 2100 5625 bonitas
2129 5568 2320 5624 eodem
2348 5582 2514 5624 sensu
2537 5566 2680 5637 apud
2710 5566 3024 5622 Ciceronem
3054 5578 3150 5618 χιιι
3176 5565 3340 5621 Attic.
3373 5569 3409 5624 3
3431 5576 3492 5624 et

217 5638 429 5714 humano
452 5638 828 5714 corporicaput
855 5652 962 5714 non
985 5637 1216 5714 habenti.
1262 5637 1411 5693 Vides
1438 5650 1665 5693 nostrum
1697 5642 1793 5694 hoc
1895 5656 1997 5714 pro
2011 5637 2149 5714 βφι.
2184 5640 2274 5695 54.

218 5708 361 5762 etiam
384 5711 495 5766 loco
520 5703 584 5765 de
604 5703 814 5763 Cimone
829 5717 877 5761 et
908 5707 1423 5782 philosophis_agerc.
1897 5703 1915 5714 ’
1971 5710 2271 5766 Maluerunt
2291 5709 2542 5782 pecudum
2571 5708 2745 5782 modo.
2777 5707 2853 5782 Ita
2887 5703 3104 5782 reposui
3126 5718 3192 5782 ex
3216 5710 3496 5782 veteribus

1118 5824 1121 5827 η
1168 5848 1180 5853 _
1235 5776 1511 5834 Busa-Att.
1603 5852 1627 5853 ί

1900 5783 2032 5839 edit.
2066 5782 2222 5837 Rom.
2246 5776 2301 5839 ei
2328 5783 2400 5837 12
2427 5782 2543 5835 aliis
2569 5776 3274 5853 impressis,_Mattus§_riptis
3297 5778 3495 5853 Regio:

291 5848 584 5922 Rebellanti.
612 5852 688 5907 lta
710 5850 890 5903 ferunt
911 5849 978 5922 l5
1002 5862 1135 5922 mss.
1168 5848 1309 5922 inter
1332 5864 1467 5919 quos
1486 5858 1570 5922 est
1596 5852 1797 5922 Regio-
1901 5854 2023 5909 Put.
2055 5861 2112 5908 et
2141 5855 2208 5908 14
2234 5853 2306 5908 al.
2354 5853 2459 5909 nisi
2504 5844 2659 5922 quod
2691 5863 2825 5904 mss.
2852 5845 3044 5922 Cau_c.,
3068 5844 3303 5922 Claram.
3333 5844 3407 5907 at?
3427 5851 3500 5907 12

227 5917 337 5978 Put.
358 5919 471 5977 ln2
496 5922 630 5995 Reg.
655 5935 766 5976 rec.
796 5927 852 5975 et
875 5920 964 5975 ed.
998 5920 1157 5975 Rom.
1177 5918 1321 5978 H70
1344 5917 1428 5978 est
1445 5917 1720 5992 rebellati';
1745 5923 1801 5982 itt
1904 5924 2152 6001 impressi
2192 5924 2375 5997 legunt
2402 5917 2561 5992 more,
2616 5936 2715 5993 pro
2750 5919 2921 5975 modo.
2956 5918 3157 5986 Regius
3204 5935 3361 5990 unus,
3390 5922 3501 5981 Bo-

647 6016 923 6085 PA'ruOL.
972 6014 1109 6082 Vll.
2712 6013 2753 6082 5
