4034 6354
541 351 646 410 159

1927 347 2110 403 FIRM.
2151 345 2522 403 LACTANTII

3762 343 3854 399 160

538 469 627 541 qui
657 467 727 524 ab
761 472 982 537 aspectu
1019 463 1143 522 cteli
1176 463 1372 534 Deique
1413 463 1579 534 patris
1609 477 1854 528 aversus,
1888 472 2122 532 terrena,
2151 481 2206 541 Α
2230 467 2322 536 qui
2350 481 2380 520 a
2412 463 2675 535 principio
2703 464 2838 519 iram
2859 464 3031 535 iocari
3061 464 3306 521 heminis
3327 463 3628 520 indidisset
3656 480 3670 514 ε
3694 461 3850 530 siqui-

539 579 660 632 qua:
688 561 900 618 calcare
939 561 1215 625 debuerat,
1265 558 1317 614 id
1364 567 1468 625 est,
1500 559 1569 614 de
1613 569 1754 614 terra
1786 559 1907 614 ﬁcta
1939 571 1995 614 et
2020 560 2134 613 lor-

538 666 702 719 inata,
736 663 1041 712 veneratur.
1086 651 1144 708 In
1170 659 1318 708 tanta
1360 651 1524 722 igitur
1553 652 1830 722 impietate
1854 650 2134 707 hominum

545 731 814 818 tantisque
843 745 1078 818 peccatis
1107 745 1162 802 id
1201 746 1514 817 assequitur
1541 747 1795 816 patientia
1841 744 1956 812 Dei,
1989 755 2050 801 ut
2075 760 2138 801 se

537 842 638 911 ipsi
672 841 916 896 homines
943 839 1214 895 damnatis
1255 839 1380 894 vita:
1417 837 1614 908 prioris
1655 838 1930 893 erroribus
1965 839 2135 894 corri-

535 944 680 1006 gunt.
728 933 984 1004 Denique,
1015 940 1069 987 et
1096 931 1226 990 boni
1253 939 1381 986 sunt
1398 930 1638 1002 iustique
1667 931 1844 998 multi,
1871 939 1928 987 et
1953 931 2138 1000 abiec-

536 1027 606 1080 tis
637 1025 867 1081 terrenis
896 1023 1159 1089 cultibus,
1187 1021 1520 1092 maiestatem
1546 1023 1641 1078 Dei
1659 1023 1945 1093 singularis
1973 1037 2142 1094 agno-

531 1124 708 1171 scunt.
732 1115 842 1172 Sed
866 1131 992 1170 cum
1013 1114 1249 1170 maxima
1263 1123 1321 1171 et
1341 1113 1624 1169 utilissima
1645 1113 1718 1170 sit
1746 1114 1838 1170 Dei
1858 1114 2136 1184 patientia,

531 1221 736 1273 tamen,
767 1208 1014 1281 quamvis
1038 1222 1184 1274 sero,
1216 1207 1414 1262 noxios
1448 1208 1630 1278 punit,
1662 1221 1763 1263 nec
1791 1207 1990 1277 patitur
2015 1207 2138 1262 lon-

530 1306 650 1374 gius
679 1302 998 1375 procedere,
1029 1316 1154 1360 cum
1189 1315 1288 1359 eos
1312 1300 1738 1358 inemendabiles
1783 1315 1907 1357 esse
1953 1298 2136 1371 pervi-

531 1397 697 1454 derit.

1139 1507 1368 1566 CAPUT
1393 1507 1539 1565 XX].

999 1623 1077 1678 De
1105 1623 1192 1678 ira
1225 1621 1323 1680 Dei
1349 1627 1400 1679 et
1426 1623 1668 1678 hominis.

601 1758 862 1831 Superest
890 1771 994 1814 una
1023 1767 1078 1814 et
1100 1767 1344 1816 extrema
1363 1759 1613 1828 quaestio.
1641 1757 1776 1815 Nam
1796 1757 1995 1816 dixerit
2023 1760 2135 1816 tor-

2246 555 2369 612 dem
2399 556 2659 622 creditur,
2688 571 2908 612 causam
2940 556 3100 628 hujus
3125 556 3524 612 commotionis
3547 557 3602 608 in
3637 555 3854 609 humore

2241 648 2380 706 fellis
2417 650 2702 705 contineri.
2733 649 2851 705 Non
2883 650 3047 720 igitur
3072 652 3127 706 in
3174 660 3352 706 totum
3386 648 3654 720 prohibet
3682 647 3852 712 irasci,

2242 745 2368 816 quia
2397 747 2443 800 is
2469 745 2694 800 allectus
2725 747 3032 801 necessario
3056 745 3218 801 datus
3243 754 3330 802 est
3361 763 3373 798 :
3404 745 3506 800 sed
3535 742 3789 813 prohibet
3808 744 3854 797 in

2243 839 2324 894 ira
2353 854 2692 910 permanere.
2721 839 2804 894 ira
2830 841 2976 895 enim
3003 841 3315 896 mortalium
3347 839 3519 896 debet
3555 853 3681 894 esse
3722 851 3855 892 rnor-

2243 933 2400 1000 talis;
2450 949 2573 988 nam
2608 933 2654 988 si
2702 943 2939 1000 maneat,
2993 937 3389 990 conﬁrmantur
3440 931 3750 987 inimicitia
3793 931 3854 984 ad

2242 1027 2535 1096 perniciem
2589 1029 2998 1096 sempiternam.
3053 1029 3264 1084 Deinde
3315 1041 3511 1083 rursus
3537 1042 3666 1082 cum
3709 1026 3854 1080 irasci

2241 1119 2484 1190 quidem,
2517 1119 2612 1175 sed
2641 1130 2820 1176 tamen
2850 1136 2956 1178 non
2981 1136 3206 1193 peccare
3228 1123 3510 1191 prccepit,
3544 1136 3656 1175 non
3682 1120 3856 1188 utique

2245 1211 2430 1267 evellit
2452 1211 2587 1266 iram
2617 1211 2908 1280 radicitus,
2938 1213 3035 1269 sed
3067 1215 3403 1283 temperavit:
3428 1224 3490 1268 ut
3514 1213 3573 1267 in
3601 1212 3755 1267 omni
3777 1227 3857 1267 ea-

2240 1304 2529 1375 stigatione
2557 1305 2779 1360 modum
2827 1320 2891 1361 ac
2931 1305 3196 1375 justitiam
3229 1314 3571 1362 teneremus.
3602 1305 3708 1372 Qui
3737 1318 3857 1375 ergo

2238 1395 2400 1452 irasci
2429 1411 2533 1453 nos
2545 1397 2722 1467 iubet,
2752 1399 2869 1469 ipse
2890 1398 3080 1468 utitpe
3105 1397 3354 1454 irasdtur
3378 1415 3392 1451 :
3420 1398 3516 1468 qui
3543 1397 3758 1468 placari
3776 1411 3854 1451 ee-

2239 1489 2409 1546 lerius
2439 1491 2685 1561 praecipit
2708 1531 2725 1556 ,
2757 1500 2842 1546 est
2886 1491 3072 1562 utique
3120 1492 3236 1561 ipse
3276 1489 3588 1560 placabilis;
3623 1503 3691 1544 ea
3722 1490 3856 1544 enim

2240 1581 2528 1652 praecepit,
2566 1596 2688 1652 quae
2712 1591 2840 1638 sunt
2868 1581 3011 1652 iusta
3035 1623 3051 1649 ,
3083 1589 3137 1638 et
3164 1580 3332 1638 rebus
3357 1581 3509 1636 utilia
3552 1581 3856 1636 communi-

2245 1672 2370 1730 bus.

2310 1763 2417 1823 Sed
2493 1767 2616 1839 quia
2662 1767 2906 1824 dixeram
2963 1784 3071 1824 non
3127 1782 3249 1824 esse
3303 1768 3438 1822 iram
3499 1767 3602 1823 Dei
3659 1777 3858 1838 tempo-

532 1860 680 1907 ῑθεεε
708 1849 998 1921 quispiam.
1042 1849 1181 1905 adeo
1223 1864 1334 1906 ll0n
1374 1850 1537 1905 "350i
1570 1850 1773 1916 Deum.
1808 1861 1868 1907 ιιι
1891 1855 2056 1908 etiam
2087 1853 2144 1910 in
2173 1847 2222 1908 Β
2248 1862 2442 1926 ralem,
2472 1861 2612 1916 sicut
2663 1859 2921 1929 hominis,
2955 1863 3045 1932 qui
3074 1870 3453 1932 praesentanea
3485 1863 3858 1917 commotione

531 1943 816 2015 praeceptis
842 1942 1116 1999 hominem
1139 1941 1298 1997 irasci
1318 1949 1484 1998 vetet.
1515 1942 1740 1998 Possem
1767 1943 1972 2013 dicere,
1996 1943 2142 2014 quod

533 2040 613 2092 ira
644 2035 884 2093 hominis
905 2033 1242 2091 refraenanda
1271 2033 1452 2101 fuerit,
1483 2035 1606 2104 quia
1635 2034 1830 2106 injuste
1853 2051 2004 2108 sape
2034 2038 2146 2094 ira-

533 2129 738 2195 scitur;
768 2138 825 2184 et
858 2137 1184 2198 praesentem
1214 2125 1379 2184 habet
1411 2135 1617 2183 motum
1637 2168 1654 2196 ,
1681 2129 1805 2199 quia
1834 2131 2149 2201 temporalis

531 2229 636 2276 est.
660 2217 846 2292 Itaque
876 2235 943 2275 ne
973 2218 1168 2274 ﬁerent
1197 2233 1284 2284 ea,
1311 2233 1431 2288 quae
1456 2216 1660 2275 faciunt
1685 2235 1780 2290 per
1799 2221 1934 2277 iram
1960 2233 2014 2278 et
2040 2223 2142 2278 hu-

531 2307 711 2378 miles,
743 2319 798 2367 et
826 2307 1132 2367 mediocres
1157 2351 1171 2376 ,
1205 2318 1262 2366 et
1285 2310 1467 2381 magni
1514 2326 1687 2382 reges,
1723 2316 2012 2384 temperari
2043 2314 2146 2371 de-

533 2404 655 2460 buit
687 2401 837 2460 furor
868 2404 1008 2475 ejus,
1052 2413 1106 2460 et
1151 2403 1434 2473 comprimi
1460 2443 1478 2470 ,
1508 2419 1575 2460 ne
1600 2406 1799 2461 mentis
1845 2407 2020 2476 impos
2046 2407 2151 2463 ali-

535 2497 681 2569 quod
705 2496 1032 2569 inexpiabile
1059 2495 1266 2553 lacinus
1297 2496 1628 2554 admitteret.
1658 2498 1801 2555 Deus
1825 2509 2004 2556 autem
2035 2517 2150 2558 non

540 2593 612 2650 ad
655 2609 900 2668 presens
929 2591 1200 2660 irascitur,-
1229 2596 1353 2664 quia
1382 2602 1616 2648 aeternus
1666 2604 1748 2650 est
1792 2596 2155 2670 perfectaeque

535 2685 787 2754 virtutis;
811 2700 869 2744 et
897 2703 1170 2759 nunquam
1198 2688 1302 2744 nisi
1328 2688 1526 2744 nierito
1546 2689 1814 2746 irascitur.
1839 2692 1948 2748 Sed
1967 2704 2151 2752 tamen

532 2797 642 2840 non
672 2781 744 2837 ita
767 2795 855 2836 res
873 2795 932 2836 se
953 2779 1136 2838 habet.
1159 2779 1294 2836 Nam
1317 2781 1364 2836 si
1377 2781 1600 2836 omnino
1620 2781 1936 2852 prohiberet
1962 2786 2149 2855 irasci,

531 2873 650 2946 ipse
693 2870 1092 2945 quodammodo
1137 2872 1506 2944 reprehensor
1563 2873 1763 2944 opificii
1804 2877 1889 2932 sui
1937 2875 2154 2949 luisset,

2253 1954 2533 2020 fervescit,
2563 1970 2660 2009 nec
2709 1955 2869 2011 facile
2899 1971 3090 2026 regere
3117 1970 3177 2011 se
3205 1963 3381 2026 potest
3409 1965 3639 2025 propter
3665 1955 3856 2026 fragili~

2254 2057 2420 2104 tatem
2467 2065 2482 2114 ;
2525 2048 2832 2120 intelligere
2859 2049 3139 2115 debemus,
3166 2049 3288 2118 quia
3312 2049 3384 2103 sit
3423 2061 3671 2105 internus
3702 2051 3855 2113 Deus,

2254 2142 2390 2197 iram
2414 2157 2629 2212 quoque
2657 2144 2774 2212 ejus
2809 2145 2863 2197 in
2896 2152 3159 2198 aeternum
3205 2153 3466 2198 manere:
3493 2143 3591 2197 sed
3632 2157 3858 2206 mrsu,

2261 2235 2384 2304 quia
2415 2234 2617 2290 virtute
2668 2236 2738 2289 sit
2787 2236 3016 2290 maxima
3069 2235 3347 2307 prteditus,
3377 2236 3430 2289 in
3465 2245 3747 2306 potestate
3773 2235 3857 2290 ba-

2266 2327 2397 2383 bere
2443 2329 2575 2383 iram
2615 2343 2806 2392 suam;
2841 2343 2940 2384 nec
2977 2328 3044 2384 ab
3092 2343 3154 2383 ea
3202 2330 3337 2399 regi,
3360 2330 3456 2383 sed
3489 2329 3670 2398 ipsum
3703 2328 3859 2392 illam,

2263 2419 2716 2492 quemadmodum
2741 2420 2888 2486 velit,
2914 2420 3177 2474 moderari
3210 2435 3224 2473 :
3255 2416 3396 2490 quod
3430 2421 3619 2489 utique
3651 2434 3762 2474 non
3784 2434 3859 2473 re-

2255 2522 2460 2584 pugnat
2492 2513 2777 2581 superiori.
2808 2513 2938 2567 Nam
2967 2512 3012 2567 si
3053 2526 3274 2582 prorsus
3327 2511 3657 2566 immortalis
3679 2511 3860 2564 fuisset

2257 2605 2340 2661 ira
2380 2607 2520 2677 ejus,
2553 2622 2662 2663 non
2710 2616 2857 2663 esset
2879 2587 3371 2662 satisfactionfaut
3398 2605 3596 2675 gratia
3629 2613 3752 2674 post
3781 2603 3860 2658 de-

2264 2704 2452 2759 lictum
2484 2704 2636 2760 locus
2662 2720 2676 2768 ;
2701 2719 2824 2760 eum
2871 2704 2988 2774 ipse
3017 2701 3266 2756 homines
3293 2709 3419 2756 ante
3448 2701 3586 2756 solis
3617 2714 3858 2756 occasum

2269 2797 2608 2853 reconciliari
2630 2797 2831 2867 iubeat.
2862 2796 2969 2853 Sed
2993 2795 3070 2851 ira
3098 2795 3278 2851 divina
3307 2795 3359 2849 in
3387 2804 3658 2850 aeternum
3690 2805 3859 2848 manet

2258 2887 2522 2944 adversus
2559 2897 2675 2956 eos,
2709 2889 2802 2959 qui
2849 2897 3078 2960 peccant
3116 2888 3169 2944 in
3198 2896 3486 2944 aeternum.
3519 2883 3713 2959 Itaque
3738 2886 3862 2943 Deus

1890 3013 2258 3082 VARIORUM
2296 3027 2530 3086 NOTAE.

525 3171 678 3224 non.,
707 3155 866 3225 Tam,
917 3154 1065 3224 Lips.
1112 3151 1319 3210 addunt
1348 3152 1493 3207 humi
1524 3169 1736 3225 repere;
1767 3157 1954 3228 scripti
1978 3158 2034 3224 5,
2065 3159 2142 3214 ir-

2266 3167 2488 3240 [uentia,
2520 3168 2574 3221 in
2605 3168 2822 3222 humore
2850 3167 3023 3240 fellis;
3051 3176 3106 3222 et
3133 3165 3228 3221 lib.
3260 3181 3313 3221 vr
3339 3165 3578 3240 Institul.
3600 3181 3738 3240 cap.
3771 3161 3862 3222 (ὃς

531 3243 727 3282 reuere.

591 3245 842 3362 migrat,
880 3305 1116 3379 iet-benti,
1135 3307 1250 3366 quur
1279 3295 1482 3379 calcare
1501 3294 1766 3379 debuerat.
1790 3297 1965 3379 pene.
1985 3299 2138 3379 _\_v’ide

537 3383 690 3493 seqq.
722 3383 856 3450 mss.
880 3366 1196 3438 Regio-Pot.
1221 3375 1276 3422 et
1305 3383 1320 3422 l
1345 3367 1416 3420 al.
1442 3366 1601 3438 Reg,
1628 3369 1761 3424 edit.
1790 3368 1944 3424 Rom.
1976 3373 2136 3440 M70,

534 3440 598 3495 AI
647 3479 684 3504 .,
707 3439 906 3512 FaSIL,
939 3438 1109 3512 Betui.
1136 3437 1355 3512 habent,
1386 3452 1617 3512 auersus,
1645 3449 1833 3512 terram
1851 3459 2003 3512 quam
2033 3446 2140 3499 cal—

450 3551 453 3554 -
536 3527 654 3565 care
681 3510 940 3564 debuerat.
991 3508 1116 3563 Mss.
1166 3509 1232 3564 15
1275 3517 1331 3563 et
1375 3509 1462 3562 ed.
1514 3509 1670 3565 Rom.
1703 3508 1872 3580 1468(
1896 3513 2138 3571 adversus

538 3593 727 3637 terram
754 3595 912 3637 om
932 3580 1136 3634 calcare
1162 3580 1422 3633 debuerat.

612 3650 934 3726 Majestatem
973 3651 1067 3726 Dei
1112 3650 1391 3726 singularis
1434 3661 1738 3726 agnoscunt.
1775 3652 1872 3726 _S_ic
1921 3664 1976 3710 et
2011 3657 2138 3713 alibi

537 3719 749 3796 passim:
768 3723 1095 3796 Lactantius.
1134 3719 1268 3796 [ide
1298 3719 1420 3796 lflot.
1451 3719 1640 3796 adiit).
1675 3722 1742 3796 de
1772 3721 1987 3782 Mortib.
2012 3728 2142 3784 Per-

538 3791 892 3871 sectit._cap._
915 3794 969 3848 1.
1001 3793 1103 3871 iis.
1154 3791 1273 3847 Em.
1309 3792 1473 3871 habet
1506 3792 1600 3847 Dei
1625 3795 1893 3871 catastis;
1921 3797 1957 3852 2
2005 3799 2141 3871 Reg.

539 3882 678 3935 rec.,
715 3868 754 3924 ’ἃ
775 3862 959 3931 Golb.,
993 3862 1232 3920 Clarum.
1263 3871 1318 3920 et
1346 3864 1381 3918 2
1421 3871 1529 3920 vet.
1572 3863 1696 3924 edd.
1740 3867 1920 3936 Rom.,
1954 3862 2144 3942 cogna-

542 3949 728 3996 stunt.-

615 4010 868 4081 Supsrest
888 4021 999 4062 una
1021 4013 1069 4061 et
1094 4006 1573 4084 extremaguautio.
1619 4005 1698 4061 lta
1725 4008 1845 4084 libri
1876 4013 2145 4084 antiquio-

542 4098 651 4147 res,
675 4075 787 4137 tum
815 4094 946 4136 mss.
980 4088 1092 4150 tum
1123 4078 1276 4134 editi.
1319 4075 1469 4132 Multi
1496 4077 1744 4147 impressi
1773 4090 1892 4150 post
1922 4075 2024 4138 una
2054 4084 2147 4139 ad-

543 4155 677 4208 dunt
699 4155 952 4219 maxima;
985 4149 1270 4207 tColbert.
1320 4151 1668 4220 permaxima;
1717 4149 1900 4224 scripti
1948 4155 1980 4210 4
2033 4172 2142 4212 rec.

547 4239 656 4279 una
669 4235 714 4279 et
736 4226 984 4279 marium.

623 4296 691 4350 Ut
712 4299 863 4350 etiam
885 4296 940 4348 in
962 4294 1250 4364 praceptls.
1289 4291 1524 4364 Reposui
1555 4294 1710 4348 etiam
1735 4307 1801 4351 ex
1829 4296 1987 4354 editis
2017 4293 2148 4356 Cra-

549 4366 697 4421 tsnd.
726 4376 782 4422 et
817 4365 1015 4421 Cellar.
1057 4366 1376 4436 cunctisque
1420 4365 1661 4437 scriptis,
1708 4378 1906 4437 praeter
1931 4369 1966 4424 4
2012 4385 2144 4426 mss.

551 4451 665 4562 pec.
693 4437 748 4560 il;
766 4437 982 4508 quibus,
1014 4445 1074 4491 ut
1100 4437 1154 4492 in
1181 4438 1394 4492 caeteris
1425 4438 1728 4507 impressis,
1770 4440 1962 4511 legitur
1991 4452 2069 4508 et;
2096 4443 2148 4497 in

571 4523 700 4562 πη..
751 4523 856 4562 ore.

571 4523 700 4574 και,
729 4523 842 4577 ipse

2243 3236 2588 3312 Mutarim
2615 3241 2670 3293 in
2692 3240 2826 3312 felle,
2850 3236 3088 3312 libidinis
3106 3240 3158 3292 in
3172 3240 3382 3312 jacere;
3409 3239 3562 3312 etde
3583 3236 3734 3310 Opi—I.
3759 3251 3861 3307 cap.

2245 3308 2315 3362 M
2349 3327 2360 3360 :
2395 3308 2650 3376 A/i'ectum
2686 3308 3038 3364 iracundiae...
3071 3311 3121 3363 in
3161 3310 3280 3380 felle
3315 3308 3732 3364 constitutum...
3765 3312 3864 3365 libi-

2246 3380 2392 3434 dines
2413 3397 2584 3435 rerum
2615 3397 2943 3436 venerearum
2975 3384 3027 3434 in
3054 3383 3242 3446 iecore.
3273 3381 3405 3435 BUN.

2324 3449 2537 3506 Deinde.
2567 3453 2636 3506 Ita
2663 3453 2970 3507 restitutum
2991 3469 3057 3508 ex
3081 3453 3212 3507 edit.
3241 3452 3450 3506 Bonon.
3478 3452 3646 3518 M70,
3674 3453 3862 3518 Betnl.,

2248 3520 2448 3594 Cellar.
2481 3522 2538 3576 ln
2573 3525 2598 3578 1
2633 3523 2763 3594 Reg.
2793 3539 2902 3579 rec.
2935 3534 2991 3578 et
3023 3523 3091 3578 12
3113 3524 3327 3577 excusis
3355 3531 3440 3578 est
3471 3523 3735 3594 Denique.

2321 3591 2448 3646 Cum
2475 3595 2634 3650 irasci
2663 3591 2886 3665 quidem,
2917 3595 3008 3651 sed
3037 3605 3203 3648 tamen
3242 3611 3344 3647 non
3373 3611 3586 3662 peccare
3611 3591 3861 3665 preceps,

2247 3680 2350 3737 rion
2371 3665 2565 3734 utique.
2595 3666 2722 3720 Mss.
2747 3669 2780 3722 5
2805 3683 2913 3722 rec.
2946 3678 3000 3722 et
3025 3668 3090 3720 11
3111 3665 3263 3732 edd.,
3293 3682 3408 3720 eum
3432 3667 3663 3720 irasci...
3694 3669 3865 3737 scripti

2249 3733 2289 3791 ὅ
2311 3733 2741 3807 τεαίρνιεοίρὶι.

2329 3828 2440 3900 Sed
2461 3839 2628 3884 tamen
2651 3846 2750 3884 non
2767 3844 2992 3898 peccare,
3009 3837 3112 3884 etc.
3137 3828 3279 3882 Psal.
3297 3844 3350 3883 tv
3364 3830 3502 3899 apud
3527 3829 3863 3900 Septuaginta

2251 3899 2470 3978 quidem
2497 3910 2582 3956 est
2612 3903 3016 3978 épineeOs,_mi
3051 3901 3487 3978 μή-ἁμαρπτάνετε.
3524 3901 3633 3956 Sed
3667 3901 3864 3978 Hebrzei

2251 3974 2580 4028 transferunt
2608 3973 3019 4038 contremisctte;
3060 3975 3149 4043 qui
3181 3973 3374 4027 sensus
3404 3983 3509 4039 est,
3564 3984 3626 4027 ut
3674 3973 3861 4028 abhor-

2252 4057 2466 4098 reamus
2495 4060 2526 4099 a
2557 4045 2807 4113 peccatis.
2842 4043 3046 4098 Durus.

2331 4135 2434 4204 Qui
2465 4137 2678 4208 placati.
2727 4137 2803 4191 ita
2833 4138 3043 4192 correxi
3075 4151 3142 4190 ex
3178 4135 3434 4191 omnibus
3462 4151 3615 4208 ωδε.
3660 4137 3858 4191 multis—

2253 4221 2363 4278 que
2387 4206 2544 4264 editis
2576 4227 2589 4261 :
2618 4209 2671 4263 in
2698 4208 2969 4262 nonnullis
3000 4208 3280 4278 impressis
3307 4216 3391 4261 est
3413 4206 3652 4277 placare.

2328 4277 2553 4334 Celerius
2592 4280 2842 4350 praecipit.
2875 4279 2965 4334 Sic
3014 4277 3134 4348 lego
3172 4294 3235 4332 ex
3270 4279 3860 4350 mss._Aqnamplurimis

2256 4348 2645 4422 antiquissimis
2668 4360 2723 4406 et
2752 4350 2991 4420 optimis,
3020 4351 3356 4422 approbante
3397 4348 3633 4405 Franeie
3669 4370 3681 4404 :
3725 4349 3858 4422 quod

2257 4421 2626 4492 superioribus
2653 4423 2962 4491 respondet,
2988 4421 3076 4476 ubi
3101 4420 3188 4476 est
3202 4420 3373 4491 jubet.

2330 4491 2414 4546 Ea
2449 4495 2585 4564 enim
2612 4495 2876 4564 prazcepit.
2903 4493 2993 4548 Sic
3019 4493 3234 4546 restitui
3283 4507 3350 4547 ex
3402 4491 3618 4547 cunctis
3647 4507 3779 4548 mss.
3811 4499 3857 4545 et

626 4549 930 4634 ἳᾶὸῧῖίὶια
951 4593 1018 4650 ex
1033 4588 1142 4650 vet.
1167 4578 1293 4633 edd:
1316 4577 1475 4650 item.
1494 4590 1550 4632 et
1565 4578 1635 4633 Is.
1661 4592 1724 4634 ac
1738 4580 2039 4650 quampluri
2048 4597 2095 4637 m
2105 4585 2148 4640 is

2266 4574 2379 4650 vet..-
2420 4563 2510 4620 ed.
2560 4549 2719 4632 Rom.
2770 4549 2828 4619 in
2883 4563 2950 4619 12
2981 4564 3260 4634 impressis
3316 4573 3421 4630 est,
3453 4564 3711 4634 siquidem
3740 4578 3858 4634 pra:-

552 4665 688 4705 mss.
710 4650 947 4721 reposui.
971 4648 1032 4704 in
1053 4648 1215 4722 Cane.
1247 4656 1304 4722 et
1331 4649 1384 4702 in
1411 4649 1448 4704 8
1462 4650 1744 4722 impressis
1759 4648 1852 4708 ’eSt
1868 4648 2108 4708 debuerat
2130 4673 2150 4722 ,-

554 4723 614 4777 in
631 4723 668 4776 5
695 4718 910 4791 scriptis
933 4729 987 4776 et
1006 4722 1038 4774 4
1069 4718 1298 4791 vulgatis
1321 4728 1407 4775 est
1435 4720 1684 4791 debuerit.

629 4791 718 4848 Ns
736 4789 917 4848 mentis
951 4792 1122 4861 impos
1153 4789 1367 4862 aliquod
1399 4790 1709 4862 inexpiabile
1736 4789 1937 4860 facinus
1965 4797 2154 4852 admit-

557 4874 698 4920 teret.
732 4877 861 4919 mss.
895 4863 964 4918 M
986 4859 1128 4917 inter
1158 4859 1294 4932 ques
1318 4869 1401 4918 est
1429 4859 1743 4932 Regio-Put.
1770 4873 1824 4919 et
1854 4882 1992 4923 unus
2019 4869 2154 4926 Jano

556 4934 830 4992 Gullielmi
858 4935 1041 5007 visus,
1088 4932 1358 5007 editisque
1386 4932 1631 5007 Romana
1664 4934 1802 4990 1468
1830 4936 2049 5007 habent,
2093 4959 2155 4996 ne

556 5008 739 5062 mentis
759 5005 1069 5074 impossibile
1090 5004 1322 5073 aliquod,
1355 5005 1503 5058 nullo
1532 5017 1693 5060 sensu
1717 5023 1732 5072 ;
1766 5008 1906 5064 unde
1933 5004 2157 5067 Gulliel-

560 5093 687 5154 mus
705 5085 762 5134 et
783 5076 1458 5154 Gallicuslegendum‘esse
1479 5085 1685 5154 putant,
1714 5093 1778 5132 ne
1797 5084 1974 5154 mentis
1995 5084 2163 5154 impos

557 5166 598 5222 ρ
618 5149 738 5222 bile,
768 5157 870 5222 aut
893 5148 950 5222 in
973 5145 1267 5222 bile.'_blss.
1297 5147 1332 5200 2
1362 5145 1522 5222 lion;
1549 5147 1574 5202 1
1607 5146 1740 5222 Reg.
1774 5166 1910 5220 rec.,
1933 5145 2092 5222 ’l‘axf,
2128 5154 2163 5207 2

559 5217 738 5297 (3911),,
759 5220 792 5297 ,1
827 5218 1295 5297 Sorbon.,__Baluz.
1322 5258 1338 5284 ,
1372 5217 1607 5297 Clarom.
1635 5217 1903 5297 inﬁmarg.
1945 5241 2007 5279 ne
2047 5217 2163 5297 post

559 5291 789 5360 aliquod,
820 5299 927 5345 etc.
959 5289 1270 5362 iCnl-b.,_ne
1301 5300 1414 5362 post
1444 5290 1574 5343 irmn
1595 5290 1827 5362 aliquod.

761 5377 796 5443 ᾳ
839 5361 1115 5432 principio.
1162 5360 1287 5416 Mss.
1322 5359 1398 5418 14,
1431 5371 1486 5416 et
1527 5359 1750 5419 totidem
1775 5363 1923 5433 editi,
1964 5367 2085 5438 quia
2109 5369 2164 5422 in

564 5449 975 5585 {fnlnrsifiii‘oiecori
1003 5502 1241 5585 hamulis:
1269 5501 1396 5585 Rise.
1422 5502 1456 5556 2
1477 5503 1636 5585 iieg.,
1723 5501 2000 5585 _Colbert.,
2033 5510 2166 5585 iram

557 5573 1012 5651 iecorisltomim's;
1039 5573 1185 5651 lim,
1211 5575 1319 5644 falli
1350 5573 1589 5651 Ιισζηῂήεζ
1615 5606 1685 5616 ——
1712 5575 1858 5632 Iram
1879 5579 2048 5651 jecori
2074 5582 2167 5635 lio-

561 5644 714 5721 minis
741 5644 1027 5721 indidisset.
1057 5644 1276 5721 Legitur
1296 5645 1440 5716 apud
1465 5647 1757 5704 Buneman.
1779 5644 1912 5706 iram
1933 5652 2045 5721 felll
2067 5653 2167 5706 hoa

561 5715 734 5790 priuis.
769 5715 825 5790 In
855 5716 1106 5790 hancque,
1128 5715 1424 5790 ferientem
1456 5728 1636 5790 notam
1667 5715 1986 5790 sequentem
2015 5723 2169 5779 exhi—

564 5786 655 5860 bet
671 5803 774 5842 :--
788 5787 930 5845 Iram
951 5786 1061 5860 pelli
1087 5789 1310 5853 hominis,
1329 5789 1620 5846 indidisset.
1646 5786 1793 5847 Εόὶὶί
1807 5807 2016 5858 omnes,
2035 5796 2168 5848 iram

553 5859 744 5930 iocari.
791 5859 990 5933 Scripsi
1012 5876 1077 5916 ex
1110 5860 1432 5930 Emmann.,
1474 5862 1608 5918 iram
1643 5863 1774 5935 falli.
1820 5865 2058 5924 Suadent
2083 5879 2170 5925 se-

2255 4635 2401 4704 cipit.

2332 4723 2444 4800 Nec
2478 4729 2632 4800 facile
2658 4744 2830 4800 regere
2870 4745 2924 4800 se
2964 4738 3128 4797 potest
3157 4737 3370 4798 propter
3392 4727 3730 4799 fragilitatem
3751 4743 3769 4780 :
3789 4728 3857 4780 in-

2260 4798 2485 4870 telligere
2501 4798 2764 4866 debemus,
2785 4810 2889 4855 etc.
2915 4799 2990 4854 Ita
3016 4800 3196 4854 ferunt
3222 4813 3410 4854 omnes
3436 4798 3785 4866 manuscripti
3813 4808 3856 4851 et

2261 4867 2297 4940 5
2326 4867 2475 4924 editi.
2515 4873 2687 4940 Atque
2729 4887 2858 4927 vera
2887 4881 2942 4927 et
2986 4871 3222 4940 genuina
3255 4879 3339 4925 est
3369 4871 3531 4924 lectio
3579 4870 3782 4924 Tridin.
3812 4877 3858 4922 et

2262 4939 2528 5007 Florent.,
2561 4939 2694 4997 Ven.
2733 4941 2893 4998 1490.
2932 4939 3134 4996 Vitiose
3182 4943 3234 4996 in
3290 4941 3544 5010 impress.
3595 4942 3735 5004 aliis,
3768 4957 3855 4992 non

2264 5013 2379 5066 ideo
2411 5011 2713 5084 intelligere,
2739 5026 2845 5070 etc.
2876 5030 2996 5084 quae
3029 5013 3188 5084 lectio
3213 5027 3377 5082 scopo
3410 5013 3562 5067 Lact.
3594 5015 3852 5066 cootraria

2268 5093 2371 5147 est,
2406 5095 2464 5138 ut
2483 5083 2622 5140 bene
2643 5083 2998 5140 observarunt
3020 5083 3344 5145 Thomasius
3365 5093 3418 5137 et
3445 5084 3632 5138 Ismus.

2346 5155 2491 5209 Iram
2521 5157 2633 5226 ejus
2672 5156 2724 5209 in
2751 5167 2995 5211 (sternam
3034 5171 3260 5211 manere.
3311 5154 3366 5209 ld
3394 5166 3497 5220 est,
3530 5157 3598 5207 ab
3625 5152 3854 5226 omnipo-

2272 5227 2439 5282 tentia
2467 5225 2694 5297 aliisque
2721 5228 2814 5283 Dei
2856 5227 3130 5282 attributis
3163 5225 3288 5281 illud
3325 5226 3636 5281 necessario
3658 5225 3785 5284 ﬂuit,
3807 5231 3853 5275 ut

2271 5313 2366 5352 ens
2387 5298 2512 5353 odio
2535 5299 2731 5354 habeat
2759 5308 3023 5369 qumqunt
3051 5297 3309 5352 adversus
3341 5297 3850 5369 ipsius‘mniestatem

2273 5369 2524 5423 obstinato
2552 5371 2724 5425 animo
2744 5365 3088 5439 deliquerint.
3113 5369 3200 5424 Uti
3230 5365 3417 5423 rursus
3443 5369 3512 5419 ah
3547 5365 3748 5420 inﬁnita
3773 5365 3849 5439 Dei

2273 5441 2640 5496 misericordia
2697 5437 3072 5511 proﬁciscitur,
3101 5439 3247 5511 quod.
3285 5454 3381 5494 eos
3429 5440 3576 5492 sinat
3605 5453 3780 5492 secum
3805 5437 3849 5490 iu

2271 5512 2497 5580 gratiam
2518 5510 2716 5579 redire,
2737 5515 2822 5583 qui
2846 5512 2926 5582 (ut
2955 5520 3137 5566 noster
3153 5510 3288 5565 infra
3318 5511 3849 5583 loquitur)cuuressa,

2270 5583 2604 5653 resipisceudi
2644 5594 2692 5638 et
2729 5582 2808 5638 sui
2859 5584 3149 5654 corrigendi
3179 5583 3423 5702 facultaée
3452 5582 3594 5636 bene
3629 5589 3847 5635 utuntur.

3360 5667 3652 5702 LPARIIUQ.

3360 5667 3652 5707 bPARRIUQ.

2347 5725 2450 5779 Aut
2474 5726 2655 5794 gratia:
2681 5737 2792 5796 post
2815 5726 3056 5781 delictum
3078 5726 3288 5782 locus.i
3321 5724 3534 5780 Bouon.
3565 5724 3750 5794 antiq.,
3771 5727 3848 5774 aut

2274 5797 2455 5867 gratia:
2480 5797 2675 5866 positus
2701 5801 2863 5851 locus.

2349 5865 2622 5924 Anlc’solis
2647 5884 2902 5935 accusaui,
2937 5879 3046 5927 etc.
3071 5869 3190 5928 Non
3229 5868 3452 5935 Christi,
3475 5869 3578 5926 sed
3597 5866 3738 5927 Pauli
3753 5876 3845 5922 vox
