4034 6354
129 323 247 385 145

1473 323 1683 380 LIBER
1722 322 1812 380 DE
1850 323 1970 380 lRA
2011 322 2144 378 DEI.

3374 324 3480 381 146

132 444 230 514 qui
282 443 457 501 Deum
505 450 702 516 putant
740 443 856 500 sine
891 444 999 512 ira;
1047 449 1102 498 et
1129 441 1272 496 inter
1315 446 1541 495 caeteras
1573 437 1763 493 laudes
1789 445 1838 503 Α
1869 452 1971 508 qua
2017 445 2228 494 constat
2256 439 2564 509 imperium,
2595 439 2795 496 habeat
2821 453 3045 496 necesse
3072 447 3173 498 est.
3201 439 3482 511 Quaprop-

132 537 258 606 ejus
286 537 339 592 id
382 548 618 607 ponunt,
652 537 793 607 quod
838 547 922 593 est
958 532 1380 598 inutilissimum,
1413 531 1760 588 detrahentes

134 629 212 695 ci,
248 629 392 699 quod
426 641 514 684 est
561 629 730 684 rebus
779 627 1024 682 humanis
1076 624 1308 679 maxime
1350 621 1616 687 salutare,
1663 637 1761 691 per

133 721 284 792 quod
313 729 531 776 constat
561 721 676 791 ipsa
707 719 973 789 majestas.
1013 716 1254 786 Regnum
1284 713 1387 769 hoc
1422 713 1740 784 imperium-

131 829 243 885 que
277 822 556 869 terrenum
589 811 694 867 nisi
737 821 912 866 metus
949 808 1240 874 custodiat,
1289 807 1536 862 solvitur.
1585 804 1752 860 Aufer

134 907 275 962 iram
305 907 441 977 regi,
468 921 575 960 non
603 903 763 959 modo
783 917 942 958 nemo
964 900 1190 972 parebit,
1219 897 1316 955 sed
1339 898 1500 954 etiam
1531 896 1600 952 de
1628 895 1738 953 fas-

135 999 275 1070 tigio
303 997 747 1069 przccipitabitur.
778 996 893 1050 lmo
935 1009 1064 1049 vero
1112 991 1332 1048 cuilibet
1378 989 1563 1046 humili
1596 989 1748 1060 eripe

135 1091 286 1147 hunc
327 1090 600 1154 allectum,
628 1088 748 1159 quis
771 1102 893 1142 eum
926 1101 1030 1141 non
1059 1084 1344 1156 spoliabit?
1374 1084 1494 1152 quis
1523 1099 1629 1137 non
1657 1082 1758 1138 de-

133 1183 370 1239 ridebit?
406 1183 527 1254 quis
553 1196 660 1237 non
690 1179 888 1236 afficiet
917 1178 1145 1250 injuria?
1175 1176 1251 1231 lta
1279 1191 1379 1232 nec
1407 1176 1744 1240 indumenta,

134 1292 240 1332 nec
262 1275 468 1340 sedem,
498 1291 599 1330 nec
624 1275 822 1329 victum
855 1274 1048 1342 poterit
1093 1271 1312 1337 habere,
1339 1271 1459 1325 aliis
1482 1269 1746 1341 quidquid

136 1368 390 1424 habuerit
415 1366 832 1436 diripientibus;
865 1365 1059 1420 nedum
1091 1371 1336 1432 putemus
1374 1363 1612 1418 caelestis
1643 1363 1749 1416 im-

137 1463 279 1535 perii
323 1462 658 1532 majestatem
697 1461 813 1515 sine
858 1459 938 1513 ira
982 1467 1036 1514 et
1077 1468 1221 1513 metu
1253 1471 1413 1527 posse
1437 1457 1755 1512 consistere.

140 1555 338 1626 Apollo
377 1554 638 1618 Milesius,
681 1552 747 1607 de
787 1551 1093 1607 Judaeorum
1142 1549 1399 1619 religione
1435 1548 1735 1615 consultus,

140 1663 404 1718 responso
431 1646 531 1702 hoc
557 1645 776 1701 indidit:

339 1765 417 1814 ἡδὶ
430 1774 519 1812 eat
540 1772 698 1823 βασιλῆα
721 1773 784 1810 καὶ
803 1775 1002 1823 {svnt-ipa.
1025 1772 1093 1821 πρὸ
1115 1772 1274 1816 πάντων,

345 1828 398 1876 ὒν
423 1840 590 1887 κρίματα
606 1838 666 1874 καὶ
685 1841 786 1885 γαῖα,
805 1836 867 1874 ul
885 1835 1050 1885 οὐρανὸς,
1064 1830 1133 1881 ἠδὲ
1153 1834 1339 1880 θάλασσα,

340 1895 554 1951 Ταρτὰριοὶ
577 1913 616 1938 τι
636 1900 764 1950 μησὶ,
785 1899 847 1936 ul.
868 1894 1038 1964 daijsovt.‘
1062 1899 1323 1948 h?9it109¢tv.

224 2015 282 2073 Si
315 2023 424 2070 tam
448 2014 582 2070 lenis
605 2023 707 2081 est,
735 2029 895 2084 quam
921 2013 1224 2082 pltilOSOplti
1253 2013 1458 2078 volunt,
1479 2011 1753 2084 quomodo

147 2109 216 2164 ad
246 2117 432 2164 nutum
461 2108 577 2177 ejus
599 2123 703 2162 non
736 2107 896 2162 modo
925 2106 1222 2170 daemones,
1261 2115 1315 2161 et
1341 2106 1566 2160 ministri
1599 2115 1762 2161 tanta:

147 2200 448 2271 potestatis,
477 2200 570 2255 sed
589 2200 749 2254 etiam
771 2201 988 2265 ccelum,
1017 2208 1072 2253 et
1100 2208 1261 2265 terra,
1291 2208 1345 2253 et
1365 2214 1544 2252 rerum
1571 2206 1762 2252 natura

151 2295 328 2348 omnis
351 2291 751 2349 contremiscit?
800 2293 858 2348 Si
897 2293 1041 2348 enim
1071 2292 1250 2346 nullus
1275 2292 1431 2347 alteri
1459 2293 1625 2347 servit
1655 2291 1760 2346 nisi

149 2397 393 2453 coactus,
436 2402 598 2442 omne
627 2387 788 2458 igitur
817 2385 1100 2456 imperium
1135 2394 1282 2441 metu
1313 2393 1556 2440 constat:
1589 2395 1764 2440 metus

151 2490 328 2536 autem
355 2496 450 2552 per
469 2481 641 2535 iram:
674 2495 798 2534 nam
828 2479 875 2533 si
904 2494 1012 2533 non
1040 2487 1318 2533 moveatur
1348 2478 1466 2547 quis
1503 2477 1762 2530 adversus

147 2586 339 2640 parere
385 2571 681 2635 nolentem,
735 2586 838 2626 nec
884 2571 1001 2640 cogi
1049 2570 1249 2638 poterit
1291 2569 1357 2622 ad
1409 2567 1756 2638 obsequium.

144 2661 403 2719 Consulat
453 2665 821 2735 unusquisque
863 2663 1085 2719 affectus
1122 2678 1285 2718 suos:
1330 2665 1439 2732 jam
1492 2662 1757 2732 intelliget

143 2758 421 2813 neminem
455 2773 614 2827 posse
648 2756 765 2812 sine
797 2758 872 2812 ira
902 2767 956 2812 et
1002 2758 1349 2828 castigatione
1379 2757 1604 2827 imperio
1629 2755 1755 2811 Sub-

137 2851 333 2921 jugari.
389 2850 490 2908 Ubi
528 2866 661 2920 ergo
705 2851 782 2905 ira
825 2866 930 2905 non
972 2852 1163 2917 fuerit,
1212 2851 1498 2922 imperium
1537 2865 1754 2922 quoque

139 2960 250 3001 non
276 2945 403 3002 erit.
437 2946 586 3002 Deus
610 2955 786 3001 autem
818 2945 978 3002 habet
1000 2945 1316 3016 imperium;
1347 2960 1474 3016 ergo
1500 2956 1554 3000 et
1592 2945 1748 3013 iram,

1865 546 1948 592 ter
1975 546 2138 587 nemo
2177 533 2577 604 vaniloquentia
2625 534 3068 606 philosophorum
3111 534 3361 590 inductus
3406 536 3478 590 ad

1859 634 2228 695 contemptum
2268 641 2327 681 se
2358 627 2450 682 Dei
2481 627 2723 694 erudiat;
2753 628 2893 699 quod
2926 637 3010 682 est
3054 628 3348 683 maximum
3380 645 3482 684 ne-

1859 715 1962 772 fas.
2002 717 2270 773 Debemus
2297 718 2438 773 hunc
2466 735 2657 774 omnes
2680 731 2733 774 et
2763 735 2968 786 amare,
2998 719 3140 791 quod
3182 729 3334 788 pater
3356 729 3473 785 est;

1860 818 1915 862 et
1953 810 2152 876 vereri,
2194 807 2335 879 quod
2374 809 2660 876 dominus;
2711 821 2767 866 et
2795 811 3174 878 honorificare,
3201 812 3346 882 quod
3377 814 3478 869 be-

1860 899 2098 965 neficus;
2142 909 2198 955 et
2227 910 2490 966 metuere,
2528 901 2673 970 quod
2703 918 2962 958 severus:
2991 911 3218 973 utraque
3246 919 3480 974 persona

1864 990 1918 1046 in
1946 1005 2012 1046 eo
2035 992 2379 1048 venerabilis.
2407 991 2541 1059 Quis
2555 993 2701 1048 salva
2729 993 2928 1064 pietate
2946 1009 3052 1049 non
3071 994 3261 1065 diligat
3283 997 3481 1051 animae

1861 1097 1976 1138 suae
2008 1086 2325 1154 parentem?
2352 1094 2444 1139 aut
2472 1085 2593 1154 quis
2623 1085 2842 1156 impune
2869 1095 3184 1142 contemnat
3209 1102 3357 1154 eum,
3389 1083 3480 1157 qui

1861 1190 2042 1231 rerum
2073 1174 2398 1240 dominator,
2433 1176 2628 1230 habeat
2677 1175 2731 1230 in
2773 1191 2964 1232 omnes
3015 1191 3196 1232 veram
3229 1189 3283 1232 et
3322 1188 3484 1234 acter-

1861 1283 1986 1324 nam
2018 1270 2375 1338 potestatem?
2398 1268 2452 1323 Si
2485 1278 2690 1338 patrem
2719 1269 3056 1337 consideres,
3099 1278 3276 1324 ortum
3325 1273 3484 1328 nobis

1862 1361 1932 1416 ad
1961 1360 2161 1427 lucem,
2205 1376 2312 1432 qua
2353 1360 2602 1428 fruimur,
2643 1362 3042 1417 subministrat:
3077 1379 3175 1434 per
3218 1365 3372 1420 illum
3403 1365 3486 1420 vi-

1868 1455 2066 1520 vimus,
2096 1468 2192 1524 per
2240 1453 2390 1509 illum
2422 1455 2490 1508 in°
2507 1455 2794 1525 hospitium
2835 1455 2996 1526 hujus
3027 1458 3214 1512 mundi
3261 1459 3485 1514 intravi-

1867 1561 2008 1602 mus.
2041 1546 2097 1603 Si
2129 1546 2297 1602 Deum
2323 1547 2549 1618 cogites,
2574 1547 2664 1604 ille
2683 1564 2783 1604 nos
2803 1549 3288 1606 innumerabilibus
3315 1553 3488 1622 copiis

1867 1640 1983 1707 alit,
2017 1639 2105 1695 ille
2136 1648 2421 1707 sustentat,
2467 1640 2522 1695 in
2567 1640 2726 1711 hujus
2765 1642 2926 1697 domo
2953 1643 3282 1711 habitamus,
3317 1645 3481 1715 hujus

1863 1731 2067 1787 familia
2089 1746 2313 1796 sumus;
2341 1743 2395 1788 et
2414 1735 2458 1786 si
2476 1733 2652 1787 minus
2678 1733 3009 1804 obsequens,
3041 1751 3202 1805 quam
3229 1735 3483 1801 decebat,

1790 1841 1839 1901 Β
1866 1826 2151 1898 minusque
2179 1826 2441 1893 officiosa,
2470 1842 2630 1898 quam
2661 1827 2863 1882 domini
2893 1839 2948 1884 et
2985 1831 3221 1899 parentis
3254 1832 3484 1886 immor-

1866 1919 1993 1974 talia
2026 1919 2214 1974 merita
2246 1921 2574 1988 poscebant:
2619 1927 2796 1974 tamen
2843 1920 3132 1990 plurimum
3164 1923 3375 1992 prolicit
3410 1924 3482 1978 ad

1867 2014 2082 2068 veniam
2113 2013 2574 2084 consequendam,
2619 2015 2664 2067 si
2693 2013 2897 2069 cultum
2937 2015 3053 2084 ejus
3099 2016 3486 2086 notionemque

1866 2114 2182 2171 teneamus;
2237 2107 2282 2162 si
2309 2105 2534 2176 abjectis
2564 2106 2856 2162 humilibus
2897 2107 3234 2179 terrenisque
3263 2117 3369 2162 tam
3399 2125 3486 2164 rc-

1865 2198 1987 2263 bus,
2016 2213 2182 2270 quam
2213 2198 2390 2262 bonis,
2439 2197 2679 2254 coelestia
2706 2205 2763 2253 et
2785 2197 2966 2253 divina
3005 2202 3334 2270 sempiterna
3367 2216 3484 2256 me-

1865 2292 2116 2348 ditemur.
2165 2291 2316 2358 Quod
2360 2300 2417 2345 ut
2452 2290 2630 2346 facere
2672 2291 2962 2360 possimus,
3007 2291 3152 2348 Deus
3193 2292 3349 2348 nobis
3395 2307 3484 2348 se-

1864 2385 2114 2458 quendus
2144 2394 2262 2452 est,
2290 2386 2433 2442 Deus
2458 2384 2771 2441 adorandus
2799 2394 2853 2440 et
2883 2384 3186 2456 diligendus
3209 2394 3294 2441 est
3310 2403 3325 2455 ;
3350 2402 3488 2458 quo-

1864 2479 2012 2534 niam
2052 2478 2108 2532 in
2149 2492 2216 2532 eo
2241 2486 2326 2532 est
2349 2476 2573 2533 materia
2605 2491 2812 2543 rerum,
2843 2485 2898 2534 et
2933 2477 3072 2534 ratio
3101 2478 3382 2545 virtutum,
3425 2488 3486 2534 et

1865 2570 1985 2626 fons
2012 2571 2297 2626 bonorum.

1934 2661 2072 2730 Quid
2100 2661 2242 2716 enim
2275 2663 2382 2716 Deo
2409 2669 2501 2714 aut
2526 2660 2764 2730 potentia
2800 2661 2974 2732 majus
3001 2671 3108 2728 est,
3140 2670 3232 2716 aut
3268 2663 3482 2720 ratione

1863 2752 2178 2825 perfectius,
2208 2761 2301 2807 aut
2319 2753 2565 2807 claritate
2587 2751 2953 2808 luculentius?
2985 2753 3086 2822 Qui
3104 2754 3359 2824 quoniam
3380 2770 3482 2810 nos

1861 2850 1928 2904 ad
1977 2847 2294 2919 sapientiam
2325 2847 2543 2916 genuit,
2600 2847 2667 2900 ad
2706 2847 2969 2916 justitiam
3001 2849 3338 2916 procreavit;
3372 2864 3480 2904 non

1860 2952 1942 2998 est
1970 2943 2049 2997 fas
2081 2941 2376 3005 hominem,
2406 2939 2732 2994 relictoDeo
2761 2955 2976 3005 sensus,
3009 2955 3075 2996 ac
3110 2939 3233 2996 vitae
3262 2943 3476 3005 datare,

1468 3057 1845 3116 VARIORUM
1874 3056 2112 3114 NOTAE.

140 3179 299 3230 Omne
320 3192 492 3241 genus
507 3179 779 3238 hominum,
811 3181 958 3228 vitam
976 3184 1028 3229 et
1044 3187 1250 3242 gentem
1277 3178 1632 3240 impudentem,

141 3243 349 3306 Oportet
365 3255 540 3292 amare
557 3243 837 3304 genitorem
856 3243 1014 3292 Deum
1035 3243 1315 3306 sapientem
1333 3242 1416 3304 qui
1435 3254 1636 3303 semper
1649 3248 1746 3291 est.

213 3347 342 3402 Sine
362 3350 468 3402 ira.
493 3346 756 3402 Heuman.
787 3347 916 3404 legit
940 3349 1046 3402 sine
1065 3349 1142 3402 ira
1167 3365 1293 3404 esse.

211 3417 279 3471 Id
309 3428 580 3490 ponunt...
607 3436 696 3486 per
725 3417 862 3487 quod
885 3430 1078 3473 constat
1100 3421 1213 3489 ipsa
1240 3421 1503 3490 maiestas.
1534 3419 1623 3475 Sic
1655 3419 1750 3474 ha-

143 3488 270 3560 bent
298 3499 532 3560 uterque
559 3489 794 3554 Bonam,
841 3490 999 3554 Tax.,
1049 3488 1177 3546 Pen.
1207 3492 1264 3546 In
1297 3488 1468 3560 Lips.,
1495 3490 1531 3544 9.
1562 3491 1754 3558 Brun.,

142 3558 279 3614 Ultr.
302 3558 559 3630 aliisque,
584 3561 804 3615 mutilus
831 3573 909 3615 est
937 3562 1106 3628 locus,
1134 3573 1190 3618 et
1209 3564 1286 3618 sic
1311 3558 1535 3632 legitur:
1564 3563 1617 3615 id
1647 3579 1758 3630 po—

142 3642 265 3705 nunt
290 3634 432 3702 quod
465 3641 543 3705 est
582 3641 758 3705 contra
787 3633 950 3705 ipsum
999 3635 1332 3702 majestatem.
1377 3633 1610 3705 Regnum
1635 3635 1751 3688 hoc.

143 3700 332 3758 issus.
359 3732 436 3744 ——
465 3703 522 3756 ln
549 3700 838 3757 veterrima
865 3700 1188 3774 Regio-Put.
1223 3705 1394 3770 est,id
1411 3700 1605 3774 ponunt
1621 3705 1760 3775 quod

144 3785 214 3827 est
244 3783 448 3829 constat
485 3775 598 3839 ipsa
625 3775 883 3841 maiestas.
939 3776 1137 3829 Desunt
1165 3778 1326 3831 verba
1371 3777 1684 3830 intermedia
1722 3793 1754 3832 a

144 3848 323 3913 primo
346 3846 490 3916 quod
509 3861 678 3915 usque
695 3844 761 3898 ad
795 3847 1004 3901 tertium
1023 3847 1180 3917 quod.
1210 3847 1265 3900 In
1291 3862 1396 3917 quo
1423 3857 1567 3917 patet
1591 3847 1756 3903 fuisse

144 3917 496 3972 amanuensis
521 3925 784 3982 erratum,
829 3931 897 3972 ex
929 3919 1289 3987 praetermissa
1334 3918 1493 3974 linea.
1531 3919 1754 3974 Videtur

145 3987 462 4043 Lactantius
483 3988 789 4060 respexisse
810 3988 876 4042 ad
899 4004 958 4042 ea
989 4004 1106 4058 qua:
1130 3989 1294 4044 habet
1315 3992 1414 4044 sub
1436 3990 1596 4044 finem
1628 4005 1749 4060 cap.

145 4061 210 4112 ‘l7
238 4074 426 4131 supra,
453 4060 544 4114 ubi
573 4059 742 4131 aitgde
772 4059 871 4124 ira,
901 4061 1021 4128 quia
1047 4060 1189 4113 utilis
1229 4072 1301 4116 est
1327 4063 1482 4115 rebus
1514 4059 1751 4117 Immanis

145 4140 192 4184 et
228 4129 719 4202 necessariaw—Id
753 4143 945 4197 ponunt
972 4173 986 4197 ,
1031 4133 1169 4202 quod
1214 4144 1288 4186 est
1331 4134 1747 4200 inutilissimum,

146 4203 468 4258 detrahentes
495 4203 560 4265 ei,
583 4201 721 4272 quod
739 4212 808 4254 est
828 4203 976 4255 rebus
997 4201 1231 4256 humanis
1260 4206 1479 4258 maxime
1503 4204 1748 4269 salutare,

149 4290 237 4343 per
259 4274 397 4344 quod
440 4283 640 4327 constat
670 4275 783 4343 ipsa
824 4276 1079 4342 majestas.
1126 4274 1240 4329 Non
1279 4291 1441 4328 ausus
1485 4274 1557 4328 fui
1589 4291 1748 4344 repu-

149 4345 294 4399 diare
335 4346 476 4398 hanc
525 4344 769 4398 codicum
817 4361 879 4398 ex
933 4346 1183 4399 omnibus
1234 4346 1748 4414 antiquissimorum,

147 4416 374 4470 duorum
401 4414 608 4470 scilicet
636 4415 1049 4486 Bononiensium
1073 4457 1088 4480 ,
1119 4425 1174 4468 et
1217 4415 1526 4486 Taxaquctii
1560 4426 1614 4469 et
1652 4415 1752 4470 Pe-

150 4487 270 4558 niae,
294 4501 361 4541 ex
391 4487 590 4556 quibus
628 4486 965 4558 Thomasius,
1003 4485 1187 4552 lszrus,
1220 4485 1389 4558 Thys.
1415 4485 1554 4541 Gall.
1588 4487 1752 4558 Spar-

149 4556 264 4612 kius
290 4568 344 4612 et
368 4559 457 4612 ed.
489 4558 740 4612 Cantabr.
768 4557 818 4610 in
851 4566 1050 4612 textum
1074 4556 1414 4627 receperunt.

216 4629 324 4685 ἰιδέ
344 4632 490 4687 Θεὸν.
514 4628 726 4683 Latine:

301 4742 365 4810 ljjt
388 4744 552 4794 Deum
576 4743 768 4810 Regem
788 4749 846 4810 et
870 4746 1154 4804 genitorem
1175 4745 1196 4810 ς
1206 4743 1252 4806 1)
1277 4748 1511 4810 omnium,

303 4807 467 4866 Quem
491 4807 822 4869 contremiscit
844 4817 998 4869 terra,
1019 4815 1073 4856 et
1096 4807 1272 4856 caelum
1296 4821 1352 4857 ac
1375 4807 1532 4866 mare,

300 4870 658 4932 Tartarezeque
681 4868 883 4918 latebrae
906 4877 957 4918 et
978 4868 1228 4918 dzemones
1250 4871 1540 4921 horrescunt

223 4993 406 5048 Tanta:
451 4995 729 5062 potestatis.
761 4993 874 5048 Non
907 4994 1222 5049 inconcinne
1248 4993 1376 5064 legit
1406 4994 1752 5052 Heumannus

152 5063 412 5119 Tartarea?
455 5066 752 5136 potestatis;
798 5065 937 5134 quod
981 5063 1319 5133 exprimitur
1346 5067 1532 5121 vocula
1575 5084 1748 5136 graeca

152 5135 914 5218 tapréppu—Mim'stritanta:
942 5138 1216 5218 potestatis.
1240 5138 1352 5218 _Ego
1371 5152 1549 5218 servo,
1578 5135 1751 5204 tantaz,

153 5207 230 5260 sc;
261 5207 450 5261 divina:
494 5208 793 5274 majestatis.
844 5207 974 5261 Nam
1006 5207 1134 5262 dicit
1178 5208 1348 5273 infra;
1377 5209 1446 5263 de
1479 5212 1576 5263 hac
1607 5220 1754 5266 tanta

153 5287 418 5345 potestate
443 5295 456 5330 :
483 5279 580 5346 Qui
623 5293 800 5332 rerum
829 5279 1116 5332 dominator
1146 5278 1337 5333 habeat
1366 5281 1418 5333 in
1446 5296 1634 5335 omnes
1664 5289 1756 5336 v'e-

155 5361 267 5418 ram
303 5357 360 5405 et
401 5359 657 5405 aeternam
697 5359 1010 5418 potestatem.
1043 5349 1199 5405 Conf.
1242 5365 1423 5418 supra.
1474 5353 1756 5407 Daemones

158 5416 315 5491 hujus
343 5430 505 5474 tanta:
533 5416 809 5491 potestatis
836 5422 1087 5474 dicuntur
1117 5422 1265 5491 regni
1296 5416 1548 5477 titinistri.
1582 5424 1714 5478 BDN.

229 5490 376 5545 Metu
402 5500 616 5544 constat.
641 5490 698 5545 id
726 5492 872 5545 dicas
893 5492 962 5546 de
990 5490 1204 5548 terreno
1231 5494 1477 5562 imperio,
1507 5495 1649 5563 quod
1683 5496 1757 5550 le-

159 5561 312 5630 gibus
337 5571 393 5617 et
427 5571 571 5618 metu
617 5572 858 5617 constat:
906 5573 1140 5617 attamen
1188 5563 1316 5618 dicit
1343 5561 1645 5619 Livius—lib.
1678 5581 1754 5619 ll:

163 5629 390 5702 Imperia
433 5635 602 5704 legum
640 5635 926 5701 potentiora
964 5645 1082 5689 sunt
1127 5651 1277 5705 quam
1320 5637 1600 5690 hominum.
1641 5636 1758 5693 Non

223 5822 296 5882 (l)
331 5822 449 5870 Mss.
474 5821 665 5887 Balu_z.,
688 5822 843 5887 Brun.
874 5830 925 5871 et
965 5821 1046 5869 ed.
1084 5821 1224 5870 Rom.
1257 5822 1395 5887 H70,
1422 5835 1510 5883 pro
1533 5823 1758 5884 omnum,

164 5881 334 5945 legunt
353 5888 463 5934 ante
483 5882 662 5947 omnia,
686 5883 823 5944 juxta
845 5895 1058 5945 gaecum
1081 5896 1149 5946 ηδ
1169 5898 1325 5933 πάντων.

1777 3180 1824 3244 C
1856 3175 2003 3231 idem
2029 3183 2114 3229 est
2137 3175 2205 3230 de
2226 3175 2430 3230 caelesti
2460 3174 2710 3244 imperio,
2743 3175 2884 3244 quod
2911 3189 3063 3230 amor
3087 3184 3142 3231 et
3171 3189 3267 3245 spe
3290 3177 3470 3244 potius

1855 3261 2015 3315 quam
2042 3255 2186 3302 metu
2215 3247 2540 3301 continetur.
2573 3246 2680 3301 Lex
2731 3246 2957 3313 ptenalis
2987 3258 3040 3302 et
3071 3257 3245 3302 metus
3277 3249 3328 3301 in
3372 3265 3466 3304 re.

1857 3317 2055 3388 ligione
2109 3333 2216 3372 non
2261 3327 2386 3371 sunt
2436 3317 2536 3389 nisi
2576 3333 2674 3388 pro
2717 3318 2968 3384 injustis,
3013 3320 3137 3388 quia
3194 3320 3363 3389 gratia
3412 3330 3471 3375 ct

1859 3404 2045 3442 amore
2069 3404 2167 3444 seu
2197 3389 2390 3444 timore
2418 3388 2562 3442 liliali
2585 3389 2763 3458 justus
2782 3389 3013 3444 ducitur.

1941 3459 2290 3529 Quapropter,
2332 3469 2436 3514 etc.
2479 3459 2576 3514 llic
2619 3465 2670 3514 in
2716 3477 2846 3515 mss.
2880 3464 2912 3514 4
2941 3459 3204 3525 Colbert.,
3232 3461 3466 3516 Claram.

1861 3538 1917 3603 et
1965 3531 2088 3586 edd.
2133 3531 2288 3586 Rom.
2337 3529 2498 3603 17470.
2557 3531 2716 3593 1474.
2766 3532 3015 3586 Part-has.
3063 3543 3118 3587 et
3167 3532 3234 3588 Is.
3287 3533 3475 3603 incipit

1861 3601 2029 3673 Caput
2052 3617 2202 3656 xxrv.
2233 3602 2374 3672 quod
2403 3603 2586 3658 caeteri
2611 3603 2874 3673 superiori
2894 3613 3243 3659 connectunt.

1943 3671 2351 3744 Vaniloquentia.
2381 3673 2437 3727 In
2479 3671 2709 3728 Reimni.
2739 3689 2871 3729 vana
2914 3676 3199 3741 eloquentia
3227 3685 3310 3730 est
3348 3691 3474 3728 cor-

1861 3755 2066 3801 rectum
2093 3762 2226 3800 vana
2255 3745 2528 3815 loquentia.
2576 3745 2816 3816 Recepta
2842 3757 2925 3802 est
2952 3747 3144 3813 Plauti,
3174 3747 3331 3808 Livii,
3365 3747 3468 3801 Ta-

1859 3817 1952 3871 citi
1977 3833 2099 3870 vox.
3227 3817 3359 3873 BUN.

1936 3887 2163 3954 Utraque
2183 3905 2402 3958 persona
2427 3890 2482 3942 in
2509 3905 2569 3944 eo
2593 3888 2914 3944 venerabilis.
2941 3888 3053 3944 Hoc
3079 3898 3182 3954 est,
3217 3889 3470 3943 venerari

1860 3974 1982 4014 eum
2023 3959 2304 4024 debemus,
2347 3976 2454 4014 non
2496 3961 2670 4015 solum
2706 3961 2852 4014 velut
2893 3971 3100 4030 patrem
3132 3961 3455 4024 beneficum,

1857 4030 1951 4085 sed
1976 4032 2136 4084 etiam
2163 4041 2409 4100 tanquam
2439 4047 2686 4086 severum
2710 4032 3008 4086 dominum.
3040 4031 3094 4086 Id
3117 4031 3227 4099 jam
3251 4031 3466 4085 dixerat

1859 4100 2168 4156 Lactantius
2198 4102 2370 4156 Divin.
2399 4103 2630 4157 lnstitut.
2659 4103 2753 4158 lib.
2770 4120 2821 4157 tv
2841 4118 2958 4172 cap.
2988 4101 3022 4154 4
3043 4102 3216 4165 initio,
3241 4102 3329 4155 ubi
3348 4102 3423 4155 ait
3451 4118 3467 4156 :

1861 4173 2117 4245 Quoniam
2136 4182 2400 4242 utramque
2422 4190 2691 4243 personam
2722 4175 2932 4228 sustinet
2955 4171 3142 4245 (Deus)
3169 4174 3398 4245 etpatris
3419 4183 3469 4226 et

1853 4242 2086 4308 Domini,
2113 4253 2160 4296 et
2196 4261 2370 4299 amare
2406 4242 2522 4298 eum
2549 4246 2807 4309 debemus,
2842 4242 2972 4314 quia
2997 4243 3094 4312 ﬁlii
3112 4242 3308 4310 sumus,
3334 4256 3381 4298 et
3402 4245 3468 4298 ti-

1853 4330 2008 4376 mere,
2037 4314 2159 4382 quia
2184 4315 2334 4368 servi.
2360 4315 2711 4370 HEUMANNUS.

1932 4385 2151 4456 Habeat.
2185 4385 2445 4439 lleuman.
2472 4387 2598 4456 legit
2627 4385 2794 4438 habet.

1929 4455 1989 4510 Si
2029 4454 2195 4509 Deum
2232 4459 2439 4525 cogites.
2475 4454 2548 4511 Ita
2591 4457 2803 4524 quidem
2835 4456 2952 4510 libri
2989 4470 3208 4512 omnes:
3241 4457 3461 4514 mallem

1773 4550 1828 4611 D
1855 4541 1976 4607 cunt
2002 4526 2303 4611 Davisio'ad
2336 4529 2478 4611 Epit.
2489 4528 2762 4611 .c.l:70.._si_
2787 4528 3068 4611 dominari:
3081 4529 3300 4599 cogites;
3327 4546 3454 4585 mox

1853 4597 1995 4652 enim
2026 4599 2215 4651 domini
2236 4608 2279 4653 et
2303 4597 2548 4666 parentis.
2567 4599 2723 4656 Cunf'.
2752 4600 2786 4653 I.
2812 4617 2848 4662 ι,
2878 4615 2924 4654 c.
2951 4600 3005 4653 7.
3031 4597 3161 4654 Βυκῖ

1926 4667 2186 4793 gﬁiciosa.
2215 4670 2451 4725 Subaudi
2481 4671 2696 4739 familia.
2735 4670 3086 4726 “summus.

1986 4743 2222 4793 otionem.
2267 4751 2477 4793 Γνῶσιν.
2523 4741 2640 4793 Vid.
2688 4750 2797 4793 not.
2846 4742 2882 4793 ι.
2930 4758 2967 4793 ιι
3011 4742 3086 4793 [ns

1986 4743 2222 4795 otionem.
2267 4751 2477 4798 Γνῶσιν.
2523 4741 2640 4796 Vid.
2688 4750 2797 4796 not.
2846 4742 2882 4796 ι.
2930 4758 2967 4796 ιι
3011 4742 3167 4809 lnst.,
3197 4744 3369 4809 c.15,
3401 4755 3461 4801 et

1852 4812 1890 4866 l.
1915 4827 1968 4878 ν,
2001 4827 2050 4866 c.
2089 4811 2172 4866 14.
2207 4813 2339 4868 Bon.

1927 4883 2158 4955 Caelestia
2188 4894 2232 4936 et
2259 4885 2429 4937 divina
2455 4883 2758 4955 sempiterna
2788 4884 3106 4955 meditemur.
3136 4885 3208 4939 Ita
3239 4900 3370 4940 mss.
3399 4895 3458 4941 et

1855 4954 2002 5010 editi.
2032 4953 2291 5008 Francius
2320 4953 2571 5024 legebat,
2599 4966 2644 5009 et
2688 4958 3008 5024 sempiterna,
3059 4954 3198 5010 sicut
3232 4968 3285 5009 et
3315 4957 3460 5010 Heu-

1855 5041 2102 5089 mannus,
2142 5027 2230 5095 qui
2274 5027 2626 5080 omittendum
2675 5037 2821 5096 putat
2860 5025 3363 5080 divina.—-Ccelestia
3409 5036 3460 5082 et

1857 5098 2027 5150 divina
2047 5098 2371 5160 sempiterna.
2404 5099 2492 5153 Sic
2521 5113 2708 5152 omnes
2738 5097 2876 5162 libri,
2929 5097 3143 5152 mallem
3172 5107 3213 5148 et
3245 5098 3452 5162 ejecta:

1856 5169 2101 5232 caelestia,
2133 5169 2325 5233 divina,
2353 5170 2658 5239 sempiterna
2675 5186 2693 5234 ;
2722 5169 2826 5224 nisi
2864 5169 3002 5223 forte
3029 5169 3328 5236 sempiterna
3357 5185 3456 5223 ex-

1856 5241 2042 5310 plicas,
2074 5255 2192 5308 quae
2214 5241 2536 5310 sempiterna
2563 5250 2706 5296 sunt.
2739 5241 2870 5295 BDN.

1928 5309 1997 5362 Et
2040 5309 2341 5381 diligendus
2367 5322 2458 5365 est.
2492 5312 2659 5366 Abest
2697 5326 2726 5365 a
2765 5311 2831 5364 14
2870 5324 3002 5364 mss.
3046 5309 3186 5364 inter
3211 5324 3344 5378 quos
3371 5321 3456 5365 est

1858 5380 2170 5451 Regio-Pot.
2196 5392 2250 5435 et
2276 5398 2303 5435 a
2343 5383 2408 5436 10
2445 5383 2688 5452 vulgatis.
2721 5381 2828 5436 Sed
2851 5397 2917 5436 ex
2943 5381 3152 5436 caeteris
3184 5395 3454 5452 reponen-

1857 5453 1985 5507 dum
2023 5465 2075 5506 et
2101 5453 2463 5516 retinendum,
2495 5465 2551 5506 ut
2574 5453 2666 5506 fiat
2693 5453 2761 5506 ad
2792 5452 2892 5506 tria
2921 5451 3197 5521 sequentia
3230 5451 3453 5516 relatio;

1859 5535 1912 5579 et
1932 5524 2038 5578 duo
2055 5524 2324 5577 veterrimi
2343 5539 2471 5577 mss.
2495 5524 2702 5578 Bonan.
2731 5523 2926 5576 habent
2955 5524 3005 5575 in
3030 5534 3174 5576 textu
3205 5532 3259 5575 ut
3285 5522 3459 5587 scrip-

1860 5595 2046 5648 simus.
2073 5594 2240 5660 Quam
2266 5595 2550 5650 lectionem
2573 5603 2718 5648 recte
2732 5605 3032 5661 propugnat
3051 5593 3370 5647 Thomasins
3391 5608 3462 5647 ex

1863 5666 1963 5719 hoc
1985 5667 2100 5734 ipso
2125 5665 2384 5720 Lactantii
2417 5666 2558 5720 loco.
2585 5664 2724 5716 Deus
2739 5665 3025 5731 sequendus
3048 5674 3140 5729 est,
3165 5665 3286 5734 quia
3312 5661 3368 5714 in
3394 5677 3464 5717 eo

1861 5745 1945 5790 est
1971 5738 2191 5790 materia
2221 5751 2429 5800 rerum;
2456 5734 2776 5796 adorandus,
2802 5735 2873 5788 ob
2897 5736 3158 5791 rationem
3177 5736 3474 5797 virtutum;

1864 5807 2176 5876 diligendus,
2198 5809 2317 5876 quia
2346 5816 2427 5861 est
2448 5807 2567 5861 fons
2597 5807 2888 5860 honorum.

1945 5877 2165 5932 Materia
2192 5893 2380 5930 rerum.
2413 5878 2468 5932 ld
2501 5886 2604 5942 est,
2637 5889 2796 5927 causa
2827 5893 3018 5936 rerum.
3043 5881 3240 5937 Srsnx.
