4034 6354
185 301 284 360 MO

1281 297 1437 356 CAP.
1469 298 1510 356 ι.
1537 295 1881 362 ANALYSIS
1908 293 2126 358 ηωυε
2155 295 2357 355 “Bal.

3339 335 3342 338 ι
3383 293 3490 358 {‘80

180 421 378 495 genio:
409 420 512 479 sed
554 421 671 490 Dei,
703 421 795 494 qui
823 419 970 478 solus
1023 418 1248 476 occulte
1297 417 1542 474 veritatis
1585 415 1787 488 pateia-
1813 417 1869 481 Α
1893 415 2139 474 homines
2179 415 2331 473 nullo
2359 415 2704 474 conscientia
2751 413 2926 473 freno
2957 415 3206 487 coerciti,
3243 416 3294 471 in
3341 419 3490 474 omni

183 516 388 573 ciendae
432 525 760 590 potestatem
797 515 980 583 habet,
1021 512 1315 570 doctrinam
1364 526 1425 568 se
1464 512 1612 584 sequi
1660 524 1786 582 pro-

181 610 388 665 litetur.

249 702 449 757 Tribus
499 716 634 758 vero
677 699 932 772 gradibus
959 698 1024 752 ad
1055 697 1228 762 hanc,
1259 695 1433 766 inquit
1463 695 1632 768 (Cap.
1678 695 1748 764 2)
1772 733 1788 761 ,

177 795 463 854 veritatem
493 792 894 848 conscenditur.
925 791 1136 846 Primus
1159 799 1245 846 est
1295 788 1457 842 falsas
1487 787 1791 858 intelligere

182 886 491 956 religiones,
521 894 577 940 et
602 884 837 954 abjicere
867 881 1060 951 impios
1087 880 1313 936 deorum
1341 880 1537 934 cultus.
1585 878 1792 935 Secun-

184 980 300 1046 dus,
323 993 657 1049 cognoscere
677 992 886 1042 verum,
913 976 1126 1031 unicum
1148 1015 1164 1041 ,
1196 988 1574 1044 summumque
1596 973 1788 1040 Deum,

183 1074 272 1145 qui
301 1073 483 1128 omnia
526 1080 792 1142 potestate
837 1084 932 1124 sua
975 1069 1198 1134 creavit,
1231 1077 1287 1124 et
1331 1067 1665 1138 providentia
1692 1082 1794 1139 gn-

187 1169 392 1222 bcrnat.
422 1165 672 1232 Tertius,
701 1177 993 1234 agnoscere
1023 1163 1118 1218 Dei
1145 1163 1375 1233 legatum
1403 1177 1467 1216 ac
1519 1162 1790 1228 nuntium,

185 1260 274 1328 qui
307 1258 557 1314 homines
580 1256 856 1312 erroribus
905 1256 1158 1310 liberatos
1181 1297 1194 1320 ,
1245 1254 1312 1308 ad
1338 1256 1495 1324 hujus
1529 1256 1640 1310 veri
1691 1254 1788 1310 Dei

185 1352 384 1407 cultum
411 1365 476 1406 ac
492 1350 755 1418 justitiam
783 1348 1050 1404 formavit.
1093 1348 1336 1403 Breviter
1363 1357 1545 1404 autem
1578 1349 1780 1404 indicat

189 1445 402 1504 ubinam
431 1445 574 1511 illos,
603 1444 693 1514 qui
723 1445 868 1500 hunc
895 1444 1158 1514 triplicem
1184 1443 1429 1498 veritatis
1451 1443 1674 1514 gradum
1695 1459 1792 1498 ex-

189 1539 436 1610 plicando
459 1538 854 1604 aberraverint,
887 1547 977 1592 aut
1003 1537 1382 1607 coniutaverit,
1415 1548 1504 1593 aut
1535 1539 1794 1610 deinceps

193 1631 566 1689 conlutaturus
589 1632 682 1687 sit.

267 1724 448 1778 Hisita
481 1723 770 1792 prailibatis
791 1763 808 1788 ,
848 1722 1009 1780 docet
1035 1722 1445 1794 quadruplicem
1473 1724 1542 1779 de
1585 1724 1665 1780 ira
1697 1725 1794 1781 Dei

201 1816 386 1872 haberi
429 1831 585 1885 posse
627 1817 1000 1886 quaestionem.
1049 1815 1268 1883 Primo,
1298 1832 1365 1870 an
1421 1816 1531 1872 Deo
1582 1818 1659 1872 ira
1691 1817 1791 1871 tri-
1820 1826 1870 1886 Β

203 1909 411 1966 bueuda
439 1909 532 1976 sit,
561 1917 611 1964 et
649 1909 910 1963 demenda
947 1909 1136 1980 gratia.
1165 1909 1414 1966 Secundo
1433 1953 1448 1978 ,
1478 1926 1545 1965 an
1575 1919 1798 1982 utraque

205 2002 302 2070 ipsi
333 2001 680 2055 detrahenda.
708 2001 922 2068 Tertio,
961 2016 1026 2056 an
1068 2003 1239 2072 gratia
1293 2003 1392 2072 ipsi
1435 2003 1752 2059 ascribenda
1776 2047 1792 2070 ,

202 2101 256 2148 et
281 2092 512 2147 tollenda
545 2093 642 2147 ira.
673 2093 909 2162 Quarto,
939 2108 1006 2149 an
1039 2104 1261 2165 utraque
1288 2094 1388 2166 ipsi
1434 2095 1796 2152 attribuenda.

201 2187 275 2241 De
301 2186 467 2254 prima
485 2187 781 2254 quaestione
811 2202 915 2241 non
948 2197 1144 2257 potest,
1176 2189 1350 2258 inquit
1377 2187 1538 2261 (Cap.
1574 2189 1663 2258 5),
1692 2191 1798 2246 ulla

202 2294 318 2334 esse
355 2279 694 2348 disceptatio.
739 2279 874 2346 Quid
904 2283 1044 2334 enim
1072 2282 1216 2336 dictu
1251 2284 1417 2352 magis
1466 2284 1784 2352 absurdum,

211 2386 362 2440 quam
390 2371 581 2438 Deum,
613 2371 739 2426 boni
765 2382 1060 2436 auctorem,
1095 2375 1294 2428 nemini
1339 2375 1592 2444 prodesse
1621 2391 1681 2432 ac
1707 2377 1802 2433 bc-

206 2463 468 2530 neiacere,
498 2465 593 2522 sed
626 2481 821 2521 nocere
851 2475 1055 2520 tantum
1079 2467 1326 2521 omnibus
1344 2509 1356 2531 ,
1385 2478 1437 2522 et
1467 2469 1658 2524 irasci?

167 2569 184 2582 ’
275 2559 520 2629 Epicurei
549 2575 676 2616 vero
701 2561 860 2630 plane
897 2561 1293 2616 somniaveram
1341 2561 1393 2616 in
1436 2563 1547 2617 Deo
1599 2563 1802 2620 nullum

200 2667 316 2708 esse
343 2661 438 2707 aut
463 2654 646 2722 gratiae
676 2663 768 2707 aut
800 2655 892 2708 irae
918 2664 1117 2708 motum
1143 2653 1315 2726 (Cap.
1347 2653 1435 2722 4).
1461 2652 1566 2709 Sed
1611 2656 1801 2726 pauci,

199 2745 337 2814 iique
362 2745 618 2802 scelerati
635 2745 882 2802 homines
906 2747 1006 2802 hac
1031 2746 1314 2801 falsissima
1339 2747 1674 2802 ducebantur
1691 2748 1804 2820 opi-

197 2838 382 2895 nione.
413 2839 472 2894 Si
498 2839 642 2894 Deus
669 2841 835 2902 enim,
861 2841 999 2894 sicut
1029 2842 1101 2896 illi
1128 2842 1454 2908 garriebant,
1487 2857 1592 2896 non
1621 2857 1807 2899 move-

200 2941 303 2993 tur;
342 2933 387 2985 si
422 2933 528 2986 ulla
557 2933 759 3003 absque
785 2933 1057 2988 voluntate
1101 2944 1193 2990 aut
1248 2936 1585 3004 providentia
1629 2947 1810 3009 torpet

198 3025 496 3082 immobilis
514 3067 529 3091 ,
566 3028 612 3081 is
637 3028 988 3096 proculdubio
1005 3029 1148 3084 Deus
1175 3045 1283 3083 non
1313 3039 1412 3084 est.
1444 3031 1806 3098 Quamobrem

200 3119 243 3174 si
274 3119 390 3175 htec
419 3122 493 3175 sit
536 3119 755 3189 Epicuri
793 3119 977 3190 opinio
997 3163 1011 3188 ,
1058 3122 1148 3176 ille
1187 3125 1428 3193 proiecto
1456 3140 1561 3179 non
1593 3126 1769 3196 rcipsa
1789 3169 1807 3198 ,

201 3211 292 3267 sed
319 3212 492 3268 verbo
514 3222 671 3268 tenus
697 3213 861 3268 Deum
893 3215 1124 3270 existere
1153 3217 1404 3270 asseruit.

265 3303 434 3360 Stoici
463 3315 644 3360 autem
665 3305 866 3376 aliique
881 3308 1120 3362 nonnulli
1149 3310 1548 3365 arbitrabantur
1571 3311 1721 3381 (Cap.
1748 3311 1804 3382 5)

198 3397 425 3466 gratiam
458 3397 510 3451 in
540 3397 651 3452 Deo
683 3398 900 3467 quidem
926 3413 1070 3465 esse,
1099 3401 1194 3455 sed
1219 3401 1418 3455 nullam
1447 3419 1681 3472 unquam
1712 3407 1807 3461 ira:

197 3489 642 3545 commotionem.
680 3490 890 3544 Etenim
919 3490 1077 3546 sicuti
1124 3492 1441 3563 benignitas,
1477 3497 1721 3561 aiebant,
1751 3509 1808 3554 et

198 3580 558 3638 beneﬁcentia
589 3581 646 3636 in
674 3582 783 3636 Deo
803 3597 925 3638 esse
954 3582 1136 3651 debet,
1160 3584 1230 3638 ita
1257 3595 1311 3640 et
1330 3585 1583 3655 quaelibet
1612 3591 1807 3647 mentis

197 3673 543 3742 perturbatio
584 3673 653 3729 ab
679 3689 745 3730 eo
771 3675 992 3728 omnino
1021 3675 1192 3744 absit,
1226 3691 1448 3734 necesse
1477 3688 1578 3734 est.
1607 3679 1807 3738 Contra

199 3779 328 3820 vero
367 3765 689 3821 Lactantius
719 3785 731 3820 :
765 3766 821 3822 Si
878 3766 1038 3831 Deus,
1073 3769 1277 3838 inquit,
1310 3779 1558 3826 movetur
1597 3773 1805 3843 gratia;

202 3872 330 3929 ergo
359 3868 418 3915 et
444 3859 547 3913 ira.
576 3857 1058 3915 Verumenimvero
1079 3861 1167 3930 qui
1191 3859 1363 3917 bonos
1389 3871 1439 3917 et
1467 3863 1584 3933 pios
1613 3863 1803 3935 diligit,

201 3954 291 4010 ille
317 3954 503 4024 impiis
529 3961 584 4008 et
607 3953 803 4023 iniquis
824 3954 1091 4010 irascitur.
1123 3954 1256 4011 Boni
1279 3956 1478 4026 quippe
1499 3957 1716 4013 dilectio
1742 3975 1808 4014 ex

209 4055 338 4109 mali
375 4053 528 4118 odio,
560 4063 617 4109 et
654 4054 778 4108 mali
810 4053 994 4109 odium
1025 4069 1090 4110 ex
1129 4055 1255 4110 boni
1288 4054 1576 4112 dilectione
1630 4067 1812 4113 manat

202 4162 264 4202 ac
305 4146 547 4218 proﬂuit.
581 4145 683 4213 Qui
725 4159 856 4216 ergo
882 4146 1066 4216 gratia:
1105 4155 1254 4201 motu
1302 4146 1460 4203 bonis
1496 4147 1767 4205 benefacit
1790 4192 1806 4216 ,

204 4239 297 4295 ille
326 4240 496 4295 etiam
523 4239 679 4295 matis
720 4239 922 4306 iratus,
967 4253 1062 4295 eos
1108 4253 1205 4310 pro
1254 4241 1448 4297 merito
1486 4243 1709 4314 corripit
1755 4252 1810 4300 et

205 4332 459 4402 castigat.

278 4426 468 4496 Itaque
515 4432 704 4480 auctor
733 4433 918 4481 noster
959 4433 1146 4483 censet
1183 4423 1343 4498 (Cap.
1378 4426 1447 4500 6)
1474 4442 1591 4483 eam
1637 4429 1808 4486 solam

206 4519 536 4574 sententiam
563 4518 775 4574 veritati
798 4532 1089 4573 consonam
1106 4533 1248 4585 esse,
1269 4536 1386 4589 qua:
1417 4522 1611 4576 asserit
1639 4522 1807 4579 Deum

1890 508 2156 564 scelerum
2182 519 2384 579 genere
2405 506 2811 564 volutabuntur.

1966 598 2386 671 Respondebant
2407 609 2585 654 autem
2614 599 2929 670 religionem
2969 608 3026 655 et
3049 596 3347 655 divinitatis
3373 613 3494 656 rne-

1895 701 2005 746 tum
2040 707 2071 764 _a
2100 690 2457 764 prudentibus
2481 690 2612 745 viris
2631 692 2860 745 conllcta
2891 689 3062 746 fuisse
3088 705 3194 746 non
3215 691 3488 758 veritatis,

1893 786 1989 841 sed
2013 783 2256 841 utilitatis
2279 784 2473 855 gratia,
2503 793 2561 838 ut
2581 783 2672 839 alii
2695 783 2946 838 nimirum
2975 783 3138 838 vitam
3171 783 3360 854 majori
3409 783 3494 838 in-

1895 877 2144 933 nocentia
2199 891 2263 931 ac
2320 891 2530 932 morum
2585 875 2890 946 integritate
2937 875 3218 931 docerent.
3271 875 3495 931 Fatetur

1895 969 2112 1040 quidem
2139 969 2450 1025 Lactantius
2477 983 2723 1040 magnam
2775 967 2878 1023 hoc
2915 979 3186 1039 responso
3213 968 3312 1024 sibi
3357 981 3494 1038 pro-

1896 1065 2021 1135 poni
2061 1063 2366 1134 disputandi
2405 1062 2706 1127 materiam,
2741 1068 2796 1116 et
2823 1075 2852 1114 a
2894 1075 3003 1117 suo
3031 1062 3309 1132 proposito
3358 1062 3496 1118 alie-

1897 1174 2055 1225 nam,
2090 1173 2250 1229 quam
2302 1167 2482 1213 tamen
2534 1156 2770 1212 breviter
2807 1154 3037 1226 attingit.
3073 1154 3268 1211 Narrat
3316 1155 3499 1226 itaque

1897 1251 2064 1324 (ζοαρ-
2091 1251 2161 1324 9)
2189 1251 2536 1322 Protagoram
2568 1249 2799 1320 primum
2820 1249 3061 1304 omnium
3084 1249 3138 1304 in
3159 1249 3378 1305 dubium
3405 1265 3502 1306 vo-

1897 1358 2053 1400 casse
2073 1389 2086 1411 ,
2113 1359 2180 1398 an
2209 1342 2277 1399 sit
2305 1341 2502 1413 aliquis
2531 1341 2710 1396 Deus:
2741 1340 2939 1396 deinde
2967 1340 3260 1412 Epicurum
3313 1349 3500 1414 aperta

1899 1439 2220 1509 penitusque
2263 1436 2497 1493 absurda
2522 1433 2950 1491 contradictione
2991 1432 3238 1489 docuisse
3263 1433 3501 1489 divinam

1898 1544 2020 1586 esse
2048 1531 2332 1600 quamdam
2360 1540 2604 1586 naturam
2623 1571 2639 1596 ,
2665 1527 2758 1583 sed
2787 1527 2941 1597 cujus
2966 1525 3297 1596 proridentia
3353 1527 3502 1582 nulla

1898 1623 1999 1689 sit;
2024 1623 2256 1693 denique
2282 1622 2563 1692 Diagoram
2589 1619 3010 1677 et'Theodorum
3033 1618 3256 1674 omnino
3274 1633 3505 1690 negasse

1901 1717 2065 1772 ullum
2091 1732 2212 1772 esse
2243 1717 2433 1772 Deum.

1968 1822 2099 1879 'l‘am
2127 1821 2289 1876 falsas
2312 1828 2491 1875 autem
2520 1817 2616 1872 has
2645 1816 2929 1887 Opiniones
2975 1821 3034 1869 ut
3061 1811 3302 1869 funditus
3349 1827 3508 1869 ever-

1901 1926 1995 1982 tat,
2025 1915 2192 1970 variis
2221 1928 2284 1968 ac.
2301 1911 2488 1968 validis
2529 1908 2772 1982 profecto
2792 1910 3057 1965 rationum
3087 1909 3376 1962 momentis
3415 1922 3508 1964 os-

1903 2009 2074 2064 tendit
2101 2006 2252 2082 (Cap.
2280 2006 2382 2078 10)
2409 2004 2532 2061 illos
2554 2006 2712 2075 plane
2739 2019 2944 2070 errare,
2968 2002 3059 2074 qui
3073 2001 3332 2058 mundum
3349 2001 3500 2057 nulla

1909 2105 2002 2160 Dei
2032 2103 2387 2175 providentia,
2420 2100 2512 2155 sed
2559 2099 2777 2154 minutis
2809 2109 2862 2154 et
2891 2097 3306 2161 insecabilibus,
3339 2096 3502 2156 sicuti

1903 2198 2226 2268 Leucippus,
2259 2195 2613 2261 Democritus,
2662 2193 2927 2264 Epicurus
2949 2200 3003 2246 ct
3048 2189 3349 2258 Lucretius,
3381 2207 3510 2246 cor.

1905 2290 2143 2359 pusculis
2169 2296 2504 2355 concretum,
2530 2301 2624 2342 sua
2652 2287 2764 2341 sola
2790 2295 2982 2340 natura
3001 2285 3242 2346 extitisse
3265 2285 3502 2338 somnia-

1904 2391 2110 2437 verant.
2140 2381 2254 2436 Non
2277 2381 2464 2436 leviori
2495 2379 2691 2435 dehinc
2716 2379 2959 2443 brachio,
2986 2393 3085 2434 nec
3110 2378 3334 2432 minoris
3367 2393 3505 2449 pon-

1905 2477 2050 2530 deris
2073 2473 2627 2546 argumentationibus
2646 2486 2886 2528 errorem
2917 2472 3154 2526 concutit
3175 2470 3513 2544 destruitque

1905 2567 2197 2635 Stratonis,
2225 2569 2316 2638 qui
2343 2567 2506 2623 stulte
2533 2567 2858 2638 praedicabat
2881 2574 3150 2636 naturam,
3177 2580 3340 2620 sensu
3366 2575 3422 2622 ct
3445 2565 3515 2621 li-

1906 2677 2036 2734 gura
2069 2672 2342 2717 carentem
2365 2704 2380 2728 ,
2412 2661 2523 2715 ullo
2567 2659 2684 2715 sine
2711 2659 2952 2726 artifice,
2995 2658 3079 2716 vel
3121 2669 3363 2725 auctore,
3411 2659 3512 2722 scd

1909 2772 2004 2813 sua
2032 2766 2224 2828 sponte
2251 2765 2583 2826 generatam.
2615 2753 2750 2816 Aliis
2778 2769 2906 2810 vero
2933 2754 3268 2826 argumentis
3290 2752 3516 2812 eviden—

1912 2849 2117 2904 tissime
2145 2847 2385 2904 ostendit
2415 2846 2712 2912 hominem,
2745 2847 2837 2917 qui
2866 2845 2935 2901 ab
2962 2845 3127 2910 humo
3155 2861 3350 2902 nomen
3393 2861 3516 2900 sor-

1913 2942 2037 2997 titus
2072 2950 2174 3006 est,
2199 2949 2253 2995 et
2277 2941 2394 3010 ejus
2423 2940 2656 2994 animam
2677 2981 2692 3005 ,
2740 2953 2804 2998 ac
2827 2947 2997 2994 totum
3040 2937 3299 2994 mundum
3341 2954 3368 2991 a
3401 2938 3516 2994 Deo

1913 3036 2076 3089 fuisse
2100 3043 2304 3098 creata;
2337 3033 2588 3104 illiusque
2615 3031 2950 3104 providentia
2986 3031 3298 3109 gubernari.
3344 3029 3514 3086 Plane

1913 3145 2060 3200 ergo,
2087 3129 2122 3182 ii
2146 3143 2355 3193 omnes,
2383 3127 2555 3198 inquit
2583 3127 2694 3192 ille,
2729 3126 3049 3192 delirabant,
3075 3126 3164 3200 qui
3196 3123 3515 3196 religionem

1830 3211 1874 3274 (Ξ
1910 3231 2086 3277 metus
2117 3236 2179 3275 ac
2211 3219 2433 3276 terroris
2463 3233 2622 3274 causa
2645 3218 2940 3278 institutam
2971 3216 3337 3276 venditabant.

1984 3315 2232 3371 Pluribus
2280 3315 2517 3386 postltmc
2558 3312 2818 3391 exemplis
2841 3321 2896 3367 et
2934 3311 3230 3376 rationibus
3251 3307 3516 3368 manifes-

1911 3409 2116 3463 tissime
2133 3408 2466 3462 demonstrat
2485 3405 2651 3476 (Cap.
2676 3406 2734 3460 il
2761 3405 2779 3476 )
2805 3419 2968 3465 unum
2997 3401 3367 3461 tantummodo
3389 3417 3514 3459 csse

1915 3515 2071 3572 posse
2103 3499 2243 3554 hunc
2270 3498 2461 3554 Deum.
2479 3497 2630 3564 Quod
2655 3496 2894 3570 quidem,
2920 3494 3379 3568 postpatclactam
3409 3494 3515 3548 im-

1911 3595 1981 3665 pii
2003 3592 2232 3665 plurium
2262 3592 2484 3648 deorum
2513 3592 2689 3656 cultus
2708 3591 2990 3664 originem,
3015 3589 3254 3662 publico,
3285 3604 3384 3646 nec
3409 3587 3515 3642 du.

1912 3688 2000 3744 bio
2026 3696 2172 3741 certe
2204 3685 2464 3752 Platonis,
2489 3684 2844 3756 Trismegisti,
2877 3682 3138 3750 Socratis,
3166 3682 3511 3755 Pythagorae,

1913 3780 2249 3835 Antisthenis
2279 3788 2334 3834 et
2372 3778 2675 3832 Aristotelis
2716 3776 3025 3832 testimonio
3061 3775 3364 3831 conﬁrmat.
3398 3773 3512 3840 Sed

1914 3873 1998 3940 hi,
2040 3871 2241 3943 inquit,
2297 3869 2747 3942 quemadmodum
2803 3877 3013 3940 poetae,
3060 3877 3115 3923 et
3161 3867 3250 3922 alii
3277 3867 3516 3940 gentiles

1912 3965 2122 4020 etiamsi
2152 3963 2523 4020 concesserint
2561 3977 2723 4024 unum
2768 3975 2890 4016 esse
2946 3959 3147 4026 Deum;
3177 3959 3298 4034 quia
3331 3967 3514 4026 tamen

1913 4059 2043 4113 nihil
2077 4057 2145 4112 dc
2170 4057 2316 4129 ejus,
2349 4072 2508 4128 quem
2546 4056 2844 4110 benelicum
2884 4054 3198 4118 credebant,
3222 4054 3368 4110 cultu
3395 4063 3510 4110 sta.

1913 4159 2164 4212 tuerunt,
2219 4150 2420 4205 idcirco
2459 4147 2701 4204 arbitrati
2731 4155 2858 4208 sunt
2902 4147 3050 4201 illum
3106 4145 3184 4201 ira
3235 4161 3511 4218 nunquam

1911 4243 2188 4300 concitari.
2232 4242 2313 4298 Ex
2357 4242 2439 4296 bis
2475 4256 2660 4312 porro,
2694 4254 2816 4314 quae
2865 4237 3126 4294 hactenus
3153 4236 3296 4294 dicta
3350 4249 3513 4310 sunt,

1912 4335 2000 4389 ille
2045 4333 2316 4389 concludit
2345 4331 2509 4402 (Cap.
2545 4330 2643 4402 12)
2667 4329 2905 4385 funditus
2936 4344 3184 4390 eversam
3217 4345 3340 4388 esse
3390 4332 3516 4390 illo-

1911 4445 2029 4484 rum
2063 4426 2494 4496 rcSponsionem,
2516 4424 2606 4494 qui
2629 4421 3026 4479 contendebant
3061 4422 3376 4502 religionem
3406 4423 3517 4492 uti-

1912 4521 2078 4578 litatis
2111 4528 2314 4580 tantum
2349 4516 2519 4594 gratia
2553 4515 2931 4576 introductam.

208 4612 345 4667 sicut
361 4611 560 4684 gratia,
580 4613 652 4666 ita
670 4621 724 4667 et
739 4611 818 4665 ira
844 4611 1021 4682 reipsa
1045 4614 1390 4668 commoveri.
1415 4613 1472 4670 In
1499 4614 1599 4670 hoc
1628 4625 1806 4686 autem
1835 4608 1891 4669 Β
1989 4617 2122 4670 Aliis
2154 4624 2330 4670 tamen
2376 4611 2551 4668 adhuc
2598 4611 2864 4666 rationum
2912 4613 3199 4669 momentis
3241 4611 3518 4682 convincit

209 4703 373 4759 totius
384 4703 664 4774 religionis
680 4718 943 4758 summam
966 4712 1019 4758 et
1032 4705 1304 4759 cardinem
1317 4690 1524 4761 versari
1538 4709 1809 4765 existimat

209 4795 372 4865 (Cap.
409 4795 504 4867 7).
531 4795 684 4864 Quod
713 4796 928 4866 quidem
959 4810 1025 4850 eo
1052 4796 1418 4865 demonstrat,
1450 4800 1592 4870 quod
1621 4800 1807 4868 homo,

209 4892 308 4945 etsi
356 4892 526 4946 multa
549 4907 670 4946 cum
693 4891 865 4946 brutis
884 4893 1214 4959 communia,
1253 4903 1346 4948 aut
1393 4894 1457 4949 iis
1489 4896 1684 4951 similia
1716 4897 1812 4952 ha-

209 4981 365 5048 beat,
411 4984 672 5052 sapientia
706 4993 883 5038 tamen
917 5001 981 5042 ac
1011 4985 1345 5055 potissimum
1377 4987 1668 5059 religione,
1699 4991 1814 5048 sive

210 5076 403 5131 notitia
429 5084 487 5131 et
513 5077 658 5131 cultu
693 5077 785 5133 Dei
815 5078 882 5132 ab
911 5079 1031 5133 aliis
1079 5080 1442 5152 distinguitur.
1478 5085 1638 5153 Atqui
1684 5086 1810 5140 reli-

211 5170 299 5240 gio
323 5171 449 5225 sine
476 5170 688 5226 sincero
715 5170 832 5238 Dei,
865 5173 1233 5242 peccatoribus
1249 5173 1463 5242 otionsi,
1483 5186 1642 5246 atque
1671 5179 1814 5247 irati,

211 5274 363 5321 metu
390 5273 538 5320 stare
578 5279 683 5320 non
713 5274 910 5336 potest.
942 5260 1232 5338 lram'ergo
1256 5268 1351 5324 Dei
1379 5283 1660 5338 perperam
1712 5273 1816 5328 tol-

212 5359 325 5415 lere
347 5360 690 5416 conabantur
710 5359 961 5431 Epicurei
1012 5358 1176 5431 (Cap.
1208 5363 1312 5430 8),
1347 5363 1439 5432 qui
1481 5363 1631 5418 illum
1679 5365 1814 5422 nihil

215 5468 415 5511 curare
447 5453 778 5511 cﬂutiebant.
807 5454 1028 5511 Frustra
1056 5455 1198 5510 enim
1229 5455 1360 5510 nihil
1391 5457 1620 5527 curanti,
1651 5459 1816 5514 nihil-

217 5563 324 5620 que
349 5564 481 5604 cum
508 5549 661 5604 nobis
687 5565 975 5606 commune
1004 5548 1244 5614 habenti,
1294 5550 1492 5620 templa
1547 5551 1821 5608 aediﬁcan-

217 5649 328 5706 tur,
363 5655 427 5696 ac
453 5639 588 5695 ﬁunt
607 5641 887 5696 sacrificia.
906 5641 1094 5695 Nullus
1118 5641 1260 5696 enim
1291 5642 1461 5697 bonos
1487 5642 1539 5700 ei
1567 5643 1816 5700 debetur.

222 5734 307 5791 Ad
338 5734 458 5792 hac
485 5749 613 5791 vero
647 5753 659 5790 :
692 5735 738 5791 si
768 5735 907 5791 Deus
935 5750 1042 5790 non
1071 5734 1340 5803 irascitur,
1385 5735 1568 5808 utique
1616 5753 1721 5792 non
1755 5739 1823 5793 ti-

225 5835 449 5895 metur;
485 5828 531 5884 si
549 5843 655 5885 non
677 5829 916 5894 timetur,
938 5843 1036 5885 nec
1062 5827 1220 5883 etiam
1247 5828 1474 5896 colitur;
1507 5830 1632 5900 quin
1661 5830 1828 5889 immo

1920 4713 2084 4768 Deum
2129 4709 2300 4780 reipsa
2332 4707 2508 4762 irasci.
2541 4706 2646 4762 Sed
2692 4715 2750 4760 ut
2777 4706 2892 4761 haec
2919 4704 3094 4770 adhuc
3120 4707 3360 4777 planiora
3395 4722 3518 4768 0m-

1919 4805 2076 4860 nibus
2105 4803 2317 4867 ﬁerent,
2350 4800 2648 4855 luculenter
2671 4797 2762 4853 ille
2781 4797 3016 4854 ostendit
3043 4798 3211 4872 (Cap.
3237 4799 3336 4872 15)
3364 4815 3517 4858 mun-

1919 4896 2046 4956 dum
2076 4911 2182 4949 non
2213 4904 2481 4950 mutorum
2525 4891 2858 4960 animalium,
2887 4890 2983 4946 sed
3029 4890 3307 4956 hominum
3349 4907 3514 4958 causa

1917 4987 2083 5044 fuisse
2106 5002 2134 5041 a
2167 4988 2277 5042 Deo
2299 4985 2594 5044 conditum.

1988 5084 2058 5135 At
2077 5079 2122 5136 si
2151 5080 2222 5134 ita
2250 5089 2362 5145 est,
2395 5077 2707 5149 inquiebant
2732 5077 3062 5148 Academici,
3085 5093 3182 5140 cur
3207 5086 3313 5138 tam
3339 5079 3510 5146 multa

1917 5173 2135 5244 ipsimet
2168 5167 2381 5226 homini
2420 5171 2688 5232 contraria
2725 5187 2788 5227 ac
2832 5170 3084 5246 pestifera
3135 5171 3514 5230 inveniuntur?

1918 5264 2339 5338 Respondebant
2363 5264 2582 5336 quidem
2609 5265 2776 5324 Stoici
2814 5265 3067 5325 latentem
3094 5280 3282 5322 eorum
3313 5266 3518 5324 utilita-

1921 5369 2031 5416 tem
2058 5373 2220 5430 posse
2259 5357 2514 5430 deinceps
2561 5355 2800 5431 agnosci,
2829 5371 2891 5422 ac
2919 5371 2987 5411 ex
3041 5357 3170 5428 ipsis
3197 5357 3520 5420 animalibus

1922 5460 2109 5508 contra
2131 5464 2318 5506 eorum
2364 5462 2568 5508 venena
2599 5445 2782 5502 haberi
2825 5444 3144 5501 remedium.
3171 5445 3278 5504 Sed
3307 5446 3406 5508 hos
3425 5465 3522 5511 rev

1924 5545 2062 5603 fellit
2086 5543 2417 5608 Lactantius,
2446 5540 2570 5614 quia
2600 5540 2763 5596 multa
2797 5537 2927 5592 nulli
2950 5536 3202 5594 videntur
3222 5553 3344 5602 esse
3374 5543 3520 5606 utili-

1926 5642 2044 5706 tati,
2075 5654 2140 5694 ac
2170 5638 2338 5694 satius
2359 5644 2504 5692 esset
2547 5633 2691 5690 nulla
2723 5631 2836 5690 fieri
2892 5629 3050 5687 noxia
3095 5639 3150 5685 et
3191 5632 3471 5702 mortifera
3492 5676 3520 5708 ,

1928 5746 2085 5807 quam
2113 5747 2180 5788 ex
2212 5730 2319 5785 illis
2342 5727 2598 5783 adversus
2624 5725 2738 5795 ipsa
2767 5719 3067 5781 remedium
3095 5737 3356 5793 quaerere.
3381 5725 3526 5794 Qua.

1934 5834 2153 5900 propter
2183 5823 2275 5880 ille
2295 5818 2585 5890 respondet
2609 5816 2715 5873 soli
2742 5829 2809 5872 ex
2837 5812 3201 5873 animantibus
3221 5815 3424 5875 homini
3449 5818 3536 5875 in-
