4034 6354
533 278 637 338 151

1429 266 1740 329 DISSERT.
1766 265 1831 322 D.
1860 263 1951 321 LE
1985 258 2271 321 NOURRY
2300 258 2367 315 IN
2392 257 2523 315 LIB.
2546 257 2637 314 DE
2658 256 2773 314 IRA
2799 253 2927 312 DEI.
3751 248 3841 307 152

526 397 695 454 ditam
723 411 752 452 a
780 397 895 454 Deo
910 392 1249 467 sapientiam,
1275 403 1378 462 qua
1422 387 1563 444 bona
1593 385 1867 441 discernat
1889 398 1921 438 a
1946 380 2123 447 malis,
2150 378 2206 438 A
2229 376 2396 441 enim,
2427 373 2681 443 probaret
2704 370 2990 439 delictum,
3016 376 3074 426 et
3110 364 3181 425 ad
3220 364 3437 437 majora
3464 362 3575 422 iter
3606 377 3842 421 securum

532 498 693 557 atque
721 488 809 545 illa
840 490 1024 560 eligat,
1050 496 1104 541 et
1157 483 1273 539 hmo
1316 496 1380 536 ac
1425 491 1782 551 quaecumque
1828 473 1931 528 sibi
1969 470 2128 527 noxia

527 591 679 647 sunt,
709 581 932 638 devitet.

604 671 809 728 Eadem
868 669 1075 725 ratione
1122 666 1281 721 aliam
1338 661 1538 719 evertit
1578 659 2128 731 argumentationem,

526 781 690 835 quam
714 765 812 820 sibi
840 764 955 834 ipse
986 761 1126 817 hunc
1160 757 1445 830 proposuit
1469 756 1523 812 in
1560 754 1778 811 modum
1812 769 1826 807 :
1854 753 1961 808 Attt
1988 750 2131 805 Deus

532 866 733 928 potest,
763 865 818 912 et
841 870 950 911 non
980 854 1094 909 vult
1124 853 1262 907 mala
1308 851 1520 915 tollere,
1566 863 1739 918 eoque
1761 847 1876 916 ipso
1920 844 2133 900 invidus

529 959 651 1007 est:
681 958 774 1004 ant
799 949 934 1015 vult,
965 957 1022 1005 et
1048 963 1155 1002 non
1187 954 1386 1015 potest,
1408 954 1465 1000 et
1488 944 1559 999 ita
1589 953 1674 998 est
1698 942 1963 996 inlirmns.
1989 940 2134 1011 Ergo

523 1049 633 1099 nec
668 1042 808 1097 Deus
856 1039 1119 1096 dicendus
1145 1038 1265 1093 erit.
1309 1036 1570 1092 Concedit
1604 1043 1781 1088 autem
1830 1031 2135 1087 Lactantius

532 1134 703 1189 Deum
735 1147 894 1201 posse
922 1131 1119 1186 malum
1153 1130 1364 1194 tollere,
1395 1128 1489 1184 sed
1519 1127 1640 1182 ideo
1667 1125 1793 1180 illud
1820 1140 1922 1180 non
1950 1134 2134 1179 sustu-

526 1224 695 1288 lisse;
719 1225 843 1292 quia
877 1222 1116 1289 nomini,
1150 1222 1225 1277 uti
1251 1220 1453 1275 dictum
1483 1227 1595 1287 est,
1618 1217 1767 1273 dedit
1796 1217 2133 1287 sapientiam,

529 1330 639 1384 qua
690 1321 869 1385 potest
910 1314 1108 1369 malum
1148 1314 1461 1383 agnoscere,
1492 1319 1547 1366 et
1575 1324 1844 1365 summum
1894 1310 2093 1364 bonum
2119 1348 2136 1375 ,

533 1421 633 1463 seu
662 1406 876 1461 beatam
901 1404 1357 1460 immortalitatem
1387 1402 1634 1473 adipisci.

609 1496 1076 1569 Quemadmodum
1103 1510 1233 1551 vero
1258 1496 1398 1551 Deus
1427 1492 1687 1549 mundum
1720 1500 1940 1562 propter
1966 1489 2142 1546 homi-

534 1607 687 1658 nem,
719 1591 797 1648 sic
825 1600 881 1647 et
906 1591 1049 1646 hunc
1073 1599 1294 1659 prepter
1323 1604 1383 1643 se
1402 1587 1626 1651 creavit,
1655 1585 1706 1640 id
1729 1597 1830 1650 est,
1865 1595 1921 1639 ut
1950 1585 2019 1640 ab
2050 1584 2143 1639 illo

537 1692 918 1755 cognoscatur,
947 1697 1009 1737 ac
1037 1682 1217 1737 debita
1247 1679 1596 1736 veneratione
1622 1678 1851 1732 colatur.
1886 1676 2016 1733 Inde
2041 1694 2141 1734 au-

2236 467 2525 541 panderet.
3734 530 3743 535 ⁷

2303 560 2487 632 Neque
2530 558 2659 614 sinit
2706 557 2808 613 sibi
2852 554 3014 628 objici
3067 554 3325 627 Archyta:
3374 551 3725 623 exemplum.
3763 549 3841 620 qui

2248 664 2535 725 propterea
2560 650 2705 723 quod
2737 650 2915 705 villico
2944 648 3186 720 peccanti
3213 649 3388 703 iratus
3408 654 3535 703 erat
3558 687 3575 711 ,
3605 659 3735 699 eum
3762 660 3842 713 pa-

2235 745 2355 802 nire
2383 745 2571 799 noluit.
2604 744 2832 801 Unicum
2859 743 3058 815 quippe
3080 742 3392 812 exemplum
3420 750 3533 806 est,
3563 738 3713 809 quod
3740 737 3841 792 nul-

2237 838 2355 907 lus,
2386 837 2467 893 uti
2510 836 2603 893 ille
2635 836 2875 892 Platonis
2902 834 3213 891 testimonio
3244 834 3531 903 variisque
3557 830 3843 885 rationibus

2238 931 2470 1003 probare
2491 930 2795 997 contendit,
2821 929 2984 985 debet
3018 928 3234 983 imitari.
3266 926 3336 982 At
3360 926 3431 981 de
3467 925 3620 991 Deo,
3652 923 3839 993 inquit,

2237 1024 2307 1080 de
2336 1024 2489 1093 cujus
2511 1033 2695 1078 tamen
2718 1024 2886 1094 ﬁgura
2911 1032 3073 1088 tacet,
3092 1020 3233 1076 idem
3254 1018 3554 1076 dicendum
3582 1033 3653 1073 ac
3669 1017 3738 1072 de
3761 1018 3839 1071 ho-

2238 1117 2406 1183 mine,
2433 1132 2591 1186 quent
2617 1117 2846 1171 similem
2874 1115 2973 1170 sibi
3006 1113 3153 1170 fecit.

2318 1209 2514 1265 \‘erum
2544 1209 2667 1280 quia
2701 1209 2864 1263 homo
2887 1209 3065 1264 anima
3087 1216 3302 1264 constat
3326 1216 3384 1264 et
3403 1221 3644 1277 corpore
3667 1205 3839 1273 quibus

2242 1302 2311 1358 ad
2341 1305 2601 1369 virtutes,
2636 1311 2731 1356 aut
2755 1311 2943 1358 contra
2974 1300 3234 1357 sancitam
3276 1316 3307 1355 a
3342 1301 3457 1355 Deo
3481 1300 3663 1369 legem
3690 1298 3755 1351 ad
3775 1298 3837 1351 vi-

2244 1398 2317 1453 tia
2345 1398 2548 1461 fertur;
2573 1396 2775 1453 idcirco
2806 1397 2968 1464 Deus,
2996 1397 3239 1452 omnium
3262 1404 3418 1465 pater
3438 1403 3495 1449 et
3523 1403 3741 1456 rector,
3764 1392 3839 1446 de-

2244 1490 2479 1546 lectatur
2508 1488 2650 1544 illius
2671 1488 2979 1552 virtutibus,
3003 1497 3061 1544 et
3081 1488 3224 1542 vitiis
3247 1496 3665 1551 commovetur;
3694 1484 3841 1539 boues

2245 1583 2447 1653 diligit,
2481 1591 2538 1638 et
2568 1583 2795 1653 injustos
2825 1582 2951 1637 odio
2977 1581 3140 1638 habet
3166 1580 3331 1654 (Cap.
3365 1580 3497 1650 19).

2320 1676 2391 1730 At
2413 1672 2543 1745 quid
2569 1677 2642 1739 ei,
2672 1674 3006 1744 inquiebant,
3037 1687 3174 1744 opus
3197 1672 3347 1737 odio,
3373 1671 3465 1742 qui
3485 1679 3547 1728 et
3570 1670 3733 1726 bonis
3745 1679 3836 1723 sta-

536 1786 649 1834 tem
677 1774 811 1832 scite
849 1773 1237 1848 colligit(Cap.
1271 1773 1337 1829 14
1359 1772 1378 1845 )
1399 1772 1648 1830 eumdem
1701 1772 1974 1826 hominem
2016 1771 2142 1826 reli-
2170 1775 2222 1837 Β
2248 1769 2347 1824 tuit
2397 1770 2709 1838 praemium,
2749 1778 2806 1824 et
2851 1768 3007 1824 malis
3044 1766 3488 1838 poenamIQuia,
3522 1765 3705 1836 inquit
3730 1764 3839 1819 Lae-

537 1872 733 1943 gionis,
758 1881 813 1928 et
839 1881 896 1926 ut
914 1871 989 1926 ait
1011 1870 1221 1939 Cicero,
1248 1869 1470 1941 justitiae
1501 1882 1662 1923 causa
1691 1866 1855 1922 fuisse
1876 1876 2137 1921 creatum.

536 1963 595 2019 Si
627 1963 746 2034 quis
783 1978 914 2020 vero
941 1964 1264 2025 sciscitetur,
1293 1961 1435 2016 unde
1478 1976 1607 2031 ergo
1627 1967 1840 2028 peccata
1871 1958 1937 2013 ad
1968 1958 2145 2013 hotni-

534 2070 661 2112 nem
694 2055 1074 2126 pervenerint,
1108 2069 1426 2124 responsum
1457 2069 1488 2106 a
1537 2050 1817 2106 Lactantio
1845 2051 1888 2105 is
1919 2050 2146 2119 accipiet

538 2145 705 2216 (Cap.
739 2146 864 2216 15),
914 2161 974 2200 se
999 2144 1110 2216 jam
1162 2144 1285 2199 huic
1327 2144 1611 2215 quaestioni
1644 2142 1989 2208 satisfecisse,
2020 2156 2143 2196 cum

541 2237 678 2294 dixit
704 2238 870 2292 Deum
900 2238 1103 2293 homini
1126 2237 1325 2291 bonum
1345 2236 1693 2305 proposuisse
1715 2234 2007 2299 etmalum,
2041 2233 2145 2289 hoc

546 2342 730 2386 autem
751 2371 768 2397 ,
798 2329 942 2400 quod
985 2330 1130 2395 odit,
1157 2328 1502 2399 permisisse,
1533 2337 1590 2382 ut
1623 2328 1774 2392 illud,
1806 2328 1948 2398 quod
1979 2335 2143 2393 amat,

543 2423 675 2480 inde
695 2424 971 2503 emicaret.
1001 2423 1073 2480 At
1099 2423 1221 2493 quia
1251 2423 1435 2490 homo,
1467 2438 1574 2477 non
1606 2436 1760 2477 secus
1784 2438 1847 2476 ac
1883 2421 2145 2488 mundus,

543 2503 890 2586 componitur
918 2516 1080 2571 rebus
1100 2515 1388 2571 contrariis
1412 2524 1467 2569 et
1503 2514 1940 2585 repugnantibus,
1968 2513 2147 2567 anima

540 2608 795 2665 videlicet
820 2607 992 2663 solida
1017 2616 1073 2664 et
1099 2617 1324 2673 aeterna,
1348 2615 1405 2662 et
1429 2620 1657 2677 corpore
1701 2605 1873 2675 fragili
1910 2613 1965 2659 et
2000 2620 2148 2660 mor-

541 2701 660 2765 tali,
693 2700 823 2755 hinc
847 2698 1088 2769 profecto
1109 2708 1224 2754 orta
1250 2708 1379 2754 sunt
1402 2707 1458 2753 et
1510 2707 1716 2752 naturae
1745 2697 1864 2766 ejus
1890 2696 2149 2765 deprava-

540 2795 643 2859 tio,
671 2805 725 2849 et
754 2792 903 2861 vitia,
925 2809 1046 2864 qua:
1070 2793 1167 2849 Dei
1201 2792 1409 2863 legibus
1428 2791 1698 2862 prohiberi
1728 2789 1983 2859 oportuit.
2006 2784 2150 2845 Deus

537 2899 670 2956 ergo
699 2885 753 2940 in
783 2884 955 2942 bonos
1002 2884 1251 2941 homines
1276 2885 1358 2940 eis
1406 2897 1613 2939 morem
1644 2886 1897 2954 gerentes
1939 2884 2110 2953 gratia
2130 2923 2146 2947 ,

542 2985 708 3049 atque
735 2977 789 3033 in
822 2978 1264 3049 praevaricatores
1287 2978 1366 3032 ira
1392 2987 1784 3031 commovetur.

615 3072 801 3143 Neque
858 3072 1120 3142 Epicurus
1147 3071 1388 3140 objicere
1425 3077 1638 3141 peterat
1684 3069 1737 3123 in
1786 3067 1901 3123 Deo
1950 3068 2153 3137 pariter

2246 1862 2468 1931 tantius,
2499 1863 2543 1917 si
2566 1863 2685 1929 quis
2706 1862 2853 1933 juste
2900 1876 2964 1915 ac
2992 1871 3141 1917 recte
3163 1862 3343 1926 vivat,
3387 1861 3561 1914 Deum
3589 1874 3725 1915 vero
3752 1873 3833 1914 nec

2248 1953 2391 2008 colat
2411 1994 2428 2019 ,
2457 1969 2555 2007 nec
2583 1961 2760 2017 curet,
2792 1963 2920 2008 tunc
2944 1952 3059 2022 ipse
3088 1953 3228 2008 Deus
3257 1952 3401 2005 hunc
3431 1966 3543 2005 non
3587 1951 3838 2005 sinitesse

2249 2046 2572 2116 impunitum
2595 2086 2610 2111 ,
2653 2060 2717 2101 ac
2746 2054 2966 2116 propter
3005 2044 3122 2113 ejus
3166 2043 3475 2114 superbiam
3512 2043 3595 2096 ira
3646 2043 3701 2097 in
3738 2058 3839 2097 ctua

2252 2147 2644 2193 commovetur.
2693 2134 3120 2204 Qemadmodum
3159 2150 3290 2206 ergo
3321 2137 3608 2206 ignoscere
3656 2143 3839 2205 potest,

2252 2232 2325 2286 ita
2355 2241 2411 2286 et
2437 2231 2617 2287 irasci.

2322 2321 2677 2393 Interroganti
2703 2330 2883 2377 autem
2911 2337 3009 2377 cur
3040 2322 3098 2389 ii,
3124 2323 3215 2394 qui
3262 2330 3511 2390 peccant,
3544 2338 3696 2394 sape
3742 2322 3844 2378 feli-

2249 2428 2363 2480 ces,
2411 2423 2467 2469 et
2494 2414 2584 2485 qui
2619 2414 2704 2483 pie
2730 2413 2935 2479 vivunt,
2984 2429 3129 2483 saepe
3174 2415 3356 2469 miseri
3386 2416 3532 2479 sint;
3574 2416 3845 2485 respondet

2249 2516 2438 2563 auctor
2459 2505 2624 2580 (Cap.
2653 2507 2759 2579 ΞΟ)
2790 2517 2975 2564 noster
2996 2508 3134 2566 ﬁlios
3150 2509 3250 2563 sub
3268 2508 3556 2579 disciplina
3588 2511 3754 2579 patris
3775 2510 3844 2564 Sta'

2250 2601 2592 2665 constitutos,
2615 2601 2859 2657 strictius
2887 2610 2944 2657 et
2973 2600 3232 2671 frugalius
3258 2602 3380 2657 aliis
3408 2601 3656 2673 fugitivis
3681 2613 3737 2658 et
3753 2603 3841 2657 ab-

2252 2696 2447 2753 dicatis
2472 2698 2675 2752 vivere.
2708 2697 2911 2755 Deinde
2928 2714 3080 2766 vero,
3101 2700 3192 2770 qui
3225 2709 3471 2770 peccant,
3517 2700 3723 2771 inquit,
3755 2715 3845 2755 non

2250 2790 2508 2861 eﬁugient
2536 2790 2933 2859 Deljudicium,
2979 2800 3036 2847 et
3071 2791 3280 2848 debitas
3303 2802 3648 2862 atteruasque
3696 2793 3848 2848 scele-

2250 2899 2372 2940 rum
2404 2897 2593 2955 poenas
2620 2882 2909 2952 aliquando
2933 2883 3164 2940 dabunt.

2324 2977 2603 3032 lnstabant
2643 2993 2657 3030 :
2690 2990 2786 3032 cur
2813 2978 2990 3043 Deus,
3016 2979 3063 3034 si
3093 2979 3442 3050 peccantibus
3495 2979 3765 3045 irascitur,
3798 2980 3846 3033 in

2252 3085 2349 3126 eos
2375 3071 2556 3126 statim
2606 3088 2710 3128 non
2748 3070 3169 3127 animadvertit?
3196 3070 3460 3139 Quoniam
3507 3086 3636 3126 cum
3660 3087 3746 3136 ea,
3780 3070 3848 3125 ait

543 3182 667 3222 esse
692 3165 892 3222 debere
921 3166 1151 3231 timoris,
1185 3164 1447 3231 libidinis,
1473 3172 1529 3220 et
1555 3162 1867 3233 cupiditatis
1893 3161 2140 3219 allectus.
2170 3157 2218 3222 C
2250 3160 2600 3231 Lactantius,
2630 3165 2705 3221 sit
2728 3163 2963 3219 humana
2993 3163 3277 3235 fragilitas,
3308 3174 3367 3219 ut
3398 3179 3565 3220 nemo
3599 3180 3709 3220 non
3735 3179 3847 3234 pec-

543 3256 682 3312 Nam
709 3256 769 3312 hi
791 3257 990 3328 aliique
1012 3257 1220 3313 similes
1246 3264 1447 3322 motus,
1473 3271 1544 3311 ex
1571 3256 1808 3311 hominis
1838 3253 2125 3325 fragilitate

545 3348 676 3415 orti,
706 3348 756 3402 in
787 3348 978 3415 Deum,
1006 3350 1097 3418 qui
1129 3349 1448 3405 immortalis
1467 3358 1568 3414 est,
1595 3357 1649 3405 et
1671 3348 1868 3403 nullius
1896 3348 1975 3404 rei
2003 3356 2143 3419 eget,

544 3441 742 3496 cadere
784 3456 890 3495 non
922 3449 1145 3511 possunt
1183 3440 1341 3513 (Cap.
1378 3439 1502 3511 16).
1532 3438 1732 3495 Contra
1760 3455 1891 3495 vero
1946 3440 2021 3493 ira
2050 3439 2148 3494 ad—

545 3548 738 3589 versus
768 3531 939 3587 malos
969 3532 1236 3597 homines,
1271 3522 1329 3587 et
1348 3547 1474 3602 erga
1500 3531 1671 3586 bonos
1700 3530 1958 3597 charitas,
1990 3540 2150 3601 atque

550 3623 607 3680 in
648 3623 879 3680 afflictos
910 3626 1203 3685 miseratio.
1233 3634 1361 3679 sunt
1402 3623 1621 3679 affectus
1650 3624 1760 3679 Deo
1790 3625 1949 3694 plane
1968 3622 2147 3693 digni,

551 3734 816 3788 suamque
867 3718 1070 3774 habent
1094 3718 1148 3772 in
1179 3718 1297 3787 ipso
1319 3716 1621 3772 materiam.
1669 3716 1836 3773 Secus
1866 3716 2008 3771 enim
2035 3731 2152 3770 ont-

549 3810 640 3866 nia
669 3810 934 3864 scelerum
960 3823 1156 3885 genera
1186 3807 1442 3863 mundum
1471 3809 1688 3878 impune
1716 3807 2063 3885 inundarent.

625 3902 866 3958 Instabat
911 3884 1177 3972 Epicurus
1205 3900 1375 3956 Deum
1405 3914 1526 3955 esse
1555 3884 1769 3955 beatum
1788 3941 1803 3966 ,
1833 3914 1962 3968 ergo
1996 3899 2149 3970 quie-

551 4006 667 4056 tum
705 4005 761 4052 et
809 3994 941 4050 nihil
986 4000 1286 4049 curantem.
1338 3993 1407 4071 At
1455 3990 1616 4047 sentit
1643 4000 1812 4057 certe,
1862 3992 1937 4045 uti
1978 3992 2154 4061 arguit

551 4089 866 4146 Lactantius
894 4086 1057 4161 (Cap.
1094 4084 1222 4159 17),
1254 4100 1576 4155 semperque
1613 4084 1761 4138 vivit.
1794 4083 1920 4154 Agit
1970 4085 2149 4157 igitur.

553 4184 688 4250 Quae
717 4192 894 4238 autem
920 4191 1003 4237 est
1043 4181 1185 4236 actio
1215 4179 1340 4245 Dei,
1370 4178 1471 4233 nisi
1501 4176 1682 4232 mundi
1727 4177 2153 4233 administratio?

555 4274 627 4332 At
657 4275 699 4328 si
730 4290 911 4329 curam
942 4273 1126 4328 mundi
1150 4282 1205 4329 ct
1232 4270 1465 4326 hominis
1505 4269 1702 4337 habet,
1748 4270 1860 4325 vult
1913 4270 2154 4340 profecto

555 4368 626 4423 ab
651 4366 868 4421 homine
896 4366 1073 4437 legem
1093 4381 1245 4421 suam
1261 4362 1563 4431 observari,
1587 4372 1641 4419 et
1668 4362 1810 4418 illius
1834 4364 2155 4435 praevarica-

556 4458 770 4515 toribus
794 4457 1065 4514 irascitur.

2251 3261 2340 3309 cet
2358 3296 2373 3319 ,
2406 3256 2710 3324 paucissimi
2740 3256 2983 3328 profecto
3007 3257 3269 3313 viverent.
3297 3256 3502 3313 Deinde
3543 3272 3680 3313 vero
3708 3257 3845 3312 multi

2252 3362 2322 3403 ex
2345 3347 2502 3403 malis
2542 3357 2601 3404 et
2628 3349 2888 3421 improbis
2932 3350 3066 3405 fiunt
3085 3350 3215 3420 justi
3242 3358 3298 3405 et
3324 3350 3692 3416 continentes,
3741 3350 3847 3419 pln-

2251 3455 2446 3512 resque
2474 3457 2541 3496 ex
2568 3441 2834 3498 idolorum
2864 3443 3162 3498 cultoribus
3191 3458 3374 3498 verum
3406 3443 3574 3498 Deum
3621 3458 3846 3513 agnove-

2251 3544 2397 3589 runt.
2426 3534 2725 3592 Utilissima
2757 3538 2917 3609 igitur
2942 3545 3025 3592 est
3054 3537 3302 3605 patientia
3354 3537 3469 3597 Dei.
3499 3538 3594 3608 qui
3647 3538 3847 3592 tametsi

2253 3626 2453 3681 noxios
2481 3643 2605 3683 sero
2629 3630 2834 3697 puniat.
2866 3643 2963 3685 eos
3005 3628 3354 3684 nihilominus
3378 3630 3469 3699 qui
3511 3630 3849 3699 pertinaciter

2253 3719 2529 3774 emendari
2555 3720 2766 3785 nolunt,
2795 3720 3005 3792 longius
3032 3721 3328 3791 procedere
3358 3736 3465 3775 non
3491 3723 3714 3790 patitur.

2327 3809 2527 3865 Verum
2550 3812 2728 3868 acrius
2752 3812 2927 3868 adhuc
2948 3812 3039 3867 alii
3071 3812 3332 3883 urgebant
3375 3822 3584 3868 tantum
3631 3815 3845 3878 abesse,

2254 3911 2314 3957 ut
2341 3902 2481 3958 Deus
2536 3904 2820 3971 irascatur,
2849 3905 2976 3974 quin
3020 3906 3194 3974 potius
3220 3905 3492 3961 hominem
3540 3908 3701 3962 irasci
3744 3924 3847 3963 om-

2255 3994 2383 4049 nino
2407 3995 2706 4064 prohibeat.
2738 3995 2845 4053 Sed
2877 3996 2978 4052 hoc
3003 3997 3157 4055 facile
3183 3998 3335 4053 diluit
3354 3998 3669 4053 Lactantius
3694 3999 3846 4071 (Cap.

2255 4087 2389 4158 21).
2417 4088 2550 4143 Nam
2592 4089 2731 4144 lleus
2759 4090 2974 4161 quidem
3008 4102 3149 4146 vetat
3174 4092 3445 4147 hominem
3493 4092 3687 4158 irasci;
3736 4094 3847 4163 quia

2256 4195 2403 4248 saepe
2428 4181 2625 4251 saepius
2652 4182 2847 4252 iujusta
2875 4193 2960 4239 est
2984 4184 3101 4253 ejus
3118 4184 3196 4240 ira
3219 4203 3232 4238 :
3255 4183 3373 4254 ipse
3394 4198 3527 4239 vero
3556 4185 3699 4241 Deus
3724 4202 3847 4240 nun-

2256 4287 2415 4341 quam
2450 4273 2527 4326 ira
2560 4274 2659 4327 nisi
2684 4273 2825 4343 jttsta
2849 4286 3114 4330 movetur.
3140 4275 3219 4329 Ad
3265 4276 3380 4330 haec
3403 4290 3536 4330 vero
3569 4277 3711 4332 Deus
3740 4280 3849 4331 'non

2258 4364 2548 4435 prohibuit,
2584 4382 2652 4421 ne
2679 4366 2839 4420 homo
2859 4368 3051 4437 quovis
3068 4368 3162 4422 iraa
3185 4376 3333 4422 motu
3352 4376 3626 4439 tangatur,
3650 4369 3748 4424 sed
3788 4384 3845 4423 ne

2260 4456 2314 4510 in
2341 4472 2407 4509 eo
2437 4470 2767 4523 permaneat.
2801 4458 3139 4528 Quapropter
3174 4459 3318 4512 illam
3351 4460 3644 4528 temperari
3671 4460 3845 4530 jussit,

627 4550 740 4606 Nec
781 4558 898 4605 erat
941 4548 1184 4619 profecto
1227 4550 1368 4620 quod
1403 4549 1579 4605 adhuc
1621 4557 1837 4619 urgeret
1890 4546 2154 4618 Epicurus
2180 4553 2235 4613 Ῑ)
2259 4560 2311 4606 et
2339 4550 2609 4605 hominem
2632 4562 2759 4608 ante
2782 4553 2913 4608 solis
2929 4568 3178 4610 occasum
3205 4552 3357 4609 fratri
3373 4567 3474 4608 suo
3493 4554 3843 4609 reconciliari.

558 4658 715 4706 eum.
746 4642 836 4713 qui
871 4641 1028 4697 alteri
1070 4649 1250 4705 nocet,
1279 4656 1384 4696 non
1413 4656 1534 4695 esse
1582 4640 1804 4695 bonum.
1848 4639 1965 4693 Non
2012 4640 2153 4694 enim

558 4744 793 4804 nocent,
834 4734 926 4806 qui
982 4732 1193 4790 debitas
1240 4748 1268 4787 a
1320 4732 1429 4789 reis
1484 4743 1539 4789 et
1587 4732 1785 4803 iniquis
1832 4746 2021 4803 poenas
2073 4748 2158 4787 rc-

558 4838 769 4902 petunt.
2064 4808 2082 4821 ’

630 4922 712 4978 Ex
732 4920 897 4977 variis
923 4919 1139 4988 deinde,
1172 4936 1307 4989 quas
1339 4920 1502 4975 Stoici
1530 4928 1582 4975 et
1622 4918 1712 4974 alii
1743 4920 2036 4975 attulerunt
2065 4921 2158 4976 ira:

559 5014 997 5079 deﬁnitionibus,
1045 5013 1267 5084 planum
1316 5015 1497 5084 utique
1542 5013 1848 5068 Lactantius
1901 5013 2025 5069 facit
2062 5030 2157 5070 eos

558 5109 807 5181 profecto
832 5122 939 5161 non
974 5096 1307 5162 intellexisse
1334 5106 1589 5177 quidnam
1632 5107 1770 5161 inter
1795 5107 1927 5161 iram
1955 5107 2153 5177 justam

559 5213 618 5258 et
645 5203 894 5273 injustam
918 5201 1353 5257 sit'discriminis.
1385 5201 1515 5256 Data
1538 5212 1713 5258 autem
1739 5203 1899 5272 justa:
1919 5202 2011 5257 irae
2033 5220 2155 5257 vera

567 5295 835 5360 ﬁnitione,
859 5294 1062 5364 colligit
1110 5294 1271 5366 (Cap.
1296 5294 1393 5365 18)
1415 5310 1531 5348 eam
1579 5310 1679 5349 nec
1699 5295 1766 5349 ab
1789 5294 2026 5356 homine.
2059 5311 2158 5350 nec

558 5387 630 5444 ah
669 5388 787 5457 ipso
817 5386 930 5444 Deo
968 5401 1125 5457 posse
1168 5387 1350 5441 adimi.
1383 5386 1519 5456 Quid
1574 5386 1753 5458 igitur,
1807 5387 2159 5458 inquiebanl?

501 5470 509 5479 ’
559 5479 753 5535 Nonne
780 5478 899 5535 sine
916 5479 1010 5535 irae
1025 5479 1219 5536 allecto
1244 5491 1454 5550 peccata
1473 5481 1664 5548 corrigi
1684 5481 1938 5550 possunt?
1967 5481 2152 5549 Recte,

558 5571 634 5629 ait
657 5572 987 5638 Lactantius,
1016 5577 1060 5628 si
1088 5575 1264 5629 scelus
1289 5575 1557 5630 occultum
1582 5575 1685 5639 sit,
1711 5586 1814 5629 .aut
1839 5576 1885 5630 ei
1924 5577 2156 5632 humana

562 5666 684 5738 lege
721 5676 991 5722 caveatur.
1025 5668 1095 5725 At
1145 5666 1360 5740 quando
1388 5669 1658 5740 cognitum
1690 5678 1745 5724 et
1773 5676 2014 5740 apertum
2042 5678 2155 5736 est,

563 5774 776 5831 aequum
805 5759 947 5816 illius
972 5762 1207 5832 judicem
1233 5761 1497 5834 indignari
1529 5777 1753 5819 necesse
1773 5768 1877 5818 est.
1937 5760 2154 5830 Alioqui

2258 4641 2513 4709 Quamvis
2536 4654 2715 4699 autem
2742 4644 2859 4715 ipse
2879 4645 2950 4700 sit
2968 4654 3223 4711 aeternus,
3262 4645 3355 4700 irae
3380 4653 3559 4700 tamen
3591 4660 3707 4701 suae
3733 4661 3842 4700 rno-

2258 4736 2457 4791 tumin
2501 4746 2764 4815 potestate
2809 4753 2905 4793 sua
2951 4739 3022 4795 ita
3063 4738 3252 4806 habet,
3286 4746 3345 4792 ut
3391 4737 3458 4792 iis
3505 4746 3738 4805 tantum,
3764 4739 3845 4809 qui

2258 4842 2474 4898 semper
2502 4839 2755 4899 peccant,
2791 4830 2844 4884 in
2876 4840 3138 4885 mternum
3169 4830 3448 4885 irascatur.

2332 4923 2409 4977 Ea
2444 4940 2604 4994 porro
2629 4925 2706 4979 ira
2740 4925 2904 4980 Deum
2936 4939 3122 4980 revera
3151 4924 3478 4979 commoveri
3516 4933 3707 4980 auctor
3728 4938 3844 4979 nos-

2257 5027 2338 5072 ter
2368 5033 2554 5073 rursus
2581 5018 2768 5088 probat
2821 5016 2984 5089 (Cap.
3015 5018 3087 5072 22
3133 5027 3189 5074 et
3227 5016 3331 5089 25)
3376 5032 3485 5073 non
3527 5017 3594 5072 iis
3618 5017 3843 5087 quidem,

2257 5128 2377 5182 quae
2408 5112 2607 5168 ethnici
2638 5111 2973 5182 rejiciebant,
2999 5126 3279 5168 sacrorum
3327 5121 3635 5167 nostrorum
3677 5122 3845 5166 vatum

2261 5206 2603 5268 testimoniis,
2647 5205 2741 5259 sed
2772 5205 3023 5270 aliorum,
3046 5214 3206 5275 atque
3226 5205 3280 5259 in
3311 5204 3501 5276 primis
3534 5204 3843 5276 Sybillarum

2258 5304 2312 5351 et
2327 5295 2809 5365 Λρ‹›11ἰιιίεΜίιθ›ἰί,
2826 5299 3017 5367 quibus
3036 5296 3292 5369 refragari
3304 5297 3505 5354 ethnici
3517 5299 3737 5354 omnino
3748 5311 3844 5353 non

2262 5397 2529 5461 poterant.
2555 5388 2721 5445 Addit
2754 5405 2881 5444 vero
2906 5390 3191 5461 imperium
3219 5391 3339 5446 sine
3366 5400 3537 5456 metu,
3559 5405 3625 5445 ac
3654 5399 3843 5446 metum

2260 5484 2378 5537 sine
2408 5483 2485 5536 ira
2519 5483 2816 5538 consistere
2844 5499 2952 5538 non
2987 5497 3163 5552 posse.
3198 5482 3361 5554 Atqui
3407 5483 3547 5538 Deus
3576 5480 3842 5553 imperium

2264 5576 2446 5640 habet,
2473 5589 2601 5645 ergo
2629 5584 2684 5631 et
2712 5576 2869 5642 iram,
2900 5587 3060 5647 atque
3111 5574 3313 5631 idcirco
3342 5576 3637 5641 daemones,
3668 5583 3723 5630 et
3746 5587 3841 5628 cat-

2262 5676 2377 5723 tera
2406 5665 2586 5721 omnia
2610 5664 2675 5721 ad
2700 5677 2883 5724 nutum
2905 5668 3021 5737 ejus
3048 5671 3491 5724 contremiscunt.

2337 5759 2578 5829 Denique
2606 5760 2800 5817 librum
2834 5762 2974 5819 hunc
3001 5762 3309 5819 Lactantius
3337 5761 3569 5817 absolvit
3596 5758 3838 5831 epilogo.

3949 3337 3952 3537 γ
