4034 6354
164 337 189 394 1
200 337 270 394 355

1009 330 1164 392 CAP.
1198 330 1242 389 ll
1295 332 1386 390 DE
1435 331 1651 391 HUJUS
1689 328 1820 388 LIB.
1871 328 2099 386 AUCT."
2134 327 2383 398 'l‘lTUL.,
2422 327 2575 386 ETC.

3356 325 3464 388 154

167 466 271 520 quo
302 449 581 507 concludit
615 451 783 507 Deum
811 450 1113 515 amandum,
1140 449 1260 519 quia
1289 449 1524 518 optimus
1563 458 1750 520 pater;
1787 449 1837 503 A
1865 444 2115 511 lectione,
2149 446 2485 516 perSpicuum
2513 446 2716 502 cunctis
2739 443 2830 502 flet
2851 453 2906 502 et
2932 445 3452 503 manifestissimum.

167 544 488 610 timendum,
513 544 640 614 quia
666 559 886 600 severus
908 543 1172 614 dominus;
1207 542 1606 607 honorandum,
1640 542 1764 612 quia

168 637 310 691 Deus
344 636 874 710 beneficentissimus
899 642 997 692 est.
1031 633 1311 689 Concludit
1340 636 1518 707 itaque
1559 652 1764 692 morem

170 730 240 785 illi
261 729 587 800 gerendum,
621 731 841 785 caducis
867 738 921 785 et
952 729 1228 798 fragilibus
1258 728 1435 794 bonis,
1470 729 1766 799 voluptati-

171 826 288 888 bus,
314 832 370 878 et
400 823 546 878 vitiis
574 825 819 877 nuntium
844 821 1242 884 remittendum,
1264 821 1560 887 vacandum
1591 821 1767 891 operi-

170 915 267 970 bus
291 913 537 984 justitite,
569 913 892 968 innocentiae
912 957 925 979 ,
963 913 1330 967 beneficentiae
1353 954 1367 978 ,
1399 913 1626 982 aliisque
1650 913 1765 968 vir-

171 1008 407 1072 tutibus;
453 1017 510 1062 ttt
539 1007 848 1062 beatissima
878 1007 1273 1062 necessitudine
1300 1008 1398 1078 ipsi
1448 1008 1559 1064 Deo
1599 1023 1766 1076 c0pu.

171 1101 282 1168 lati,
315 1115 530 1170 semper
547 1101 836 1171 propitium
866 1098 1178 1164 habeamus,
1199 1115 1298 1155 uec
1317 1099 1549 1170 amplius
1574 1116 1766 1155 verea-

174 1212 291 1252 mur
321 1195 535 1250 iratum.

798 1309 1029 1366 CAPUT
1069 1309 1133 1364 11.

173 1426 252 1481 De
279 1428 431 1500 hujus
452 1428 568 1482 libri
595 1437 824 1490 auctore,
854 1427 1020 1491 titulo,
1050 1433 1370 1495 argumento,
1393 1403 1542 1479 relate
1561 1468 1574 1488 ,
1605 1441 1767 1496 quave

249 1519 494 1574 scribendi
529 1520 728 1574 ratione
764 1519 824 1571 ab
847 1520 938 1573 illo
965 1519 1296 1586 compositus,
1324 1535 1386 1571 ac
1400 1519 1653 1589 quomodo
1679 1517 1767 1572 Ci-

244 1631 473 1669 ceronem
502 1614 726 1668 imitatus
753 1615 838 1668 sit.

248 1747 463 1802 Librum
495 1745 637 1801 hunc
665 1762 690 1800 a
733 1747 1012 1803 Lactantio
1042 1755 1229 1804 nostro
1267 1748 1564 1818 profectum
1597 1747 1763 1804 fuisse

1904 576 1906 578 τ
1939 536 2218 592 Postremo
2239 554 2304 592 ex
2333 538 2524 594 iisdem
2550 537 2829 603 Lactantii,
2863 554 2998 609 quos
3027 537 3331 606 cilavimus,
3367 540 3452 595 lo-

1866 628 1946 683 cis
1972 628 2160 684 eadem
2202 629 2445 698 profecto
2484 630 2749 685 evidentia
2793 631 3196 686 demonstratur
3224 631 3367 687 hunc
3397 632 3458 686 li-

1866 723 2021 778 brum
2051 723 2116 777 ab
2154 723 2289 793 ipso,
2333 733 2453 793 post
2486 733 2687 793 septem
2719 723 3014 780 divinarum
3055 724 3458 780 lnstitutionum

1866 814 2037 870 libros
2073 817 2451 887 compositum,
2483 825 2538 871 et
2564 815 2696 886 juris
2728 816 2922 871 factum
2945 818 3159 887 publici.
3190 817 3303 872 Non
3337 817 3460 871 lon-

1867 923 1991 978 gum
2019 918 2195 963 autem
2226 909 2364 964 inter
2382 917 2636 978 utrosque
2659 907 3026 964 intercessisse
3050 909 3306 979 temporis
3328 922 3454 978 Spa-

1869 1001 2000 1055 tium
2027 1000 2168 1057 haud
2194 1002 2426 1057 absurde
2447 1001 2548 1057 dici
2575 1011 2766 1073 potest.
2795 1003 2925 1058 Cum
2956 1004 3098 1059 enim
3126 1005 3342 1071 scripsit
3368 1019 3454 1059 se-

1868 1098 2100 1154 cundum
2135 1097 2437 1154 divinarum
2490 1099 2884 1154 lnstitutionum
2918 1099 3111 1154 librum
3137 1139 3153 1164 ,
3186 1099 3459 1169 pollicitus

1766 1246 1773 1253 ,
1867 1200 1979 1256 est,
2012 1192 2090 1246 uti
2135 1191 2298 1262 paqu
2339 1200 2464 1247 ante
2494 1192 2928 1256 observavimus,
2976 1189 3091 1246 fore
3128 1200 3185 1244 ut
3229 1191 3368 1244 hunc
3398 1191 3459 1244 li-

1866 1283 2022 1338 brum
2056 1285 2370 1339 conficeret.
2404 1287 2474 1339 At
2500 1299 2623 1340 eum
2669 1284 2771 1339 cito
2817 1283 2976 1338 fidem
3009 1297 3160 1337 suam
3198 1282 3461 1339 liberasse

1868 1374 1994 1430 inde
2018 1375 2308 1445 colligitur,
2337 1375 2484 1446 quod
2506 1391 2813 1445 persuasum
2850 1375 3007 1444 plane
3025 1373 3292 1438 habuerit,
3325 1373 3463 1430 hanc

1867 1466 1935 1522 de
1960 1468 2037 1522 ira
2071 1469 2162 1523 Dei
2213 1471 2566 1539 quaestionem
2624 1484 2690 1524 eo
2738 1468 2952 1537 majoris
2999 1482 3122 1523 esse
3171 1467 3454 1534 momenti,

1867 1561 2007 1631 quod
2036 1577 2064 1615 a
2096 1562 2360 1631 plurimis,
2385 1573 2441 1616 ut
2462 1563 2723 1629 diximus,
2748 1560 3124 1630 scriptoribus,
3153 1568 3208 1614 et
3232 1575 3260 1614 a
3289 1560 3460 1627 philo-

1867 1654 2052 1724 sophis
2088 1655 2319 1712 ethnicis
2348 1671 2448 1712 nec
2478 1656 2660 1724 paucis
2689 1655 2922 1724 quidem,
2957 1667 3054 1707 nec
3089 1652 3413 1722 ignobilibus
3439 1694 3456 1720 ,

1871 1749 1961 1819 qui
1986 1765 2102 1804 eam
2129 1749 2414 1820 negabant,
2447 1749 2636 1817 religio
2662 1747 2899 1802 funditus
2932 1746 3228 1802 tolleretur.
3263 1747 3332 1801 At
3355 1761 3462 1814 quo

180 1850 288 1893 tam
311 1848 512 1893 certum
541 1849 894 1910 constansque
916 1851 1019 1907 est,
1053 1842 1273 1896 utnulla
1305 1859 1535 1913 unquam
1570 1842 1753 1908 fuerit,
1790 1833 1838 1895 Β
1868 1841 2078 1896 tuendae
2100 1842 2360 1906 veritatis,
2392 1839 2837 1909 quemadmodum
2859 1838 3110 1905 vidimus,
3131 1837 3326 1894 ardore
3348 1846 3468 1894 erat

177 1938 271 1984 aut
301 1945 418 1985 esse
447 1931 615 2002 possit
642 1946 700 1984 ea
733 1933 800 1985 de
832 1949 890 1987 re
913 1933 1230 2004 disceptatio
1249 1943 1342 1987 aut
1371 1936 1758 1989 controversia.

177 2022 299 2077 Suis
323 2025 466 2078 enim
499 2025 586 2079 ille
615 2024 790 2079 verbis
823 2041 882 2079 se
927 2025 1101 2094 ipsum
1136 2025 1294 2095 hujus
1320 2026 1480 2092 libri,
1513 2042 1671 2097 quem
1704 2041 1764 2082 se

173 2115 498 2186 scripturum
529 2118 870 2186 promiserat,
908 2117 1083 2185 prodit
1115 2128 1410 2173 auctorem.
1434 2118 1494 2173 In
1522 2120 1764 2175 secundo

172 2209 434 2279 siquidem
468 2210 781 2265 Divinarum
816 2210 1215 2265 lnstitutionum
1243 2212 1402 2277 libro,
1437 2212 1526 2267 ubi
1561 2213 1612 2268 in
1642 2228 1760 2268 ser-

174 2318 380 2356 mortem
409 2303 475 2358 de
507 2305 580 2357 ira
611 2303 704 2358 Dei
737 2304 923 2358 incidit
952 2323 963 2357 :
1001 2324 1019 2356 ι
1047 2305 1371 2374 Seponatur,
1394 2306 1588 2378 inquit,
1620 2306 1762 2362 inte-

175 2393 277 2449 rim
303 2394 449 2450 locus
476 2395 561 2450 hic
582 2396 734 2452 nobis
757 2396 824 2452 de
845 2398 922 2452 ira
949 2397 1040 2452 Dei
1060 2398 1383 2466 disserendi,
1401 2399 1541 2470 quod
1557 2408 1612 2455 et
1634 2400 1764 2455 ube-

173 2488 281 2542 rior
299 2499 381 2543 est
403 2490 649 2556 materia,
676 2499 729 2545 et
755 2505 922 2560 opere
944 2492 1164 2562 proprio
1183 2492 1340 2547 latius
1358 2493 1756 2563 exsequenda.»

169 2578 238 2634 At
267 2581 542 2647 promissis
575 2581 687 2635 suis
717 2581 932 2638 stetisse
967 2585 1195 2652 ipsemet
1232 2585 1433 2641 diserte
1470 2585 1758 2657 signiﬁcat.

167 2670 224 2725 ln
257 2673 357 2728 hoc
390 2673 588 2743 quippe
610 2674 748 2728 libro
780 2691 878 2729 nos
915 2677 1114 2745 sa-pius
1148 2676 1213 2731 ad
1245 2678 1573 2744 secundum,
1603 2695 1764 2750 quar-

165 2772 273 2818 tum
315 2775 374 2820 et
415 2776 630 2821 sextum
668 2766 968 2822 divinarum
1002 2768 1399 2825 lnstitutionum
1434 2786 1652 2827 suarum
1687 2773 1765 2828 sic

163 2856 346 2925 mittit,
375 2867 433 2911 ut
464 2860 704 2912 omnium
745 2858 1006 2915 horumce
1051 2861 1312 2916 librorum
1350 2878 1537 2918 verum
1569 2879 1764 2934 paren:

162 2955 272 3002 tem
324 2963 386 3004 se
436 2948 605 3004 fuisse
657 2950 830 3017 palam
885 2952 1130 3006 fateatur.
1181 2953 1338 3008 Plura
1373 2953 1536 3024 igitur
1566 2955 1619 3008 in
1649 2971 1761 3009 rem

163 3040 299 3096 adeo
342 3041 583 3108 claram,
643 3042 883 3112 adeoque
928 3053 1113 3114 aperte
1159 3046 1226 3100 ab
1271 3047 1500 3116 ipsomet
1544 3057 1764 3104 auctore

166 3142 349 3187 nostro
397 3133 744 3198 confessam,
794 3136 1099 3190 testimonia
1157 3136 1382 3192 aliorum
1439 3138 1760 3209 scriptorum

164 3239 465 3295 congerere
495 3234 602 3280 tam
634 3226 788 3281 facile
839 3237 983 3281 esset
1012 3270 1026 3293 ,
1076 3245 1235 3299 quam
1276 3245 1758 3300 supervacaneum.
1789 3232 1835 3295 C

164 3316 553 3388 Hieronymum
588 3328 765 3374 tamen
795 3334 915 3374 cum
948 3321 1018 3375 ob
1047 3322 1186 3376 illius
1217 3324 1610 3394 antiquitatem,
1652 3336 1761 3380 tum

163 3410 233 3465 ob
263 3427 380 3466 eam
408 3425 570 3480 quam
601 3410 670 3465 de
699 3411 801 3465 hoc
829 3412 966 3466 libro
1001 3413 1104 3467 fert
1140 3416 1459 3470 sententiam
1483 3458 1497 3482 ,
1551 3419 1764 3486 penitus

161 3504 414 3559 omittere
442 3518 550 3558 non
579 3519 885 3574 possumus.
928 3505 1166 3561 Primum
1209 3507 1388 3578 itaque
1421 3509 1486 3563 ad
1513 3510 1759 3581 Magnum

160 3595 310 3650 urbis
358 3595 550 3650 Romus
588 3606 860 3652 oratorem
917 3598 995 3652 sic
1035 3598 1102 3654 de
1160 3599 1260 3654 hoc
1313 3601 1449 3655 libro
1504 3603 1758 3674 scripsit:

168 3705 188 3738 ε
217 3686 535 3743 Lactantius
563 3687 631 3743 de
654 3688 736 3742 Ira
766 3699 820 3743 et
843 3688 1070 3759 Opificio
1096 3691 1188 3745 Dei
1210 3692 1316 3746 duo
1338 3695 1607 3749 volumina
1635 3712 1760 3751 con-

162 3779 328 3847 didit,
362 3795 507 3850 quos
535 3781 581 3835 si
609 3781 791 3852 legere
822 3783 1056 3838 volueris
1079 3825 1093 3849 ,
1112 3769 1462 3856 dialogorum
1485 3788 1762 3844 Ciceronis

162 3870 214 3924 in
245 3872 325 3926 eis
347 3874 598 3942 ἐπιτομήν
621 3874 884 3942 reperies.
919 3893 938 3928 ι
962 3874 1072 3929 Suo
1099 3885 1279 3932 autem
1305 3879 1639 3950 Scriptorum
1664 3881 1764 3935 Ec-

163 3963 594 4020 clesiastioorum
625 3966 678 4020 in
707 3968 972 4038 catalogo,
1002 3970 1090 4023 tibi
1122 3969 1187 4023 ad
1222 3971 1396 4040 ipsum
1428 3971 1762 4030 Lactantium

159 4060 308 4113 venit
335 4078 347 4113 :
383 4078 403 4110 ι
441 4059 740 4128 Habemus,
772 4061 965 4132 inquit,
998 4063 1115 4132 ejus
1145 4063 1362 4130 librum,
1387 4075 1442 4119 et
1463 4067 1762 4136 pulcherri-

163 4165 310 4206 mum
339 4151 411 4207 de
443 4151 530 4206 lra
564 4152 674 4206 Dei.
708 4172 726 4205 ι
772 4154 1010 4225 Denique
1029 4157 1136 4210 alio
1166 4159 1214 4210 in
1241 4173 1442 4226 opere:
1479 4178 1496 4209 ‹
1533 4159 1761 4215 Firmia-

159 4261 260 4300 nus
289 4255 487 4302 noster
520 4246 716 4301 librttm
753 4247 820 4302 de
850 4247 932 4302 Ira
981 4249 1112 4315 Dei,
1142 4250 1302 4306 docto
1334 4253 1533 4320 pariter
1562 4266 1616 4307 et
1649 4255 1763 4310 elo-

158 4339 341 4408 quenti
371 4352 633 4394 sermone
667 4341 1021 4410 conscripsit,
1063 4358 1222 4411 quem
1251 4345 1340 4412 qui
1375 4345 1599 4414 legerit,
1634 4357 1762 4414 puto

161 4429 306 4484 eiad
336 4430 432 4485 irae
469 4429 806 4485 intellectum
839 4433 971 4486 satis
1009 4433 1223 4489 abunde
1249 4450 1410 4506 posse
1439 4435 1705 4492 sufficere.
1738 4458 1756 4490 ι

159 4521 240 4576 Αη
255 4537 386 4576 vero
405 4521 538 4576 illud
568 4522 880 4594 Hieronymi
903 4522 1005 4579 hoc
1021 4523 1086 4578 de
1109 4525 1247 4580 libro
1263 4525 1526 4595 judicium
1550 4545 1759 4598 aequum

1867 1933 2150 2002 incensus,
2177 1951 2282 1990 non
2313 1935 2484 2004 potuit
2513 1933 2694 2004 utique
2723 1933 3012 2001 longiorem
3036 1931 3101 1985 ad
3125 1932 3259 1986 alios
3285 1932 3351 1987 ab
3376 1949 3466 1988 er-

1866 2042 1991 2083 rore
2035 2027 2358 2091 liberandos,
2391 2037 2444 2083 et
2468 2042 2597 2082 vera
2625 2025 2866 2082 doctrina
2914 2024 3306 2092 informandos,
3337 2040 3450 2080 mo-

1866 2137 1982 2178 ram
2007 2123 2369 2193 interponere.

1939 2241 2204 2297 Prmterea
2255 2241 2562 2297 Lactantius
2613 2261 2634 2294 ‹
2669 2241 2913 2296 Extrema
2969 2248 3246 2300 senectute
3283 2257 3337 2302 ι,
3370 2238 3446 2294 uti

1867 2333 1941 2387 ait
1965 2333 2342 2405 Hieronymus,
2380 2353 2399 2386 ι
2438 2334 2694 2404 magister
2724 2335 2953 2389 Caesaris
2982 2332 3181 2404 Crispi,
3213 2331 3466 2388 filiiCon-

1867 2427 2125 2495 stantini,
2182 2428 2235 2483 in
2267 2427 2439 2483 Gallia
2472 2429 2586 2483 fuit.
2627 2447 2646 2480 ι
2695 2427 2914 2496 Crispus
2955 2437 3132 2483 autem
3166 2427 3360 2481 bellum
3404 2427 3460 2481 iit

1866 2521 2050 2578 Galliis
2080 2524 2224 2578 circa
2272 2539 2473 2579 annum
2514 2522 2622 2578 “5‘20
2661 2523 2896 2593 gerebat,
2926 2531 2982 2577 et
3026 2537 3169 2576 anno
3199 2521 3324 2585 526,
3355 2535 3462 2589 quo

1870 2615 1956 2669 vix
1998 2615 2124 2669 dum
2172 2615 2345 2670 aetatis
2377 2629 2487 2670 sua:
2529 2615 2854 2671 tricesimum
2899 2614 3182 2684 attigerat,
3215 2623 3460 2670 mortuus

1865 2717 1968 2761 est.
1997 2708 2159 2778 Atqui
2182 2708 2488 2763 Lactantius
2505 2724 2745 2778 operam,
2766 2709 2916 2762 sicuti
2931 2707 3188 2773 diximus,
3211 2707 3454 2762 conscri-

1865 2798 2056 2855 bendis
2102 2799 2499 2855 lnstitutionum
2537 2800 2834 2854 divinarum
2879 2799 3030 2854 libris
3078 2798 3218 2854 circa
3262 2814 3463 2854 annum

1867 2891 1992 2958 5'21,
2025 2899 2184 2946 relate
2206 2892 2314 2962 jam
2347 2903 2634 2964 provectus
2664 2893 2908 2948 navabat.
2941 2892 3054 2948 Non
3083 2892 3298 2962 longum
3329 2906 3462 2961 ergo

1868 2997 1989 3056 post
2020 2997 2230 3056 tempus
2258 2988 2430 3054 hunc,
2465 2989 2618 3044 sicuti
2649 2989 2998 3060 promiserat,
3050 2986 3245 3042 librum
3277 2984 3344 3041 de
3373 2986 3458 3041 Ira

1869 3079 1963 3136 Dei
1986 3083 2308 3152 composuit,
2342 3084 2716 3156 publicamque
2739 3085 2918 3140 emisit
2949 3085 3001 3138 in
3032 3084 3227 3140 lucem.

1940 3194 2142 3252 Eodem
2172 3211 2335 3266 porro
2365 3197 2506 3252 hunc
2532 3214 2595 3253 ac
2622 3198 2926 3269 superiores
2969 3197 3137 3252 libros
3180 3196 3341 3268 stylo,
3371 3212 3464 3254 ea-

1868 3287 2099 3358 demque
2137 3290 2406 3345 scribendi
2449 3291 2657 3346 ratione
2705 3291 2894 3347 abillo
2925 3302 3202 3347 exaratum
3246 3291 3413 3348 fuisse
3437 3333 3454 3361 ,

1868 3398 2028 3438 nemo
2055 3398 2205 3450 sane,
2237 3385 2324 3455 qui
2356 3398 2450 3440 eos
2477 3384 2640 3440 semel
2664 3386 2931 3440 cursimve
2960 3384 3170 3454 legerit,
3199 3400 3452 3455 umquam

1867 3475 2211 3532 inficiabitur.
2271 3477 2478 3548 Ubique
2519 3479 2662 3534 enim
2707 3480 2759 3533 in
2789 3494 2856 3534 eo
2887 3478 3028 3533 idem
3057 3487 3218 3545 atque
3249 3478 3300 3533 in
3328 3478 3450 3535 aliis

1867 3568 2065 3623 emicat
2092 3572 2498 3639 argumentandi
2521 3587 2710 3642 genus,
2733 3573 2917 3628 eadem
2941 3571 3210 3628 sermonis
3242 3573 3464 3642 elegan—

1868 3659 1972 3727 tia,
2005 3660 2146 3716 idem
2189 3662 2449 3717 orationis
2474 3664 2652 3720 cultus
2673 3707 2688 3731 ,
2719 3675 2937 3720 ornatus
2973 3674 3027 3718 et
3068 3663 3228 3718 nitor.
3264 3663 3464 3732 Quam-

1867 3753 2053 3808 obrem
2086 3753 2189 3810 hoc
2219 3753 2385 3810 fusius
2417 3756 2668 3825 probare,
2690 3756 2816 3827 quid
2847 3757 2990 3811 aliud
3021 3767 3128 3823 est,
3158 3771 3319 3827 quam
3352 3769 3466 3812 me-

1867 3847 2078 3903 ridiano
2109 3848 2209 3903 soli
2233 3847 2404 3904 lucem
2435 3848 2629 3904 afl‘erre
2651 3850 3075 3922 supervacuam?

1937 3960 2416 4018 Animadversione
2437 3977 2564 4018 vero
2582 3963 2755 4034 aliqua
2776 3963 2912 4018 haud
2931 3978 3146 4034 prorsus
3167 3964 3445 4031 indignum

1870 4051 2000 4107 illud
2032 4055 2155 4121 erit,
2194 4055 2335 4125 quod
2366 4055 2680 4112 Lactantius
2706 4058 2757 4111 in
2786 4057 2942 4125 hujus
2964 4058 3084 4113 libri
3117 4058 3458 4127 peroratione

1868 4146 2134 4217 significat
2196 4147 2508 4203 imitandum
2562 4149 2662 4203 sibi
2719 4149 3063 4219 proposuisse
3115 4147 3454 4204 Ciceronem.

1867 4228 2026 4303 Audi,
2057 4255 2259 4309 quaiso,
2291 4242 2407 4310 ejus
2433 4241 2598 4297 verba
2631 4261 2645 4296 :
2674 4260 2692 4292 ‹
2726 4242 2948 4309 Restat,
2983 4258 3039 4298 ut
3068 4260 3217 4299 more
3239 4245 3459 4300 Cicero-

1867 4329 1952 4382 nis
1979 4341 2188 4385 utamur
2215 4333 2426 4403 epilogo
2453 4335 2519 4388 ad
2548 4335 2908 4405 perorandum
2936 4357 2947 4393 :
2971 4337 3108 4392 sicut
3135 4338 3223 4392 ille
3254 4340 3303 4391 in
3322 4338 3462 4392 Tus-

1866 4422 2074 4476 culanis
2099 4423 2164 4477 de
2188 4434 2363 4480 morte
2385 4427 2656 4481 disserens
2686 4426 2830 4494 fecit,
2860 4426 2929 4482 ita
2963 4444 3061 4483 nos
3091 4429 3141 4481 in
3173 4428 3274 4484 hoc
3295 4444 3460 4497 opere

1870 4516 2172 4572 testimonia
2191 4517 2393 4583 divina,
2419 4519 2611 4590 quibus
2630 4521 2772 4576 credi
2802 4522 2991 4590 possit,
3017 4520 3273 4575 adhibere
3294 4520 3460 4575 debe-

158 4613 259 4679 sit,
307 4623 364 4670 et
392 4614 648 4669 omnibus
675 4615 965 4684 probetur,
1011 4632 1108 4671 nos
1141 4617 1278 4672 infra
1310 4621 1755 4680 examinabitnus.
1787 4627 1839 4687 Ῑ)
1868 4623 2010 4663 mus.
2039 4629 2058 4662 ι
2085 4610 2163 4666 Ibi
2185 4621 2363 4668 autem
2394 4614 2482 4669 ille
2501 4615 2732 4684 primum
2751 4613 3170 4669 Tusculanarum
3197 4612 3462 4680 Quaestio-

158 4703 274 4758 .lam
307 4721 439 4760 vero
469 4720 536 4761 ex
567 4706 745 4760 citatis
776 4705 954 4773 illius,
984 4717 1146 4777 atque
1167 4709 1432 4766 Lactantii
1469 4713 1630 4768 etiam
1661 4731 1762 4770 no-

157 4798 255 4851 stri
277 4797 464 4853 verbis
487 4797 792 4867 colligimus
825 4798 974 4852 illum
1005 4798 1229 4869 hujusce
1265 4802 1386 4858 libri
1424 4818 1545 4861 esse
1574 4822 1760 4864 verum

158 4891 559 4959 genuinumque
590 4898 892 4960 parentem.

149 4972 154 4976 ”
226 4981 338 5038 Nec
358 4983 548 5038 minus
592 4983 740 5038 clare
789 4985 1148 5055 perspicimus
1183 4988 1252 5042 ab
1305 4988 1399 5042 illo
1437 4989 1506 5045 de
1536 4989 1618 5044 lra
1664 4992 1760 5048 Dei

157 5074 323 5130 fuisse
357 5075 703 5144 inscriptum.
736 5075 972 5132 'l'ametsi
999 5078 1144 5132 enim
1175 5079 1242 5134 de
1279 5081 1380 5135 hac
1408 5083 1758 5152 inscriptione

162 5168 532 5242 Hieronymus
561 5180 616 5225 et
647 5172 876 5239 ipsemet
907 5173 1218 5228 Lactantius
1239 5176 1398 5246 plane
1425 5178 1756 5249 tacuissent,

157 5275 274 5316 eam
301 5277 438 5317 sane
470 5272 614 5318 totus
638 5264 773 5332 ipse,
798 5275 1028 5336 quantus
1053 5277 1168 5332 est,
1201 5268 1339 5323 liber
1365 5270 1562 5325 clamat
1592 5283 1646 5326 et
1675 5290 1761 5330 as-

157 5359 308 5413 serit.
354 5357 479 5412 Non
521 5358 660 5412 alius
684 5360 951 5430 siquidem
991 5360 1044 5414 in
1081 5377 1147 5416 eo
1175 5363 1462 5417 scribendo
1494 5364 1759 5423 Lactantii

157 5464 352 5520 scopus
381 5450 618 5520 finisque
652 5450 771 5516 fuit,
802 5468 963 5522 quam
992 5464 1050 5507 ut
1078 5455 1253 5523 palam
1278 5456 1528 5512 omnibus
1554 5457 1762 5515 faceret

158 5541 324 5598 Deum
361 5559 559 5598 revera
590 5544 768 5597 irasci.
802 5542 989 5613 Neque
1018 5544 1164 5598 aliud
1195 5545 1354 5600 etiam
1399 5557 1511 5602 toto
1558 5550 1673 5606 fere
1703 5553 1755 5607 in

158 5631 261 5689 hoc
291 5637 455 5701 libro,
489 5649 650 5704 quam
675 5637 743 5690 de
764 5639 844 5689 ira
869 5636 964 5690 Dei
999 5645 1254 5690 tractatur
1279 5643 1680 5706 argumentum,
1707 5654 1761 5699 et

161 5728 224 5783 ad
255 5729 386 5784 illud
415 5730 595 5784 omnia
629 5730 958 5785 referuntur.
995 5729 1146 5795 Quod
1178 5729 1392 5796 quidem
1442 5748 1513 5787 ex
1560 5734 1698 5791 facta
1728 5754 1755 5792 a

163 5822 316 5877 nobis
349 5823 495 5877 illius
525 5823 750 5893 analysi,
784 5822 870 5877 vel
899 5821 1058 5876 etiam
1103 5819 1370 5874 levissima
1410 5823 1534 5879 libri
1589 5827 1756 5896 ipsius

1869 4718 1996 4758 num
2029 4704 2221 4761 librttm
2252 4707 2450 4762 indicat
2472 4749 2486 4773 ,
2537 4707 2689 4776 cujus
2709 4705 2972 4777 epilogum
3002 4721 3062 4760 se
3092 4705 3288 4760 imitari
3319 4705 3460 4760 haud

1866 4793 2134 4852 immerito
2161 4800 2459 4867 profitetur.

1937 4908 2129 4963 Nonne
2159 4919 2364 4975 autem,
2400 4910 2603 4980 inquiet
2646 4912 2871 4982 aliquis,
2907 4911 3044 4966 hanc
3085 4909 3155 4965 ob
3195 4909 3461 4965 rationem

1867 5000 2231 5072 Hieronymus
2253 5001 2445 5072 Magno
2465 5006 2734 5059 scribebat
2764 5008 3002 5078 ἐπιτομήν
3021 5004 3352 5073 dialogorqu
3366 4998 3462 5055 Ci-

1867 5096 2078 5149 ceronis
2113 5096 2164 5149 in
2195 5095 2361 5150 hocce
2399 5096 2537 5152 libro
2571 5099 2826 5166 reperiri?
2857 5099 3068 5151 Minime
3095 5095 3311 5164 quidem
3332 5135 3347 5159 ,
3383 5091 3462 5146 uti

1866 5183 2140 5258 putamus.
2194 5188 2446 5245 Latinum
2492 5191 2769 5244 enimvero
2818 5199 3084 5244 oratorem
3137 5188 3189 5239 in
3246 5185 3464 5253 epilogo

1867 5279 2146 5338 dumtaxat
2177 5299 2234 5339 se
2263 5284 2464 5339 imitari
2494 5284 2778 5354 significat,
2812 5299 2906 5336 uer.
2922 5295 3106 5335 eorum
3127 5294 3247 5348 qua:
3279 5277 3465 5330 abillo

1866 5374 2007 5429 dicta
2034 5387 2177 5442 sunt,
2213 5376 2729 5448 fecitcompendium
2757 5375 2918 5445 :quin
2947 5373 3113 5425 immo
3141 5368 3465 5423 testimoniis

1867 5467 2035 5520 utitur
2062 5470 2129 5524 ab
2155 5471 2222 5525 iis
2242 5512 2256 5536 ,
2284 5484 2405 5540 quae
2433 5469 2625 5522 Cicero
2661 5467 2912 5530 adhibet,
2953 5459 3114 5530 plane
3144 5460 3465 5528 penitusque

1867 5555 2116 5614 diversis.
2143 5563 2260 5619 Vox
2286 5565 2470 5634 itaque
2495 5563 2707 5631 ἐπιτομή
2734 5559 2800 5612 ab
2830 5556 3165 5621 Hieronymo
3212 5567 3277 5606 eo
3297 5592 3312 5618 ,
3361 5549 3468 5606 nisi

1865 5649 2123 5714 fallimur,
2152 5672 2309 5711 sensu
2341 5664 2661 5726 usurpatur,
2703 5665 2809 5738 quo
2837 5665 2866 5703 a
2900 5645 3060 5701 nobis
3085 5644 3338 5714 superius
3368 5659 3467 5698 ex-

1862 5745 2052 5815 plicata
2081 5757 2182 5802 est.
