4034 6354
621 295 728 355 155

1232 409 1456 472 CAPL'T
1491 409 1580 474 Ill.

624 549 824 615 Quibus
853 548 1152 604 Lactantius
1174 547 1452 603 rationibus
1481 549 1552 602 ad
1579 548 1715 603 hunc
1731 548 1918 603 librum
1941 548 2214 618 conﬁcien—

693 645 816 697 dum
829 643 1079 698 adductus
1100 643 1184 706 sit,
1212 651 1257 695 et
1277 641 1390 711 quis
1413 641 1667 706 Donatus,
1693 643 1772 695 cui
1789 657 1901 696 cum
1915 648 2214 710 nuncupat:

691 739 753 792 de
781 738 933 809 hujus
958 736 1074 790 libri
1100 736 1154 788 in
1181 737 1352 803 capita
1381 735 1656 801 divisione,
1706 744 1753 789 st
1800 735 2024 804 capitum
2049 750 2212 806 argu-

691 832 890 898 mentis,
919 830 982 884 de
1005 828 1263 883 codicibus
1290 829 1650 899 ntannssriptis
1677 837 1725 882 et
1756 828 1925 893 editis,
1955 844 2014 881 ac
2043 826 2214 881 vario-

690 941 804 979 rum
826 925 880 978 in
905 939 1024 978 cum
1052 922 1506 977 observationibus.

689 1061 968 1134 Praecipua.
995 1061 1169 1127 ratio,
1204 1075 1320 1132 qua:
1359 1059 1694 1120 Lastantium
1730 1059 1794 1125 ad
1826 1059 1972 1118 hunc
2015 1060 2212 1120 librum

618 1153 952 1220 exarandum
999 1153 1232 1226 impulit,
1267 1152 1375 1212 inec
1401 1166 1522 1214 esse
1563 1151 1810 1220 videtur,
1860 1152 1999 1221 quod
2043 1152 2130 1210 ille
2159 1152 2214 1207 in

611 1245 908 1310 asserenda
941 1246 1039 1308 Dei
1072 1246 1170 1313 ira.
1200 1261 1353 1318 quam
1381 1261 1408 1298 a
1449 1245 1692 1318 plurimis
1721 1247 1902 1315 negari
1930 1260 2213 1316 corripere-

616 1351 723 1408 rat,
756 1354 971 1408 omnem
1002 1338 1277 1412 religionis
1301 1339 1616 1410 pietatisque
1645 1353 1932 1402 summam,
1959 1355 2020 1394 ac
2037 1338 2213 1398 cardi-

620 1447 743 1489 nem
772 1432 974 1490 versari
994 1431 1370 1488 arbitrabatur.
1395 1429 1472 1492 Ea
1490 1431 1689 1502 quippe
1709 1431 1940 1497 sublata,
1969 1431 2209 1502 putabat,

620 1533 680 1592 ut
709 1523 867 1594 paulo
895 1532 1020 1583 ante
1048 1522 1384 1590 dicebamus,
1427 1537 1607 1580 veram
1651 1538 1864 1594 quoque
1891 1523 2211 1596 religionem

621 1616 860 1688 funditus
893 1617 1036 1681 tolli,
1069 1615 1241 1678 deleri
1278 1626 1327 1672 et
1354 1616 1610 1688 extingui.
1635 1615 1768 1672 Cum
1800 1617 1975 1690 itaque
2005 1616 2211 1672 videret

616 1711 759 1770 hanc
791 1711 884 1772 Dei
919 1711 1050 1770 iram
1081 1727 1110 1768 a
1147 1710 1379 1785 pluribus
1429 1727 1534 1770 non
1567 1710 1734 1769 infimi
1766 1710 2000 1772 nominis
2040 1709 2211 1768 homi-

614 1805 796 1870 nibus.
825 1813 882 1868 et
913 1821 942 1861 a
972 1805 1332 1866 celeberrimis
1365 1805 1700 1876 philosnpbis
1731 1805 1936 1880 negari,
1973 1805 2070 1864 hos
2094 1821 2211 1862 om-

617 1913 714 1964 nes
755 1898 892 1956 libro
937 1897 1152 1968 publico
1190 1897 1515 1955 refellendos
1545 1914 1665 1956 esse
1696 1888 1925 1962 censuit.
1975 1897 2212 1962 Noverat

615 1990 759 2048 enim
789 1989 1030 2056 Stoicos,
1072 2005 1300 2061 quorum
1339 1990 1570 2050 maxima
1606 1988 1847 2059 profecto
1876 2000 1993 2046 erat
2028 2000 2212 2052 aucto-

615 2083 779 2146 ritas,
813 2081 987 2151 palam
1009 2082 1306 2136 asseruisse
1332 2081 1495 2135 Deum
1521 2082 1686 2150 gratia
1716 2082 1954 2154 quidem,
1986 2083 2080 2143 sed
2113 2099 2211 2142 ne-

615 2190 882 2246 quaquam
917 2175 994 2228 ira
1022 2174 1247 2228 moveri.
1280 2173 1388 2228 Nec
1417 2174 1592 2228 minus
1616 2175 1949 2244 exploratum
1977 2175 2209 2229 habebat

617 2266 919 2337 divulgatos
948 2265 1112 2320 fuisse
1147 2267 1201 2319 in
1229 2265 1550 2333 favorabilis,
1583 2266 1657 2320 uti
1681 2267 1794 2337 ipse
1825 2267 2079 2338 loquitur,
2114 2266 2213 2322 hu-

613 2359 701 2430 jus
733 2359 1001 2430 opinionis
1029 2359 1392 2416 defensionem
1425 2376 1450 2412 a
1475 2359 1678 2416 Seneca
1709 2360 1896 2428 libros,
1922 2362 2115 2432 quibus
2144 2362 2214 2416 ob

617 2455 879 2522 doctrina:
899 2464 952 2510 et
978 2455 1246 2525 aequitatis
1274 2454 1487 2522 famam,
1514 2457 1692 2526 plures
1720 2457 1770 2511 in
1791 2472 2029 2512 errorem
2055 2471 2214 2526 posse

616 2547 796 2604 induci
828 2548 1167 2618 Opinabalur.
1185 2547 1345 2604 Certo
1365 2549 1598 2621 denique
1619 2553 1819 2605 certius
1845 2560 2066 2604 noverat
2095 2565 2216 2620 pes-

617 2645 810 2697 simam
837 2651 1156 2697 caaterorum
1185 2643 1418 2698 omnium
1442 2659 1562 2699 esse
1587 2645 1892 2716 Opinionem
1917 2645 2214 2715 Epicureo-

617 2751 759 2798 rum,
792 2735 882 2806 qui
909 2735 1230 2804 iactitabant
1248 2737 1410 2791 Deum
1434 2753 1531 2793 nec
1563 2739 1641 2792 ira
1671 2740 1916 2802 excitari,
1944 2755 2044 2794 nec
2071 2739 2216 2816 tangi

616 2829 808 2906 gratia.
843 2827 922 2883 Ne
970 2830 1091 2900 quis
1134 2845 1262 2901 ergo
1306 2832 1538 2887 maxima
1595 2834 1782 2887 horum
1831 2832 2105 2902 impietate
2153 2849 2216 2892 ac

619 2919 751 2976 falsa
775 2922 972 2993 pietate
998 2923 1296 2978 Stoicorum
1315 2925 1541 2994 amplius
1559 2924 1918 2994 deciperetur,
1937 2925 2002 2978 ad
2033 2935 2214 2982 utros-

615 3030 720 3086 que
748 3014 1127 3086 confulandos,
1175 3024 1229 3071 et
1256 3032 1410 3086 quam
1436 3033 1619 3072 veram
1659 3019 1878 3088 putabat
1920 3021 1988 3075 de
2018 3020 2095 3074 ira
2122 3018 2215 3086 Dei

616 3108 937 3163 sententiam
970 3108 1348 3164 stabiliendum
1379 3108 1520 3164 hunc
1564 3109 1757 3164 librum
1787 3111 1973 3167 edidit.
2031 3111 2215 3182 Neque

617 3201 668 3255 id
701 3201 788 3255 ille
818 3202 1064 3270 profeato
1087 3201 1407 3257 dissimulat.
1433 3201 1569 3257 Nam
1599 3203 1718 3259 libri
1744 3204 1896 3259 initio
1922 3205 2210 3274 Donatum,

616 3300 780 3362 atque
804 3292 921 3362 ejus
959 3294 1207 3358 nomine,
1249 3295 1380 3350 alios
1411 3310 1599 3350 omnes
1631 3294 1715 3350 bis
1760 3295 1954 3350 affatur
1987 3295 2164 3351 verbis
2193 3314 2205 3349 :

624 3403 644 3436 ι
681 3384 920 3450 Quorum
945 3399 1151 3450 errore,
1173 3387 1260 3455 qui
1281 3387 1544 3442 maximus
1561 3395 1664 3452 est,
1694 3398 1748 3442 et
1773 3389 1839 3442 ad
1858 3390 2210 3444 evertendum

619 3477 744 3530 vitae
773 3476 1024 3532 humana:
1050 3487 1247 3530 statum
1279 3488 1502 3548 spectat,
1531 3481 1908 3551 coarguendus
1939 3492 2023 3535 est
2053 3498 2080 3534 a
2114 3497 2211 3536 no-

619 3571 740 3636 bis;
771 3587 842 3626 ne
865 3579 921 3626 et
957 3572 1072 3641 ipse
1117 3571 1318 3626 fallaris
1339 3613 1354 3633 .
1403 3573 1663 3640 impulsus
1693 3575 2010 3630 auctoritate
2038 3575 2215 3629 homi-

621 3680 773 3729 num,
801 3665 892 3736 qui
922 3679 982 3718 se
1011 3673 1202 3735 putant
1229 3665 1514 3736 sapientes.
1551 3686 1570 3719 ι
1616 3667 1824 3722 Rursus
1852 3684 1980 3723 vero
2007 3668 2059 3723 in
2092 3669 2238 3724 libri.

620 3761 870 3830 epilogo:
902 3777 920 3810 ι
957 3747 1083 3812 Haec
1114 3752 1301 3821 habui,
1325 3760 1417 3828 qui
1440 3758 1506 3813 de
1537 3757 1612 3813 ira
1645 3760 1736 3815 Dei
1774 3760 2008 3816 dicerem
2038 3804 2051 3826 ,
2106 3761 2214 3818 Do-

622 3863 746 3906 nate
771 3850 1124 3916 charissime;
1160 3859 1216 3904 ut
1245 3852 1432 3917 scires,
1454 3852 1910 3922 quemadmodum
1936 3854 2215 3911 refelleres

573 3968 578 3972 -
618 3960 736 4010 eos,
765 3946 856 4016 qui
890 3946 1057 4008 Deum
1087 3944 1293 4005 faciunt
1323 3945 1673 4006 inmobilem.
1710 3966 1727 4002 ι
1762 3947 1835 4003 Ibi
1869 3963 2000 4004 vero
2024 3950 2214 4018 praeci-

617 4057 726 4112 pue
755 4041 1008 4110 designat
1034 4039 1347 4109 Epicureos,
1367 4041 1457 4111 qui
1484 4056 1604 4099 omn
1627 4051 1787 4101 secta:
1815 4057 1924 4098 suae
1955 4043 2217 4113 principe,

620 4144 679 4197 ut
705 4134 931 4204 ipsemet
963 4132 1272 4191 Lactmtius
1298 4133 1407 4199 ait,
1457 4133 1723 4192 docebant
1751 4135 1917 4189 Deum
1950 4134 2070 4190 ideo
2097 4150 2218 4190 esse

626 4226 998 4296 incorruptum
1025 4233 1080 4286 et
1103 4225 1339 4290 beatum;
1364 4227 1487 4296 quia
1515 4242 1729 4297 semper
1755 4227 1970 4298 quietus
1984 4237 2088 4296 est,
2118 4242 2218 4284 nec

579 4330 582 4333 '
624 4317 829 4380 idcirco
851 4334 1088 4390 unquam
1114 4320 1378 4384 irascitur.

702 4411 969 4470 Donatum
995 4424 1172 4474 autem
1193 4454 1208 4482 ,
1239 4415 1396 4474 sicuti
1439 4430 1564 4471 mox
1601 4416 1848 4472 audivisti
1871 4459 1886 4484 ,
1931 4415 2220 4485 compellat

629 4502 784 4560 initio
824 4513 879 4559 et
909 4505 1014 4564 (ine
1036 4504 1196 4574 hujus
1223 4506 1364 4573 libri,
1391 4523 1550 4577 quem
1590 4509 1689 4578 ipsi
1715 4509 1912 4564 direxit
1935 4519 1989 4562 et
2016 4525 2221 4562 nuncu-

631 4596 795 4668 patiit.
824 4597 958 4668 Quis
1000 4607 1180 4654 autem
1211 4597 1298 4654 ille
1343 4599 1432 4661 sit,
1461 4599 1606 4654 dictu
1641 4617 1771 4655 sane
1814 4601 2216 4655 difficillimum.

630 4689 883 4750 Nonnulli
911 4690 1130 4761 quidem
1145 4691 1484 4761 suspicantur
1503 4701 1597 4750 aut
1621 4709 1741 4747 eum
1765 4693 1949 4757 fuisse,
1981 4697 2072 4765 qui
2100 4709 2223 4750 see-

639 4792 705 4838 tze
729 4783 1126 4838 Donatistarum
1141 4798 1334 4854 parens
1351 4792 1406 4837 et
1425 4792 1614 4840 auctor
1639 4783 1756 4850 fuit,
1779 4793 1870 4840 ant
1897 4785 2097 4842 IElium
2119 4788 2225 4844 Do-

634 4885 842 4944 natum,
866 4874 1178 4946 Hieronymi
1200 4886 1604 4946 praeceptorem.
1635 4876 1743 4934 Sed
1771 4877 1886 4938 ltaec
1909 4880 2077 4950 gratis
2099 4881 2224 4936 nul-

637 4971 796 5044 taque
825 4969 949 5036 data
978 4980 1069 5036 aut
1089 4971 1313 5044 ratione,
1338 4971 1749 5042 autetinjectura
1777 4986 1908 5032 vero
1933 4974 2124 5036 saltem
2151 4976 2225 5038 si-

634 5064 768 5130 mili,
802 5064 1100 5136 tinguntur.

704 5155 930 5228 Quidam
978 5170 1109 5221 vero
1153 5156 1292 5223 haud
1323 5156 1587 5230 ignobiles
1623 5171 1771 5216 certe
1818 5167 2018 5233 nostra:
2045 5158 2223 5226 aetatis

1443 289 1782 354 'DISSERT.
1821 290 1879 352 ο.
1923 289 2016 348 LE
2054 289 2338 352 NOURRY
2378 289 2444 348 IN
2476 290 2604 350 LIB.
2639 291 2730 349 DE
2772 291 2893 352 IRA
2925 291 3062 352 DEI.

3785 292 3846 349 liii

2232 410 2286 475 Α
2309 409 2617 481 Scriptores
2635 409 2879 468 arbitrati
2906 419 3033 470 sunt
3051 409 3196 470 hunc
3213 410 3494 472 Donatum
3510 410 3843 476 eumdemesse.

2321 505 2407 578 cui
2452 504 2762 578 Lactantius
2805 504 2972 578 alium
3001 504 3070 561 de
3097 505 3365 564 Mortibus
3409 513 3784 578 persecutorem
3809 507 3848 560 li-

2321 576 2472 629 brum
2505 576 2605 630 hoc
2638 575 2810 642 titulo,
2839 576 2907 629 ad
2940 576 3198 632 Donatum
3237 575 3622 650 confes—sarem,
3661 578 3850 634 auteadi-

2320 676 2551 722 rexerat.
2586 669 2653 722 At
2680 666 2973 741 optandum
3004 677 3151 724 certe
3194 668 3355 739 foret,
3394 678 3457 724 ut
3484 669 3675 726 eruditi
3704 668 3765 722 illi
3787 670 3846 722 tiri

2319 761 2602 830 quamdam
2635 762 2764 815 satis
2813 761 3044 816 validam
3081 762 3352 834 opinionis
3385 778 3505 816 suze
3553 763 3780 818 rationem
3801 771 3849 814 at-

2320 854 2585 908 tulissent.
2617 853 2733 908 Non
2762 854 2904 908 enim
2936 855 3038 908 alia
3071 856 3338 923 nituntur,
3373 871 3544 928 quam
3584 855 3783 910 nominis
3803 856 3846 910 si-

2319 946 2644 1014 militudine,
2665 963 2769 1018 qua
2783 947 2998 1018 quidem
3014 947 3378 1016 Lactantium,
3399 949 3566 1008 sicuti
3583 965 3850 1019 summopere

2317 1039 2626 1110 cupiebant,
2654 1040 2811 1110 hujus
2837 1041 2957 1095 libri
2986 1051 3258 1099 auctorem
3279 1057 3406 1098 esse
3425 1042 3623 1097 confici
3643 1057 3774 1112 posse
3792 1059 3850 1111 pu-

2318 1140 2586 1186 taverunt.
2636 1131 2742 1186 Sed
2793 1133 3007 1188 solitam
3061 1149 3251 1189 eorum
3309 1135 3762 1204 perSpicacitatem
3800 1134 3848 1188 bit

2318 1227 2478 1298 plane
2497 1226 2887 1283 desideramus.
2910 1228 3138 1284 Maxima
3157 1229 3430 1300 siquidem
3447 1239 3536 1284 est
3554 1231 3686 1283 inter
3708 1239 3850 1282 utrum-

2317 1337 2421 1391 que
2453 1321 2602 1375 illum
2629 1322 2888 1376 Donatum
2914 1322 3232 1378 diﬂerentia.
3261 1323 3310 1378 ls
3335 1325 3571 1394 quippe,
3589 1323 3672 1379 cui
3695 1324 3849 1378 liberie

2317 1413 2579 1470 Mortibus
2625 1423 3031 1484 persewtormn
3061 1415 3345 1471 dedicatur
3369 1458 3386 1483 ,
3419 1416 3636 1482 altera,
3677 1415 3743 1479 uti
3775 1414 3852 1468 alibi

2315 1510 2674 1577 ostendimus,
2717 1520 2876 1566 aetate
2923 1513 3232 1583 antiquior,
3282 1512 3681 1570 celeberrimus
3717 1525 3852 1584 Ihtifl

2315 1602 2435 1670 fuit,
2469 1602 2536 1658 de
2572 1618 2680 1673 quo
2723 1604 2981 1674 scriptum
3009 1604 3080 1659 ab
3104 1605 3350 1674 ejusdem
3379 1606 3514 1662 libri
3541 1616 3745 1662 auum
3767 1607 3851 1675 leg;-

2315 1709 2436 1750 mus
2466 1712 2511 1750 :¢
2537 1693 2733 1750 Novies
2764 1697 3048 1752 tormentis
3071 1698 3516 1769 cruciatibusque
3537 1699 3693 1758 variis
3714 1699 3853 1767 saltim

2316 1795 2424 1850 tus,
2451 1787 2636 1844 novies
2659 1786 3026 1844 adversarium
3059 1789 3292 1860 gloriosa
3321 1791 3676 1852 confessione
3690 1792 3849 1846 vulsa.»

2316 1881 2468 1934 Alter
2494 1896 2623 1935 vero
2653 1881 2890 1938 Donatus
2913 1883 2998 1936 cui
3027 1881 3164 1938 liber
3192 1882 3259 1938 de
3286 1883 3372 1938 [ra
3402 1884 3507 1940 Dei
3545 1894 3849 1956 nuncupatur,

2317 1983 2439 2046 tyro
2467 1974 2643 2028 adhuc
2672 1985 2809 2042 erat,
2841 1974 3071 2030 necdum
3100 1976 3230 2031 satis
3260 1977 3315 2030 in
3341 1977 3643 2036 christiana
3679 1977 3852 2032 doctrin

2315 2067 2656 2129 exercitatus,
2682 2067 2749 2121 de
2777 2083 2882 2138 quo
2913 2067 3243 2134 Lactantius,
3273 2069 3438 2124 sicuti
3459 2085 3528 2124 ex
3561 2069 3724 2124 citatis
3746 2067 3847 2138 paulo

2315 2173 2438 2215 ante
2470 2159 2585 2234 ejus
2628 2161 2808 2220 verbis
2839 2162 3100 2228 vidimus,
3133 2162 3356 2218 timebat
3402 2178 3477 2218 ne
3507 2163 3658 2222 falsis
3682 2163 3850 2234 philoso-

2317 2256 2545 2326 phorum
2587 2256 2654 2311 de
2681 2259 2757 2311 ira
2789 2257 2882 2320 Dei
2921 2258 3265 2328 opinionibus
3297 2259 3643 2315 imbueretur
3664 2270 3711 2314 et
3737 2256 3848 2311 luditi-

2317 2361 2548 2405 caretur.
2583 2351 2850 2430 Quantum
2899 2361 3078 2407 autem
3107 2352 3254 2423 prior
3296 2351 3547 2409 Donatus
3591 2350 3851 2408 nobilissimi

2319 2447 2558 2518 martyrii
2609 2446 2878 2516 triumpho
2930 2447 3161 2504 celebris
3211 2445 3344 2510 fuit,
3395 2454 3611 2507 tantum
3657 2443 3849 2518 posterior

2318 2543 2523 2596 cunctis
2563 2541 2868 2612 incognitus
2919 2551 3022 2597 est.
3052 2541 3190 2596 Nihil
3221 2540 3365 2598 enim
3409 2542 3561 2597 aliud
3591 2541 3658 2598 de
3681 2556 3735 2594 eo
3755 2552 3848 2591 cont-

2322 2649 2532 2707 pertnm
2567 2638 2825 2696 habemus
2847 2679 2861 2700 ,
2909 2637 3011 2705 ipsi
3039 2637 3178 2706 quod
3209 2652 3272 2692 ex
3307 2636 3582 2692 Lactantii
3609 2634 3747 2692 dictis
3767 2629 3851 2685 didi-

2318 2730 2486 2785 cimus
2505 2772 2519 2795 ,
2549 2730 2695 2790 illum
2735 2729 2838 2784 nisi
2870 2729 3103 2784 amicitia
3131 2728 3638 2798 conjunctissimum
3668 2740 3723 2781 ac
3745 2722 3850 2778 disci-

2320 2823 2499 2892 pulum
2529 2822 2644 2891 ejus
2666 2821 2852 2876 fuisse.
2884 2821 3043 2882 Plura
3069 2820 3337 2892 siquidem
3355 2818 3428 2875 de
3459 2820 3555 2874 illo
3571 2817 3774 2874 certiora
3791 2826 3850 2866 no-

2320 2915 2402 2971 bis
2432 2931 2536 2971 non
2569 2924 2880 2986 suppetunt,
2913 2914 3188 2986 satiusque
3215 2912 3474 2970 duximus
3498 2914 3552 2966 in
3581 2911 3662 2968 bis
3692 2917 3849 2963 tantum.

2319 3027 2436 3080 qutc
2467 3020 2611 3063 ccrta
2655 3019 2800 3075 sunt,
2829 3008 3163 3073 consistere,
3209 3021 3369 3078 quam
3404 3006 3565 3078 plura
3610 2996 3849 3076 inquirendi

2320 3106 2470 3160 vanis
2501 3104 2777 3172 indulgere
2798 3102 3140 3172 conjecturis.

2239 3229 2285 3291 ε
2391 3199 2458 3252 At
2486 3208 2632 3257 certe
2658 3204 2871 3258 constat
2899 3194 3043 3250 hunc
3072 3193 3140 3249 de
3170 3192 3251 3248 lra
3283 3191 3378 3248 Dei
3410 3191 3617 3248 librum
3641 3205 3670 3243 a
3697 3187 3852 3244 Lattm-

2322 3293 2412 3355 tio,
2432 3290 2884 3362 quemadmodum
2903 3290 3231 3360 superiores,
3249 3286 3518 3356 scriptum
3539 3287 3696 3344 fuisse
3713 3283 3850 3346 abqu

2319 3385 2427 3440 ulla
2474 3386 2524 3438 in
2557 3385 2728 3455 capita
2758 3383 3155 3445 distributione.
3193 3380 3496 3440 Enimvero
3526 3395 3631 3436 non
3658 3371 3848 3444 antiquis-

2317 3478 2439 3533 simi
2473 3486 2676 3530 tautmn
2721 3477 3072 3546 manuscripti
3113 3473 3329 3530 codices
3375 3472 3432 3534 id
3477 3468 3851 3534 manifestissime

2319 3570 2568 3640 probant.
2602 3585 2789 3628 verum
2817 3568 2980 3626 etiam
3013 3567 3168 3623 editi.
3215 3565 3429 3622 Scimus
3471 3563 3700 3634 quidem
3724 3561 3764 3612 iu
3787 3556 3851 3610 Βίν

2319 3677 2476 3718 mana
2507 3661 2761 3725 editione,
2806 3669 2859 3714 et
2902 3660 3004 3718 alia
3028 3673 3148 3728 qua:
3172 3657 3361 3716 eadem
3411 3656 3467 3712 in
3522 3656 3654 3716 ttrbe
3679 3651 3736 3705 ab
3769 3649 3850 3703 bra

2318 3755 2572 3810 adornata
2627 3761 2740 3817 est,
2775 3752 2957 3825 viginti
3002 3761 3231 3822 quatuor
3278 3747 3454 3819 capita
3497 3744 3735 3810 exhiberi
3762 3732 3850 3794 τεεδ

2319 3849 2438 3910 aliae
2478 3847 2658 3917 viginti
2708 3848 2807 3902 tria
2853 3856 3058 3900 tantum
3102 3843 3402 3904 continent.
3436 3840 3512 3898 At
3552 3833 3849 3898 επλθιιιιιδιπ

2318 3941 2637 3998 divisionem
2658 3956 2687 3994 a
2717 3939 2994 3994 Lactantio
3022 3937 3316 4008 profectam
3345 3950 3454 3994 non
3485 3950 3614 3996 esse
3634 3933 3738 4004 quis
3759 3924 3849 3981 dini

2323 4034 2560 4097 tebitur?
2593 4033 2649 4088 Si
2679 4047 2808 4103 ergo
2840 4031 2927 4086 hic
2957 4031 3092 4086 liber
3121 4030 3189 4084 ab
3215 4044 3282 4086 eo
3309 4028 3456 4088 nulla
3485 4028 3549 4090 in
3572 4027 3731 4096 capita
3756 4018 3846 4076 diri—

2321 4143 2410 4182 sus
2435 4128 2550 4192 fuit,
2580 4127 2748 4182 multo
2768 4127 2945 4182 minus
2967 4125 3202 4196 capitum
3230 4133 3575 4194 argumenta,
3591 4120 3763 4192 quam)
3777 4111 3850 4167 edi-

2323 4220 2390 4274 tis
2415 4234 2625 4288 quoquc
2655 4229 2780 4274 sunt
2804 4217 3042 4283 diversa,
3076 4217 3146 4276 ab
3169 4218 3285 4289 ipso
3319 4215 3660 4286 prodierunt
3688 4211 3851 4268 Comet

2319 4326 2388 4383 go
2406 4312 2518 4365 haec
2530 4310 2704 4366 omnia
2721 4309 3106 4381 posterioribus
3130 4302 3852 4380 tetnporibttsadditaumale'lne

2323 4409 2615 4475 composita
2637 4408 2764 4474 sint,
2792 4404 2872 4462 fas
2892 4405 3178 4475 unicuique
3202 4415 3288 4470 est
3311 4403 3406 4462 illa
3429 4404 3486 4464 in.
3515 4403 3778 4468 meliorem
3793 4406 3848 4446 θε-

2323 4499 2504 4562 dinem
2537 4500 2780 4573 redigere
2811 4498 2906 4573 (ει).

2248 4630 2302 4691 1)

2403 4725 2474 4797 (³⁸)
2502 4722 2634 4778 Cum
2665 4723 2733 4778 de
2759 4722 3010 4778 omnibus
3034 4729 3093 4797 _e_t
3121 4720 3348 4797 singulis
3377 4708 3851 4797 Lactantii_operiluis

2332 4787 2588 4866 plurimas
2627 4804 2684 4850 et
2709 4797 2992 4865 perlongas
3017 4787 3432 4866 dissertationes
3459 4790 3685 4847 ediderit
3707 4787 3848 4866 doctis

2331 4859 2499 4922 simus
2545 4867 2596 4920 le
2643 4859 2874 4938 Nourry,
2902 4859 3107 4936 quibus
3151 4865 3282 4930 solis
3312 4865 3468 4938 facile
3497 4878 3658 4923 unum
3689 4859 3850 4938 volun:-
3904 4859 3905 4920 ἶ

2332 4956 2456 4996 num
2505 4915 3245 5007 nostrorum"coinpleretur,
3274 4937 3401 4992 satis
3439 4915 3711 5004 Fsuperque

2333 4995 2459 5079 liget
2489 5010 2658 5066 lector
2703 4995 2993 5065 benevolus
3022 4995 3244 5078 quanta'
3264 4995 3586 5079 necessitate
3610 4995 3773 5060 coacti,
3799 4995 3849 5079 llic
3904 4995 3905 5048 Υ

2331 5076 2539 5138 θίέιίὺὶ
2573 5083 2760 5136 harum
2793 5076 3230 5137 dissertat‘ionum
3268 5095 3375 5135 non
3413 5078 3521 5134 nisi
3560 5080 3778 5144 excerpta
3802 5076 3850 5131 'i‘

2329 5156 2412 5224 pis
2441 5153 2892 5218 mandaverimus.
2920 5153 3054 5214 Eon.
