4034 6354
152 316 285 376 157

987 318 1392 390 ΒΙΞΟΗΙΞΙΤΙΟ
1430 320 1516 376 DE
1557 318 1762 378 AUCT.
1799 318 1929 386 LIB.
1971 318 2058 384 DE
2097 320 2306 382 MORT.
2348 324 2731 384 PERSECUT.

3409 335 3516 393 158

1175 478 3502 506 Μ

944 651 2619 824 PROLEGOMEN
2628 651 2784 817 Α

546 984 665 1076 IN.
733 978 1189 1067 LIBRUM
1263 973 1413 1054 DE
1472 968 2082 1056 MOBTIBUS
2140 965 3168 1063 PERSECUTOBUM.

1410 1261 1848 1344 LENGLETII
1889 1258 2291 1322 MONITUM.
2367 1294 2374 1300 ι

265 1424 554 1482 Aureolus
599 1425 700 1479 iste
726 1420 865 1477 liber
893 1420 965 1474 ita
993 1417 1296 1484 conlectus,
1325 1426 1435 1472 tam
1462 1415 1674 1472 sincere
1692 1408 1806 1467 eia-
1831 1423 1888 1486 Α
1910 1404 2083 1473 Lucii,
2122 1405 2206 1462 vel
2234 1409 2416 1478 potius
2447 1410 2594 1482 Lycii
2623 1409 2828 1467 Caecilii
2853 1410 3021 1480 ignoti
3067 1414 3371 1484 scriptoris.
3407 1418 3516 1474 νε.

176 1522 434 1578 boratus
463 1530 548 1577 εει
571 1561 586 1583 ,
645 1525 703 1571 ut
753 1531 859 1570 non
892 1515 1068 1569 solum
1100 1525 1390 1584 expressos
1435 1509 1616 1565 videas
1646 1508 1702 1562 in
1740 1521 1807 1563 eo

185 1612 520 1687 singulares
547 1607 939 1680 persecutionis
978 1614 1227 1670 eventus,
1271 1603 1324 1659 id
1354 1611 1458 1668 est,
1513 1600 1807 1656 infaustum

189 1705 328 1774 ejus
359 1703 592 1767 initium,
647 1701 841 1757 seriem
889 1709 1059 1753 atram
1111 1707 1272 1767 atque
1329 1694 1537 1750 [clieem
1567 1693 1804 1755 exitum;

194 1799 306 1854 sed
337 1797 503 1853 etiam
535 1796 726 1865 ubique
753 1794 988 1849 emineat
1008 1789 1404 1860 Omnipotentis
1434 1788 1656 1843 dextera
1683 1785 1806 1839 vin.-

195 1891 315 1947 dex
347 1893 402 1946 iu
451 1899 722 1961 tyrannos,
773 1895 828 1941 et
871 1900 1030 1956 quam
1074 1885 1276 1952 ubique
1317 1897 1376 1936 se
1419 1881 1561 1934 Deus
1591 1883 1811 1947 prastat

193 1990 673 2054 prepugnatorem
720 1978 956 2049 pietatis,
1009 1976 1541 2046 prepulsatoremque
1593 1969 1809 2039 injuria-

194 2091 356 2142 rum,
400 2090 521 2145 qua:
568 2071 866 2127 cultoribus
887 2070 1000 2125 suis
1039 2085 1068 2122 a
1109 2067 1262 2124 malis
1306 2065 1637 2137 principibus
1668 2061 1806 2117 infe-

191 2175 423 2221 runtur.
460 2164 649 2219 Elucet
675 2173 916 2229 econtra,
942 2170 1139 2232 quanta
1160 2175 1311 2224 cura,
1342 2167 1650 2228 quantoque
1694 2163 1806 2208 stit-

193 2260 299 2315 dio
321 2259 544 2316 Summa
590 2257 849 2312 Diviuitas
874 2256 1068 2312 l‘ovcrit
1097 2270 1192 2310 eos
1218 2254 1508 2325 principes,
1537 2251 1627 2321 qui
1655 2258 1810 2305 erant

198 2347 458 2401 ﬁdelibus
485 2344 762 2410 benevoli,
787 2343 960 2414 qualis
989 2357 1204 2412 semper
1247 2341 1345 2395 l’uit
1387 2337 1804 2404 Constantinus,

197 2441 291 2496 vel
323 2456 440 2506 eos,
473 2441 562 2510 qui
604 2437 945 2494 solummodo
976 2438 1044 2491 ita
1076 2435 1338 2490 moderati
1369 2433 1601 2504 luerunt,
1649 2441 1705 2484 ut
1738 2429 1806 2484 li-

196 2533 391 2589 beram
426 2531 736 2586 christianis
763 2544 828 2585 su
846 2545 874 2582 e
898 2528 1170 2598 religionis
1197 2528 1330 2583 citra
1371 2524 1672 2586 molestiam
1715 2537 1808 2578 co—

192 2630 382 2685 lenda:
421 2628 728 2684 faeul'atem
771 2625 1032 2688 dederint,
1077 2624 1252 2695 qualis
1281 2632 1406 2678 tunc
1439 2620 1698 2691 temporis
1728 2620 1809 2672 viu-

191 2722 433 2777 debatur
453 2735 573 2776 esse
601 2718 856 2774 Licinius.

1910 1513 2028 1560 rum
2061 1513 2280 1568 paucos,
2314 1499 2365 1554 id
2396 1511 2498 1568 est,
2549 1513 2659 1560 tres
2688 1512 2779 1558 aut
2805 1495 3049 1572 quatuor.
3071 1504 3123 1570 in
3149 1522 3303 1563 suam
3332 1508 3513 1565 Noue-

1910 1588 2072 1650 risius
2110 1589 2332 1650 adduxit
2362 1593 2694 1663 opinionem.
2724 1593 2862 1662 Qlllﬂ
2888 1603 2944 1654 ei
2974 1596 3246 1656 doctiores
3290 1601 3510 1670 quidam

1910 1679 2027 1750 ejus
2050 1697 2314 1750 errorem,
2338 1686 2516 1746 acrius
2535 1703 2694 1757 quam
2720 1687 2896 1753 decet,
2922 1688 3335 1761 redarguerunt,
3357 1710 3514 1750 eum-

1909 1787 2015 1841 que
2045 1773 2115 1838 ita
2154 1775 2511 1845 exagitarent,
2563 1787 2620 1839 ut
2656 1788 2855 1847 apertae
2884 1781 3253 1852 pmimbiliqne
3281 1800 3515 1855 reapse...

1909 1867 2047 1926 sioni
2081 1865 2232 1930 locus
2262 1883 2371 1928 non
2399 1871 2654 1939 supersit.
2688 1871 2799 1934 Nec
2843 1887 2975 1940 sane
3016 1874 3254 1935 difﬁcilis
3303 1877 3402 1936 fuit
3425 1895 3516 1936 re-

1913 1959 2231 2029 prehensio;
2268 1977 2388 2022 nam
2421 1962 2620 2032 ubique
2647 1962 2912 2028 Lactantii
2937 1966 3110 2037 stylus
3131 2009 3146 2035 ,
3172 1969 3369 2040 ubique
3392 1971 3515 2042 ejus

1911 2053 2206 2122 ingenium,
2237 2055 2436 2126 ubique
2465 2056 2833 2120 Lactantianae
2854 2098 2868 2123 ,
2897 2073 3084 2127 eaque
3106 2061 3407 2130 singulares
3431 2064 3515 2121 lo—

1910 2144 2106 2214 quendi
2138 2144 2384 2204 formula:
2422 2152 2652 2218 sparsim
2683 2150 3029 2219 reperiuntur
3077 2153 3131 2214 in
3162 2152 3268 2215 isto
3303 2154 3509 2221 libello,

1911 2239 2064 2308 cujus
2096 2240 2284 2302 unicus
2337 2250 2584 2311 superest
2623 2243 2790 2300 codex
2834 2245 3248 2316 manuscriptus,
3306 2247 3514 2320 integer

1910 2333 2126 2403 quidem
2157 2345 2213 2389 et
2259 2336 2530 2406 antiquus,
2564 2337 2660 2398 sed
2691 2336 2762 2396 ita
2804 2338 2874 2394 ob
2902 2341 3245 2400 amanuensis
3288 2341 3512 2411 imperi-

1912 2427 2036 2484 tiam
2075 2438 2127 2482 et
2162 2427 2382 2488 lacunas
2429 2429 2685 2498 quasdam
2721 2429 3074 2496 deformatus,
3109 2442 3166 2492 ut
3203 2433 3513 2503 swpissime

1911 2521 1963 2575 iu
1996 2522 2112 2590 ipso
2155 2522 2476 2592 explicando
2519 2523 2840 2586 adhibenda:
2891 2526 3000 2582 sint
3038 2527 3119 2584 vel
3157 2527 3509 2597 conjecturae.

1911 2615 1993 2674 vel
2025 2616 2185 2676 etiam
2216 2615 2596 2674 divinationes.
2649 2615 2718 2672 At
2761 2631 2884 2674 cum
2941 2617 3208 2676 interesse
3257 2630 3513 2688 putemne

1911 2709 2239 2778 redarguere
2277 2708 2480 2768 Νῆροῐυί
2540 2709 2590 2768 le
2660 2709 2869 2780 Nourry
2925 2711 3200 2774 rationes,
3253 2714 3506 2782 quamvis

275 2814 428 2868 Mens
470 2827 587 2868 mea
620 2819 724 2878 est,
757 2811 952 2866 librum
983 2808 1122 2864 hunc
1165 2808 1456 2878 legitimum
1509 2820 1628 2860 esse
1659 2804 1807 2860 Lucii
1838 2822 1886 2882 Β
1913 2816 1992 2856 eae
2036 2801 2147 2857 sint
2202 2801 2378 2869 exigui
2432 2802 2726 2867 momenti,
2795 2801 2916 2862 ideo
2963 2801 3052 2859 hic
3105 2803 3302 2865 excudi
3355 2820 3513 2864 cura-

192 2907 403 2961 Creeilii
458 2904 716 2959 Firmiani
765 2903 1027 2958 Lactantii
1071 2902 1282 2957 laetum.
1327 2901 1416 2955 Sic
1445 2899 1646 2968 Opinati
1679 2907 1805 2952 sunt

193 3000 473 3056 doctiores
501 2999 720 3066 quique,
754 3011 854 3050 nec
882 2996 948 3051 ab
996 3011 1194 3049 eorum
1236 2993 1504 3050 sententia
1558 3003 1799 3056 nostrum

193 3104 285 3150 est
315 3092 586 3147 recedere.
622 3092 772 3145 Ilunc
801 3093 998 3159 reperit
1025 3091 1106 3144 vir
1131 3089 1464 3144 clarissimus
1494 3087 1802 3157 Stephanus

193 3184 450 3239 Baluzius
481 3183 532 3238 in
564 3182 908 3238 bibliothecte
947 3180 1274 3237 Colbertiuae
1309 3179 1676 3248 manuscripto
1704 3172 1798 3232 cnl-

191 3280 341 3343 dice,
370 3280 459 3350 qui
503 3279 599 3332 fuit
628 3279 752 3332 olim
791 3277 994 3347 antiqui
1025 3275 1270 3330 Ctenohii
1309 3271 1713 3328 Moissiaceusis
1744 3272 1796 3325 in

193 3371 422 3428 dimcesi
468 3370 815 3427 Cadurcensi.
859 3369 1036 3424 Jama
1071 3368 1309 3438 pluribus
1337 3365 1552 3422 saeculis.
1587 3365 1799 3434 ignotus

195 3463 555 3520 delitescebat
585 3463 868 3517 thesaurus
892 3461 984 3516 ille
1015 3460 1067 3514 in
1093 3459 1300 3529 angulis
1329 3458 1553 3526 hujusce
1579 3472 1799 3510 unums-

196 3558 319 3613 terii
346 3556 706 3613 bibliothecae.
736 3555 835 3608 Vix
860 3554 986 3608 dum
1008 3553 1060 3607 in
1084 3555 1256 3606 lucem
1291 3550 1506 3620 prodiit,
1539 3564 1660 3604 cum
1693 3558 1800 3601 sta-

195 3652 295 3705 tim
336 3666 443 3704 non
465 3649 641 3704 solum
673 3657 1005 3718 exceperunt
1040 3662 1161 3700 eum
1209 3645 1362 3698 avide
1389 3644 1566 3698 cuncti
1614 3643 1799 3698 diver-

201 3758 384 3797 sarum
407 3743 646 3814 gentium
670 3740 1164 3796 Litteratistudiose
1187 3738 1467 3809 legendum
1493 3754 1508 3803 ;
1531 3739 1626 3793 sed
1648 3739 1795 3792 illum

194 3836 361 3890 etiam
411 3818 605 3889 iterum
662 3832 1034 3888 excutiendum
1091 3839 1413 3886 curaverunt
1451 3841 1562 3885 tum
1613 3831 1794 3895 Angli,

193 3937 310 3982 tum
337 3927 494 3982 Sueci
523 3944 535 3980 :
567 3925 696 3996 quin
726 3936 780 3980 et
824 3940 1013 3979 versus
1051 3932 1134 3978 est
1183 3923 1234 3978 in
1284 3923 1490 3993 linguas
1535 3923 1794 3977 Gallicam

193 4029 250 4075 et
273 4019 574 4096 Anglicam.
601 4019 751 4075 llunc
774 4021 916 4074 notis
937 4018 1160 4074 eruditis
1187 4018 1524 4073 illustrarunt
1551 4018 1648 4072 viri
1668 4017 1796 4073 doc-

193 4112 383 4168 tissimi
414 4115 526 4169 sive
551 4112 708 4180 Galli,
743 4115 857 4168 sive
888 4114 1070 4168 Batavi
1098 4113 1132 4167 ii
1159 4112 1285 4167 sint.
1320 4114 1474 4168 Anno
1499 4113 1639 4168 l7l0
1669 4129 1794 4168 rur-

191 4223 286 4262 sus
335 4222 455 4262 eum
508 4208 708 4277 publici
753 4207 891 4278 juris
959 4208 1086 4262 fecit
1143 4211 1379 4263 Domnus
1437 4205 1692 4261 Nicolaus
1743 4209 1792 4260 le

190 4300 426 4371 Nuurry,
457 4316 488 4356 e
517 4301 945 4372 Congregatione
974 4301 1145 4356 sancti
1172 4301 1338 4356 Mauri
1365 4299 1662 4355 monachus
1685 4298 1789 4353 Be-

1913 2896 2087 2957 vimus
2139 2893 2400 2954 eruditam
2452 2894 2884 2956 dissertationcm
2931 2895 3029 2950 viri
3081 2895 3370 2959 clarissimi
3417 2897 3512 2954 Ni-

1911 2985 2046 3040 cnlai
2101 2984 2169 3040 de
2216 2985 2484 3054 Lestocq,
2569 2985 2809 3046 ductoris
2875 2995 2930 3048 et
2989 2986 3122 3050 socii
3197 2990 3508 3058 sorbunici,

1909 3078 2100 3134 decani
2155 3078 2409 3140 Ecclesia
2465 3079 2881 3146 Ambiancnsis,
2933 3089 2988 3140 ct
3045 3081 3255 3144 abbatis
3326 3085 3502 3138 εειιυίιιί

1908 3174 2122 3241 Axeoli,
2156 3189 2383 3244 quocum
2414 3173 2544 3234 mihi
2592 3185 2744 3232 vetus
2773 3175 2842 3231 ab
2866 3175 3024 3234 annis
3047 3177 3431 3248 quinquaginta
3451 3187 3511 3234 et

1907 3267 2142 3338 amplius
2187 3266 2476 3326 intercedit
2515 3269 2861 3327 necessitudo
2907 3277 2961 3324 et
2991 3284 3197 3330 sitinma
3230 3270 3510 3331 familiari-

1907 3368 2008 3420 tas.
2039 3359 2117 3414 Ne
2145 3368 2320 3416 tamen
2351 3361 2618 3420 exi-stimet
2647 3361 2816 3426 lector
2843 3360 3105 3428 eruditus,
3139 3361 3262 3423 huic
3283 3363 3509 3426 editioni

1909 3452 2112 3523 aliquid
2154 3451 2370 3519 deesse,
2399 3453 2470 3508 ob
2499 3455 2917 3524 prmtermissalu
2945 3471 2973 3510 a
3005 3471 3092 3514 me
3123 3455 3290 3512 donni
3331 3457 3510 3512 Theo-

1907 3545 2074 3608 derici
2111 3545 2845 3622 RuinarteCongregatimie
2894 3551 3065 3608 sancti
3110 3549 3278 3609 Mauri
3332 3551 3507 3606 Bene-

1908 3639 2092 3696 dictini
2146 3639 2394 3697 monachi
2425 3640 2796 3710 praelationem
2828 3642 2882 3696 ia
2911 3640 3038 3698 Acta
3068 3641 3360 3714 Martyrum
3390 3659 3508 3702 vero

1906 3745 1954 3789 et
2005 3735 2202 3790 reicere
2242 3735 2308 3790 ab
2341 3734 2458 3805 ipso
2488 3735 2628 3790 edita
2661 3751 2804 3792 anno
2834 3735 2997 3801 {6—89,
3023 3751 3085 3792 ac
3125 3737 3323 3806 sacpius
3353 3752 3507 3793 recu-

1907 3844 2019 3882 sam
2049 3839 2139 3882 aut
2166 3828 2574 3898 Amstelodami,
2616 3828 2991 3893 autVenetiis,
3030 3841 3121 3883 aut
3159 3831 3319 3885 etiam
3353 3829 3504 3886 Pari.
3593 3827 3600 3833 ’

1901 3923 2017 3988 siis,
2066 3937 2290 3991 eamque
2335 3920 2538 3977 Gallice
2585 3936 2817 3976 versam.
2872 3920 2997 3976 llaec
3029 3921 3272 3987 prasfatio
3298 3922 3492 3976 eximia

1900 4014 2118 4084 quidem
2149 4025 2265 4078 est;
2297 4013 2391 4068 sed
2438 4013 2683 4084 quamvis
2713 4026 2912 4082 excusa
2943 4013 3013 4068 sit
3039 4027 3068 4068 a
3115 4011 3282 4067 Paulo
3310 4012 3504 4070 Baudri
3545 3995 3550 3998 ⁴

1899 4108 1968 4166 ad
2005 4107 2209 4162 calcem
2264 4105 2630 4164 Laetantia-nae
2659 4119 2771 4162 sua:
2816 4105 3092 4168 editionis,
3155 4104 3506 4164 nihilominus

1899 4214 2007 4254 non
2038 4198 2216 4268 putavi
2245 4212 2275 4255 e
2306 4213 2364 4252 re
2403 4212 2523 4252 esse
2557 4212 2676 4252 eam
2708 4195 2882 4252 adhuc
2905 4195 3133 4265 septima
3175 4196 3290 4250 vice
3319 4212 3486 4252 enen-

1900 4291 2052 4356 dere,
2085 4305 2206 4344 eum
2256 4303 2318 4342 ea
2367 4290 2493 4342 olim
2547 4288 2705 4358 paulo
2751 4285 2946 4353 rarior,
3004 4301 3149 4344 nunc
3175 4289 3410 4357 vulgaris
3446 4292 3501 4348 iu

193 4395 496 4464 nedictinus
525 4413 538 4450 :
569 4395 665 4452 sed
687 4371 798 4450 non
822 4395 1087 4450 dubitavit
1117 4395 1298 4460 modo,
1328 4394 1436 4448 imo
1460 4403 1514 4448 et
1534 4392 1789 4458 asseruit,
1818 4371 1862 4433 (ἶ
1895 4389 2140 4444 oninium
2165 4388 2414 4448 manibus
2445 4398 2711 4452 versetur,
2742 4386 3004 4458 nihilque,
3035 4396 3128 4442 aut
3156 4403 3344 4459 parum
3371 4401 3503 4441 cou-

192 4487 332 4543 hunc
358 4488 551 4543 librum
581 4504 686 4543 non
709 4503 830 4544 esse
859 4487 1126 4542 Lactantii
1155 4486 1350 4550 nostri,
1386 4485 1481 4540 sed
1507 4483 1788 4554 cujusdam

1895 4480 2034 4536 ferat
2059 4481 2126 4535 ad
2156 4489 2434 4536 auctorem
2468 4487 2713 4535 nostrum
2743 4481 3176 4552 intelhgendum.

3174 4612 3470 4634 oi...“

1127 4751 1182 4816 Θ
1509 4759 2164 4847 DISQUISITIO

1132 4905 1238 4970 DE
1281 4899 1654 4970 AUCTORE
1698 4898 1908 4970 LIBRI
1952 4897 2080 4959 CUI
2124 4898 2461 4961 TITULUS
2500 4921 2513 4959 :

1020 5027 1200 5085 LUCII
1236 5024 1514 5083 CECILII
1549 5021 1640 5078 DE
1678 5018 2028 5084 MORTLBUS
2070 5018 2625 5086 PERSMUTOBUM
2647 5062 2662 5088 ,

1251 5157 1340 5206 QUI
1378 5153 1633 5196 FIRIIANO
1670 5149 1970 5192 ιΑοτΛΝτιο
2005 5151 2184 5192 Tum!
2221 5151 2411 5191 εοιετ.

184 5288 390 5340 Auctore
413 5277 626 5338 Nicotao
647 5281 963 5361 deiestocq.
989 5284 1192 5331 Doctore
1466 5271 1755 5361 Sor-homo,
1782 5274 1824 5322 E

1906 5269 2015 5322 asia:
2053 5266 2360 5323 Cathedralis
2397 5244 2735 5323 Ambiaueusis
2776 5268 3001 5329 Decano,
3038 5257 3233 5315 Vicario
3268 5255 3480 5319 General

736 5352 788 5392 τ-
1191 5357 1420 5426 Episcopi
1441 5352 1778 5410 Ambianensis
1795 5396 1810 5420 ,
1831 5361 1880 5406 ει
1900 5353 2085 5406 Abbale
2107 5354 2276 5406 Sancti
2301 5354 2486 5407 Arceoli.

253 5636 517 5705 Repertus
557 5639 636 5692 est
663 5645 694 5684 a
735 5624 1057 5687 doctissimo
1084 5624 1201 5680 viro
1229 5624 1459 5679 Domino
1502 5625 1783 5696 Stephano

190 5729 373 5788 Baluze
413 5726 468 5781 in
510 5723 699 5780 codice
739 5716 1110 5785 manuscripto
1159 5716 1500 5774 bibliothecae
1555 5716 1787 5773 Colber-

205 5823 350 5888 tina,
381 5831 530 5874 nunc
556 5815 772 5896 Regios,
797 5811 961 5882 Liber
992 5823 1112 5863 cum
1143 5807 1246 5863 hoc
1273 5809 1427 5865 titulo
1475 5831 1486 5866 :
1531 5809 1678 5864 Lucii
1700 5807 1791 5864 Cen

1892 5626 1997 5680 cilii
2025 5625 2150 5679 liber
2178 5625 2242 5678 de
2285 5623 2536 5678 Mortibus
2580 5620 3003 5676 Persecutorum.
3034 5615 3186 5673 Hunc
3215 5613 3491 5672 Firmiano

1891 5718 2171 5788 aseripsit,
2219 5732 2283 5772 ac
2306 5717 2527 5772 Parisiis
2562 5727 2706 5770 anno
2735 5707 2896 5774 1679,
2923 5711 3078 5779 jussu
3106 5707 3324 5765 Joannis
3351 5705 3490 5776 Bap-

1896 5813 2040 5868 tista:
2082 5809 2308 5866 Colbert
2353 5807 2494 5878 typis
2523 5802 2766 5862 mandari
2798 5802 3044 5868 curavit,
3077 5811 3222 5856 tome
3250 5797 3488 5855 secundo
