4034 6354
568 336 672 401 159

2034 347 2434 418 DlSQUISl'l‘lO
3760 353 3840 413 160

567 472 789 515 suorum
830 457 1323 528 Miscellaneorum,
1356 459 1455 515 hac
1496 459 1853 532 inscriptione
1896 463 2113 535 prtciixa
2143 482 2157 519 :
2186 470 2241 529 Α
2267 475 2354 522 tur
2381 482 2503 523 csse
2524 465 2634 523 duo
2661 464 2921 523 Firmiani
2944 463 3206 523 Lactantii
3230 466 3594 540 prsenomina.
3617 468 3837 540 Quamvis

566 549 722 608 Lucii
750 552 928 609 Cecilii
958 553 1217 610 Firmiani
1245 554 1503 611 Lactantii
1528 557 1655 612 liber
1681 558 1745 613 de
1766 557 2021 615 Mortibus
2045 558 2168 616 Per-

564 658 879 703 secutorum.

640 740 963 796 Prodierunt
991 750 1178 813 postea
1200 742 1364 798 variis
1396 744 1448 798 in
1479 743 1709 815 Europa:
1734 746 1974 816 partibus
2003 744 2158 801 istius

566 830 690 888 libri
721 831 985 888 editiones
1009 832 1130 889 alia:
1150 876 1166 902 ,
1197 834 1392 904 quibus
1433 850 1645 890 summo
1669 851 1938 892 consensu
1986 836 2040 891 in
2088 837 2160 891 ti-

573 922 685 978 tulo
712 922 859 978 Lucii
886 924 1066 980 Cecilii
1084 938 1185 981 seu
1214 924 1363 982 Caelii
1388 928 1609 983 vocibus
1636 929 1855 1000 praeﬁxa
1881 938 2009 987 sunt
2036 928 2161 985 Fir-

558 1015 716 1070 miani
742 1015 998 1071 Lactantii
1020 1019 1299 1075 vocabula.

626 1110 698 1163 At
724 1110 968 1165 Domnus
993 1110 1247 1168 Nicolaus
1293 1113 1342 1169 le
1369 1112 1584 1188 Nourry
1606 1156 1622 1182 ,
1653 1114 1870 1173 Ordinis
1895 1118 1950 1175 S.
1986 1118 2159 1177 Bene-

555 1200 684 1257 dicti
716 1202 1013 1259 Monachus
1031 1246 1046 1271 ,
1079 1205 1165 1260 vir
1194 1207 1381 1277 utique
1407 1208 1804 1266 eruditissimus
1826 1255 1841 1280 ,
1863 1212 2016 1284 cujus
2045 1224 2158 1269 stu-

558 1292 649 1349 dio
675 1304 730 1349 et
757 1310 922 1365 opera
950 1311 1093 1351 anno
1118 1298 1404 1354 millesimo
1431 1302 1913 1373 septingentesimo
1945 1304 2157 1360 decimo

554 1402 694 1444 nova
723 1389 844 1444 libri
885 1390 949 1445 de
992 1390 1249 1465 Mortibus
1279 1392 1676 1453 Persecutorum
1723 1398 1891 1454 editio
1934 1398 2157 1454 Parisiis

553 1482 813 1538 adornata
862 1494 979 1554 est,
1032 1485 1182 1541 Lucii
1208 1487 1389 1543 Cecilii
1420 1491 1635 1547 nomina
1668 1502 1871 1549 tantum
1903 1494 1959 1549 in
2001 1494 2155 1552 titulo

559 1576 815 1647 reliquit,
848 1592 951 1634 nec
979 1577 1235 1635 Firmiani
1261 1580 1521 1637 Lactantii
1545 1598 1707 1641 voces
1732 1585 1952 1641 addidit.
1988 1586 2153 1658 quue

553 1669 834 1737 praestitit,
864 1678 975 1725 tum
1021 1676 1145 1743 quia
1190 1676 1597 1746 manuscriptus}
1637 1677 1730 1734 ille
1785 1677 1959 1735 codex
2021 1678 2151 1735 Fir-

554 1762 717 1816 miani
742 1760 1001 1818 Lactantii
1038 1766 1251 1821 nomina
1277 1782 1385 1823 non
1412 1768 1608 1837 habet,
1636 1779 1749 1826 tum
1791 1773 1914 1843 quia
1938 1774 2148 1845 inﬁrma

2264 562 2410 616 enim
2441 561 2753 617 Lactantius
2798 563 2960 634 vulgo
3002 561 3214 617 dicatur
3237 561 3474 629 Caelius,
3504 573 3563 619 et
3608 563 3773 620 desint
3795 567 3837 620 in

2261 652 2401 708 libro
2422 653 2486 708 de
2511 652 2764 709 Mortibus
2796 650 3189 708 Persecutorum
3211 654 3433 709 nomina
3459 654 3719 709 Firmiani
3737 654 3837 711 Lac-

2262 749 2448 815 tantii;
2500 748 2555 803 in
2606 748 2850 819 pluribus
2895 758 3073 803 tamen
3125 747 3556 804 indubitatorum
3603 747 3836 805 Lactantii

2262 854 2490 912 Operum
2538 841 2920 912 manuscriptis
2963 841 3276 897 nominatur
3303 840 3493 896 Lucius
3533 840 3838 908 Cecitius,et

2261 936 2318 992 in
2343 935 2664 1008 quibusdam
2708 936 2833 991 aliis
2879 935 3264 1006 manuscriptis
3291 933 3443 989 Lucii
3470 931 3623 990 σιειἱὶ
3651 936 3835 990 nomina

2258 1029 2657 1097 desiderantur,
2692 1040 2749 1086 ut
2788 1030 2987 1085 fatetur
3019 1030 3266 1085 Domnus
3296 1028 3348 1084 le
3375 1028 3600 1100 Nourry
3639 1045 3655 1082 :
3684 1027 3747 1093 de
3772 1028 3836 1083 bis

2257 1137 2482 1194 agemus
2501 1123 2565 1177 ad
2591 1122 2754 1179 ﬁnem
2785 1121 3011 1192 hujusce
3034 1119 3458 1192 Disquisitionis.
3490 1119 3718 1189 Insuper
3736 1120 3831 1174 uul-

2265 1215 2349 1270 lus
2375 1216 2670 1286 scriptores
2695 1217 2837 1272 inter
2865 1212 3265 1270 ecclesiasticos
3295 1221 3497 1282 praeter
3522 1211 3834 1267 Lactantium

2258 1307 2451 1365 Lucius
2477 1309 2696 1365 Cecilius
2738 1316 3085 1372 recensetur;
3117 1307 3340 1362 omnino
3387 1306 3610 1377 ignotus
3637 1306 3831 1374 estqui-

2257 1404 2339 1458 vis
2369 1404 2507 1459 alius
2532 1403 2776 1474 ejusdem
2804 1402 3068 1470 nominis,
3096 1402 3181 1457 cui
3204 1400 3343 1457 liber
3363 1400 3428 1455 de
3452 1399 3713 1455 Mortibus
3732 1397 3831 1453 Pu.

2255 1506 2548 1551 secutorum
2576 1476 2812 1552 adscribi
2845 1496 3037 1565 possit.
3478 1554 3481 1557 η

2326 1589 2391 1643 20
2431 1587 2665 1645 Sanctus
2711 1588 3069 1660 Hieronymus
3117 1587 3172 1642 in
3217 1584 3481 1658 Catalogo
3521 1583 3829 1655 Scriptorum

2255 1682 2756 1738 Ecclesiastieorum
2781 1689 3048 1737 memorat
3078 1679 3347 1735 Lactantii
3376 1681 3443 1758 (te
3495 1675 3831 1734 Persecution:

2255 1771 2440 1827 librum
2470 1789 2649 1827 unum.
2678 1771 2752 1829 At
2778 1772 2915 1828 liber
2943 1772 3044 1827 iste
3070 1772 3133 1825 de
3169 1770 3533 1826 Persecutione
3572 1786 3682 1825 non
3709 1770 3829 1825 vide-

553 1870 666 1909 esse
689 1856 1012 1913 existimavit
1040 1870 1354 1930 argumenta
1376 1905 1392 1931 ,
1423 1864 1618 1935 quibus
1644 1865 1733 1920 hic
1759 1866 1896 1923 liber
1921 1866 2150 1924 Lactan-
2175 1862 2227 1924 B
2254 1874 2342 1920 tur
2371 1865 2508 1921 alius
2535 1881 2657 1922 esse
2681 1880 2713 1920 a
2744 1865 2883 1921 libro
2911 1866 2975 1920 de
3022 1863 3277 1919 Mortibus
3320 1862 3734 1919 Persecutorum.
3755 1861 3827 1917 Li-

555 1947 632 2001 tio
664 1947 937 2013 tribuitur,
984 1951 1224 2025 aliaque,
1276 1964 1334 2009 ut
1380 1956 1483 2011 sibi
1516 1958 1690 2013 visum
1718 1968 1835 2027 est,
1879 1973 2149 2032 suppetere

547 2042 764 2107 censuit,
789 2059 879 2098 nec
901 2045 1101 2099 minimi
1134 2050 1396 2117 momenti,
1425 2050 1609 2121 quibus
1631 2052 1693 2106 ab
1721 2068 1780 2107 eo
1801 2053 2145 2126 abjudicetur.

621 2135 677 2186 In
708 2149 771 2188 ea
800 2149 858 2190 re
887 2135 951 2191 υ.
981 2136 1291 2209 Stephanus
1318 2141 1567 2199 Baluzius
1593 2154 1649 2199 et
1694 2144 1938 2201 Domnus
1984 2147 2147 2203 Nico-

550 2226 669 2283 laus
700 2227 749 2283 le
776 2228 989 2302 Nourry
1017 2235 1391 2302 consentiunt,
1423 2236 1664 2291 codicem
1694 2240 2143 2310 manuscriptum,

547 2319 636 2392 qui
669 2336 806 2376 unus
834 2331 1008 2387 extat,
1034 2333 1088 2379 et
1113 2341 1144 2380 e
1171 2342 1277 2395 quo
1307 2329 1449 2400 typis
1479 2344 1771 2401 expressus
1798 2345 1881 2386 est
1904 2332 2042 2388 liber
2064 2334 2150 2391 hic

547 2414 611 2467 de
636 2411 891 2470 Mortibus
920 2414 1346 2484 Persecutorum,
1375 2428 1573 2491 praeter
1617 2423 1793 2478 hiatus
1825 2424 2149 2496 lacunasque

550 2510 867 2578 nonnullas,
901 2511 1114 2567 mendis
1138 2514 1392 2570 infectum
1436 2531 1558 2572 esse
1583 2516 1853 2588 plurimis.
1902 2518 2149 2575 Ostendit

544 2608 804 2670 prmterea
842 2603 1082 2661 Domnus
1121 2607 1172 2662 le
1211 2606 1458 2679 Nourry,
1515 2611 1741 2682 plurima
1787 2629 1894 2667 esse
1937 2613 2051 2667 loca
2094 2614 2149 2668 in

544 2709 604 2749 eo
630 2696 834 2762 codice,
862 2714 979 2766 quae
1004 2715 1109 2753 non
1135 2702 1306 2755 solum
1332 2699 1588 2769 Librarii,
1612 2713 1669 2758 ut
1694 2706 1915 2771 assolet,
1939 2717 2029 2761 aut
2048 2725 2147 2762 os-

544 2785 785 2844 citatione
821 2805 883 2842 ac
927 2776 1276 2862 negligentia,
1306 2803 1397 2847 aut
1443 2795 1605 2849 nimia
1646 2797 1900 2852 scribendi
1929 2799 2147 2870 [estina-

545 2879 681 2934 tione
700 2921 716 2947 ,
746 2881 838 2936 sed
876 2899 1065 2955 magna
1089 2886 1241 2939 etiam
1260 2927 1275 2951 ,
1306 2896 1366 2942 ut
1406 2887 1481 2942 ait
1509 2904 1561 2958 p.
1588 2876 1700 2945 119
1728 2890 1926 2963 linguae
1971 2892 2150 2948 intime

543 2970 864 3042 ignoratione
887 2973 1171 3044 depravata
1199 2986 1318 3032 sunt
1351 2978 1653 3050 penitusque
1680 2992 1948 3051 corrupta.

614 3063 745 3133 Quae
766 3067 925 3139 igitur
947 3069 1001 3124 in
1030 3069 1169 3126 libro
1194 3071 1257 3126 de
1285 3071 1541 3127 Mortibus
1565 3071 1967 3131 Persecutorum
1998 3078 2149 3149 igna-

543 3170 611 3213 ve
632 3200 647 3224 ,
674 3173 889 3228 crasse,
918 3161 1148 3218 obscure
1179 3174 1233 3220 et
1264 3165 1524 3221 mendose
1557 3168 1755 3238 scripta
1795 3176 1955 3237 sunt,
1986 3178 2148 3241 atque

544 3265 574 3303 a
605 3251 846 3309 claritate
869 3270 934 3310 ac
960 3256 1138 3312 nitore
1160 3258 1430 3314 sermonis
1447 3300 1463 3327 ,
1489 3267 1582 3315 aut
1607 3262 1769 3316 etiam
1801 3262 2145 3333 opinionibus

544 3341 807 3400 Lactantii
851 3347 1025 3403 aliena
1054 3363 1387 3420 occurrunt,
1418 3368 1481 3407 ea
1522 3355 1757 3422 scribae,
1806 3371 1912 3411 non
1960 3367 2143 3413 autem

547 3435 755 3490 auctori
787 3437 1096 3507 imputanda
1122 3451 1278 3507 sunt;
1306 3457 1406 3497 nec
1448 3443 1518 3499 ob
1557 3444 1823 3516 ejusmodi
1850 3448 1979 3503 vitia
2007 3449 2145 3504 liber

544 3526 609 3579 de
632 3525 883 3582 Mortibus
912 3527 1309 3587 Persecutorum
1338 3534 1618 3590 Lactantio
1646 3538 2014 3595 detrahendus
2036 3550 2141 3598 est.

545 3617 684 3674 Hinc
711 3628 891 3676 tamen
919 3624 1259 3679 occasionem
1286 3627 1477 3696 arripit
1502 3628 1693 3684 doctus
1721 3648 1751 3685 e
1796 3631 2145 3688 Benetlictino

547 3711 801 3767 sodalitio
829 3713 911 3767 vir
937 3713 1218 3784 religiosus
1236 3759 1250 3782 ,
1275 3717 1340 3773 ad
1366 3718 1702 3789 probandum
1741 3723 1933 3778 librum
1982 3724 2145 3779 istum

545 3817 654 3858 non
681 3818 802 3859 esse
830 3804 1110 3862 Lactantii.

617 3894 731 3950 Hac
758 3904 936 3980 autem
989 3900 1143 3955 unica
1186 3893 1563 3961 observatione
1610 3908 1842 3976 praevia,
1889 3908 2146 3965 nonnulla

544 4000 864 4062 argumenta
884 4034 899 4058 ,
928 3993 1126 4063 quibus
1154 3996 1463 4068 opinionem
1490 4001 1636 4056 illam
1663 4042 1679 4067 ,
1711 4017 1834 4070 qua:
1862 4002 2058 4059 librum
2083 4005 2147 4060 de

544 4081 802 4138 Mortibus
844 4084 1243 4157 Persecutorum
1281 4093 1563 4148 Lactantio
1592 4095 1808 4160 tribuit,
1838 4099 2145 4156 convellere

544 4175 733 4229 nititur
763 4177 1003 4235 Domnus
1030 4181 1080 4236 le
1100 4181 1333 4256 Nourry,
1367 4200 1530 4240 ruere
1556 4168 1781 4242 ac‘solvi
1808 4229 1824 4253 ,
1873 4189 1958 4245 vel
2007 4190 2144 4246 levi-

545 4271 628 4320 ter
656 4268 957 4325 attendenti
986 4275 1334 4330 manifestum
1360 4280 1484 4332 erit.

613 4356 730 4412 Jam
759 4359 826 4416 ab
855 4376 999 4417 anno
1031 4366 1167 4421 1715
1193 4367 1400 4433 durius,
1433 4385 1592 4442 quam
1623 4386 1724 4443 par
1746 4382 1848 4440 est,
1876 4375 2144 4435 Domuum

543 4446 825 4504 Nicolaum
856 4453 907 4507 le
936 4453 1148 4527 Nourry
1179 4461 1547 4529 exagitaverat
1575 4464 1629 4517 in
1657 4464 2143 4527 Observationibus

541 4538 759 4595 (lriticis
788 4541 871 4612 (1)
896 4585 911 4609 ,
940 4560 1074 4615 quas
1103 4549 1191 4602 edi
1218 4563 1499 4608 curaverat
1530 4554 1593 4609 D.
1623 4555 1691 4609 de
1721 4555 1769 4609 la
1802 4555 1970 4616 Crose
1998 4570 2143 4619 tomo

542 4647 621 4687 vn
651 4633 814 4689 Diarii
841 4626 1147 4708 Litterarii,
1182 4653 1334 4711 parte
1375 4662 1393 4700 ι
1425 4646 1672 4718 (Journal
1699 4647 1976 4708 Littéraire
2017 4658 2146 4714 anni

540 4726 719 4796 1715,
763 4730 795 4783 ὰ
834 4730 887 4784 ια
932 4731 1130 4806 Haye),
1180 4737 1268 4793 ubi
1315 4738 1474 4797 docte
1526 4746 1795 4815 praecipua
1837 4747 2043 4804 Nieolai
2093 4752 2146 4809 le

537 4819 752 4895 Nourry
786 4838 1059 4883 momenta
1090 4832 1288 4887 evertit
1319 4853 1332 4889 :
1366 4834 1461 4891 sed
1488 4846 1674 4892 nostra
1698 4839 2014 4912 Disquisitio
2037 4847 2147 4901 erit

544 4914 717 4969 multo
747 4917 1019 4989 pacatior,

617 5005 714 5061 His
742 5011 1091 5078 prtenotatis,
1118 5029 1240 5084 quae
1286 5021 1560 5086 communi
1607 5021 1676 5077 de
1719 5022 1957 5082 Auctore
1985 5025 2145 5103 hujus

542 5100 666 5156 libri
705 5106 990 5161 sententia:
1033 5106 1252 5178 favent,
1299 5112 1459 5169 simul
1508 5125 1562 5170 et
1607 5116 1748 5172 inter
1793 5100 2141 5191 argumenta,

545 5210 667 5266 qum
708 5197 833 5253 huic
872 5199 1146 5258 adversari
1184 5204 1421 5263 Domnus
1465 5208 1517 5264 le
1557 5208 1768 5284 Nourry
1807 5222 1986 5283 putat,
2020 5215 2142 5285 illa,

538 5302 661 5358 quae
686 5292 945 5359 peculiari
973 5298 1329 5366 responsione
1357 5300 1600 5373 indigere
1638 5304 1770 5367 mihi
1811 5304 1926 5361 visa
1972 5316 2136 5375 sunt,

546 5382 873 5451 expendam.

621 5474 683 5527 1ο
724 5474 934 5533 Titulus
979 5477 1107 5536 libri
1136 5481 1200 5536 de
1228 5483 1484 5542 Mortibus
1511 5487 1904 5549 Persecutorum
1932 5490 2149 5562 praefert

543 5566 764 5620 nomina
794 5566 979 5637 Lucu,
1007 5573 1093 5627 vel
1116 5573 1268 5630 chn
1299 5575 1527 5645 Cacum,
1557 5596 1678 5652 quae
1705 5581 1924 5653 quidem
1952 5584 2144 5641 viden-

614 5723 687 5787 (1)
714 5723 1007 5792 lléilexions
1036 5745 1121 5781 sur
1155 5732 1200 5783 la
1227 5734 1461 5787 nouvelle
1502 5736 1685 5790 éditiou
1724 5741 1789 5791 du
1812 5741 1984 5792 'I‘raité
2015 5742 2080 5792 de
2107 5741 2153 5792 la

546 5785 679 5859 Mart
696 5787 1193 5859 des__persécuteurs,
1214 5808 1337 5846 aveo
1360 5785 1458 5848 uno
1484 5785 1805 5859 dissertatio}:
1821 5785 2195 5855 dii-dotali”

551 5849 687 5900 colas
705 5850 753 5901 le
777 5849 985 5920 Nourry,
1014 5849 1332 5923 in-8°,Paris,
1364 5861 1497 5913 1710.

2252 1958 2350 2014 ber
2378 1961 2519 2014 enim
2542 1959 2644 2014 iste
2673 1946 2809 2013 imus
2829 1968 2947 2025 est,
2971 1958 3111 2014 sicut
3134 1966 3190 2013 et
3216 1957 3353 2012 liber
3374 1956 3437 2011 de
3458 1956 3827 2019 Persecutiont;

2251 2067 2318 2108 ac
2340 2053 2393 2108 in
2421 2068 2487 2108 eo
2511 2052 2652 2108 libro
2676 2068 2782 2109 non
2813 2054 2989 2123 agitur
3016 2060 3224 2107 tantum
3252 2050 3316 2105 de
3340 2050 3597 2105 mortibus
3620 2065 3825 2121 persecu-

2253 2153 2418 2200 torum
2438 2190 2453 2214 ,
2487 2162 2673 2203 verum
2699 2151 2864 2202 etiam
2903 2148 2973 2202 de
3000 2146 3194 2201 acerba
3237 2146 3289 2200 in
3318 2145 3655 2199 christianos
3694 2160 3721 2198 a
3756 2143 3820 2198 di-

2250 2238 2421 2292 versis
2451 2237 2868 2307 lmperatoribus
2892 2239 3123 2294 excitata
3152 2236 3531 2308 persecutione
3555 2254 3571 2291 :
3597 2234 3823 2305 undepe

2253 2332 2353 2383 tuit
2379 2331 2641 2384 utrumvis
2693 2330 2907 2385 titulum
2955 2345 3067 2399 prae
3097 2344 3157 2384 se
3185 2327 3348 2383 ferre.
3399 2327 3687 2382 Minimum
3727 2325 3824 2396 qui-

2251 2421 2376 2477 dem
2426 2421 2564 2477 duas
2612 2422 2753 2477 inter
2802 2421 2936 2477 istas
2972 2419 3358 2487 inscriptiones
3396 2417 3694 2473 discrimen
3732 2425 3821 2479 est;

2250 2513 2343 2584 qui
2375 2514 2519 2568 enim
2550 2513 2619 2568 de
2656 2512 3006 2583 persecutione
3048 2512 3212 2568 verba
3260 2510 3425 2577 facit,
3475 2508 3646 2564 debet
3690 2517 3741 2564 et
3774 2508 3823 2561 de

2252 2607 2661 2675 persecutoribus
2687 2621 2851 2676 agere
2884 2623 2897 2659 :
2929 2621 2991 2660 ea
3016 2620 3147 2660 sane
3176 2603 3317 2658 inter
3341 2618 3402 2659 se
3428 2616 3679 2658 connexa
3704 2612 3821 2656 sunt.

2252 2699 2343 2757 Sic
2366 2716 2428 2753 ca
2458 2715 2564 2754 non
2594 2699 2852 2763 discrevit
2882 2697 3193 2753 Lactantius
3223 2695 3340 2766 ipse
3359 2736 3376 2762 ,
3403 2694 3689 2764 Epitomcs
3727 2707 3819 2760 cap.

2251 2810 2361 2860 LIII,
2391 2794 2482 2848 ubi
2510 2793 2577 2848 de
2608 2793 3019 2864 persecutione,
3049 2789 3101 2846 id
3131 2800 3249 2859 est,
3290 2789 3573 2860 suppliciis
3598 2788 3822 2845 christia-

2250 2901 2478 2952 norum,
2529 2884 2800 2956 simulque
2840 2884 2912 2941 de
2957 2882 3225 2939 mortibus
3263 2892 3675 2953 persecutorum
3718 2895 3822 2935 cono

2246 2978 2473 3047 junctim
2506 2978 2760 3049 loquitur.
3568 2964 3572 2968 ’

2322 3071 2386 3125 5"
2429 3069 2588 3127 Liber
2612 3069 2676 3123 de
2697 3068 2950 3123 Mortibus
2974 3067 3367 3124 Persecutorum
3411 3065 3723 3123 inscribitur
3741 3063 3821 3116 De

2253 3162 2413 3230 nato;
2446 3163 2718 3233 inscripsit
2741 3172 2796 3217 et
2821 3162 3133 3219 Lactantius
3160 3154 3369 3217 Donato
3410 3156 3611 3216 librum
3654 3159 3719 3214 de
3756 3156 3823 3210 lra

2173 3244 2220 3310 C
2252 3255 2370 3310 Dei.
2399 3254 2603 3313 Auctor
2625 3255 2907 3324 utriusque
2939 3254 3062 3309 libri
3098 3256 3361 3310 Donatum
3388 3253 3631 3324 appellat
3656 3251 3822 3306 charis-

2247 3347 2451 3402 simam.
2502 3346 2727 3401 Videtur
2770 3361 2901 3417 ergo
2950 3360 3073 3401 esse
3114 3358 3250 3400 unus
3295 3353 3352 3401 et
3398 3345 3544 3400 idem
3581 3343 3819 3404 Donatus,

2247 3438 2336 3494 cui
2367 3438 2503 3493 liber
2534 3448 2758 3509 uterque
2786 3449 3130 3508 nuncupatur
3177 3455 3190 3492 :
3222 3437 3417 3493 asserit
3449 3446 3633 3492 tamen
3683 3435 3820 3490 Doni-

2250 3548 2351 3586 nus
2393 3531 2442 3585 le
2488 3530 2733 3601 Nourry,
2764 3531 3033 3585 Donatum
3059 3572 3074 3598 ,
3108 3530 3195 3585 cui
3242 3529 3453 3584 dicatur
3492 3544 3524 3583 a
3576 3526 3822 3585 Lactantio

2249 3623 2387 3677 liber
2415 3623 2478 3677 de
2520 3622 2615 3677 Ira
2660 3621 2793 3688 Dei,
2824 3623 3100 3679 diversum
3130 3638 3253 3679 esse
3279 3638 3308 3677 a
3339 3623 3549 3678 Donato
3572 3664 3588 3691 ,
3627 3622 3711 3677 cui
3750 3619 3819 3673 in-

2251 3715 2510 3771 scribitur
2555 3715 2693 3772 liber
2719 3716 2787 3771 de
2813 3716 3075 3773 Mortibus
3114 3726 3524 3787 persecutorum
3547 3732 3563 3780 ;
3587 3713 3724 3787 quod
3765 3711 3821 3765 ita

2248 3809 2443 3880 probat
2474 3826 2488 3864 :
2521 3808 2759 3865 Donatus
2778 3851 2794 3877 ,
2823 3810 2906 3864 cui
2932 3809 3233 3864 Lactantius
3263 3808 3452 3863 librum
3500 3811 3568 3864 de
3612 3809 3705 3864 Ira
3743 3804 3821 3860 Dei

2248 3901 2470 3968 dicavit,
2498 3904 2562 3956 ab
2596 3901 2689 3957 illo
2718 3903 2971 3971 expressis
3001 3902 3164 3957 verbis
3204 3902 3503 3973 appellatur
3530 3912 3646 3975 tyro
3671 3899 3820 3970 impli-

2249 4005 2394 4048 catus
2418 3997 2592 4051 stcculi
2620 3997 2833 4068 negotiis
2851 4038 2867 4063 ,
2897 3996 3179 4051 christiana
3210 3996 3447 4051 doctrina
3474 4014 3581 4051 non
3608 3996 3727 4052 satis
3744 3994 3819 4047 int-

2250 4085 2420 4141 butus.
2450 4087 2609 4157 Atqui
2639 4105 2759 4142 cum
2790 4087 3103 4143 Lactantius
3149 4087 3369 4158 scripsit
3412 4087 3611 4144 librum
3653 4089 3717 4143 de
3755 4084 3819 4138 lI‘I

2252 4178 2346 4233 Dei
2367 4220 2383 4243 ,
2412 4194 2516 4246 non
2559 4179 2732 4251 potuit
2770 4179 3043 4250 appellare
3072 4180 3336 4234 Donatum
3368 4191 3623 4251 tyronem
3661 4176 3813 4247 impli-

2249 4279 2429 4327 catum
2455 4271 2641 4326 saeculi
2669 4272 2899 4342 negotiis
2918 4311 2934 4338 ,
2961 4285 3061 4327 nec
3090 4270 3222 4326 satis
3265 4269 3564 4325 christiana
3592 4268 3813 4326 doctrina

2253 4365 2556 4431 imbutum,
2590 4365 2636 4421 si
2680 4365 2750 4420 sit
2790 4364 2932 4420 idem
2961 4380 3083 4419 cum
3113 4364 3353 4431 Donato,
3405 4364 3493 4419 cui
3535 4362 3817 4419 inscribitur

2249 4459 2388 4516 liber
2432 4460 2495 4514 de
2526 4458 2778 4513 Mortibus
2813 4458 3241 4526 Persecutorum;
3271 4457 3539 4528 siquidem
3588 4458 3723 4514 liber
3761 4453 3817 4508 de

2247 4551 2331 4607 lra
2366 4554 2455 4608 Dei
2485 4552 2714 4627 scriptus
2745 4562 2829 4608 est
2857 4552 3041 4607 multis
3078 4553 3236 4607 annis
3265 4562 3386 4623 post
3420 4553 3630 4608 ﬁnitam
3660 4563 3816 4624 perse-

2170 4644 2558 4710 Dcutionem,
2620 4646 2672 4700 in
2729 4659 2833 4717 qua
2890 4660 2987 4716 per
3028 4659 3125 4699 sex
3167 4659 3340 4700 annos
3390 4644 3626 4701 Donatus
3676 4645 3817 4699 fuerat

2253 4737 2457 4792 catenis
2513 4745 2567 4793 et
2618 4752 2835 4793 carcere
2886 4737 3210 4792 constrictus
3248 4738 3320 4793 ob
3359 4736 3561 4794 Christi
3616 4749 3812 4795 nomen.

2252 4831 2438 4886 novies
2526 4838 2853 4902 pugnaverat
2921 4829 3180 4886 adversus
3260 4839 3518 4903 tyrannos
3546 4872 3563 4899 ,
3631 4839 3683 4886 et
3748 4827 3813 4879 in-

2254 4928 2430 4982 victus
2460 4935 2720 4994 steterat,
2752 4935 2810 4980 ut
2841 4924 3071 4981 habetur
3105 4926 3158 4980 in
3187 4924 3326 4981 libro
3351 4925 3415 4980 de
3442 4923 3694 4980 Mortibus
3721 4919 3815 4974 Per-

2252 5028 2562 5073 secutorum.
2592 5016 2970 5073 Confessorem
3018 5028 3128 5072 tam
3156 5017 3411 5073 eximium
3457 5026 3643 5089 postea
3687 5027 3808 5087 tyro-

2252 5128 2378 5169 nem
2414 5111 2673 5182 appellari
2699 5110 2963 5181 potuisse,
2996 5110 3178 5167 saeculi
3207 5111 3435 5181 negotiis
3472 5103 3814 5181 implicatum,

2250 5214 2305 5261 et
2332 5204 2628 5261 christiana
2655 5204 2917 5275 religione
2954 5218 3063 5261 non
3096 5202 3229 5259 satis
3258 5203 3554 5271 imbutum,
3581 5201 3697 5274 quis
3718 5209 3812 5254 cro-

2248 5298 2384 5354 dat?

2321 5391 2431 5448 Sed
2457 5408 2564 5449 non
2591 5401 2678 5448 est
2718 5399 2827 5447 tam
2853 5392 3132 5461 explorata
3159 5389 3249 5446 illa
3276 5390 3448 5459 ratio,
3492 5389 3560 5446 ad
3606 5394 3809 5444 mentem

2249 5493 2411 5556 atque
2438 5484 2746 5554 opinionem
2767 5525 2783 5552 ,
2809 5499 2970 5554 quam
3016 5485 3255 5540 Domnus
3283 5483 3333 5540 le
3360 5483 3572 5556 Nourry
3598 5490 3810 5538 astruere

2252 5579 2459 5634 nititur.
2482 5577 2681 5632 Nullibi
2712 5578 2855 5634 enim
2888 5579 2941 5634 in
2970 5578 3108 5635 libro
3152 5579 3215 5632 de
3253 5577 3350 5631 Ira
3386 5576 3482 5631 Dei
3538 5576 3751 5631 Donatus
3782 5584 3806 5624 ε

2253 5670 2535 5727 Lactantio
2575 5671 2827 5740 expressis
2868 5671 3033 5724 verbis
3062 5670 3355 5751 appellatur
3399 5678 3512 5740 tyro
3554 5668 3808 5739 implicatus

2213 5792 2220 5800 ι
2255 5764 2429 5818 steculi
2458 5763 2690 5834 negotiis,
2724 5772 2771 5817 et
2800 5761 3096 5818 Christiana
3126 5762 3375 5833 religione
3401 5780 3504 5817 non
3532 5763 3650 5816 satis
3673 5758 3808 5813 imbu—

2254 5863 2355 5909 tus.
2381 5854 2499 5913 Non
2529 5854 2698 5911 solum
2747 5854 2879 5911 illud
2925 5871 3032 5911 non
3076 5852 3307 5912 habetur
3351 5853 3421 5912 de
3464 5853 3664 5910 Donato
3689 5844 3804 5920 apud
