4034 6354
167 317 267 374 itii

1172 309 1260 368 DE
1300 310 1505 370 AUCT.
1541 310 1670 368 LIB.
1715 313 1802 369 DE
1838 310 2046 370 nom.
2094 284 2495 372 pensecurf

3371 311 3481 374 169

160 426 510 491 Lactantium
535 424 793 500 expressis
822 428 982 484 verbis
1015 444 1033 482 :
1070 441 1252 483 verum
1282 427 1446 482 etiam
1479 425 1612 481 nihil
1640 443 1760 482 om-
1790 429 1842 490 Α
1868 428 2004 496 phia:
2032 429 2317 484 doctrinam
2346 439 2395 483 et
2433 430 2639 500 planius
2659 472 2675 496 ,
2720 440 2767 485 et
2799 431 2963 485 verius
3008 428 3334 486 cohortabor.
3366 432 3476 488 Ista

164 522 297 577 nino
341 520 483 591 apud
528 536 655 577 eum
702 523 975 587 occurrit,
1023 534 1129 590 quo
1172 520 1454 592 quisquam
1498 519 1650 574 illum
1696 517 1766 575 de

164 614 377 671 Donato
404 613 476 667 ita
502 613 747 669 sensisse
772 612 1031 683 suspicari
1064 612 1253 681 possit.

236 704 457 760 Duobus
490 712 701 759 tantum
728 707 782 759 in
833 704 965 760 locis
1007 702 1318 759 Laclantius
1363 704 1666 760 oralionem
1694 702 1765 760 ad

165 797 430 853 Donatum
461 794 731 852 convertit
761 795 814 850 in
843 794 984 849 libro
1013 794 1075 848 de
1098 792 1193 848 Ira
1224 793 1340 862 Dei,
1366 810 1559 866 nempe
1581 810 1700 865 cap.
1723 811 1764 861 ι,

162 887 255 943 ubi
315 886 395 941 sic
461 884 626 942 habet
692 903 706 939 :
772 885 982 941 Adverti
1022 900 1192 956 sa’pe,
1239 884 1473 953 Donate,
1515 887 1766 956 plurimos

166 978 459 1035 existimare
487 993 590 1032 non
617 978 775 1031 irasci
802 975 1157 1031 Deum........
1186 992 1407 1048 quorum
1434 993 1599 1044 error,
1644 978 1776 1057 quia.

167 1071 423 1126 maximus
463 1079 571 1136 est,
618 1078 666 1124 et
709 1069 779 1123 ad
806 1056 1132 1124 evertendam
1171 1071 1288 1125 vitae
1314 1071 1556 1126 humana:
1576 1081 1766 1127 statum

168 1172 394 1236 spectat,
422 1162 776 1233 coarguendus
803 1172 878 1217 est
900 1156 1106 1218 a'nobis
1128 1205 1141 1227 ,
1175 1180 1238 1217 ne
1282 1164 1392 1230 ipse
1432 1164 1636 1234 fallaris
1661 1164 1764 1216 im-

168 1259 350 1331 pulsus
374 1258 676 1312 auctoritate
703 1257 965 1311 hominum
986 1299 999 1322 ,
1030 1258 1118 1326 qui
1142 1272 1196 1311 se
1223 1267 1406 1326 putant
1432 1273 1538 1311 esse
1561 1258 1767 1327 sapien-

170 1363 263 1409 tes.
296 1352 446 1408 Alter
474 1352 625 1407 locus
658 1350 850 1420 legitur
875 1364 993 1420 cap.
1015 1349 1118 1415 22,
1152 1349 1240 1403 ubi
1272 1349 1350 1405 sic
1377 1350 1610 1420 loquitur
1629 1347 1765 1406 Lac-

172 1445 369 1500 tantius
400 1461 414 1498 :
444 1442 575 1498 Haec
599 1442 782 1509 habui,
814 1458 929 1513 quas
957 1442 1019 1496 de
1043 1441 1134 1495 Ira
1162 1440 1256 1496 Dei
1284 1441 1534 1508 dicerem,
1567 1441 1766 1497 Donate

169 1537 462 1594 charissime
477 1579 491 1602 ,
522 1546 580 1590 ut
603 1537 759 1591 scires
782 1534 1217 1619 quemadmodum
1238 1535 1498 1605 refelleres
1536 1551 1621 1589 eos
1638 1577 1653 1601 ,
1677 1534 1767 1605 qui

175 1630 339 1684 Deum
365 1631 558 1701 faciunt
583 1627 1009 1685 immabilem.....
1042 1626 1318 1700 Prapheta:
1338 1631 1563 1684 universi
1592 1631 1764 1685 divino

177 1723 381 1794 Spiritu
418 1721 594 1793 repleti
637 1722 768 1777 nihil
815 1721 962 1776 aliud
985 1764 1000 1788 ,
1033 1739 1186 1794 quam
1218 1723 1280 1777 de
1323 1724 1494 1794 gratia
1520 1721 1617 1777 Dei
1644 1739 1765 1794 erga

172 1816 370 1886 justas,
397 1822 443 1869 et
472 1815 534 1870 de
558 1814 635 1868 ira
667 1812 763 1868 Dei
792 1814 1034 1869 adversus
1077 1814 1261 1885 impios
1288 1814 1590 1885 loquuntur,
1636 1832 1765 1887 quo-

181 1922 297 1961 rum
320 1908 602 1962 testimonia
628 1907 769 1962 nobis
795 1907 1001 1978 quidem
1032 1907 1159 1962 satis
1188 1916 1305 1962 sunt
1327 1923 1347 1961 :
1366 1923 1539 1961 verum
1561 1907 1623 1961 iis
1642 1898 1767 1977 qua-

177 1999 318 2054 niam
345 2015 443 2054 non
472 1998 681 2054 credunt
706 1999 828 2066 isti,
850 2001 938 2070 qui
957 2000 1265 2068 sapientiam
1288 1999 1494 2070 capillis
1521 2008 1568 2054 et
1589 1999 1766 2053 habitu

165 2093 367 2164 jactant
387 2133 402 2158 ,
431 2092 625 2147 ratione
649 2101 926 2165 quoque‘et
952 2093 1267 2165 argumentis
1293 2093 1505 2166 fuerunt
1546 2111 1578 2148 a
1619 2093 1765 2149 nobis

176 2187 460 2261 refellendi.

246 2283 324 2338 Ex
369 2281 456 2337 hic
495 2281 630 2338 locis
668 2281 874 2354 liquet,
926 2281 1211 2338 consilium
1251 2279 1514 2337 Lactantii
1564 2282 1761 2351 fuisse,

179 2376 248 2433 ita
310 2375 567 2430 Donatum
616 2375 760 2431 circa
814 2374 906 2430 Dei
959 2374 1351 2445 providentiam
1399 2373 1653 2442 erudire,
1705 2385 1765 2430 ut

176 2479 356 2542 posset
384 2469 533 2541 ipsos
559 2467 954 2539 Philosophus,
993 2468 1084 2539 qui
1114 2483 1234 2523 eam
1266 2466 1524 2523 tollebant
1544 2510 1558 2532 ,
1592 2469 1763 2523 ratio-

172 2580 295 2620 num
321 2562 610 2618 momentis
636 2560 907 2617 refellere.
938 2559 1046 2616 Sed
1076 2559 1212 2615 adeo
1246 2575 1351 2614 non
1382 2559 1618 2630 appellat
1639 2575 1763 2615 eum

172 2668 416 2730 tyronem
460 2654 795 2726 implicatum
835 2652 1020 2708 saeculi
1068 2651 1333 2723 negotiis,
1376 2662 1430 2707 et
1472 2650 1763 2708 christiana

168 2750 430 2821 religione
460 2764 566 2804 non
599 2747 731 2803 satis
758 2747 1050 2811 imbutum,
1080 2755 1139 2800 ut
1182 2760 1246 2801 ex
1290 2744 1471 2801 verbis
1500 2744 1762 2802 Lactantii

168 2843 478 2914 colligatur,
511 2842 775 2895 Donatum
821 2854 930 2894 non
982 2839 1257 2909 ignorasse
1278 2880 1293 2905 ,
1321 2838 1445 2910 quid
1478 2838 1763 2908 PrOphetze

165 2936 400 2993 universi
431 2936 682 2992 dicerent
709 2935 777 2991 de
804 2934 972 3007 gratia
1003 2933 1096 2989 Dei
1122 2948 1251 3002 erga
1276 2933 1453 3003 justos
1472 2974 1488 2999 ,
1517 2941 1571 2987 et
1596 2931 1664 2987 de
1682 2930 1761 2985 ira

163 3033 279 3103 ejus
303 3031 568 3088 adversus
598 3032 794 3101 impios
816 3072 832 3097 ,
855 3037 1018 3101 atque
1043 3028 1113 3084 ita
1154 3028 1362 3083 Donato
1387 3041 1573 3081 eorum
1604 3024 1760 3080 testi-

162 3125 339 3181 monia
368 3138 496 3181 esse
526 3131 672 3190 nota,
701 3130 760 3177 ut
784 3120 884 3188 ipsi
910 3119 1041 3175 satis
1067 3127 1278 3187 essent,
1307 3115 1758 3193 quemadmodum

1868 531 2020 578 certe
2043 523 2207 579 verba
2234 522 2501 579 Lactantii
2530 525 2881 596 praeceptoris
2907 536 3032 580 sunt
3057 533 3302 597 tyronem
3328 526 3475 581 chri-

1868 612 2045 670 stiana
2073 614 2335 684 religione
2379 630 2487 669 non
2519 617 2649 671 satis
2697 617 2959 672 imbutum
3002 616 3328 687 alloquentis
3371 626 3477 674 :at

1866 699 1985 758 haec
2017 704 2418 760 Demetrianum
2439 746 2455 770 ,
2490 722 2595 761 non
2626 716 2807 762 autem
2838 708 3101 763 Donatum
3132 688 3404 779 spectant.

1944 793 2003 847 4°
2022 795 2359 852 Lactantium
2383 806 2655 854 auctorem
2679 814 2801 856 esse
2823 799 2949 855 libri
2973 801 3040 856 de
3060 801 3321 859 Mortibus
3341 803 3472 859 Per-

1868 900 2201 958 secutorum,
2233 892 2357 947 inde
2380 892 2660 963 probatur,
2685 893 2831 962 quod
2852 893 3180 951 Nicomediae
3211 896 3262 951 iu
3285 896 3476 970 Bithy-

1868 985 1956 1039 nia
1978 1026 1993 1050 ,
2025 985 2164 1039 sicut
2189 993 2244 1040 et
2270 995 2459 1039 auctor
2487 984 2608 1039 libri
2641 985 2705 1038 de
2750 984 3005 1042 Mortibus
3037 987 3474 1057 Persecutorum,

1867 1077 2303 1134 commorabatur
2348 1077 2511 1134 etiam
2562 1076 2876 1139 Lactantius
2921 1093 2987 1135 eo
3037 1090 3320 1150 tempore,
3367 1097 3477 1153 quo

1868 1168 2173 1240 persecutio
2218 1169 2270 1224 in
2302 1168 2638 1226 Christianos
2684 1180 2926 1241 grassata
2974 1180 3097 1237 est,
3128 1182 3185 1229 ct
3214 1174 3309 1230 Dei
3339 1183 3477 1230 tem-

1870 1262 2016 1332 plum
2057 1276 2311 1317 eversum
2340 1271 2446 1318 est.
2491 1261 2547 1316 ld
2580 1263 2752 1334 ipsum
2786 1262 2856 1317 de
2883 1278 2945 1319 se
2975 1271 3202 1320 testatur
3245 1265 3478 1322 Lactan-

1869 1354 1976 1409 tius
1996 1397 2011 1422 ,
2044 1354 2182 1409 libro
2213 1370 2266 1421 v,
2303 1354 2703 1409 Institutionnm
2728 1395 2743 1419 ,
2776 1369 2899 1424 cap.
2930 1352 2967 1408 2
2992 1396 3007 1420 ,
3056 1355 3144 1410 ubi
3175 1356 3255 1411 sic
3301 1357 3477 1426 loqui-

1869 1457 1956 1505 tur
1988 1468 2001 1503 :
2036 1448 2147 1521 Ego
2170 1465 2288 1503 cum
2308 1449 2361 1502 in
2386 1448 2632 1519 Bithynia
2660 1448 2913 1503 oratorias
2939 1448 3134 1503 litteras
3162 1449 3355 1515 accitus
3384 1450 3479 1503 do-

1868 1558 2029 1596 cerem
2051 1583 2066 1608 ,
2093 1542 2483 1612 contigissetque
2504 1582 2519 1606 ,
2548 1551 2604 1594 ut
2633 1540 2810 1595 eodem
2855 1550 3081 1611 tempore
3105 1540 3202 1594 Dei
3231 1540 3478 1613 tentplum

1866 1644 2185 1690 everteretur.
2217 1633 2375 1689 Siluit
2403 1634 2551 1688 urbis
2582 1647 2802 1700 nomen,
2826 1634 2879 1687 in
2903 1648 3007 1704 qua
3036 1632 3222 1688 docuit
3247 1633 3477 1689 Lactan-

1869 1725 1977 1780 tius
2005 1743 2019 1779 :
2050 1724 2145 1780 sed
2172 1724 2528 1796 Hieronymus
2548 1739 2655 1780 non
2683 1725 3064 1794 praztermisit;
3089 1724 3166 1779 ait
3184 1724 3328 1781 enim
3354 1726 3474 1782 loco

1792 1829 1843 1890 Β
1868 1830 2031 1886 supra
2058 1816 2243 1882 citato,
2268 1814 2602 1871 Lactantium
2630 1816 2975 1872 Rhetoricam
3002 1815 3332 1872 Nicomedia:
3355 1819 3467 1872 do-

1868 1908 2066 1964 cuisse.
2091 1907 2295 1964 Auctor
2319 1908 2480 1963 etiam
2508 1906 2632 1963 libri
2660 1908 2723 1963 de
2768 1907 3022 1963 Mortibus
3066 1907 3466 1974 Persecutorum

1865 2001 2192 2058 Nicomediae
2220 2018 2311 2068 se,
2362 2002 2478 2074 ipsa
2512 1986 2891 2074 persecutione
2933 2005 3191 2061 saeviente
3217 2046 3232 2071 ,
3262 2014 3318 2061 et
3347 2020 3471 2063 cum

1867 2094 2126 2163 templum
2164 2094 2259 2151 Dei
2290 2094 2409 2150 solo
2435 2094 2776 2166 aquuatum
2803 2105 2921 2164 est,
2951 2097 3248 2173 mansisse,
3280 2114 3471 2155 revera

1866 2200 1975 2241 non
2002 2186 2130 2241 dicit
2165 2206 2179 2243 :
2213 2188 2310 2242 sed
2340 2202 2451 2242 rem
2485 2195 2647 2242 totam
2679 2187 2749 2242 ita
2792 2198 2979 2243 narrat
3007 2205 3155 2246 num.
3190 2190 3295 2257 12,
3326 2201 3387 2246 ut
3416 2192 3474 2249 in

1869 2279 2045 2335 oculis
2073 2279 2191 2350 ejus
2220 2290 2429 2351 gestam
2461 2295 2584 2335 esse
2607 2281 2955 2353 intelligatur.
2982 2283 3231 2354 Repente,
3264 2284 3464 2357 inquit,

1865 2372 2036 2426 adhuc
2065 2372 2219 2427 dubia
2245 2374 2358 2428 luce
2386 2374 2456 2428 ad
2478 2373 2829 2430 Ecclesium...
2862 2375 2995 2429 venit
3012 2391 3033 2441 ;
3061 2385 3108 2430 et
3142 2376 3359 2431 revulsis
3386 2378 3475 2449 fo-

1865 2465 2007 2519 ribus
2035 2466 2367 2521 simulacrum
2397 2466 2494 2522 Dei
2531 2468 2800 2538 quarritur,
2830 2466 3117 2538 Scriptum
3139 2479 3356 2539 reperta:
3393 2472 3477 2524 in-

1865 2556 2173 2623 cenduntur,
2203 2558 2357 2612 datur
2387 2560 2619 2614 omnibus
2649 2560 2827 2628 praeda
2866 2575 2886 2614 :
2912 2560 3134 2629 rapitur,
3166 2562 3473 2631 trepidatur,

1866 2648 2191 2704 discurritur.
2222 2648 2248 2703 1
2257 2651 2338 2719 psi
2362 2654 2376 2717 (
2398 2651 2753 2723 imperatores)
2779 2667 2897 2706 vero
2922 2651 2975 2706 in
2999 2654 3223 2723 speculis
3252 2654 3341 2727 (in
3367 2655 3477 2711 alta

1866 2742 2000 2796 enim
2019 2745 2293 2797 constituta
2318 2741 2549 2799 Ecclesia
2578 2762 2641 2799 ea:
2664 2745 2860 2816 palatio
2884 2745 3166 2821 videbatur)
3181 2749 3271 2803 diu
3284 2750 3478 2807 interse

1864 2835 2241 2902 concertabant,
2256 2845 2427 2890 utrum
2446 2837 2613 2909 ignem
2638 2838 2805 2909 potius
2816 2840 3037 2911 supponi
3048 2852 3323 2912 aparteret.
3340 2841 3475 2899 Vicit

1864 2927 2111 2981 sententia
2134 2926 2511 2999 Diocletianus,
2535 2945 2738 2997 cavens,
2758 2948 2822 2985 ne
2842 2949 3032 3003 magno
3052 2932 3286 2989 incendio
3309 2936 3472 3005 facta,

1864 3035 1986 3089 pars
2032 3020 2208 3090 aliqua
2254 3020 2474 3075 ciuitatis
2522 3022 2746 3077 arderet.
2790 3019 3064 3078 Veniebant
3091 3026 3244 3097 igitur
3272 3025 3476 3082 Presto-

1863 3112 2003 3166 riani
2029 3113 2139 3168 acie
2167 3122 2365 3168 structa
2394 3130 2512 3169 cum
2537 3114 2800 3171 securibus
2816 3125 2863 3169 et
2884 3116 3004 3171 aliis
3035 3119 3356 3188 ferramentis
3375 3161 3392 3188 ,
3424 3129 3475 3176 et

160 3217 261 3290 ipsi
308 3216 629 3284 Lactantio;
678 3230 897 3291 quorum
969 3212 1259 3268 testimonia
1280 3253 1295 3281 ,
1347 3210 1518 3282 inquit
1541 3254 1557 3279 ,
1582 3278 1589 3287 _
1612 3207 1754 3264 nobis
1782 3228 1828 3293 ρ
1862 3202 2077 3259 immissi
2101 3205 2354 3275 undique,
2389 3215 2561 3260 tamen
2596 3204 2732 3261 illud
2757 3207 3096 3262 editissimum
3121 3211 3301 3279 paucis
3327 3212 3471 3268 horis

157 3312 280 3368 satis
302 3321 446 3367 sunt.

228 3406 488 3462 Arbitror
527 3403 775 3476 equidem
821 3402 1083 3474 plurimos
1127 3400 1298 3456 fuisse
1343 3407 1613 3470 martyres
1636 3397 1757 3453 exi-

158 3499 294 3555 mios
317 3497 619 3553 christiana
646 3494 907 3566 religione
930 3493 1062 3549 satis
1088 3492 1322 3548 imbutos
1339 3532 1353 3557 ,
1382 3498 1439 3545 et
1462 3490 1757 3545 etiamnum

158 3604 277 3647 esse
306 3587 603 3645 nonnullos
648 3585 849 3658 pietate
890 3583 1216 3655 conspicuos
1258 3579 1619 3645 christianos,
1664 3578 1758 3651 qui

158 3692 335 3740 tamen
362 3697 476 3739 non
507 3691 729 3751 possent
771 3679 984 3735 ratione
1025 3685 1081 3734 et
1104 3678 1469 3748 argumentis,
1503 3681 1560 3729 ut
1608 3674 1662 3730 in
1690 3687 1758 3729 eo

156 3777 293 3835 libro
317 3776 382 3832 de
429 3773 530 3850 Ira
555 3772 654 3829 Dei
694 3780 956 3844 praestare
999 3781 1227 3826 conatus
1271 3778 1356 3825 est
1397 3765 1751 3833 Lactantius,

156 3870 429 3926 estricare
454 3882 518 3924 se
545 3864 878 3938 argumentis
909 3862 1353 3936 philosophorum
1372 3859 1636 3916 adversus
1662 3858 1755 3915 Dei

157 3962 579 4034 providentiam.
625 3956 905 4029 Ejusmodi
930 3956 1075 4013 enim
1106 3964 1233 4012 sunt
1262 3955 1361 4010 ista
1393 3961 1709 4024 argumenta
1737 3993 1754 4021 ,

158 4065 213 4110 ut
237 4069 357 4124 cap.
409 4053 485 4108 15
530 4051 673 4106 dicat
699 4048 1047 4116 Lactantius,
1078 4048 1159 4103 his
1203 4047 1471 4118 plerosque
1514 4042 1758 4099 Philoso-

159 4149 414 4220 phorum,
455 4146 547 4217 qui
574 4142 944 4216 pravidentiam
980 4140 1302 4212 defendunt,
1346 4137 1633 4211 perturbari
1675 4153 1759 4191 so-

158 4245 280 4311 lere,
298 4255 346 4299 et
362 4243 470 4298 invi
476 4252 554 4295 tas
564 4254 691 4311 pene
702 4237 863 4308 adigi,
879 4245 936 4290 ut
957 4234 1120 4290 Deum
1134 4233 1263 4289 nihil
1277 4249 1460 4287 curare
1472 4236 1754 4304 fateantur.

227 4338 457 4394 Videtur
480 4334 721 4389 Domnus
741 4332 791 4385 le
811 4329 1022 4402 Nourry
1047 4327 1321 4383 memoria:
1344 4326 1498 4396 lapsu
1522 4323 1759 4379 tribuere

157 4429 390 4493 Donato,
419 4424 565 4498 quod
596 4421 909 4478 Lactantius
934 4419 1281 4475 Demetriano
1302 4417 1436 4471 dicit
1453 4414 1506 4470 in
1534 4413 1669 4469 libro
1689 4414 1758 4468 de

157 4518 383 4590 Opiﬁcio
409 4517 526 4572 Dei.
554 4514 895 4571 Demetriano
915 4511 1122 4567 scilicet
1141 4511 1337 4565 librum
1358 4508 1519 4563 istum
1543 4506 1611 4561 de
1632 4504 1761 4574 Opi-

1858 3296 1971 3353 solo
1996 3297 2353 3368 adtequarunt.
2405 3298 2475 3353 Et
2522 3314 2673 3354 num.
2710 3298 2777 3354 15
2809 3317 2822 3354 :
2853 3298 3112 3356 Postridie
3154 3303 3472 3374 prepositum

1859 3398 1932 3444 est
1951 3390 2208 3456 edictum,
2250 3406 2351 3460 quo
2390 3389 2679 3460 cavebatur,
2727 3401 2784 3446 ut
2814 3392 3077 3464 religionis
3121 3394 3262 3450 illius
3306 3396 3474 3452 homi-

1860 3497 1946 3536 nes
1975 3492 2206 3537 carerent
2234 3482 2373 3537 omni
2404 3483 2597 3537 honore
2625 3498 2687 3537 ac
2732 3483 2981 3555 dignitate
3000 3526 3016 3554 ,
3049 3486 3311 3542 tormentis
3340 3488 3468 3543 sub-

1852 3574 1977 3645 jecti
2018 3583 2249 3629 essent...
2292 3574 2446 3641 Quod
2483 3573 2708 3629 edictum
2752 3576 2996 3646 quidam,
3042 3577 3138 3632 etsi
3167 3594 3270 3632 non
3296 3589 3469 3650 recte,

1857 3682 2042 3739 magno
2089 3675 2257 3722 tamen
2296 3662 2467 3723 animo
2498 3667 2716 3736 diripuit
2757 3678 2803 3723 et
2851 3670 3166 3725 conscidit...
3198 3673 3493 3750 statimque_

1860 3760 2170 3831 productus,
2203 3777 2305 3816 non
2333 3761 2486 3816 modo
2512 3771 2763 3829 extortus,
2794 3763 2886 3817 sed
2914 3764 3070 3817 etiam
3100 3764 3320 3836 legitime
3346 3782 3468 3822 coc-

1862 3862 1963 3918 tus,
1985 3869 2098 3908 cum
2118 3853 2409 3909 admirabili
2435 3854 2682 3925 patientia
2702 3865 2958 3926 postremo
2979 3866 3187 3910 exustus
3210 3865 3301 3912 est.
3323 3857 3469 3913 Prte-

1862 3954 2008 4000 terea
2035 3961 2155 4016 quae
2188 3944 2454 4001 habentur
2485 3961 2633 3999 num.
2669 3945 2736 3999 l7
2765 3944 2834 4000 de
2857 3946 3068 4014 morbo,
3094 3962 3201 4017 quo
3221 3945 3470 4005 Nicome-

1860 4035 1964 4092 dia:
1992 4036 2261 4091 laboravit
2293 4035 2690 4103 Diocletianus;
2712 4044 2765 4091 et
2783 4052 2929 4091 num.
2960 4037 3030 4093 35
3051 4036 3120 4093 de
3143 4037 3336 4094 Edicto
3360 4038 3470 4096 Ga-‘

1860 4128 1979 4185 lerii
1999 4128 2323 4185 Nicomedia:
2345 4130 2643 4200 proposito,
2662 4144 2725 4185 ac
2741 4129 2811 4186 de
2837 4129 2958 4199 die,
2989 4146 3095 4202 quo
3120 4132 3330 4203 cognita
3358 4132 3465 4191 fuit

1860 4221 2186 4278 Nicomediae
2216 4237 2361 4278 mors
2382 4220 2603 4287 Galerii,
2626 4222 2715 4277 illa
2732 4234 3011 4278 auctorem
3041 4224 3203 4279 istum
3234 4224 3360 4281 libri
3403 4227 3469 4284 de

1862 4312 2115 4369 Mortibus
2136 4313 2530 4380 Persecutorum
2550 4313 2863 4385 aliquandiu
2887 4312 3216 4374 Nicomediae
3242 4316 3460 4391 degisse

1861 4405 2077 4461 abunde
2109 4406 2361 4476 probant.

1935 4496 1992 4552 5°
2016 4497 2163 4553 Idem
2190 4506 2275 4554 est
2301 4498 2541 4554 auctoris
2586 4498 2709 4553 libri
2739 4498 2809 4555 de
2852 4498 3114 4559 Mortibus
3140 4503 3464 4562 Persecuto-

158 4612 276 4667 ﬁcio
305 4611 403 4666 Dei
433 4608 787 4677 inscripserat
808 4646 823 4671 ,
852 4613 908 4660 et
932 4604 1076 4659 hunc
1104 4603 1253 4658 velut
1281 4613 1525 4673 tyronem
1556 4598 1636 4653 sic
1676 4598 1758 4652 al-
1783 4628 1839 4690 Β
1864 4605 1982 4645 rum
2007 4633 2022 4660 ,
2051 4604 2116 4646 ac
2146 4590 2408 4647 Lactantii
2438 4591 2633 4663 stylus.
2663 4591 2817 4660 Quod
2844 4601 2898 4648 ut
2925 4593 3128 4650 clarius
3158 4604 3359 4666 pateat,
3379 4595 3465 4653 hic

156 4703 416 4774 loquitur.
465 4698 781 4771 Prteceptor,
810 4697 886 4752 ait
926 4695 1101 4766 capite
1150 4693 1355 4765 primo,
1388 4692 1540 4746 etiam
1580 4705 1754 4754 nunc,

155 4794 244 4849 sed
270 4794 580 4849 honestioris
602 4790 675 4846 rei
697 4789 1021 4861 meliorisque
1043 4788 1354 4842 doctrinm...
1386 4794 1432 4839 te
1459 4798 1640 4837 moneo
1670 4794 1758 4837 re-

159 4898 328 4957 petens
348 4929 365 4955 ,
389 4888 678 4957 iterumque
704 4885 947 4953 monebo,
985 4900 1049 4938 ne
1084 4882 1451 4938 oblectamenta
1486 4880 1586 4933 ista
1612 4886 1761 4932 terrte

159 4998 252 5052 pro
278 4980 487 5053 magnis
512 4989 601 5033 aut
628 4978 758 5033 ueris
797 4977 941 5032 bonis
966 4976 1149 5031 habere
1188 4983 1237 5030 te
1260 4973 1459 5028 credas.
1492 4970 1562 5026 Et
1585 4970 1763 5041 capite

160 5075 350 5130 ultimo
376 5090 392 5129 ι
424 5071 491 5129 Si
530 5070 671 5126 Deus
698 5070 925 5138 dederit,
958 5069 1167 5139 inquit,
1212 5077 1259 5122 te
1286 5066 1355 5120 ad
1375 5080 1505 5121 verte
1534 5063 1763 5135 philoso—

233 5216 363 5272 Htec
408 5214 936 5286 legunturunumero
978 5206 1218 5286 secundo
1247 5206 1366 5286 libri
1397 5207 1469 5286 de
1496 5202 1761 5286 itionibus

166 5276 585 5345 Persecutorum
619 5301 632 5336 :
664 5281 919 5338 Extremis
944 5282 1249 5350 temporibus
1277 5276 1464 5350 Tiberii
1488 5276 1755 5350 ﬁrmaris,

165 5371 219 5414 ut
244 5358 499 5428 scriptum
540 5356 774 5425 legimus,
822 5346 1072 5428 Dominus
1100 5360 1271 5428 noster
1295 5346 1704 5428 lesusQIn'istus
1731 5361 1763 5399 a

165 5417 365 5485 Judteii
395 5417 658 5483 cruciatus
684 5417 769 5496 est
785 5433 897 5496 post
916 5421 1363 5496 Adiemﬂdecimum
1409 5417 1763 5475 Kalendarum

164 5503 359 5577 Aprilis
377 5542 395 5570 ,
426 5500 626 5555 duobus
655 5492 877 5552 Geminis
901 5492 1226 5549 Consulibus.

228 5746 437 5804 Testus
483 5739 608 5799 libri
635 5739 702 5795 de
725 5738 986 5795 Mortibus
1015 5735 1438 5793 Persecutorum
1484 5738 1758 5795 consentit

157 5853 279 5900 cum
307 5838 531 5899 duobus
561 5832 794 5893 testibus
816 5847 847 5888 e
875 5828 1099 5907 regione
1123 5826 1338 5909 positis,
1355 5844 1421 5886 eo
1440 5833 1585 5905 quod
1606 5828 1757 5886 dica.

1868 4683 2131 4755 descripsi
2163 4694 2273 4741 tum
2302 4700 2424 4753 res,
2477 4694 2587 4741 tum
2619 4688 2918 4743 sententias
2938 4730 2954 4755 ,
2986 4699 3099 4744 tum
3129 4690 3462 4759 locutiones,

1866 4791 2067 4847 easque
2091 4777 2392 4849 singulares
2414 4786 2469 4834 et
2492 4776 2772 4834 Lactantio
2801 4780 3069 4851 proprias,
3097 4796 3216 4851 qua:
3243 4782 3294 4837 iu
3322 4782 3464 4839 libro

1868 4870 1933 4925 de
1953 4868 2207 4925 Mortibus
2234 4878 2613 4935 persecutorum
2631 4909 2649 4936 ,
2678 4879 2733 4926 et
2760 4872 2812 4925 in
2841 4870 2966 4926 aliis
2988 4872 3300 4928 indubitatis
3324 4871 3464 4927 Lac-

1868 4960 2019 5017 tantii
2048 4960 2300 5030 operibus
2340 4962 2547 5018 similes
2576 4960 2955 5033 reperiuntur,
2988 4972 3150 5035 atque
3178 4963 3249 5019 ob
3277 4963 3463 5021 oculos

1869 5070 1902 5112 e
1932 5054 2151 5127 regione
2180 5052 2356 5125 posui.

1937 5195 2066 5251 Haec
2103 5194 2372 5264 leguntur,
2414 5193 2554 5249 libro
2576 5209 2629 5248 IV
2653 5191 3087 5257 lnstitutlonum,
3115 5206 3166 5248 c.
3202 5192 3270 5247 10
3298 5210 3312 5245 :
3346 5191 3457 5249 Sub

1866 5267 2080 5338 imperio
2112 5264 2302 5338 Tiberii
2332 5264 2580 5338 Cwsaris,
2611 5268 2761 5338 cujus
2784 5281 2917 5320 anno
2947 5267 3124 5338 quinto
3152 5265 3346 5338 decion
3368 5306 3382 5330 ,
3407 5266 3464 5319 id

1866 5335 1971 5404 est,
1999 5336 2196 5391 duobus
2234 5336 2456 5390 Geminis
2487 5335 2789 5390 Consulibus
2811 5376 2825 5400 ,
2872 5347 2991 5389 ante
3020 5336 3153 5386 diem
3192 5336 3463 5404 septimum

1905 5410 1977 5464 ita
2032 5410 2215 5461 multa:
2263 5406 2563 5477 editiones)
2596 5406 2941 5461 Calendarum
2967 5404 3255 5474 Aprilium,
3288 5405 3465 5462 λιιάωί

1911 5481 2127 5534 hristum
2150 5479 2533 5544 cruciﬁxerunt.

1938 5552 2005 5605 Et
2031 5549 2270 5617 ejusdem
2298 5543 2415 5602 libri
2447 5562 2567 5616 cap.
2596 5547 2671 5601 22
2701 5564 2715 5600 :
2746 5545 2930 5600 Mirari
2972 5544 3165 5615 desinet
3201 5543 3370 5601 Deum
3398 5548 3461 5605 ab

1868 5621 2152 5677 hominibus
2175 5635 2280 5674 esse
2306 5619 2607 5673 cruciatum.

1860 5748 1948 5796 tur
1973 5740 2074 5795 sub
2103 5738 2322 5795 Tiberio
2345 5738 2562 5793 (lassare
2586 5736 2837 5792 Christus
2865 5747 2895 5789 a
2921 5732 3122 5790 Judteis
3148 5724 3423 5798 cruciatus
3441 5780 3460 5819 ,

1859 5832 2070 5901 duobus
2100 5829 2344 5903 Geminis
2367 5826 2712 5887 Consulibus.
