4034 6354
132 276 234 332 169

198 392 275 445 De
302 390 464 446 Mort.
489 391 704 447 Persec.
735 405 883 446 num.
915 386 1103 445 “alii
1125 402 1272 442 suum
1301 386 1603 458 praprium;
1640 400 1737 442 vo-
1764 390 1817 450 Α

122 476 217 517 ccs
246 464 479 518 Omnino
506 462 894 519 Lactantiantc.

200 617 278 671 De
306 617 577 673 Mortibus
600 621 813 676 Persec.
846 632 995 675 num.
1023 615 1093 672 47
1126 633 1139 671 :
1172 616 1483 686 Quiverunt,
1512 616 1737 674 verbum

124 687 416 744 Lactantio
447 688 728 761 frequens.

201 850 273 906 Et
298 867 450 905 num.
481 851 555 908 49
590 870 603 907 :
630 851 1023 908 lnsustentabili
1053 852 1230 908 dolore
1256 868 1413 922 usque
1438 851 1509 906 ad
1539 851 1733 907 rabiem

128 923 315 978 utentis
343 921 510 977 elatus
536 933 633 978 est.

206 1014 271 1088 Et
303 1030 452 1069 num.
482 1014 574 1080 52,
599 1016 687 1085 qui
714 1026 770 1073 et
798 1017 1017 1072 ultimus
1043 1027 1163 1072 est:
1194 1016 1333 1071 Deus
1358 1033 1559 1088 gregem
1584 1033 1733 1070 suum
1762 1050 1769 1059 -

132 1086 323 1156 partim
352 1096 607 1159 uastatum
630 1104 663 1140 a
691 1088 828 1156 lupis
852 1089 1140 1157 rapacibus,
1176 1086 1505 1156 partim'uero
1531 1089 1735 1159 disper-

130 1173 246 1230 sum
274 1158 484 1225 reﬁcere
494 1174 568 1230 _ac
592 1159 888 1230 recolligere
913 1159 1150 1229 dignatus
1171 1170 1262 1226 est,
1288 1169 1335 1214 et
1361 1160 1546 1213 bestias
1572 1158 1739 1214 malas

132 1227 735 1309 extirpare.—_-Et_num.
763 1227 872 1309 50:4
899 1227 991 1285 Sic
1010 1247 1185 1309 omnes
1214 1231 1362 1299 impii
1380 1245 1497 1284 vero
1520 1240 1568 1286 et
1586 1238 1734 1300 justo

122 1298 330 1370 judicio
358 1298 458 1355 Dei
486 1301 686 1368 eadem,
709 1316 824 1371 qua
845 1305 1107 1374 fecerunt,‘
1128 1298 1442 1373 receperunt.

207 1500 522 1571 Congruunt
545 1500 797 1571 utrinque
822 1509 999 1556 textus
1042 1500 1147 1556 isti.
1185 1499 1512 1568 Notandum,
1539 1517 1733 1559 vocem

1143 272 1230 328 DE
1262 269 1465 328 AUCT.
1511 260 1640 326 LIB.
1683 266 1774 326 DE
1818 264 2027 325 MORT.
2071 264 2455 326 PERSECUT.

3337 260 3443 317 170

1918 383 2069 439 Lact.
2101 382 2278 438 Divin.
2308 381 2480 436 Instit.
2506 380 2600 435 lib.
2623 395 2679 437 ιιι
2705 394 2825 451 cap.
2859 378 2957 451 10;,
2978 376 3071 434 lib.
3105 391 3160 432 ιν
3187 391 3306 448 cap.
3338 379 3436 444 ll;

1846 454 1939 510 lib.
1971 470 2005 509 ν
2031 468 2152 524 cap.
2174 454 2234 509 ll
2259 470 2273 519 ;
2308 452 2387 508 De
2416 451 2608 522 Opiﬁc.
2639 450 2844 523 ωειλ,
2875 450 3134 524 suum
3152 452 3439 522 proprium,

1843 542 1938 581 suo
1963 521 2200 601 proprio,
2230 541 2326 579 sua
2345 521 2560 595 propria
2586 521 2802 596 semper
2828 521 3170 579 adhibentur.

1916 619 2066 675 Lact.
2095 617 2211 673 Div.
2237 617 2413 673 Instit.
2440 617 2536 672 lib.
2566 632 2610 676 ιι,
2632 632 2751 689 cap.
2779 617 2853 682 5;
2878 615 2972 672 lib.
2998 630 3033 671 v
3068 630 3189 689 cap.
3222 615 3314 689 22,
3347 612 3442 689 ubi

1843 693 2005 818 ἓιῑιιὲι
2033 692 2300 762 quiverunt
2324 697 2380 745 et
2404 689 2653 760 quiverint
2674 686 3001 760 usurpantur
3051 687 3244 744 eadem
3268 686 3439 757 signi-

1885 778 1943 818 ca
1992 776 2114 817 one.

1885 776 2114 819 canone.

1917 853 1985 910 Et
2010 854 2104 910 lib.
2138 868 2208 909 vn
2237 852 2470 925 instituti.
2512 867 2632 925 cap.
2674 851 2784 909 16:
2817 849 2916 907 Hic
2944 848 3320 907 insustentabili
3349 849 3445 905 do-

1843 926 2123 981 minatione
2146 925 2347 980 vexabit
2378 924 2569 979 orbem.

1917 1018 1982 1073 Et
2016 1017 2111 1071 lib.
2151 1031 2186 1070 v
2216 1016 2388 1071 lustit.
2423 1031 2544 1088 cap.
2566 1016 2645 1088 25
2674 1031 2688 1068 :
2715 1014 3002 1088 Punientur
3037 1015 3230 1082 iudicio
3274 1012 3444 1088 Dei...

1840 1090 2285 1144 uindicaturumse
2304 1089 2357 1142 in
2382 1104 2468 1142 eos
2492 1085 2726 1141 celeriter
2747 1085 3038 1151 pollicetur,
3068 1095 3113 1140 et
3139 1087 3452 1140 extennina-

1839 1172 1957 1216 turu
2004 1159 2166 1213 malas
2222 1160 2410 1214 bestias
2450 1160 2514 1212 de
2554 1168 2761 1213 terra...
2798 1157 2960 1212 veniet
2983 1199 3000 1226 ,
3027 1158 3185 1213 ueniet
3226 1156 3449 1213 rabiosis

1843 1242 1893 1290 et
1922 1230 2184 1287 ueracibus
2214 1229 2351 1301 lupis
2376 1246 2565 1286 merces
2594 1247 2707 1285 sua.

1841 1513 2019 1575 tusque
2047 1507 2255 1578 corrupi
2266 1522 2355 1560 sse.
2389 1505 2520 1576 Quae
2545 1519 2667 1559 cum
2696 1503 2767 1557 ita
2790 1501 2897 1557 sint
2919 1542 2935 1569 ,
2975 1497 3232 1568 numquid
3291 1497 3459 1553 libra-

139 1591 302 1661 banc,
327 1592 721 1660 insustcntabili,
750 1591 890 1648 forte
915 1594 968 1648 in
996 1592 1144 1648 nullo
1182 1593 1291 1649 alio
1315 1601 1538 1650 auctore
1579 1606 1740 1665 repe—
1768 1613 1820 1677 Β
1847 1599 1957 1656 rius
1982 1600 2083 1657 iste
2110 1617 2217 1657 non
2248 1601 2425 1663 potuit
2454 1598 2708 1654 omittere
2734 1595 2924 1651 ultima
2960 1593 3068 1649 duo
3097 1592 3247 1648 Lucu
3272 1589 3455 1647 Caet-

145 1701 264 1741 τιτι.

219 1778 331 1833 llas
377 1779 742 1849 proculdubio
785 1779 1036 1850 loquendi
1064 1778 1347 1846 formulas,
1401 1795 1523 1851 quia
1578 1793 1742 1835 unum

150 1869 503 1942 eumdemque
543 1881 925 1954 repuesentant
968 1881 1280 1940 auctorem,
1332 1881 1416 1947 sat
1458 1871 1746 1944 diligenter

149 1977 258 2016 non
286 1964 583 2029 contulerat
607 1962 834 2019 domnus
860 1965 910 2019 le
943 1963 1154 2036 Nourry
1182 1983 1196 2021 :
1224 1964 1464 2035 alioquin
1502 1966 1556 2020 in
1598 1980 1742 2031 eam,

148 2063 205 2109 ut
228 2064 378 2125 puto,
412 2066 516 2110 tant
547 2057 713 2112 libere
734 2072 841 2111 non
869 2057 1055 2112 ivisset
1083 2058 1415 2128 opinionem,
1446 2074 1478 2113 a
1505 2074 1608 2129 qua
1636 2058 1749 2114 dis-

165 2159 386 2218 crepant
406 2149 626 2204 onmino
648 2148 963 2221 vi‘riquique
982 2149 1304 2207 doctissimi.
1338 2151 1486 2207 Hanc
1513 2167 1678 2223 porro
1699 2149 1750 2207 si

149 2242 394 2313 amplecti
436 2244 734 2310 statuisset,
785 2260 889 2300 non
938 2243 1169 2315 frigidis,
1219 2259 1328 2300 non
1361 2244 1593 2309 levibus,
1638 2260 1745 2301 non

152 2340 302 2395 vanis
328 2342 398 2395 uti
438 2340 695 2396 debuerat
737 2342 1108 2411 argumentis:
1151 2340 1247 2397 sed
1293 2341 1509 2406 ﬁrmas,
1541 2340 1650 2397 imo
1692 2350 1748 2397 et

152 2430 488 2501 gravissimas
526 2431 697 2502 ipsius
747 2444 864 2487 erat
908 2431 1168 2488 adbibere
1218 2432 1491 2499 rationes,
1552 2432 1749 2503 quibus

151 2532 371 2593 possent
418 2525 615 2580 eruditi
655 2540 687 2581 a
733 2528 954 2597 pristina
999 2542 1097 2581 sua
1139 2525 1404 2581 dimoveri
1454 2527 1742 2582 sententia.

148 2613 257 2671 Nec
281 2616 425 2671 dicat
442 2616 792 2688 Nourrysius,
818 2617 1033 2673 nonnisi
1059 2632 1188 2673 casu
1218 2626 1274 2673 et
1299 2616 1520 2673 fortuito
1543 2617 1748 2673 similes

147 2705 310 2764 fuisse
335 2721 582 2779 repertas
608 2711 663 2764 in
693 2720 919 2780 utroque
947 2719 1165 2765 auctore
1200 2703 1517 2765 locutiones.
1549 2709 1607 2764 ιιι
1632 2710 1750 2780 qui-

148 2801 268 2858 dem
302 2811 483 2872 potest
512 2804 624 2858 lieri
655 2805 850 2868 semel,
889 2813 982 2859 aut
1022 2803 1123 2868 bis,
1148 2802 1244 2859 sed
1289 2818 1398 2857 non
1428 2802 1624 2874 ubique
1644 2846 1658 2865 .
1686 2817 1751 2857 ac

149 2893 467 2966 quadragies
482 2880 537 2950 et
556 2896 803 2965 amplius,
828 2896 983 2951 sicuti
1005 2897 1188 2951 evenit
1205 2898 1257 2951 in
1281 2895 1463 2951 libello
1475 2896 1750 2966 sexaginta

1849 1709 1923 1748 LII
1946 1692 2241 1750 Lacnm‘u
2265 1692 2513 1749 FIRMIANI
2541 1690 2795 1746 nomina?
2824 1688 2896 1744 At
2926 1702 3190 1757 nusquam
3215 1686 3460 1755 reperire

1847 1784 2026 1852 datur,
2049 1789 2124 1842 ait
2146 1788 2382 1843 Domnus
2410 1786 2459 1841 le
2482 1784 2691 1855 Nourry
2715 1782 3052 1837 Lactantium
3076 1780 3225 1835 chu
3254 1776 3452 1843 C(ELII,

1847 1877 1963 1946 sive
1978 1878 2129 1935 Lucn
2145 1877 2363 1935 Cszcttn
2388 1875 2811 1950 praenominibus
2835 1872 3148 1942 insignitum
3177 1870 3361 1925 fuisse.
3388 1870 3461 1922 At

1847 1970 1904 2025 id
1933 1981 2067 2025 certe
2089 1971 2250 2026 multo
2275 1972 2470 2033 minus,
2504 1968 2667 2023 verba
2698 1962 2833 2021 sunt'
2853 1964 3111 2025 editoris,
3146 1964 3199 2016 in
3230 1960 3461 2025 alicuius

1850 2064 1969 2119 libri
1998 2067 2061 2119 ab
2086 2082 2143 2120 eo
2166 2066 2344 2135 scripti
2375 2062 2525 2119 titulo
2547 2062 2730 2134 poterit
2757 2060 2992 2140 inueniri.
3022 2057 3154 2127 Quis
3186 2073 3292 2112 non
3329 2071 3456 2112 cre-

1850 2163 2006 2219 deret
2032 2162 2149 2217 viro
2173 2175 2385 2217 summe
2411 2159 2665 2231 religioso
2692 2171 2847 2228 aeque
2873 2172 2937 2211 ac
2978 2153 3193 2212 erudito
3237 2171 3351 2211 rem
3381 2154 3462 2211 ita

1849 2256 2180 2314 aliirmanti?
2208 2256 2456 2311 Jurarem
2483 2255 2600 2324 ipse
2624 2254 2675 2307 in
2709 2251 2873 2307 verba
2896 2251 3037 2306 docti
3062 2251 3307 2314 editoris,
3331 2264 3465 2305 euut

1850 2350 2146 2405 contulisse
2194 2347 2411 2403 codices
2468 2345 2863 2415 manuscriptos
2912 2358 3137 2409 omnes,
3192 2349 3464 2413 quotquot

1851 2442 2076 2514 reperiri
2108 2448 2398 2511 potuerunt
2420 2438 2560 2510 apud
2591 2445 2882 2501 nostrates,
2915 2436 2966 2489 in
2993 2436 3166 2504 iisque
3193 2447 3463 2502 nusquam

1851 2537 1955 2610 legi
1990 2537 2320 2609 praenomina
2342 2533 2492 2591 Lucii
2513 2532 2668 2588 Caelii
2686 2540 2741 2586 et
2769 2529 2920 2587 Lucii
2946 2528 3148 2585 Czecilii
3177 2525 3470 2582 Lactantio

1851 2631 2145 2699 adscripta.
2180 2629 2363 2699 Longe
2381 2637 2557 2681 tamen
2585 2624 2743 2679 aliter
2763 2632 2865 2679 est.
2893 2623 3129 2676 Domnus
3149 2621 3197 2674 lc
3222 2618 3465 2691 Nourry,

1852 2740 1974 2781 cum
2004 2723 2173 2779 edidit
2202 2722 2395 2777 librum
2425 2720 2492 2776 de
2517 2718 2779 2773 Mortibus
2813 2715 3231 2771 Persecutorum
3254 2752 3269 2775 ,
3302 2709 3465 2765 Pari-

1853 2819 1949 2872 siis
1980 2828 2107 2871 tunc
2135 2807 2381 2885 degebat.
2407 2810 2519 2878 QUI
2550 2811 2716 2878 igitur
2735 2802 2941 2863 ratione
2974 2821 3080 2860 non
3114 2803 3470 2873 perlustravit

1854 2909 2017 2979 Regis
2059 2903 2508 2962 Cbristianissimi
2557 2898 2990 2957 Bibliothecam?
3021 2897 3136 2952 Hoc
3187 2897 3238 2949 in
3291 2892 3473 2964 Regio

148 2985 363 3044 circiter
404 2989 760 3061 paginarum;
815 2989 1086 3059 praacipue
1132 3003 1263 3044 vero
1304 3003 1426 3044 cum
1471 3000 1661 3059 agatur
1685 2990 1751 3045 de

1877 3002 2137 3057 l‘tiesauro
2162 3000 2295 3056 vidit
2322 3000 2439 3070 ipse
2469 2996 2689 3052 codices
2718 2994 2949 3059 multos,
2980 3006 3183 3060 eosque
3230 2987 3467 3073 appellat

151 3081 234 3137 bis
258 3080 512 3138 formulis
540 3084 611 3137 ita
656 3083 1038 3153 singularibus,
1068 3092 1125 3137 ut
1150 3083 1240 3137 vix
1269 3097 1362 3138 eas
1385 3083 1435 3136 in
1481 3080 1752 3154 aliquibus

150 3175 389 3244 reperias
415 3174 798 3246 scriptoribus.

219 3270 299 3326 Ex
323 3272 409 3326 bis
444 3286 576 3341 ergo
607 3272 758 3338 locis,
784 3285 918 3342 quos
940 3284 1047 3325 non
1075 3288 1105 3325 e
1130 3270 1270 3325 libro
1292 3278 1492 3324 tantum
1515 3268 1584 3323 de
1611 3268 1752 3324 Mor-

152 3364 289 3420 tibus
310 3365 751 3429 Persecutorum,
780 3380 964 3419 verum
993 3363 1154 3419 etiam
1185 3377 1253 3419 ex
1282 3361 1592 3417 indubitatis
1619 3360 1751 3415 Lac-

156 3458 301 3513 tantii
331 3456 595 3528 operibus
640 3456 935 3525 exscripsi,
964 3455 1164 3525 stylum
1192 3452 1442 3510 eumdem
1472 3468 1593 3506 esse
1626 3450 1749 3506 libri

153 3553 219 3607 de
247 3544 511 3606 Mortibus
537 3548 950 3606 Persecutorum
980 3562 1044 3603 ac
1071 3546 1333 3602 Lactantii
1360 3555 1591 3600 constat.

224 3649 497 3704 Disertum
523 3644 1017 3713 certescriptorem
1061 3642 1115 3697 in
1157 3640 1461 3712 eloquendo
1498 3638 1709 3694 facilem
1732 3680 1748 3704 ,

154 3750 422 3811 comptum
471 3745 528 3793 et
553 3749 819 3807 apertum,
852 3735 1050 3805 quique
1095 3733 1357 3790 bonarum
1400 3733 1596 3787 artium
1623 3745 1752 3786 auc-

87 3824 100 3834 ’
156 3842 295 3889 tores
321 3830 764 3902 pervolutaverit,
795 3843 917 3899 quae
953 3837 1079 3882 sunt
1106 3840 1322 3897 quoque
1358 3823 1625 3879 Lactantii
1655 3823 1751 3879 do-

157 3934 254 3989 tes,
287 3925 425 3978 liber
444 3922 517 3977 de
545 3919 802 3975 Mortibus
830 3919 1241 3973 Persecutorum
1268 3914 1507 3971 exhibet.

222 4017 464 4072 Tandem
496 4012 691 4068 librum
716 4011 783 4066 de
807 4010 1063 4065 Mortibus
1088 4009 1498 4065 Persecutorum
1524 4006 1753 4062 Lactan-

157 4111 228 4164 tio
257 4107 601 4165 tribuendum
641 4106 830 4160 suadet
857 4104 1031 4159 adhuc
1050 4146 1064 4169 ,
1097 4102 1239 4173 quod
1265 4103 1402 4157 sicut
1439 4101 1599 4156 docet
1629 4100 1751 4156 libri

160 4203 307 4258 istius
328 4212 521 4257 auctor
545 4215 692 4255 num.
728 4199 755 4252 1
788 4208 842 4253 et
871 4196 963 4265 50,
986 4198 1245 4252 universos
1275 4196 1554 4250 christiani
1587 4194 1755 4249 nomi-

158 4297 238 4351 nis
259 4304 608 4367 persecutores
638 4309 667 4347 a
695 4307 908 4348 summu
934 4291 1046 4346 Deo
1065 4289 1385 4355 debellatos,
1415 4297 1470 4344 et
1488 4288 1649 4358 digna
1670 4287 1754 4342 ul-

1857 3099 1909 3153 in
1933 3101 2208 3167 Apparatu
2233 3110 2330 3149 suo
2350 3093 2419 3147 ad
2448 3089 2832 3145 BibliOtbecam
2848 3086 2947 3143 SS.
2980 3085 3195 3140 Patrqu
3231 3094 3376 3135 tumo
3401 3094 3468 3134 tt.

1855 3192 2050 3261 Quidni
2077 3206 2174 3246 eos
2197 3185 2465 3245 curiosius
2492 3193 2548 3239 et
2570 3181 2828 3237 attentius
2851 3175 3126 3248 inspexit?
3156 3172 3310 3240 Quod
3334 3186 3473 3228 vero

1859 3300 1952 3354 per
1978 3281 2237 3338 incuriam
2267 3293 2375 3333 non
2406 3276 2529 3331 fecit
2559 3272 2912 3343 Nourrysius,
2948 3269 2999 3324 id
3029 3268 3203 3339 ipsum
3235 3280 3471 3320 accura-l

1858 3377 1963 3432 tius
1995 3388 2350 3445 exequamur.

1929 3469 2140 3524 Primus
2156 3466 2316 3537 igitur
2331 3460 2502 3517 codex
2518 3467 2910 3531 nongentorum
2926 3468 3212 3517 annorum,
3234 3464 3475 3506 numero

1859 3560 2017 3627 1662,
2051 3563 2167 3615 banc
2195 3559 2355 3615 habet
2380 3557 2562 3620 verba,
2594 3553 2725 3608 folio
2750 3551 2851 3606 25:

1929 3654 2133 3710 Cacum
2174 3650 2426 3706 FIRMIANI
2479 3648 2542 3702 de
2592 3646 2731 3718 falsa
2784 3642 3053 3714 Religione
3097 3639 3223 3695 liber
3268 3638 3473 3709 primus

1856 3747 2087 3816 explicit.

1932 3839 2120 3910 Incipit
2146 3838 2272 3892 liber
2300 3836 2554 3891 secundus
2586 3831 2838 3888 Lactantii
2863 3830 3082 3886 Caecum
3110 3828 3365 3884 FIRIIAND
3390 3828 3464 3882 de

1861 3931 2074 4001 Origine
2101 3928 2291 3985 crr'oris
2322 3928 2391 3982 ad
2418 3924 2806 3983 Constantinum
2830 3923 3210 3993 imperatorem.

1931 4024 2012 4080 Ad
2040 4023 2245 4078 calcem
2296 4018 2511 4091 septimi
2547 4017 2664 4073 libri
2709 4016 2779 4070 ita
2818 4015 3081 4083 scriptum
3108 4023 3192 4067 est
3219 4030 3232 4066 :
3259 4010 3465 4066 Cretan

1860 4118 2106 4173 FIRIIANI
2132 4114 2523 4170 lnstitutionum
2553 4111 2840 4166 diuinarum
2870 4109 2933 4161 de
2970 4106 3083 4161 Vita
3117 4106 3267 4159 beata
3291 4102 3466 4175 expli-

1858 4211 1927 4263 cit
1946 4208 2192 4279 septimus
2218 4205 2363 4261 liber.

1932 4303 2086 4359 Folio
2116 4302 2219 4357 179
2246 4314 2406 4355 verso
2448 4297 2684 4368 legitur:
2710 4292 2928 4349 Cncn."
2982 4290 3231 4347 FIRIIANI
3281 4294 3344 4346 de
3374 4288 3472 4345 Ira

160 4393 301 4447 tione
330 4388 503 4446 fuisse
521 4388 767 4444 deletos:
800 4386 874 4441 lta
903 4384 1213 4440 Lactantius
1246 4382 1340 4437 lib.
1372 4398 1406 4436 v
1433 4380 1667 4436 lnstitut.
1699 4394 1749 4435 c.
1780 4407 1834 4468 Β
1859 4398 2032 4453 dim-na
2054 4396 2179 4450 (ibe,
2198 4410 2270 4449 γη
2293 4392 2522 4462 apum.

157 4483 389 4540 22et23
418 4481 605 4545 tradit,
638 4482 804 4536 Deum
832 4478 884 4533 in
925 4476 1088 4531 malas
1116 4475 1375 4546 principes
1406 4483 1453 4526 et
1479 4471 1755 4537 iniustissi-

158 4599 262 4637 mos
305 4589 656 4654 persecutores
706 4574 1008 4632 vindicasse
1057 4570 1238 4645 populi
1283 4570 1367 4626 sui
1420 4567 1755 4633 vexationes,

159 4691 479 4747 semperque
499 4672 763 4739 accidisse,
794 4681 852 4725 ut
879 4669 1007 4723 ultio
1034 4673 1304 4721 consecuta
1327 4663 1529 4719 luerit.“

228 4769 332 4825 Has
359 4768 600 4825 rationes
628 4764 717 4836 qui
745 4761 1033 4818 contulerit
1061 4759 1113 4813 in
1152 4772 1314 4813 unum
1333 4796 1350 4822 ,
1388 4768 1496 4810 non
1529 4752 1755 4808 mirabi-

161 4872 263 4926 tur,
289 4860 455 4931 quod,
490 4857 669 4912 statim
699 4869 763 4910 ac
788 4855 839 4907 in
882 4852 1057 4907 lucem
1084 4848 1280 4919 prodiit
1306 4848 1442 4902 liber
1478 4844 1547 4899 de
1571 4844 1756 4899 Morti-

162 4956 256 5010 lius
281 4955 695 5009 Persecutorum
720 4990 735 5013 ,
763 4946 1020 5018 judicium
1052 4944 1157 4999 boc
1195 4943 1434 4996 omnium
1490 4941 1754 4994 litterato-

162 5064 276 5102 rum
301 5048 486 5111 luerit,
518 5059 640 5099 eum
669 5040 949 5097 Lactantio
972 5052 1094 5094 esse
1123 5034 1561 5091 adscribendum.

231 5143 468 5213 Agatnus
495 5153 636 5195 nunc
665 5139 732 5193 de
754 5135 1024 5207 praecipuo
1050 5131 1254 5188 Nicolai
1276 5130 1325 5184 le
1360 5128 1572 5198 Nonrry
1602 5139 1761 5195 argu-

164 5248 361 5291 mento.
389 5233 574 5290 Codex
604 5247 705 5288 ms.
731 5232 918 5302 inquit,
943 5229 1013 5284 de
1034 5225 1298 5282 Mortibus
1318 5222 1759 5285 Persecutorum,

166 5346 269 5398 prie
293 5344 354 5384 se
400 5327 511 5382 lert
539 5340 735 5381 nomen
779 5324 953 5388 chu,
1004 5319 1090 5375 vel
1136 5316 1289 5372 Lucu
1338 5314 1582 5377 CBCILII;
1626 5326 1756 5381 ergo

166 5437 265 5476 non
303 5430 388 5477 est
424 5418 708 5475 Lactantii.
738 5416 922 5481 Miror,
955 5414 1170 5468 doctum
1201 5409 1465 5463 editorem
1515 5407 1602 5459 hic
1650 5418 1758 5457 nou

167 5515 492 5581 meminisse,
524 5513 661 5582 quod
690 5512 805 5580 ipse
833 5493 1009 5563 tamen
1039 5505 1217 5560 fassus
1242 5511 1345 5566 est,
1369 5513 1757 5555 amanuensem

169 5607 320 5676 hujus
344 5607 550 5663 codicis
568 5604 907 5673 scriptorem,
940 5600 1018 5653 rel
1047 5597 1346 5652 oscitatione
1370 5612 1430 5648 ac
1450 5595 1761 5665 negligentia

169 5713 251 5754 uttl
280 5702 439 5756 nimia
482 5697 732 5753 scribendi
772 5695 1130 5768 festinatione,
1184 5699 1336 5755 atque
1377 5691 1529 5742 etiam
1568 5688 1762 5759 linguae

171 5791 363 5849 Latini:
385 5792 721 5864 ignoratione,
751 5788 908 5842 multa
931 5788 985 5841 in
1010 5800 1069 5840 eo
1100 5781 1230 5835 libro
1261 5780 1591 5864 depravasse,
1620 5782 1759 5854 peni-

524 5908 798 5971 Psrnon.
852 5902 989 5964 VII.

1856 4560 1865 4567 _
1932 4487 2087 4546 Folio
2114 4486 2252 4543 191:
2286 4483 2505 4540 Οιιῖοιιιι
2537 4480 2785 4537 ΡιιιιιιΑΝι
2831 4480 2895 4535 de
2934 4477 3162 4550 Opificio
3193 4476 3294 4534 Dei
3343 4475 3481 4533 liber

1860 4600 1956 4641 vut
1981 4580 2209 4656 explicit.

1930 4694 2203 4753 Omissum
2258 4691 2510 4763 equidem
2567 4699 2653 4747 est
2707 4688 2793 4745 bis
2850 4688 2905 4745 in
2960 4686 3100 4746 locis
3158 4700 3476 4760 praenomen

1860 4790 2033 4848 Lucn.

1933 4907 2025 4965 Sic
2044 4907 2100 4961 in
2122 4906 2311 4960 codice
2325 4918 2653 4960 ms.numero
2677 4903 2843 4970 ιδϐι,
2862 4903 2932 4957 ad
2960 4904 3129 4960 linem
3153 4898 3298 4956 tertii
3325 4897 3473 4963 libri,

1860 5002 1933 5057 ita
1966 4998 2235 5070 legaszL.
2287 4996 2442 5051 Cum
2474 4994 2753 5056 FIRIIAM,
2806 4994 3020 5049 omisso
3066 4992 3328 5050 Lactantii
3381 5004 3483 5044 no-

1866 5098 2031 5149 tnine.
3058 5074 3060 5077 ’

1937 5187 1996 5243 ln
2037 5187 2146 5242 line
2184 5183 2328 5241 sexti
2368 5181 2492 5236 libri
2521 5191 2671 5236 extat
2710 5180 2988 5238 :Ctncunt
3038 5180 3285 5235 FlitllANl
3331 5172 3479 5229 Lsc-

1868 5294 2048 5335 nu'rn
2076 5276 2285 5345 explicit
2310 5273 2439 5329 liber
2466 5288 2523 5327 Vl
2551 5272 2613 5325 de
2642 5287 2760 5326 vero
2790 5270 2975 5328 Cultu.

1935 5388 2118 5444 Codex
2157 5384 2290 5440 3665
2315 5385 2396 5439 sic
2427 5384 2587 5438 liabet
2612 5401 2626 5436 :
2654 5383 2848 5453 Incipit
2874 5384 3008 5439 liber
3034 5379 3286 5435 FIBIUANI
3313 5376 3475 5432 lusti-

1866 5484 2119 5537 tutionum
2152 5479 2465 5532 divinarum.
2496 5478 2567 5532 At
2597 5476 2798 5545 legitur
2823 5476 2899 5531 ad
2928 5488 3080 5529 oram
3110 5470 3314 5526 codicis
3342 5470 3487 5524 litte-

1867 5580 1944 5631 ris
1982 5555 2326 5641 uncialib‘us:
2349 5569 2504 5625 Cum
2534 5568 2789 5624 FIBIIANI
2837 5567 2906 5620 de
2951 5562 3222 5635 Religione
3253 5568 3302 5615 et
3327 5559 3486 5618 rebus

1862 5667 2048 5722 diuinis
2073 5664 2141 5718 ad
2172 5661 2568 5717 Constantinum
2588 5659 2981 5724 imperatorem.

1944 5780 2000 5836 In
2039 5776 2145 5833 line
2170 5784 2347 5830 autem
2379 5773 2561 5843 primi
2594 5768 2724 5830 libri
2771 5767 3045 5836 scriptum
3079 5778 3167 5824 est
3194 5785 3209 5825 :
3236 5765 3301 5821 L.
3332 5760 3485 5819 Cum
