3950 6368
45 261 135 318 197

1231 252 1431 307 LIBER
1473 250 1560 304 DE
1600 246 1810 328 ΜΟΒΤ.
1836 247 2215 307 PERSECUT.

3258 257 3364 316 198

59 393 177 427 runt
233 375 385 430 cruci
419 373 624 442 alliin,
653 382 708 429 et
735 371 954 426 Paulum
988 367 1275 424 interfecit.
1338 367 1445 422 Nec
1473 376 1651 422 tamen
1680 364 1734 424 Δ
1759 361 1894 416 (Ῐιιοε
1933 362 2230 432 Prophetas
2276 366 2425 419 Viros
2453 378 2574 420 esse
2600 363 2888 420 translatos
2919 365 2973 420 in
3005 366 3190 423 ultima
3221 377 3357 426 tem—

45 470 220 522 nalmit
255 469 523 537 impune;
557 468 800 537 respexit
829 466 970 521 enirn
1001 465 1141 518 Deus
1172 463 1512 518 vexationem
1543 476 1642 530 po-

45 562 148 630 puli
177 561 285 615 sui.
369 559 627 629 Dejectus
656 561 830 629 itaque
859 555 1068 627 fastigio
1099 555 1341 626 imperii,
1386 569 1450 608 ac
1477 554 1643 609 devo—

46 655 182 707 lutus
228 668 258 705 a
311 667 531 706 summo
585 662 842 724 tyrannus
889 651 1198 719 impotens,
1247 663 1510 718 nusquam
1558 662 1647 704 rc-

45 754 205 815 pente
244 743 582 822 comparuit;
636 755 693 796 ut
738 759 803 797 ne
842 742 1130 812 sepulturze
1169 740 1384 810 quidem
1415 741 1565 794 locus
1591 741 1646 796 in

45 848 185 892 terra
219 847 329 892 tam
365 837 520 892 malae
553 836 742 892 bestia:
768 846 1071 906 appareret.
1148 833 1297 890 Unde
1343 834 1492 888 illum
1525 833 1643 904 qui-

45 933 170 988 dam
201 932 362 987 deliri
387 929 616 986 credunt
647 944 766 986 esse
795 929 1134 1006 translatum,
1177 943 1240 983 ac
1272 926 1446 982 vivum
1477 942 1656 984 reser-

45 1034 250 1090 vatum,
299 1022 507 1093 Sibylla
550 1021 767 1080 dicente
797 1020 1134 1076 matricidam
1161 1019 1443 1090 prologum
1473 1036 1502 1074 a
1535 1019 1654 1076 lini-

46 1117 148 1171 bus
177 1131 299 1172 esse
340 1127 667 1180 venturum;
720 1123 779 1168 ut
817 1114 939 1184 quia
974 1115 1180 1185 primus
1205 1125 1522 1184 persecutus
1547 1124 1654 1184 est,

47 1208 190 1263 idem
230 1207 395 1263 etiam
432 1206 761 1261 novissimus
809 1214 1198 1274 persequatur,
1243 1215 1300 1259 et
1342 1206 1655 1262 Antichristi

49 1300 330 1372 prtccedat
374 1298 688 1354 adventum.
767 1297 952 1368 Itaque
995 1296 1076 1353 fas
1120 1305 1203 1354 est
1230 1298 1473 1366 credere,
1518 1300 1657 1358 sicut

1754 468 1902 523 pora,
1933 463 2094 524 atque
2127 455 2336 510 initium
2361 453 2564 510 Christi
2587 465 2834 510 sanctum
2859 471 2923 514 ac
2944 459 3360 532 sempiternum,

1757 560 1881 601 cum
1922 544 2253 602 descendere
2297 548 2543 618 coeperit,
2567 548 2709 620 quod
2732 548 2951 620 Sibylla:
2975 549 3208 612 futurum
3229 567 3366 621 prae-.-

1756 638 2007 694 nuntiaut
2029 656 2042 692 :
2068 639 2258 696 eodem
2284 638 2445 693 modo
2467 639 2627 694 etiam
2656 638 2928 696 Neronem
2952 650 3240 704 venturum
3269 659 3366 713 pa.-

1757 738 1896 797 tant,
1918 741 1978 786 ut
2007 729 2529 812 praecursordiaboli
2557 746 2619 786 ac
2645 732 2872 800 praevius
2899 733 2965 790 sit
3000 733 3265 802 venientis
3296 735 3365 792 ad

1756 825 2115 882 vastationem
2160 834 2352 892 teme,
2385 830 2440 886 et
2480 821 2702 896 humani
2757 825 2973 896 generis
3001 827 3366 894 eversionem,

2520 1023 2606 1087 Ill.

1843 1210 1969 1264 Post
2004 1205 2170 1276 hunc,
2194 1202 2492 1280 interiectis
2515 1203 2719 1276 aliquot
2763 1204 2944 1278 annis,
2972 1205 3106 1274 alter
3129 1221 3236 1260 nou
3262 1204 3366 1270 ιῃί-

1762 1318 1864 1372 nor
1896 1311 2159 1371 tyrannus
2199 1308 2358 1360 ortus
2385 1306 2492 1370 est,
2519 1297 2610 1368 qui
2658 1312 2780 1360 ctnu
2807 1307 3088 1361 exerceret
3113 1299 3368 1367 iniustam

1412 1437 1774 1499 VARIORUM
1798 1437 2029 1496 ΝΟΤΕ.

61 1535 297 1592 Eusebio
327 1534 629 1593 addendum
658 1535 1064 1603 imperatorum;
1092 1531 1174 1586 vel
1207 1548 1239 1585 a
1268 1533 1538 1587 constituta
1564 1533 1666 1587 Ec-

62 1609 240 1663 clesia.
321 1608 718 1673 Praecesserat“
783 1605 928 1660 enim
990 1605 1246 1672 martyrio
1292 1603 1390 1660 SS.
1442 1604 1667 1662 Joannis

65 1652 346 1747 liaptistae:
608 1652 964 1744 ei-Stepbani,
990 1652 1103 1747 quo
1133 1652 1383 1744 iempore
1414 1691 1481 1730 ex
1508 1652 1667 1734 Actis
1696 1652 1743 1712 Β
1774 1652 2590 1747 ﬁngentibuscredendiuisque.

70 1746 190 1817 cap.
232 1765 326 1803 vni
379 1749 474 1802 fuit
502 1763 686 1815 magna
718 1747 1022 1816 persecutio
1050 1746 1420 1816 Jerosolymis.
1470 1747 1526 1801 In
1560 1765 1659 1804 ms.

73 1822 224 1874 (Lolli.
259 1837 356 1890 pro
386 1829 690 1890 persecutus.
725 1828 810 1890 est
841 1828 1165 1890 persecutos;
1193 1817 1469 1890 mendose.

153 1888 273 1946 Nec
300 1888 464 1945 tamen
509 1891 674 1944 habuit
715 1889 942 1958 impune.
1002 1889 1076 1943 lla
1125 1903 1226 1942 ms.
1271 1888 1425 1944 Colb.
1467 1890 1668 1960 habuit,

79 1974 133 2017 ut
166 1974 213 2015 ct
249 1963 382 2016 infra
414 1961 478 2015 ad
510 1962 708 2014 initium
740 1961 930 2028 Capitis
962 1960 1063 2026 50,
1106 1959 1195 2014 ubi
1242 1962 1441 2030 pariter
1470 1961 1667 2030 legitur

78 2036 127 2088 iu
160 2034 347 2088 eodem
383 2051 512 2094 ms.,
566 2032 736 2083 ltabttit
787 2034 1014 2098 impune.
1096 2031 1152 2084 In
1205 2033 1501 2099 posteriore
1551 2034 1668 2086 loco

78 2105 238 2159 mlitio
272 2104 584 2158 larisiensis
615 2119 702 2156 an.
736 2103 876 2158 1710
906 2113 960 2155 et
1006 2103 1054 2155 in
1099 2103 1278 2172 priore
1322 2104 1513 2170 priscae
1557 2105 1669 2158 edi-

82 2179 251 2230 tiones
298 2175 688 2229 subslitueruut
739 2174 893 2238 abiit;
943 2174 1036 2228 sed
1095 2189 1395 2241 perperam.
1469 2173 1672 2230 Eadem

84 2249 222 2300 enim
250 2247 515 2301 locutione
544 2246 706 2298 utitur
731 2244 1036 2298 Lactantius
1061 2245 1112 2298 iu
1140 2245 1387 2311 Epitome
1411 2262 1528 2314 cap.
1559 2247 1626 2298 ἲίδ
1654 2263 1669 2300 :

89 2319 196 2371 Nec
225 2319 360 2371 ullus
381 2318 586 2385 impune
614 2317 787 2369 habuit
817 2315 952 2383 quod
978 2315 1140 2368 Deum
1163 2317 1327 2379 la’sit;
1355 2327 1406 2370 et
1427 2333 1543 2384 cap.
1571 2317 1672 2373 55:

91 2389 192 2444 Cur
219 2391 418 2456 impune
449 2388 631 2440 habent
652 2387 907 2456 {Egyptih
933 2387 1020 2456 qui
1063 2390 1282 2457 pecudes
1325 2397 1371 2441 et
1399 2389 1561 2442 omnis
1588 2406 1674 2457 ge-

93 2461 220 2514 neris
248 2461 420 2514 bestias
451 2459 664 2512 colunt?
720 2458 933 2524 Habuit,
977 2474 1078 2514 vox
1111 2474 1192 2513 ρει
1223 2461 1362 2514 inter
1401 2459 1575 2514 lineas
1621 2462 1675 2516 in

92 2547 190 2586 nis.
220 2532 414 2593 addita,
449 2530 540 2584 sed
572 2529 756 2583 eadem
790 2531 945 2597 plane
974 2545 1154 2583 manu.

165 2601 394 2670 Respexit
425 2602 557 2654 enim
586 2601 720 2654 Deus
747 2601 1058 2654 vexationem
1097 2601 1276 2670 populi
1304 2602 1403 2654 sui.
1481 2601 1676 2658 Sueto-

93 2675 235 2727 nius:
289 2671 416 2726 Cum
447 2689 480 2724 α
510 2674 703 2725 Senatu
742 2671 880 2726 Nero
923 2682 1234 2737 quaereretur
1261 2673 1330 2726 ad
1372 2689 1593 2740 pa’nam,
1651 2691 1678 2729 α

94 2745 279 2813 palatio
312 2744 513 2812 fugiens
538 2785 550 2808 ,
600 2745 665 2794 ad
696 2751 933 2812 quartum
958 2741 1110 2796 Urbis
1139 2743 1437 2796 milliarium
1466 2744 1517 2797 in
1549 2745 1676 2798 sub-

93 2815 280 2868 urbano
313 2813 478 2868 liberti
501 2815 598 2876 sui,
627 2816 754 2866 inter
786 2813 1044 2868 Salariam
1069 2825 1116 2867 et
1149 2813 1525 2868 Numentanam
1547 2817 1682 2870 viam

94 2898 239 2940 semet
267 2888 502 2953 inter/irit
529 2903 662 2937 anno
687 2886 848 2937 (etatis
880 2902 982 2937 sua?
1003 2886 1090 2939 59..
1118 2886 1270 2950 Quod
1294 2887 1519 2954 contigit
1539 2904 1681 2941 anno

93 2959 284 3010 Christi
317 2973 502 3018 vam,
535 2957 622 3009 die
651 2957 684 3010 9
709 2956 870 3010 Junii.
931 2956 1190 3012 Torum).

169 3028 429 3102 Nusquam
463 3037 686 3102 Arepente
741 3029 1022 3095 comparuit
1044 3040 1199 3102 ,Actc.
1327 3031 1680 3102 Augustinus,

97 3101 159 3152 de
197 3101 420 3155 Civitate
462 3099 554 3167 Dei
611 3099 698 3152 lib.
753 3115 848 3164 ax,
898 3115 1014 3170 cap.
1063 3099 1172 3154 195
1218 3099 1472 3156 Nonnulli
1514 3103 1682 3170 ipsum

99 3171 358 3224 Neronem
413 3179 853 3235 resurrerturum,
895 3181 961 3240 ⁵οε
1007 3173 1231 3234 futurum
1285 3173 1684 3239 Antichristum;

101 3244 193 3294 Alii
220 3260 330 3295 vero
352 3259 444 3294 nec
467 3258 577 3294 eum
593 3242 812 3294 occisum
854 3252 1030 3309 putant
1049 3258 1065 3314 ,ξ
1090 3245 1178 3294 sed
1231 3246 1544 3298 subtractum
1590 3262 1684 3314 po-

102 3316 224 3379 tius,
269 3323 320 3366 ut
363 3322 629 3382 putaretur
667 3315 894 3374 occisus;
941 3323 987 3365 et
1017 3313 1183 3367 virum
1222 3317 1465 3370 occultari
1512 3318 1565 3370 in
1592 3313 1689 3368 ivi-

101 3402 214 3454 gare
238 3385 397 3454 ipsius
418 3385 585 3438 celatis
606 3384 657 3435 in
683 3401 781 3452 qua
811 3385 927 3453 fuit,
949 3395 1072 3436 'c-um
1102 3385 1387 3441 crederetur
1415 3387 1688 3454 extinctus,

102 3458 251 3528 donec
273 3472 363 3508 suo
396 3466 624 3528 tempore
665 3456 942 3528 reveletur,
989 3465 1034 3509 et
1056 3457 1347 3510 restituatur
1376 3460 1427 3511 in
1457 3475 1687 3528 regnum.

104 3527 227 3581 Fuit
258 3527 757 3600 illaiplororumque
787 3527 968 3594 opinio
1009 3533 1165 3580 tertio
1211 3531 1477 3599 etiamque
1500 3527 1692 3600 quarto

102 3600 313 3664 sreculo,
345 3598 613 3652 Neronem
647 3607 925 3651 venturum
952 3607 1074 3652 ante
1111 3601 1290 3654 szeculi
1321 3598 1499 3666 ﬁnem,
1521 3598 1587 3654 iet
1616 3601 1695 3668 ip-

106 3686 217 3723 sum
249 3672 332 3725 vel
365 3673 481 3723 fore
514 3667 899 3722 Antichristum
923 3711 937 3735 ,
989 3669 1076 3722 vel
1125 3669 1311 3724 iisdem
1364 3667 1694 3740 temporibus

107 3756 196 3809 per
222 3741 567 3796 Occidentem
591 3742 920 3805 sarviturum,
954 3741 1141 3809 quibus
1168 3741 1252 3795 ille
1279 3758 1373 3811 per
1391 3743 1691 3797 Orientem.

107 3814 232 3878 Qua:
274 3813 368 3865 fuit
407 3812 569 3868 etiam
601 3812 782 3879 opinio
820 3813 875 3866 S.
909 3811 1115 3864 Martini
1145 3811 1446 3869 Turonens.
1483 3823 1537 3868 et
1566 3813 1692 3868 Sul-

109 3886 208 3952 pic.
259 3883 472 3949 Severi,
518 3882 720 3951 Dialog.
750 3882 784 3934 2
813 3893 972 3952 atque
1012 3883 1256 3936 Historiae
1283 3886 1462 3940 Sacra}
1494 3885 1583 3940 lib.
1612 3902 1650 3941 tt
1679 3902 1692 3939 :

113 3955 210 4009 Sed
247 3956 461 4008 multum
508 3957 637 4006 mira
663 3961 771 4006 hwc
793 3954 1109 4022 apinantiunt
1138 3956 1500 4025 praesumptio,
1525 3956 1699 4025 inquit

113 4026 462 4091 Augustinus,
518 4026 635 4078 loco
683 4041 838 4092 supra
886 4027 1068 4079 citato.
1123 4026 1321 4080 Contra
1351 4026 1611 4083 Lactantii
1643 4037 1698 4081 et

113 4098 323 4164 Sulpicii
367 4098 678 4166 opinionem
713 4097 860 4162 l'acit,
914 4097 1054 4166 quod
1086 4112 1113 4150 a
1149 4099 1435 4154 Plutarcho
1467 4099 1700 4154 refertur

115 4169 163 4220 in
187 4169 302 4223 Vita
328 4168 548 4232 Galbae;
584 4168 814 4222 maxime
839 4183 968 4221 vero
996 4167 1136 4237 quod
1165 4170 1236 4220 ait
1261 4168 1571 4236 Suetonius,
1601 4170 1696 4224 lib.

116 4255 184 4305 vr,
227 4255 344 4308 cap.
387 4241 492 4294 50:
558 4237 850 4292 Funeratus
871 4249 944 4292 est
971 4241 1200 4308 impensa
1229 4242 1560 4294 dncmtorum
1584 4243 1701 4299 mil-

117 4311 251 4382 lium,
276 4311 520 4382 stragulis
545 4310 673 4364 albis
705 4327 830 4382 aura
853 4312 1074 4382 intextis,
1107 4309 1287 4379 quibus
1314 4328 1437 4364 usus
1473 4311 1698 4365 Kalend.

117 4380 348 4435 Januarii
377 4380 562 4450 fuerat.
628 4381 892 4451 Reliquias
929 4381 1150 4450 [Egloge
1193 4392 1238 4434 et
1265 4381 1578 4435 Alexandria
1606 4399 1699 4435 nuo

120 4455 258 4505 trices
286 4471 400 4507 cum
439 4454 562 4507 Acte
599 4454 877 4506 concubina
923 4453 1096 4522 gentili

123 4534 279 4577 mento
304 4525 657 4590 condiderunt,
707 4526 840 4590 quod
878 4523 1188 4592 prospicitur
1224 4540 1251 4576 e
1287 4540 1467 4594 campo
1509 4524 1699 4579 Martio

123 4595 405 4666 impositum
447 4596 577 4649 colle
617 4597 899 4650 hortorum.
968 4595 1034 4648 In
1067 4612 1123 4649 eo
1153 4606 1479 4649 monumento
1517 4597 1702 4650 solium

125 4667 454 4738 porphyretici
480 4669 747 4720 marmoris
778 4669 1085 4735 superstanti
1117 4666 1341 4721 Lunensi
1364 4685 1456 4721 ara
1480 4669 1702 4721 circum-
1738 4693 1751 4705 τ

125 4747 307 4808 septum
329 4749 399 4793 est
429 4740 598 4808 lapide
621 4738 825 4792 Thasio.
869 4739 1125 4792 TOINARD.

193 4807 317 4862 Tam
352 4810 503 4864 malta
545 4811 731 4864 bestiae.
795 4811 994 4864 Eadem
1029 4809 1296 4864 locutione
1324 4812 1487 4865 utitur
1524 4811 1591 4864 de
1623 4822 1706 4880 ty-

126 4882 302 4935 rannis
344 4883 586 4936 scribens
641 4883 772 4935 intra
819 4898 937 4948 cap.
981 4884 1033 4935 4.
1087 4880 1154 4934 Et
1181 4896 1300 4948 cap.
1335 4882 1387 4943 9,
1441 4882 1510 4936 de
1537 4882 1704 4936 Maxi-

130 4953 300 5005 miano
327 4953 574 5008 Galerio:
622 4952 797 5006 Inerat
820 4954 937 5006 huic
976 4953 1146 5006 bestiae
1172 4952 1422 5006 naturalis
1450 4953 1710 5006 barbaries

129 5031 169 5074 et
197 5025 399 5091 feritas;
449 5033 501 5079 et
538 5040 654 5095 cap.
696 5025 784 5088 16,
810 5026 902 5090 25,
928 5025 1018 5084 32,
1069 5025 1217 5095 59_et
1244 5023 1336 5080 5‘2.
1395 5025 1706 5077 Divinarum

130 5105 297 5149 autem
343 5096 573 5149 lnstitut.
605 5093 797 5166 ilihtv,
840 5111 957 5166 cap.
991 5097 1089 5149 H:
1143 5093 1249 5148 Illa
1271 5105 1344 5147 est
1374 5112 1489 5148 vero
1527 5095 1707 5160 bestia,

135 5175 232 5216 etc.
299 5167 363 5220 Et
405 5182 523 5235 cap.
556 5168 655 5219 ‘25:
707 5165 893 5220 Postea
916 5169 1291 5220 vindicaturum
1313 5168 1437 5219 sein
1460 5183 1542 5220 eos
1571 5169 1711 5220 Deus

134 5237 411 5301 pollicetur,
435 5249 478 5292 et
493 5240 942 5292 externainatur-um
957 5239 1136 5291 bestias
1152 5238 1314 5290 malas
1337 5239 1398 5290 de
1417 5248 1551 5291 terra
1571 5256 1588 5302 ;
1612 5252 1712 5293 nec

136 5320 233 5360 non
263 5309 352 5363 lib.
387 5326 437 5363 vr
468 5325 582 5378 cap.
615 5310 669 5364 9.
703 5310 918 5364 Belluas
946 5311 1106 5364 etiam
1132 5323 1227 5364 eos
1258 5310 1520 5374 notuinat,
1553 5309 1646 5362 lib.
1678 5323 1714 5362 v

135 5390 244 5447 cap.
280 5381 366 5445 ll,
399 5382 489 5434 lib.
521 5397 569 5433 γι
598 5395 644 5434 c.
677 5381 766 5434 17.

205 5450 381 5504 Deliri.
426 5453 520 5510 Ms.
554 5452 731 5506 deleri.

205 5517 420 5576 Credunt
448 5540 550 5577 esse
572 5524 876 5576 translatum
914 5538 976 5574 ac
1011 5521 1174 5575 vivum
1214 5531 1542 5580 reservatum.
1611 5520 1717 5578 [δας

140 5588 253 5664 bula
274 5634 288 5656 ,
346 5596 496 5663 cujus
528 5593 676 5664 origo
705 5610 812 5664 non
843 5592 1122 5664 obseura.
1173 5593 1358 5664 Plures
1389 5593 1530 5664 enim
1561 5606 1720 5664 pseu-

139 5659 426 5732 donerones
455 5659 634 5720 fuere:
679 5663 889 5718 Primus
912 5665 964 5716 in
991 5663 1160 5716 insula
1191 5662 1424 5732 Cythno,
1478 5661 1648 5715 Tacit.
1685 5677 1721 5716 η

87 5742 93 5749 ·
143 5729 321 5806 histor.
352 5752 468 5806 cap.
498 5738 564 5802 8;
611 5737 768 5798 alter,
817 5734 901 5789 cui
932 5747 1144 5806 nomen
1166 5729 1422 5806 Terentio
1454 5734 1716 5806 innxium,

147 5799 364 5863 Zonaras
399 5799 452 5864 iit
474 5799 623 5873 Tito;
654 5806 842 5863 tertius
868 5803 969 5859 sub
999 5803 1299 5860 Domitiano
1319 5845 1333 5870 ,
1365 5803 1547 5873 viginti
1570 5803 1724 5860 anilis

1142 4451 1479 4507 Domitiorum
1518 4469 1703 4506 monu-
1727 4447 1782 4506 Ι)
1812 4452 2105 4505 breviatum
2159 4451 2260 4520 legi

1772 1545 1895 1606 post
1921 1532 2151 1588 Neronis
2180 1540 2428 1606 mortem,
2481 1529 2694 1583 Sueten.
2726 1527 2920 1606 Neron.
2951 1540 3078 1606 extr.
3108 1530 3240 1584 Nam
3271 1547 3369 1585 ra-

1772 1602 1885 1661 rius
1937 1620 2100 1672 super
2163 1604 2310 1656 exitu
2339 1603 2456 1668 ejus
2489 1617 2693 1666 rumor,
2751 1602 2992 1672 pluribus
3031 1604 3211 1656 vivere
3247 1619 3373 1658 eum

1775 1676 2096 1727 linaerrtibus
2120 1673 2590 1727 credentilnisaue.
3089 1674 3223 1727 BUN.

3138 1690 3223 1728 UN.

1848 1719 2052 1818 gibylla
2076 1746 2290 1798 dicente.
2335 1745 2436 1818 _Si_c_
2473 1719 2636 1818 libros
2666 1742 2957 1818 Sibyllinos
2985 1745 3210 1818 laudare
3234 1744 3374 1818 solet

1771 1815 2103 1876 Lactantius.
2140 1816 2351 1886 tametsi
2386 1815 2505 1868 illos
2535 1816 2698 1868 sciret
2729 1831 2832 1869 non
2859 1816 3016 1886 unius
3043 1833 3162 1872 esse
3193 1816 3372 1886 Sibyl-

1773 1893 1860 1956 lae,
1894 1894 1990 1945 sed
2019 1888 2276 1957 plurium.
2333 1885 2406 1940 Ita
2438 1888 2552 1952 ipse
2581 1887 2674 1940 lib.
2705 1902 2720 1938 ι
2756 1888 2866 1939 Div.
2895 1885 3124 1942 lttstitttt.
3157 1885 3366 1957 capﬁti:

1774 1959 1838 2028 Et
1867 1971 1983 2015 sunt
2009 1956 2336 2027 singularum
2363 1957 2556 2025 singuli
2601 1957 2756 2011 libri:
2783 1960 2867 2026 qui
2895 1962 3014 2028 quia
3041 1956 3254 2028 Sibylla:
3281 1975 3371 2012 n0—

1773 2035 1907 2088 miue
1934 2031 2298 2094 inscribuntur,
2351 2031 2503 2080 unius
2528 2045 2633 2083 esse
2670 2034 2962 2083 creduntur.
3041 2031 3144 2094 Sed
3191 2041 3236 2083 et
3279 2047 3372 2082 nos

1776 2110 1987 2174 confuse
2003 2099 2525 2174 Sibyllamdicemus,
2545 2101 2718 2174 sicubi
2740 2103 3040 2174 testimoniis
3063 2118 3236 2156 earum
3260 2103 3373 2169 {ue-

1774 2180 1840 2228 rit
1863 2171 2192 2228 abutendum.
2265 2171 2326 2223 lli
2365 2171 2464 2223 loci
2510 2171 2756 2224 videnlur
2782 2188 2900 2226 esse
2927 2189 2988 2237 ex
3020 2173 3113 2228 lib.
3146 2189 3178 2236 γ
3223 2182 3277 2228 et
3320 2187 3373 2228 vx

1775 2247 2163 2314 Sibyllinorum
2188 2243 2550 2314 oraculorum.
2585 2242 2706 2314 Yid.
2736 2241 2857 2296 Not.
2887 2243 3069 2298 Baluz.

1853 2267 1866 2300 l
1893 2264 2163 2314 ’μιηοι-υηι
2188 2264 2550 2296 υηιειιιυγυιιι.
2595 2264 2706 2296 για.
2736 2264 2857 2296 “UE.
2887 2264 3069 2298 naruz.

1852 2264 1896 2370 [ἰ
1921 2315 2128 2384 ﬁnibus.
2193 2313 2546 2367 Doctissimus
2584 2313 2783 2368 Jauson
2831 2316 2898 2368 ab
2931 2314 3245 2372 Altneloven
3275 2314 3373 2370 atl-

1781 2389 2013 2444 dendum
2042 2400 2160 2440 esse
2188 2384 2261 2438 ait
2294 2395 2462 2453 terrae,
2495 2384 2636 2453 quod
2668 2385 2935 2441 excidisse
2968 2396 3135 2456 putat.

1854 2460 2220 2527 Persequatur.
2285 2456 2356 2509 lta
2387 2472 2488 2510 ius.
2523 2456 2841 2528 sedlitteris
2873 2459 3130 2512 breviatis
3157 2475 3170 2523 ;
3225 2457 3374 2528 quod

1787 2531 1980 2587 melius
2011 2529 2261 2582 convenit
2289 2543 2407 2579 cuni
2441 2527 2712 2596 pra'ccdat.

1863 2602 2046 2669 Itaque
2069 2604 2146 2668 fas
2170 2608 2240 2652 est
2270 2597 2491 2652 credere.
2541 2598 2614 2651 lla
2648 2600 2876 2667 restitui,
2923 2601 3164 2670 apprime
3192 2601 3379 2655 obser-

1781 2684 1904 2727 vata
1930 2670 2273 2738 Manuscripti
2320 2671 2584 2742 scriptura
2608 2711 2622 2736 ,
2683 2673 2730 2723 in
2770 2687 2876 2740 quo
2908 2677 2987 2741 fas
3011 2683 3214 2741 tantum
3243 2672 3376 2742 satis

1785 2755 1910 2815 apte
1942 2743 2164 2812 legitur;
2195 2741 2425 2815 spatium
2457 2757 2586 2815 vero
2620 2743 3137 2815 praecedirquinque
3167 2743 3250 2798 vel
3282 2759 3378 2800 sex

1784 2811 2120 2879 litterarum,
2177 2811 2320 2866 unde
2364 2813 2578 2883 reposui
2607 2815 2794 2881 itaque.
2860 2811 2983 2867 llaec
3012 2811 3112 2868 vox
3145 2815 3380 2883 spatium

1787 2887 2009 2958 implere
2033 2893 2267 2958 potest.)
2289 2883 2420 2936 Aliae
2445 2882 2707 2958 editiones
2741 2885 2954 2950 habent,
2988 2890 3133 2955 nefas
3167 2882 3237 2938 est
3273 2902 3382 2938 cre-

1787 2945 1927 3012 defe.
1979 2945 2085 3011 Sed
2134 2945 2292 3014 lectio
2335 2970 2494 3023 quam
2536 2957 2841 3024 sequimur,
2896 2945 2952 3010 in,
2996 2945 3143 3011 teittu
3181 2971 3379 3010 conso-

1788 3029 2002 3084 nantior
2033 3026 2161 3080 mihi
2199 3025 2410 3082 videtur
2449 3041 2572 3081 cum
2613 3041 2715 3082 ms.
2764 3038 2820 3082 et
2863 3042 2984 3082 cum
3033 3027 3382 3098 sequentibus

1789 3100 2026 3156 auctoris
2053 3099 2256 3153 verbis.

1861 3171 2024 3225 Duos.
2056 3185 2156 3224 ms.
2183 3169 2340 3222 habet
2361 3169 2510 3230 duas,
2533 3167 2624 3222 sed
2650 3169 2807 3224 male.

1863 3242 1932 3297 1η
1963 3242 2141 3296 ultima
2161 3251 2417 3309 tempora,
2464 3251 2617 3308 atque
2649 3241 2849 3296 initium
2874 3239 3082 3298 Christi.
3143 3241 3272 3308 Post
3299 3242 3383 3296 ul-

1793 3316 1917 3370 tinta
1943 3314 2129 3368 abrasa
2159 3322 2282 3366 sunt
2313 3311 2362 3365 in
2395 3325 2496 3368 ms.
2531 3312 2636 3364 duo
2661 3312 2854 3366 saltent
2885 3314 3064 3368 verba.
3123 3313 3226 3368 Sed
3258 3328 3384 3368 cum

1795 3388 2038 3454 inSpecta
2086 3384 2370 3453 diligenter
2416 3383 2677 3450 scriptura
2729 3383 2974 3450 legantur
3027 3395 3137 3444 tres
3184 3384 3388 3439 ultima:

1797 3458 1988 3512 litterae
2019 3457 2165 3512 vocis
2193 3465 2389 3526 atque,
2413 3464 2537 3508 tunc
2561 3455 2919 3523 supplendum
2945 3459 3126 3526 putavi
3157 3468 3389 3526 tempora

1795 3540 1962 3598 atque.
2008 3530 2076 3581 At
2101 3526 2207 3580 duo
2238 3525 2518 3598 Prophetas
2544 3543 2774 3598 quorum
2803 3527 2890 3581 hic
2911 3525 3137 3582 habetur
3159 3525 3386 3594 mentio,

1797 3596 1923 3664 sunt
1950 3599 2126 3654 Moses
2153 3606 2312 3666 atque
2344 3597 2508 3651 Elias.
2534 3628 2604 3637 —
2629 3596 2694 3652 In
2718 3598 2896 3651 ultima
3010 3601 3214 3654 initium
3240 3598 3390 3653 Chri-

1797 3671 1880 3725 sti.
1947 3667 2000 3723 ln
2032 3669 2214 3722 ultima
2246 3677 2425 3722 aetate.
2477 3666 2691 3721 Initium
2721 3667 2910 3723 Christi
2939 3671 3147 3727 videtur
3179 3671 3390 3727 initium

1803 3741 2251 3810 millenariicsse,
2276 3740 2417 3810 quod
2441 3739 2748 3794 Lactantius
2768 3743 2930 3796 variis
2953 3744 3084 3800 locis
3101 3743 3388 3808 adstrinxit.

1798 3811 1966 3868 Cum.
1987 3841 2055 3852 —-
2085 3808 2150 3864 In
2181 3808 2361 3863 ultima
2469 3811 2689 3864 initium.
2748 3813 2820 3866 lbi
2848 3813 2954 3867 duo
2982 3825 3076 3870 aut
3102 3815 3198 3867 tria
3225 3815 3390 3868 verba

1807 3885 1997 3938 abrasa
2045 3892 2198 3946 sunt,
2235 3890 2369 3936 teste
2397 3881 2613 3937 Nurrio.
2669 3882 2807 3938 Num
2837 3883 2904 3939 de
2935 3885 3243 3941 millenario
3277 3884 3392 3938 licet:

1802 3955 2152 4023 intelligenda
2184 3954 2320 4020 sint,
2352 3953 2646 4021 incertum,
2698 3955 2821 4023 quia
2852 3955 3002 4012 locus
3032 3972 3289 4020 mancus;
3337 3966 3394 4010 et

1811 4026 2018 4092 dubitat
2043 4025 2259 4080 Bauldr.
2293 4026 2414 4093 quia
2444 4028 2682 4094 sequitur
2707 4031 3087 4095 sempiternum.
3220 4027 3352 4084 Bun.

1878 4097 2028 4164 Quod
2072 4097 2284 4166 Sibylla:
2327 4101 2554 4167 futurum
2595 4099 2958 4167 prwuuntiant.
3013 4099 3140 4154 Post
3165 4099 3391 4168 σαξρεδ-ἣ,

1804 4167 1999 4221 desunt
2026 4170 2076 4222 in
2099 4184 2201 4221 ms.
2231 4167 2417 4223 decem
2439 4169 2651 4222 circiter
2670 4169 2881 4231 littera},
2898 4185 3065 4239 usque
3083 4169 3147 4232 ad
3167 4167 3253 4234 uni
3269 4187 3391 4238 pro-

1805 4241 2064 4293 nuntiant.
2099 4309 2102 4310 ν
2143 4240 2257 4310 llas,
2289 4240 2586 4310 existimavi
2628 4240 2864 4308 suppleri
2895 4255 3052 4310 posse
3082 4242 3162 4298 his
3193 4242 3392 4306 verbis,

1845 4327 1924 4364 uze
1961 4309 2216 4364 breviatis
2249 4309 2440 4368 litteris
2469 4309 2606 4366 istud
2638 4310 2870 4378 spatium
2905 4313 3114 4380 replere
3147 4321 3388 4379 possunt.

1845 4327 1924 4364 ure
1961 4327 2216 4364 urertaus
2249 4327 2440 4368 tuteris
2469 4327 2606 4366 istuu
2638 4327 2870 4378 spantnn
2905 4327 3114 4380 replere
3147 4327 3388 4379 possunt.

1805 4327 2027 4436 Caetera:
2055 4380 2322 4453 editiones
2352 4381 2548 4444 habent
2583 4383 2946 4450 pronuntiant,
3001 4385 3142 4453 quod
3174 4385 3394 4439 verbum

2344 4462 2483 4506 otcst
2531 4453 2899 4521 pramautiant.
2981 4456 3053 4510 De
3103 4455 3184 4512 his

3237 4469 3399 4524 porro

1749 4521 1752 4526 ’
1807 4522 2128 4596 Sibyllarum
2177 4521 2476 4592 prophetiis
2521 4525 2642 4580 vide
2685 4525 2774 4580 lib.
2819 4542 2890 4582 vn
2919 4526 3149 4586 lns'titut.
3177 4521 3298 4596 cap.
3331 4525 3400 4580 l5

1806 4609 1974 4658 usque
2004 4595 2068 4648 ad
2092 4596 2181 4650 20.

1881 4664 1948 4720 Ut
1974 4681 2281 4736 prtecursor,
2305 4675 2410 4720 etc.
2446 4665 2542 4722 Hic
2567 4666 2619 4728 in
2647 4682 2748 4726 ms.
2776 4667 2970 4737 legitur
2994 4669 3166 4728 solum
3199 4685 3395 4737 cursor,

1807 4746 1968 4806 atque
1994 4745 2118 4792 ante
2146 4753 2331 4792 vocem
2362 4740 2514 4793 istam
2550 4748 2656 4794 tres
2685 4748 2777 4794 aut
2805 4749 3034 4810 quatuor
3077 4741 3274 4797 desunt
3314 4740 3402 4794 lit-

1811 4818 1959 4873 tera),
1988 4823 2119 4877 quas
2145 4824 2242 4878 per
2273 4810 2420 4874 istas,
2456 4819 2508 4864 ut
2537 4826 2840 4879 prazcursor,
2868 4813 3262 4881 supplevimus,
3318 4812 3404 4866 vel

1810 4895 1905 4948 per
1929 4881 2014 4948 qui
2045 4896 2344 4948 prtccursor.

1887 4950 2111 5004 Humani
2135 4954 2350 5018 generis.
2396 4951 2450 5004 lo
2477 4965 2578 5005 ms.
2612 4952 3020 5010 desuntlitterte
3053 4952 3172 5018 duae
3202 4953 3404 5008 ultima:

1820 5021 2063 5096 Humani,
2095 5023 2392 5096 acqpriores
2419 5023 2538 5077 dum
2567 5025 2801 5094 generis:
2835 5024 3016 5096 itaque
3045 5039 3150 5087 non
3182 5024 3406 5079 dil'licile

1812 5097 1912 5149 luit
1940 5092 2004 5146 iis
2031 5093 2302 5161 supplere.

1886 5165 2108 5230 Aliquot.
2145 5165 2198 5217 In
2232 5179 2331 5218 ins.
2380 5164 2573 5235 legitur
2597 5165 2828 5235 aliquod,
2857 5167 2996 5236 quod
3030 5175 3266 5230 erratum
3297 5165 3408 5222 fre-

1815 5252 1986 5309 quens
2006 5247 2089 5290 est
2116 5236 2167 5291 in
2200 5236 2448 5309 eolibro.

1888 5309 2030 5361 Alter
2068 5323 2171 5360 non
2221 5308 2386 5360 minor
2441 5318 2687 5377 tyrannus
2735 5317 2876 5361 ortus
2905 5318 2997 5361 est.
3051 5308 3204 5364 Ortus
3233 5319 3332 5375 est,
3356 5308 3410 5366 id

1822 5390 1928 5445 est,
1964 5381 2231 5447 imperare
2262 5379 2467 5447 etrapit;
2527 5379 2877 5444 Domitianus.
2912 5380 3191 5440 duodecim
3231 5378 3413 5436 Causa-

1818 5465 1935 5504 rum
1960 5452 2547 5517 postremus.'l'ormnn.
2574 5480 2645 5491 ——-
2677 5451 3008 5508 Domitianus
3057 5449 3244 5506 Calvus
3268 5450 3414 5505 Nero

1821 5521 1998 5575 dictus
2023 5536 2050 5572 a
2069 5520 2351 5586 Juvenale,
2382 5537 2539 5592 quem
2570 5522 2932 5592 Tertullianus
2963 5523 3012 5576 iu
3041 5524 3415 5592 Apologetico,

1823 5608 1872 5646 c.
1907 5593 1961 5658 5,
1991 5600 2146 5645 vocat
2173 5592 2455 5659 portionem
2474 5591 2696 5652 Neronis
2717 5592 2770 5644 in
2791 5591 3131 5656 crudelitate;
3161 5591 3412 5652 et’Euse4

1828 5663 1964 5726 hius,
1993 5662 2049 5733 1.,
2085 5678 2138 5715 Ill
2181 5662 2316 5715 Hist.
2350 5662 2567 5733 eccles.,
2610 5678 2660 5717 c.
2695 5663 2760 5715 l7
2789 5679 2800 5711 :
2837 5661 3149 5717 Neroniame
3173 5664 3409 5733 impieta-

1828 5735 1890 5789 tis
1910 5744 1957 5788 et
1987 5732 2090 5785 odii
2121 5733 2359 5788 adversus
2388 5730 2554 5784 Deum
2591 5747 2957 5791 successorem.
2984 5734 3183 5788 BALUZ.

1902 5804 2174 5874 Injustaut.
2201 5803 2288 5858 Sic
2319 5811 2493 5872 potest
2538 5802 2640 5871 legi
2671 5802 2726 5858 in
2752 5815 2878 5870 ms.,
2906 5811 3116 5860 caetera:
3145 5803 3412 5866 editiones
