3950 6368
97 285 204 342 2θ1
1286 279 1486 337 LIBER
1530 278 1617 335 DE
1659 268 1868 335 MORT.
1914 275 2300 336 PEllSECUT.
3317 298 3425 354 202

98 417 230 459 rere
259 403 520 472 protinus
545 411 736 459 contra
776 402 943 458 Deum
991 400 1177 471 coepit,
1205 407 1262 454 ut
1290 397 1538 468 protinus
1559 394 1722 452 cade-
1748 399 1806 456 A
1832 391 1928 448 Dei
1956 407 2173 466 semper
2213 395 2431 466 dignam
2459 399 2668 456 scelere
2697 415 2798 457 suo
2824 403 3070 476 recipere
3097 412 3425 469 mercedem.

95 501 209 549 ret.
236 493 377 550 Nam
404 496 682 566 prolectus
706 495 964 552 adversus
991 492 1214 565 Carpos,
1245 493 1472 562 quitum
1504 488 1719 544 Daciam
1826 483 1925 538 llic
1952 495 2143 555 captus
2163 502 2192 541 a
2222 487 2424 555 Persis.
2455 507 2561 547 non
2591 494 2755 550 modo
2779 496 3086 569 imperium,
3119 518 3227 572 quo
3254 506 3431 562 fuerat

97 586 470 660 Messiamque
513 598 932 660 occupaverant,
981 586 1271 657 statimque
1321 585 1720 641 circumventus
1823 576 2128 634 ίηεοιεηιεν
2154 595 2302 646 usus,
2334 582 2431 638 sed
2472 585 2635 640 etiam
2669 587 2996 655 libertatem,
3026 608 3186 663 quam
3213 601 3425 654 caeteris

97 695 132 736 ε
162 681 440 748 barbaris,
471 693 528 739 ει
581 699 706 740 cum
757 698 946 754 magna
1007 681 1280 738 exercitus
1312 688 1462 750 parte
1484 679 1715 744 deletus,
1819 669 2121 740 ademerat,
2157 673 2412 741 perdidit,
2445 677 2684 749 vixitque
2714 679 2768 735 iii
2798 683 3061 740 servitute
3091 689 3424 757 turpissime.

99 787 205 830 nec
230 775 522 844 sepultura
547 774 765 846 quidem
792 775 966 846 potuit
989 772 1246 829 honorari
1273 789 1285 826 :
1316 772 1414 827 sed
1435 780 1631 826 exutus
1652 785 1718 824 ac
1818 762 1952 818 Nam
1995 762 2110 820 Rex
2148 765 2431 823 Persarum
2460 769 2656 840 Sapor,
2706 772 2753 828 is
2797 776 2889 846 qui
2930 793 3054 832 eum
3102 793 3350 850 ceperat,
3379 783 3428 840 si

97 865 309 936 nudus,
341 876 400 923 υι
429 868 642 924 hostem
666 869 760 925 Dei
780 867 1082 939 οροι-ιθιηι,
1102 866 1356 939 pabulum
1378 863 1508 922 feris
1531 879 1595 920 ac
1623 880 1717 920 vo.
1815 857 2032 926 quando
2052 858 2267 915 libuerit
2293 871 2386 915 aut
2404 863 2706 919 vehiculum
2737 869 3058 936 ascendere,
3083 883 3176 927 aut
3198 891 3424 946 equum,

100 961 354 1020 mnibus
378 964 570 1034 iacui“
1824 949 2084 1005 inclinare
2113 951 2217 1006 sibi
2268 952 2571 1009 Romanum
2599 956 2845 1026 jttbebat,
2877 975 2941 1015 ac
2969 970 3118 1034 terga
3157 968 3424 1035 praebere,

1823 1050 1879 1097 et
1903 1042 2161 1113 imposito
2207 1044 2340 1114 pede
2390 1060 2554 1116 supra
2583 1050 2804 1104 dorsum
2847 1051 2985 1122 ejus,
3023 1055 3152 1112 illud
3181 1073 3306 1114 esse
3335 1075 3430 1116 ve-

1821 1149 1942 1190 rum
1991 1135 2208 1192 dicebat
2253 1138 2538 1209 (triumphi
2585 1140 2778 1214 genus)
2821 1147 3155 1214 exprobrans
3201 1152 3248 1204 ei
3299 1165 3424 1207 cum

1821 1231 1952 1296 risu,
1986 1247 2092 1286 non
2125 1233 2266 1303 quod
2297 1234 2347 1287 in
2385 1234 2580 1290 tabulis
2609 1245 2701 1292 aut
2730 1238 3022 1307 parietibus
3050 1240 3278 1298 Romani
3309 1245 3428 1315 pin-

1819 1334 2028 1395 gerent.
2076 1326 2148 1380 lta
2182 1328 2273 1382 ille
2319 1327 2638 1398 dignissime
2685 1330 3083 1402 triumphatus,
3115 1334 3428 1406 aliquandiu

105 1429 165 1476 et
187 1421 442 1488 multum,
474 1421 722 1492 quamvis
765 1420 914 1476 brevi
945 1430 1223 1490 tempore,
1261 1419 1391 1489 justi
1437 1418 1716 1490 sanguinis
1822 1417 1974 1483 vixit,
2025 1427 2083 1472 ut
2110 1417 2202 1472 diu
2245 1419 2486 1475 barbaris
2530 1418 2835 1477 Romanum
2872 1438 3069 1480 nomen
3102 1426 3334 1484 ludibrio
3363 1446 3430 1485 ac

109 1511 272 1567 fudit.
303 1511 377 1568 At
405 1512 554 1568 illum
586 1513 728 1573 Deus
755 1526 895 1566 novo
923 1526 988 1566 ac
1016 1510 1276 1582 singulari
1302 1525 1477 1582 poenae
1514 1525 1717 1582 genere
1822 1509 2021 1567 derisui
2049 1521 2215 1569 esset.
2250 1512 2428 1568 Etiam
2461 1512 2567 1569 hoc
2591 1514 2640 1569 ei
2660 1516 2891 1572 accessit
2919 1517 2986 1572 ad
3019 1533 3258 1588 ptenam,
3283 1523 3428 1591 quod

111 1602 339 1674 affecit,
376 1612 434 1660 ut
470 1611 619 1661 esset
671 1605 903 1674 posteris
943 1603 1352 1671 documentum,
1385 1603 1723 1661 adversarios
1751 1598 1799 1660 B
1826 1621 1947 1662 cum
1977 1605 2142 1662 lilium
2172 1607 2398 1665 haberet
2417 1608 2828 1680 Imperatorem,
2857 1613 3184 1682 captivitatis
3209 1629 3321 1670 suae
3347 1626 3428 1672 ta-

886 1094 956 1152 V:

177 1231 302 1290 Non
339 1232 513 1289 multo
552 1241 675 1304 post
711 1230 1028 1288 Valerianus
1050 1245 1266 1303 quoque
1317 1245 1422 1287 non
1465 1229 1716 1286 dissimili

104 1323 296 1384 furore
321 1337 630 1399 correptus,
663 1327 856 1397 impias
894 1339 1086 1382 manus
1110 1324 1164 1380 in
1197 1325 1365 1380 Deum
1395 1325 1712 1392 intentavit;

1479 1763 1841 1840 VARIORUM
1883 1782 2115 1840 noras.

200 1946 474 2016 Profectus
497 1945 733 2000 adversus
745 1942 963 2014 Carpos,
980 1943 1066 2016 qui
1082 1952 1188 1998 tum
1207 1941 1425 2016 Daciam
1454 1942 1716 1998 Meesiam-

123 2035 222 2086 que
249 2015 641 2088 occupaverant,
664 2027 772 2072 etc.
803 2016 1011 2088 Carpos
1040 2015 1094 2088 iAn
1129 2017 1256 2088 hoc
1283 2015 1543 2088 Lactantii
1577 2017 1716 2082 loco,

123 2085 368 2146 Francos
382 2085 440 2144 in
466 2089 732 2144 Chronico
754 2087 1022 2151 Pascliali,
1037 2085 1200 2142 Getas
1216 2087 1333 2142 sive
1350 2085 1557 2142 Gothos
1578 2088 1719 2157 apud

120 2161 472 2225 Jornandem,
503 2171 558 2215 et
581 2159 812 2231 Scythas
839 2160 977 2229 apud
1007 2157 1568 2231 Zozimutn_,_reosdem
1599 2174 1721 2214 esse

125 2234 358 2288 ostendit
404 2233 475 2286 du
526 2227 760 2301 Cangius
814 2227 889 2285 in'
925 2231 1088 2297 notis,
1119 2245 1171 2299 p.
1230 2227 1335 2286 547
1365 2231 1430 2284 ad
1459 2229 1717 2286 Chronic.

125 2303 321 2361 Pasch.
352 2303 614 2359 Tomtum.

198 2375 471 2430 Adversus.
502 2374 558 2428 ln
591 2388 718 2437 ms.,
749 2374 986 2426 aduersu.

201 2444 412 2516 Carpos.
443 2445 680 2516 P0pulos
725 2443 1210 2500 transdanubianos
1239 2459 1304 2500 ex
1358 2443 1592 2499 Ptolom.
1627 2454 1719 2499 aut

127 2517 332 2581 Gallos,
358 2517 510 2587 juxta
532 2516 859 2571 Cedrenum.

196 2587 406 2644 Deletus
424 2629 441 2657 ,
471 2604 563 2643 nec
604 2587 867 2656 sepultura
894 2587 1092 2656 quidem
1122 2587 1285 2657 potuit
1314 2587 1576 2642 honorari.
1617 2588 1718 2642 Pro

125 2676 237 2724 nec,
261 2656 478 2714 mallem
509 2675 612 2714 ne:
634 2661 712 2713 sic
735 2674 916 2728 supra,
946 2673 1066 2730 cap.
1095 2656 1202 2714 Ἠ.
1240 2656 1309 2713 Ut
1348 2677 1408 2714 ne
1445 2659 1720 2730 sepultura:

123 2731 325 2801 quidem
349 2732 588 2785 locus....
622 2739 908 2801 appareret.
943 2729 1086 2784 Decii
1125 2745 1316 2785 necem
1363 2731 1552 2784 ultioni
1579 2747 1716 2800 quo-

124 2799 230 2873 que
254 2802 451 2857 divitia:
473 2799 716 2856 tribuunt
744 2799 1220 2873 Cyprianusinitio
1250 2802 1370 2855 libri
1401 2802 1468 2856 de
1503 2799 1717 2872 Lapsis,

124 2871 180 2929 et
206 2874 274 2928 ad
308 2874 729 2937 Demetriauum,
765 2886 864 2926 nec
891 2887 994 2925 non
1022 2871 1379 2943 Hieronymus
1404 2875 1456 2927 in
1488 2871 1716 2927 Zachar.

123 2959 232 3000 xw.
265 2944 415 3000 Inter
448 2946 665 3014 paludes
692 2943 833 2998 enim
864 2945 1057 3011 victus,
1085 2957 1206 2998 cum
1235 2946 1475 2999 exercitu
1510 2945 1720 3000 deletus

126 3024 226 3080 est,
270 3033 338 3072 ex
370 3015 591 3070 Aurelio
625 3016 855 3069 Victore.

202 3070 502 3142 Utvhostem
540 3087 634 3140 Dei
665 3089 943 3156 apartebat.
979 3086 1204 3141 Locutio
1234 3085 1600 3152 Lactantiana,
1624 3086 1721 3143 lib.
1750 3070 1796 3134 Ο

128 3159 196 3214 de
221 3159 302 3213 lra
332 3159 452 3222 Dei,
480 3173 598 3227 cap.
633 3158 700 3212 I9
727 3175 739 3210 :
765 3157 827 3211 Si
856 3168 930 3212 est
959 3159 1220 3229 providus,
1247 3168 1300 3212 ut
1321 3167 1516 3227 oportet
1541 3158 1722 3215 Deunt.

133 3230 436 3300 Utrobique
472 3229 660 3299 supple
685 3244 811 3300 esse.

204 3299 524 3356 Non’multo
575 3311 686 3369 post
742 3299 1058 3355 Valerianus.
1107 3303 1234 3356 Post
1282 3311 1486 3370 septem
1532 3317 1721 3356 annos.

130 3371 261 3429 Nam
285 3387 437 3427 anno
464 3371 662 3427 Christi
683 3371 788 3425 257
817 3373 1009 3438 saeviit,
1039 3373 1249 3442 imperii
1277 3377 1356 3426 sui
1381 3373 1435 3426 5.
1464 3373 1722 3428 Tomaan.

202 3445 332 3499 Mira
359 3453 509 3508 sunt,
540 3459 658 3514 quae
681 3443 750 3498 de
780 3445 1042 3498 modestia
1076 3460 1138 3497 ac
1174 3445 1605 3506 mansuetudine,
1637 3463 1725 3500 re-

131 3516 402 3587 liquisque
449 3516 678 3570 summis
731 3514 994 3587 Valeriani
1038 3515 1327 3570 virtutibus
1381 3517 1542 3569 tradit
1592 3515 1725 3571 Tre-

134 3585 328 3643 bellius
357 3586 535 3641 Pollio
566 3605 577 3640 :
601 3601 720 3656 quae
745 3585 1132 3641 conﬁrmantur
1175 3588 1335 3640 etiam
1371 3588 1440 3640 ab
1466 3588 1720 3654 Eusebio,

133 3659 225 3729 qui
253 3659 347 3715 lib.
383 3673 458 3712 vn
489 3657 624 3712 Hist.
660 3657 890 3724 Eccles.,
924 3673 1043 3728 cap.
1087 3657 1185 3723 10,
1217 3657 1365 3711 illum
1414 3658 1498 3713 vel
1547 3675 1613 3714 ex
1661 3674 1729 3715 eo

135 3732 368 3785 maxime
392 3729 752 3786 commendat.
782 3729 922 3798 quod
957 3729 1441 3796 mansuetissimus,
1481 3745 1543 3784 ac
1575 3733 1728 3786 beni-

133 3802 427 3870 gnissimus
469 3800 628 3854 fuerit
653 3814 779 3870 erga
817 3799 1184 3866 Christianos;
1210 3800 1482 3871 additque,
1516 3802 1722 3856 nullum

131 3875 472 3944 superiorum
531 3872 861 3944 Principum,
909 3887 976 3927 ne
1016 3873 1136 3928 illos
1165 3872 1381 3942 quidem
1397 3872 1607 3944 ipsos,
1637 3873 1728 3944 qui

131 3941 306 4014 palam
338 3944 630 3998 Christiani
680 3942 844 3998 fuisse
886 3941 1351 4009 dicuntur,’tanta
1397 3941 1727 4000 humanitate

131 4030 195 4070 ac
233 4015 608 4071 benevolentia
657 4025 870 4068 nostros
909 4015 1246 4084 complexum
1289 4029 1442 4081 esse,
1473 4025 1726 4084 quantam

132 4085 455 4142 Valerianus
486 4102 596 4155 prie
626 4100 685 4139 se
713 4085 914 4157 ferebat
944 4087 1094 4140 initio
1125 4087 1456 4157 principatus
1503 4089 1606 4149 sui,
1640 4097 1726 4142 to-

130 4165 345 4228 tamque
375 4154 496 4226 ejus
543 4157 796 4212 fatniliam
836 4154 1160 4213 Christianis
1206 4154 1512 4212 hominibus
1557 4161 1727 4212 abun-

131 4229 309 4292 dasse.
343 4231 418 4284 ita
451 4239 508 4283 ut
530 4229 623 4284 Dei
655 4228 891 4282 Ecclesia
920 4242 1041 4283 esse
1071 4231 1364 4283 videretur.
1397 4229 1502 4284 Sed
1540 4239 1728 4298 postea

132 4299 456 4355 immensum
509 4311 744 4354 tnutatus
785 4301 854 4355 ab
899 4300 1018 4367 illo,
1059 4299 1433 4355 crudelissime
1475 4302 1646 4352 smviit
1675 4303 1726 4354 in

131 4370 498 4433 Christianos;
529 4386 594 4426 ac
627 4387 751 4426 mox
794 4381 976 4428 secuta
1021 4373 1112 4427 Dei
1161 4386 1372 4432 manus,
1415 4386 1534 4439 qua:
1576 4371 1726 4426 illum

133 4445 365 4512 graviter
395 4443 606 4498 afﬂixit.
639 4444 710 4499 ΒΑ
720 4459 838 4498 LUZ.

204 4514 270 4568 In
296 4514 482 4569 Deum.
512 4515 633 4580 Ms.,
669 4516 733 4568 In
759 4513 889 4570 Deo.

210 4584 400 4640 Preme.
433 4586 556 4654 M5,,
597 4587 771 4653 Pene;
801 4603 864 4642 ac
903 4585 1024 4642 ideo
1071 4585 1335 4643 Heuman.
1370 4586 1516 4658 legit,
1552 4587 1729 4658 singu-

138 4657 246 4729 lari
265 4674 476 4725 prorsus
502 4675 663 4729 paena:
687 4675 885 4728 genere.
1237 4665 1240 4668 ’

210 4728 277 4784 Ut
304 4739 431 4784 esset
470 4728 682 4799 pesteris
711 4731 1086 4784 documentum.
1133 4729 1264 4785 Vide
1302 4746 1462 4800 supra
1509 4746 1630 4799 cap.
1662 4730 1728 4793 1.

139 4797 418 4854 Distulerat
441 4797 611 4869 plenas
636 4818 811 4855 eorum
843 4801 998 4868 Deus,
1046 4811 1101 4856 ut
1127 4803 1292 4856 ederet
1341 4797 1392 4856 in
1431 4819 1515 4855 eos
1545 4797 1731 4871 magna

137 4880 183 4923 et
211 4871 467 4927 mirabilia
493 4876 742 4944 exemitla,
769 4874 950 4940 quibus
982 4876 1169 4944 posteri
1198 4875 1463 4938 discerent,
1495 4883 1541 4926 et
1567 4872 1734 4926 Deum

139 4957 243 5015 esse
259 4960 444 5015 unum,
473 4953 520 4998 et
541 4945 770 4999 eumdem
797 4945 1046 4998 vindicem
1070 4946 1226 5015 digna
1266 4946 1496 4999 videlicet
1525 4945 1734 5012 suppli-

141 5013 220 5066 cia
239 5014 422 5088 impiis
450 5033 510 5069 ac
539 5017 940 5088 persecutoribus
964 5013 1223 5088 inrogare.

213 5085 547 5160 Adversarios
586 5085 685 5142 Dei
719 5103 914 5158 semper
942 5085 1152 5160 dignam
1184 5085 1490 5160 scelerehsuo
1517 5086 1738 5155 recipere

145 5159 442 5211 mercedem.
471 5159 706 5244 Semper,
739 5158 1108 5244 ita-ms..legit,
1134 5158 1184 5213 id
1215 5168 1319 5223 est,
1350 5158 1582 5244 dignatn‘
1600 5172 1737 5212 sem.

147 5241 242 5295 per
261 5243 360 5283 suo
385 5228 589 5284 scelere
611 5231 913 5286 mercedem
940 5228 1034 5286 Dei
1057 5235 1237 5286 hostes
1259 5232 1518 5298 recipere.
1539 5228 1742 5296 Quam-

101 5331 107 5336 -
149 5298 367 5372 visnon
398 5300 472 5372 de
491 5303 739 5357 omnibus
783 5303 1214 5372 persecutoribus
1244 5313 1364 5371 agat
1409 5301 1739 5366 Lactantius,

153 5369 250 5443 sed
279 5370 349 5425 de
370 5371 570 5443 multis,
593 5389 728 5443 quos
764 5369 994 5442 posteris
1025 5376 1078 5428 in
1105 5369 1530 5443 dignae—ultionis
1561 5387 1744 5443 exem-

155 5441 298 5512 plum
331 5441 598 5498 adducere
614 5441 700 5498 ira
729 5441 905 5498 divina
940 5445 1125 5498 voluit.
1165 5441 1268 5499 Pro
1304 5460 1500 5512 semper
1529 5442 1740 5512 antiqui

158 5509 285 5584 editi
319 5513 503 5583 legunt
537 5531 689 5584 stupe,
722 5525 908 5569 contra
949 5515 1106 5570 ﬁdem
1145 5530 1245 5568 IIIS.

232 5582 369 5647 Quo.
385 5582 517 5652 ’Ms.,
549 5582 719 5652 Quod.

233 5655 426 5723 Sapor,
450 5656 494 5708 is
522 5659 604 5717 qui
621 5673 736 5709 eum
757 5665 976 5722 ceperat.
1009 5656 1083 5710 Ita
1110 5671 1242 5711 mss.
1270 5656 1465 5711 Prisca:
1487 5655 1751 5711 editiones

165 5724 362 5780 habent
389 5726 632 5794 Sapores,
664 5728 785 5793 qui;
829 5729 986 5781 male.

238 5795 498 5852 lnclinare
522 5797 616 5853 sibi
643 5798 951 5854 Romanum.
987 5796 1102 5852 Non
1126 5797 1372 5852 stratoris
1393 5796 1626 5854 cilicium
1657 5809 1756 5851 ex-

652 5893 929 5954 Ριτιιοι.
975 5891 1090 5952 νη

1827 1944 2044 2030 bibebat
2073 1945 2626 2030 Sap‘oriHValerianus
2655 1965 2669 2002 ε
2695 1949 2791 2005 sed
2823 1950 2981 2021 plane
3024 1955 3196 2010 vicem
3239 1969 3426 2030 stupe-

1823 2016 2051 2096 dishant
2080 2018 2344 2096 scalzeilli
2379 2019 2433 2096 in
2464 2034 2664 2096 equum
2694 2016 2990 2096 ascensura
3031 2016 3342 2096 praestabat:
3368 2016 3428 2089 ut

1823 2087 2094 2174 colligitur
2129 2089 2376 2174 epit-clis
2401 2089 2458 2144 S.
2488 2087 2664 2174 Potitii
2707 2091 2974 2174 Martyris,
3014 2087 3132 2174 cap.
3167 2099 3238 2154 24
3269 2119 3281 2154 :
3325 2087 3428 2174 Va;

1824 2158 2050 2234 lerianus
2089 2160 2280 2234 scilicet
2311 2159 2604 2229 Imperator
2627 2162 2681 2234 in
2708 2158 3048 2234 captivitatem
3076 2158 3304 2226 ductusa
3325 2158 3430 2229 8a-

1825 2246 1968 2304 pere,
1994 2231 2130 2301 Rege
2159 2228 2458 2304 Persarum,
2487 2249 2590 2286 non
2610 2228 2808 2304 gladio,
2832 2242 2922 2290 sed
2945 2239 3169 2292 ludibrio
3194 2228 3430 2301 omnibus

1824 2301 2002 2385 diebus
2031 2306 2146 2356 vita:
2169 2317 2278 2385 sui:
2315 2303 2494 2385 merita
2520 2301 2628 2374 pro'
2646 2307 2795 2375 factis
2819 2313 3082 2385 percepit;
3111 2313 3180 2364 ita
3211 2324 3265 2368 ut
3292 2333 3427 2385 quo-

1824 2374 2171 2450 tienscumque
2198 2372 2310 2428 Rea:
2335 2372 3092 2450 Sapor'equumrconscendere
3131 2372 3428 2450 vellet,'non

1824 2445 2059 2530 manibus
2085 2447 2240 2526 ejus,
2283 2446 2370 2498 sed
2400 2448 2662 2530 incurvato
2707 2449 2977 2530 dorso,__et
3021 2454 3070 2506 in
3101 2445 3294 2510 ceruice
3317 2460 3432 2530 ejus

1828 2515 1968 2600 pede.
1983 2518 2170 2598 posito,
2198 2517 2578 2600 equo‘membra
2609 2519 2818 2600 locaret.
2857 2522 3248 2600 _Similia_tradit
3276 2515 3430 2600 litigo

1827 2585 2185 2667 Eloriacensis
2234 2589 2286 2667 in
2333 2589 2600 2667 Chronico
2638 2608 2653 2642 :
2697 2588 2998 2667 lLalerianus
3042 2595 3140 2650 Dei
3187 2585 3432 2667 praesidio

1827 2659 2118 2736 destitutus,
2150 2675 2182 2736 ᾳ
2222 2657 2360 2736 Rege
2399 2657 2676 2736 Persarum
2714 2661 2914 2733 Sapore
2961 2657 3235 2736 captus..'..
3267 2670 3431 2726 donec

1827 2730 1973 2806 vixit,
1999 2730 2364 2806 hancinfamis
2391 2731 2540 2801 ofﬁcii
2573 2747 2774 2802 paruam
2791 2730 2999 2806 ’sernper
3025 2730 3159 2802 tulit,
3192 2749 3248 2793 ut
3273 2743 3430 2796 accli-

1824 2802 1906 2873 nis
1934 2801 2074 2854 humi
2105 2799 2292 2872 Regem
2321 2799 2670 2867 escensurum,
2701 2820 2806 2858 non
2830 2799 3008 2873 manu,
3046 2809 3136 2862 sed
3146 2799 3317 2866 'dorso
3351 2823 3430 2867 at-

1827 2871 2045 2926 tolleret.
2084 2871 2279 2928 BALUZ.

1902 2943 2210 2998 Romanum.
2238 2945 2293 2998 lit
2321 2958 2449 3008 ms.,
2479 2943 2800 3014 Romanam;
2829 2948 3104 3006 mendose.

1903 3015 2168 3086 Imposito.
2194 3015 2250 3070 In
2283 3031 2385 3086 ms.
2420 3015 2692 3085 imposita;
2730 3019 2889 3074 male.

1904 3085 2078 3156 Supra
2099 3088 2326 3141 dorsum.
2362 3085 2433 3139 lta
2468 3103 2590 3153 ms.,
2626 3089 2719 3143 sed
2749 3090 3007 3147 breviatis
3034 3092 3246 3150 litteris.
3279 3097 3428 3156 llanc

1832 3157 2112 3213 historiam
2132 3159 2475 3213 Heumannus
2503 3159 2553 3212 in
2581 3160 2801 3230 dubium
2829 3173 3063 3230 revocat.
3087 3166 3283 3222 Priscae
3311 3170 3429 3226 edi-

1831 3231 2012 3304 tiones
2033 3230 2230 3284 habent
2253 3245 2556 3304 _super.:—
2581 3229 2829 3304 Imposito
2864 3229 2998 3303 pede
3025 3252 3181 3304 super
3216 3240 3430 3296 donum

1829 3304 1960 3382 ejus.
1994 3301 2047 3382 In
2076 3317 2208 3382 mss.
2243 3299 2440 3382 Supra.
2465 3299 2691 3382 Nitrrius
2718 3299 2890 3382 :_Quis
2922 3299 3181 3382 unquam,
3225 3314 3426 3382 inquit,

1831 3374 2039 3441 phrasin
2067 3373 2186 3425 huic
2216 3372 2430 3425 similem
2469 3373 2520 3424 in
2561 3374 2687 3426 veris
2713 3372 2969 3429 Lactantii
3004 3372 3147 3433 libris
3171 3372 3431 3437 animati-'-

1829 3445 2015 3498 vertit?
2057 3443 2168 3514 Ego
2200 3457 2330 3496 vero
2355 3444 2498 3507 dico,
2530 3442 2867 3499 Lactanttum
2900 3463 3005 3502 non
3038 3451 3333 3508 abhorrere
3358 3455 3427 3510 ab

1830 3518 2226 3584 styloantiquze
2253 3516 2538 3578 versionis,
2581 3525 2636 3570 et
2677 3516 2896 3584 phrasin
2939 3518 3063 3575 huic
3109 3523 3340 3580 similem
3369 3526 3427 3582 in

1833 3587 2258 3668 veris_l.actantii
2285 3585 2455 3668 .libris
2485 3587 2866 3668 animadverti,
2898 3590 2992 3644 lib.
3030 3607 3085 3646 tv
3113 3591 3270 3668 ltist.,
3301 3611 3425 3668 cap.

1926 3679 1939 3733 ε
1968 3657 2226 3733 [inponite
2249 3655 2733 3733 cidarimmundam
2759 3676 2912 3730 super
2935 3673 3087 3723 caput
3128 3655 3328 3733 ipsius;
3369 3655 3430 3724 ct

1832 3727 1962 3804 ibid.
1994 3727 2108 3804 :‘Et
2144 3736 2421 3804 posuerunt
2442 3729 2656 3804 cidarim
2691 3727 2846 3804 super
2881 3743 3037 3800 caput
3057 3727 3188 3804 ejui.
3221 3727 3424 3794 Eodem

1831 3801 1991 3881 modo
2010 3799 2173 3872 Cypr.
2207 3801 2242 3852 Ι.
2268 3815 2323 3853 ιι.
2356 3800 2570 3881 Quiriti.
2600 3816 2651 3856 c.
2677 3799 2771 3881 _I:5_,
2800 3799 2965 3881 Curt._
2984 3799 3183 3881 lib_.'tx,
3208 3825 3328 3881 cap.
3353 3811 3383 3863 7
3411 3828 3424 3864 :

1831 3868 2022 3943 Pedem
2057 3868 2211 3940 super
2239 3871 2478 3943 cervicem
2504 3872 2712 3938 iacentis
2743 3874 3002 3943 imposuit.
3046 3868 3173 3932 BDN.

1901 3942 2174 4020 Triumphi
2212 3941 2544 4020 genus._ll:ec
2597 3941 2898 4020 addidimus
2945 3947 3106 4003 verba
3149 3960 3423 4020 tamquam

1831 4018 2157 4078 necessaria,
2189 4014 2436 4082 quamvis
2465 4031 2568 4067 non
2598 4014 2843 4083 legantur
2874 4019 2925 4071 in
2960 4033 3060 4073 nis.

1909 4085 2237 4156 Eaprobrans
2259 4085 2324 4138 ei.
2360 4084 2436 4138 Ita
2468 4099 2568 4139 ms.
2601 4087 2666 4147 ei,
2691 4101 2797 4140 nan
2825 4097 2891 4141 et.

1903 4155 1970 4211 In
1998 4156 2183 4232 tabulis
2213 4165 2301 4232 aut
2340 4156 2638 4232 parietibus.
2687 4156 2805 4232 Mos
2845 4159 2970 4232 olim
2999 4157 3097 4232 fuit
3124 4161 3428 4232 principum

1830 4241 1979 4302 gesta
2012 4229 2062 4302 in
2097 4227 2292 4302 tabulis
2313 4228 2465 4302 pingi
2512 4235 2564 4302 et
2593 4226 2646 4280 in
2694 4229 2989 4302 parietibus
3037 4226 3316 4286 illustrari:
3341 4236 3430 4292 Sic

1831 4295 2164 4370 Capitolinus
2216 4299 2266 4350 in
2313 4295 2630 4370 Mattimitto,
2677 4295 2796 4367 cap.
2847 4300 2918 4354 12
2961 4318 2974 4354 :
3018 4301 3184 4358 Jussit
3227 4304 3430 4363 tubulas

1833 4366 1971 4444 pingi
2003 4371 2095 4444 ita,
2123 4378 2179 4423 ut
2208 4375 2315 4421 erat
2339 4366 2528 4444 bellum
2553 4369 2722 4444 ipsum
2748 4366 2984 4444 :gestum,
3013 4383 3061 4427 et
3088 4385 3205 4429 ante
3232 4379 3430 4434 curiam

1836 4439 2069 4514 'pro'poni,
2100 4449 2157 4494 αι
2183 4443 2319 4514 facta
2360 4440 2469 4508 ejus
2513 4439 2712 4514 pictura
2739 4439 3029 4512 loqueretur
3049 4461 3070 4500 :
3097 4447 3220 4504 vide
3261 4450 3426 4506 etiam

1836 4510 2217 4574 Herodianum,
2251 4510 2342 4564 lib.
2375 4525 2454 4576 ιιι,
2485 4525 2604 4580 cap.
2635 4512 2690 4566 9.

1905 4586 2034 4641 llle.
2055 4584 2152 4638 Ms.
2185 4581 2332 4647 Ιιιω,
2363 4581 2639 4638 mendose.

1906 4657 2214 4730 Dignissime
2239 4654 2602 4720 triumphatas.
2624 4653 2965 4730 _Dign_issime,
2997 4659 3202 4716 scilicet
3227 4671 3284 4721 ut
3311 4680 3429 4722 me-

1835 4727 2089 4802 rebatur;
2115 4729 2460 4802 triumphatas
2493 4727 2726 4802 passive.
2762 4727 2943 4799 Itaque
2983 4746 3087 4785 non
3121 4734 3338 4802 mirum,
3380 4737 3428 4793 si

1837 4803 1994 4881 inlra_
2013 4800 2329 4869 triumphare
2369 4799 2607 4881 junxerit
2631 4811 3007 4881 "cumquarto
3053 4819 3224 4881 casu,
3248 4799 3423 4881 c2116.

1837 4875 2081 4930 steculum
2136 4887 2251 4924 cum
2307 4872 2414 4924 suis
2461 4869 2734 4922 terroribus
2785 4869 3129 4941 triumphasti.
3173 4869 3433 4933 Similiter

1839 4943 2147 5002 Lactantius
2176 4941 2381 5006 scribit,
2431 4949 2713 4994 catenatum
2739 4953 2948 4994 mortem
2994 4961 3110 4997 cum
3137 4947 3244 4999 suis
3269 4957 3431 5002 terro-

1839 5016 1980 5071 ribus
2024 5015 2377 5083 triumpharet,
2408 5012 2500 5085 ltb.
2535 5027 2614 5085 tv,
2644 5028 2695 5065 c.
2725 5012 2796 5085 20‘
2830 5031 2853 5085 εΔ
2875 5012 3208 5082 Triumphato
3236 5019 3434 5085 seculo,

1844 5087 2076 5158 Epitotti.
2107 5100 2156 5138 c.
2190 5086 2279 5144 66,
2304 5084 2530 5158 captiuos
2551 5082 2896 5158 triumphauit,
2928 5099 2983 5158 c.
3008 5087 3096 5148 46,
3129 5082 3436 5158 triumphari

1844 5155 1984 5222 deos,
2018 5157 2305 5217 Daemones,
2338 5169 2387 5207 c.
2431 5155 2522 5212 5|.
2555 5163 2741 5206 terram
2771 5155 3120 5222 triumphabit.
3155 5155 3431 5216 Divﬁlnst.

1847 5232 1884 5286 l.
1918 5244 1971 5284 νῐ
1995 5272 2009 5292 ,
2042 5243 2092 5282 c.
2126 5226 2216 5281 ‘25.
2253 5225 2516 5280 Valeriani
2543 5225 2773 5277 servitus
2805 5223 2903 5278 fuit
2932 5227 3116 5280 decent
3151 5244 3438 5286 annorum.

1919 5299 2050 5355 Cum
2075 5299 2240 5365 ﬁlium
2272 5297 2474 5370 haberet
2497 5295 2882 5370 Imperatorem.
2909 5295 3212 5370 Gallictiutii
3247 5315 3442 5370 nempe

1849 5363 2142 5434 senioreitt,
2165 5383 2322 5439 quem
2351 5368 2464 5439 jam
2491 5371 2558 5421 ab
2588 5381 2730 5419 anno
2754 5363 2952 5419 Christi
2982 5367 3081 5439 23.1
3113 5366 3310 5422 fecerat
3340 5363 3446 5426 ltit-

1853 5443 1985 5514 perii
2013 5438 2576 5509 consortem,quique
2604 5444 2775 5514 Capto.
2792 5445 2964 5503 patre,
2995 5438 3142 5514 solus
3170 5453 3265 5503 per
3307 5444 3449 5497 mul-

1856 5507 1938 5570 tos
1961 5528 2132 5568 annos
2147 5507 2411 5564 summani
2436 5523 2612 5564 rerum
2637 5507 3066 5578 administravit;
3097 5523 3193 5561 nec
3217 5526 3448 5578 unquam

1856 5601 1977 5641 etim
2009 5599 2037 5636 a
2067 5590 2427 5651 persecutore
2443 5579 2711 5651 vindicare
2748 5576 2933 5651 voluit,
2987 5576 3416 5651 licetABuctriaui
3438 5625 3454 5650 ,

1859 5644 2274 5713 Hiberi-Albani
2305 5660 2352 5704 et
2388 5648 2752 5714 Tauroscytha:
2779 5644 2980 5717 auxilm
3005 5649 3193 5717 fuerint
3224 5644 3464 5716 polliciti,

1858 5729 1926 5782 ad
1975 5711 2321 5794 Valerianum
2346 5721 2410 5794 de
2460 5711 2751 5794 captiuitate
2783 5711 3145 5794 liberandum,
3178 5711 3234 5773 ut
3278 5711 3471 5779 scribit

1860 5795 2160 5854 Trebellius
2192 5791 2364 5848 Pollio
2393 5792 2446 5847 in
2483 5787 2769 5843 Valeriano
2798 5787 3039 5842 seniore.

2971 5881 3012 5938 7
