  <div class='ocr_page' id='page_1' title='image "/cluster/home/n/w/nwhite01/storage/ocr_20150623/7/hvd.32044015471246/110.png"; bbox 0 0 3950 6368; ppageno 0'>
   <div class='ocr_carea' id='block_1_1' title="bbox 151 370 1755 440">
    <p class='ocr_par' dir='ltr' id='par_1_1' title="bbox 151 373 1752 440">
     <span class='ocr_line' id='line_1_1' title="bbox 151 373 1752 440; baseline -0.004 -4"><span class='ocrx_word' id='word_1_1' title='bbox 151 381 272 440; x_wconf 74' lang='grc'><strong>209</strong></span> <span class='ocrx_word' id='word_1_2' title='bbox 1328 375 1534 435; x_wconf 80' lang='lat' dir='ltr'><strong>LIBER</strong></span> <span class='ocrx_word' id='word_1_3' title='bbox 1572 373 1663 432; x_wconf 88' lang='lat' dir='ltr'><strong>DE</strong></span> <span class='ocrx_word' id='word_1_4' title='bbox 1704 374 1752 430; x_wconf 80' lang='grc' dir='ltr'><strong>Μ</strong></span> 
     </span>
    </p>
   </div>
   <div class='ocr_carea' id='block_1_2' title="bbox 1862 370 3494 440">
    <p class='ocr_par' dir='ltr' id='par_1_2' title="bbox 1862 370 3494 433">
     <span class='ocr_line' id='line_1_2' title="bbox 1862 370 3494 433; baseline 0.002 -4"><span class='ocrx_word' id='word_1_5' title='bbox 1862 372 1915 430; x_wconf 78' lang='grc'><strong>1⁵.</strong></span> <span class='ocrx_word' id='word_1_6' title='bbox 1955 370 2339 431; x_wconf 83' lang='lat' dir='ltr'><strong>PERSECUT.</strong></span> <span class='ocrx_word' id='word_1_7' title='bbox 3381 374 3494 433; x_wconf 73' lang='grc'><strong>210</strong></span> 
     </span>
    </p>
   </div>
   <div class='ocr_carea' id='block_1_3' title="bbox 152 487 3489 571">
    <p class='ocr_par' dir='ltr' id='par_1_3' title="bbox 152 487 3489 571">
     <span class='ocr_line' id='line_1_3' title="bbox 152 487 3489 571; baseline -0.003 -16"><span class='ocrx_word' id='word_1_8' title='bbox 152 512 433 555; x_wconf 80' lang='lat' dir='ltr'><strong>reversus</strong></span> <span class='ocrx_word' id='word_1_9' title='bbox 480 514 611 557; x_wconf 88' lang='lat' dir='ltr'><strong>cum</strong></span> <span class='ocrx_word' id='word_1_10' title='bbox 664 497 846 571; x_wconf 73' lang='lat' dir='ltr'><strong>prteda</strong></span> <span class='ocrx_word' id='word_1_11' title='bbox 889 505 945 553; x_wconf 88' lang='lat' dir='ltr'><strong>et</strong></span> <span class='ocrx_word' id='word_1_12' title='bbox 984 492 1256 552; x_wconf 91' lang='lat' dir='ltr'><strong>manubiis</strong></span> <span class='ocrx_word' id='word_1_13' title='bbox 1291 490 1630 563; x_wconf 72' lang='lat' dir='ltr'><strong>ingentibus,</strong></span> <span class='ocrx_word' id='word_1_14' title='bbox 1678 487 1782 544; x_wconf 85' lang='lat' dir='ltr'><strong>sibi</strong></span> <span class='ocrx_word' id='word_1_15' title='bbox 1809 487 1863 549; x_wconf 80' lang='grc' dir='ltr'>Α</span> <span class='ocrx_word' id='word_1_16' title='bbox 1889 502 1984 557; x_wconf 88' lang='lat' dir='ltr'><strong>pro</strong></span> <span class='ocrx_word' id='word_1_17' title='bbox 2012 487 2308 545; x_wconf 82' lang='lat' dir='ltr'><strong>sceleribus</strong></span> <span class='ocrx_word' id='word_1_18' title='bbox 2336 488 2447 546; x_wconf 87' lang='lat' dir='ltr'><strong>suis</strong></span> <span class='ocrx_word' id='word_1_19' title='bbox 2478 489 2611 546; x_wconf 87' lang='lat' dir='ltr'><strong>nihil</strong></span> <span class='ocrx_word' id='word_1_20' title='bbox 2644 504 2750 546; x_wconf 91' lang='lat' dir='ltr'><strong>non</strong></span> <span class='ocrx_word' id='word_1_21' title='bbox 2800 498 3125 557; x_wconf 73' lang='lat' dir='ltr'><strong>mereretur,</strong></span> <span class='ocrx_word' id='word_1_22' title='bbox 3167 490 3370 546; x_wconf 89' lang='lat' dir='ltr'><strong>tamdiu</strong></span> <span class='ocrx_word' id='word_1_23' title='bbox 3401 500 3489 546; x_wconf 88' lang='lat' dir='ltr'><strong>ta-</strong></span> 
     </span>
    </p>
   </div>
   <div class='ocr_carea' id='block_1_4' title="bbox 150 580 3492 663">
    <p class='ocr_par' dir='ltr' id='par_1_4' title="bbox 150 580 3492 663">
     <span class='ocr_line' id='line_1_4' title="bbox 150 580 3492 663; baseline -0.002 -18"><span class='ocrx_word' id='word_1_24' title='bbox 150 592 353 647; x_wconf 89' lang='lat' dir='ltr'><strong>attulit</strong></span> <span class='ocrx_word' id='word_1_25' title='bbox 397 594 748 663; x_wconf 75' lang='lat' dir='ltr'><strong>superbiam,</strong></span> <span class='ocrx_word' id='word_1_26' title='bbox 800 590 1131 647; x_wconf 76' lang='lat' dir='ltr'><strong>Diocletiano</strong></span> <span class='ocrx_word' id='word_1_27' title='bbox 1180 589 1452 643; x_wconf 85' lang='lat' dir='ltr'><strong>timorem.</strong></span> <span class='ocrx_word' id='word_1_28' title='bbox 1506 585 1565 640; x_wconf 88' lang='lat' dir='ltr'><strong>In</strong></span> <span class='ocrx_word' id='word_1_29' title='bbox 1605 593 1787 639; x_wconf 90' lang='lat' dir='ltr'><strong>tantos</strong></span> <span class='ocrx_word' id='word_1_30' title='bbox 1890 594 2013 635; x_wconf 87' lang='lat' dir='ltr'><strong>men</strong></span> <span class='ocrx_word' id='word_1_31' title='bbox 2045 594 2255 634; x_wconf 87' lang='lat' dir='ltr'><strong>summa</strong></span> <span class='ocrx_word' id='word_1_32' title='bbox 2281 580 2537 637; x_wconf 90' lang='lat' dir='ltr'><strong>felicitate</strong></span> <span class='ocrx_word' id='word_1_33' title='bbox 2564 583 2829 653; x_wconf 84' lang='lat' dir='ltr'><strong>regnavit,</strong></span> <span class='ocrx_word' id='word_1_34' title='bbox 2864 582 3119 653; x_wconf 82' lang='lat' dir='ltr'><strong>quamdiu</strong></span> <span class='ocrx_word' id='word_1_35' title='bbox 3147 597 3336 637; x_wconf 82' lang='lat' dir='ltr'><strong>manus</strong></span> <span class='ocrx_word' id='word_1_36' title='bbox 3361 597 3492 638; x_wconf 86' lang='lat' dir='ltr'><strong>suas</strong></span> 
     </span>
    </p>
   </div>
   <div class='ocr_carea' id='block_1_5' title="bbox 153 670 3483 757">
    <p class='ocr_par' dir='ltr' id='par_1_5' title="bbox 153 670 3483 757">
     <span class='ocr_line' id='line_1_5' title="bbox 153 670 3483 757; baseline -0.003 -19"><span class='ocrx_word' id='word_1_37' title='bbox 153 699 417 752; x_wconf 80' lang='lat' dir='ltr'><strong>namque</strong></span> <span class='ocrx_word' id='word_1_38' title='bbox 441 685 616 742; x_wconf 85' lang='lat' dir='ltr'><strong>fastus</strong></span> <span class='ocrx_word' id='word_1_39' title='bbox 641 693 766 757; x_wconf 87' lang='lat' dir='ltr'><strong>post</strong></span> <span class='ocrx_word' id='word_1_40' title='bbox 806 683 943 738; x_wconf 86' lang='lat' dir='ltr'><strong>banc</strong></span> <span class='ocrx_word' id='word_1_41' title='bbox 988 680 1271 737; x_wconf 79' lang='lat' dir='ltr'><strong>victoriam</strong></span> <span class='ocrx_word' id='word_1_42' title='bbox 1297 678 1539 735; x_wconf 80' lang='lat' dir='ltr'><strong>elevatus</strong></span> <span class='ocrx_word' id='word_1_43' title='bbox 1576 685 1694 739; x_wconf 84' lang='lat' dir='ltr'><strong>est,</strong></span> <span class='ocrx_word' id='word_1_44' title='bbox 1728 683 1789 730; x_wconf 94' lang='lat' dir='ltr'><strong>ut</strong></span> <span class='ocrx_word' id='word_1_45' title='bbox 1886 670 2154 740; x_wconf 75' lang='lat' dir='ltr'><strong>iustorum</strong></span> <span class='ocrx_word' id='word_1_46' title='bbox 2185 672 2445 744; x_wconf 75' lang='lat' dir='ltr'><strong>sanguine</strong></span> <span class='ocrx_word' id='word_1_47' title='bbox 2474 690 2584 729; x_wconf 88' lang='lat' dir='ltr'><strong>non</strong></span> <span class='ocrx_word' id='word_1_48' title='bbox 2613 674 2936 745; x_wconf 84' lang='lat' dir='ltr'><strong>inquinaret.</strong></span> <span class='ocrx_word' id='word_1_49' title='bbox 2979 674 3152 742; x_wconf 84' lang='lat' dir='ltr'><strong>Quam</strong></span> <span class='ocrx_word' id='word_1_50' title='bbox 3191 689 3323 730; x_wconf 90' lang='lat' dir='ltr'><strong>vero</strong></span> <span class='ocrx_word' id='word_1_51' title='bbox 3351 689 3483 730; x_wconf 84' lang='lat' dir='ltr'><strong>cau-</strong></span> 
     </span>
    </p>
   </div>
   <div class='ocr_carea' id='block_1_6' title="bbox 147 764 3021 846">
    <p class='ocr_par' dir='ltr' id='par_1_6' title="bbox 147 764 3021 846">
     <span class='ocr_line' id='line_1_6' title="bbox 147 764 3021 846; baseline -0.003 -15"><span class='ocrx_word' id='word_1_52' title='bbox 147 776 271 846; x_wconf 83' lang='lat' dir='ltr'><strong>jam</strong></span> <span class='ocrx_word' id='word_1_53' title='bbox 300 776 656 834; x_wconf 85' lang='lat' dir='ltr'><strong>detrectaret</strong></span> <span class='ocrx_word' id='word_1_54' title='bbox 676 774 909 832; x_wconf 66' lang='lat' dir='ltr'><strong>Caesaris</strong></span> <span class='ocrx_word' id='word_1_55' title='bbox 933 789 1157 832; x_wconf 87' lang='lat' dir='ltr'><strong>nomen.</strong></span> <span class='ocrx_word' id='word_1_56' title='bbox 1192 772 1348 842; x_wconf 82' lang='lat' dir='ltr'><strong>Quod</strong></span> <span class='ocrx_word' id='word_1_57' title='bbox 1374 788 1499 828; x_wconf 93' lang='lat' dir='ltr'><strong>cum</strong></span> <span class='ocrx_word' id='word_1_58' title='bbox 1545 772 1598 826; x_wconf 89' lang='lat' dir='ltr'><strong>iu</strong></span> <span class='ocrx_word' id='word_1_59' title='bbox 1645 770 1788 826; x_wconf 87' lang='lat' dir='ltr'><strong>litte-</strong></span> <span class='ocrx_word' id='word_1_60' title='bbox 1886 778 2002 818; x_wconf 79' lang='lat' dir='ltr'><strong>sam</strong></span> <span class='ocrx_word' id='word_1_61' title='bbox 2035 764 2397 835; x_wconf 71' lang='lat' dir='ltr'><strong>persequendi</strong></span> <span class='ocrx_word' id='word_1_62' title='bbox 2422 764 2703 832; x_wconf 74' lang='lat' dir='ltr'><strong>habuerit,</strong></span> <span class='ocrx_word' id='word_1_63' title='bbox 2732 781 3021 837; x_wconf 82' lang='lat' dir='ltr'><strong>exponam.</strong></span> 
     </span>
    </p>
   </div>
   <div class='ocr_carea' id='block_1_7' title="bbox 152 856 2727 935">
    <p class='ocr_par' dir='ltr' id='par_1_7' title="bbox 152 856 2727 935">
     <span class='ocr_line' id='line_1_7' title="bbox 152 856 2727 935; baseline -0.005 -10"><span class='ocrx_word' id='word_1_64' title='bbox 152 869 238 925; x_wconf 89' lang='lat' dir='ltr'><strong>ris</strong></span> <span class='ocrx_word' id='word_1_65' title='bbox 274 868 352 925; x_wconf 86' lang='lat' dir='ltr'><strong>ad</strong></span> <span class='ocrx_word' id='word_1_66' title='bbox 386 885 449 926; x_wconf 91' lang='lat' dir='ltr'><strong>se</strong></span> <span class='ocrx_word' id='word_1_67' title='bbox 486 868 632 926; x_wconf 89' lang='lat' dir='ltr'><strong>datis</strong></span> <span class='ocrx_word' id='word_1_68' title='bbox 677 868 948 935; x_wconf 77' lang='lat' dir='ltr'><strong>audisset,</strong></span> <span class='ocrx_word' id='word_1_69' title='bbox 981 867 1124 923; x_wconf 87' lang='lat' dir='ltr'><strong>truci</strong></span> <span class='ocrx_word' id='word_1_70' title='bbox 1152 866 1307 923; x_wconf 91' lang='lat' dir='ltr'><strong>vultu</strong></span> <span class='ocrx_word' id='word_1_71' title='bbox 1347 880 1411 921; x_wconf 91' lang='lat' dir='ltr'><strong>ac</strong></span> <span class='ocrx_word' id='word_1_72' title='bbox 1453 879 1589 921; x_wconf 88' lang='lat' dir='ltr'><strong>voce</strong></span> <span class='ocrx_word' id='word_1_73' title='bbox 1625 864 1786 921; x_wconf 84' lang='lat' dir='ltr'><strong>terri-</strong></span> <span class='ocrx_word' id='word_1_74' title='bbox 2658 856 2727 914; x_wconf 77' lang='grc' dir='ltr'><strong>Χ.</strong></span> 
     </span>
    </p>
   </div>
   <div class='ocr_carea' id='block_1_8' title="bbox 154 950 3487 1029">
    <p class='ocr_par' dir='ltr' id='par_1_8' title="bbox 154 950 3487 1029">
     <span class='ocr_line' id='line_1_8' title="bbox 154 950 3487 1029; baseline -0.002 -13"><span class='ocrx_word' id='word_1_75' title='bbox 154 960 257 1017; x_wconf 87' lang='lat' dir='ltr'><strong>bili</strong></span> <span class='ocrx_word' id='word_1_76' title='bbox 286 962 688 1018; x_wconf 85' lang='lat' dir='ltr'><strong>exclamabat:</strong></span> <span class='ocrx_word' id='word_1_77' title='bbox 718 962 1005 1029; x_wconf 74' lang='lat' dir='ltr'><strong>Quousque</strong></span> <span class='ocrx_word' id='word_1_78' title='bbox 1042 958 1275 1016; x_wconf 64' lang='lat' dir='ltr'><strong>Cassa?</strong></span> <span class='ocrx_word' id='word_1_79' title='bbox 1301 956 1511 1014; x_wconf 81' lang='lat' dir='ltr'><strong>Exinde</strong></span> <span class='ocrx_word' id='word_1_80' title='bbox 1544 956 1784 1013; x_wconf 79' lang='lat' dir='ltr'><strong>insolen-</strong></span> <span class='ocrx_word' id='word_1_81' title='bbox 1957 950 2091 1009; x_wconf 89' lang='lat' dir='ltr'><strong>Cum</strong></span> <span class='ocrx_word' id='word_1_82' title='bbox 2120 961 2306 1024; x_wconf 83' lang='lat' dir='ltr'><strong>ageret</strong></span> <span class='ocrx_word' id='word_1_83' title='bbox 2332 953 2385 1008; x_wconf 91' lang='lat' dir='ltr'><strong>in</strong></span> <span class='ocrx_word' id='word_1_84' title='bbox 2422 952 2663 1023; x_wconf 88' lang='lat' dir='ltr'><strong>partibus</strong></span> <span class='ocrx_word' id='word_1_85' title='bbox 2693 952 2967 1019; x_wconf 86' lang='lat' dir='ltr'><strong>Orientis,</strong></span> <span class='ocrx_word' id='word_1_86' title='bbox 3020 961 3074 1008; x_wconf 92' lang='lat' dir='ltr'><strong>ut</strong></span> <span class='ocrx_word' id='word_1_87' title='bbox 3107 963 3223 1009; x_wconf 86' lang='lat' dir='ltr'><strong>erat</strong></span> <span class='ocrx_word' id='word_1_88' title='bbox 3269 966 3369 1023; x_wconf 91' lang='lat' dir='ltr'><strong>pro</strong></span> <span class='ocrx_word' id='word_1_89' title='bbox 3417 953 3487 1008; x_wconf 89' lang='lat' dir='ltr'><strong>ti-</strong></span> 
     </span>
    </p>
   </div>
   <div class='ocr_carea' id='block_1_9' title="bbox 157 1045 3478 1125">
    <p class='ocr_par' dir='ltr' id='par_1_9' title="bbox 157 1045 3478 1125">
     <span class='ocr_line' id='line_1_9' title="bbox 157 1045 3478 1125; baseline -0.002 -18"><span class='ocrx_word' id='word_1_90' title='bbox 157 1052 388 1110; x_wconf 90' lang='lat' dir='ltr'><strong>tissime</strong></span> <span class='ocrx_word' id='word_1_91' title='bbox 421 1056 589 1125; x_wconf 80' lang='lat' dir='ltr'><strong>agere</strong></span> <span class='ocrx_word' id='word_1_92' title='bbox 617 1053 822 1125; x_wconf 65' lang='lat' dir='ltr'><strong>capit,</strong></span> <span class='ocrx_word' id='word_1_93' title='bbox 849 1061 909 1108; x_wconf 90' lang='lat' dir='ltr'><strong>ut</strong></span> <span class='ocrx_word' id='word_1_94' title='bbox 934 1067 1003 1108; x_wconf 91' lang='lat' dir='ltr'><strong>ex</strong></span> <span class='ocrx_word' id='word_1_95' title='bbox 1024 1050 1195 1107; x_wconf 76' lang='lat' dir='ltr'><strong>Marte</strong></span> <span class='ocrx_word' id='word_1_96' title='bbox 1222 1065 1282 1107; x_wconf 86' lang='lat' dir='ltr'><strong>se</strong></span> <span class='ocrx_word' id='word_1_97' title='bbox 1308 1058 1682 1121; x_wconf 89' lang='lat' dir='ltr'><strong>procreatum,</strong></span> <span class='ocrx_word' id='word_1_98' title='bbox 1724 1056 1784 1106; x_wconf 87' lang='lat' dir='ltr'><strong>et</strong></span> <span class='ocrx_word' id='word_1_99' title='bbox 1885 1062 2040 1105; x_wconf 91' lang='lat' dir='ltr'><strong>more</strong></span> <span class='ocrx_word' id='word_1_100' title='bbox 2065 1056 2332 1104; x_wconf 91' lang='lat' dir='ltr'><strong>scrutator</strong></span> <span class='ocrx_word' id='word_1_101' title='bbox 2368 1061 2547 1103; x_wconf 91' lang='lat' dir='ltr'><strong>rerum</strong></span> <span class='ocrx_word' id='word_1_102' title='bbox 2585 1045 2918 1113; x_wconf 86' lang='lat' dir='ltr'><strong>futurarum,</strong></span> <span class='ocrx_word' id='word_1_103' title='bbox 2955 1045 3268 1103; x_wconf 81' lang='lat' dir='ltr'><strong>immolabat</strong></span> <span class='ocrx_word' id='word_1_104' title='bbox 3314 1058 3478 1114; x_wconf 88' lang='lat' dir='ltr'><strong>pecu-</strong></span> 
     </span>
    </p>
   </div>
   <div class='ocr_carea' id='block_1_10' title="bbox 156 1138 3486 1215">
    <p class='ocr_par' dir='ltr' id='par_1_10' title="bbox 156 1138 3486 1215">
     <span class='ocr_line' id='line_1_10' title="bbox 156 1138 3486 1215; baseline -0.002 -14"><span class='ocrx_word' id='word_1_105' title='bbox 156 1145 345 1203; x_wconf 85' lang='lat' dir='ltr'><strong>videri</strong></span> <span class='ocrx_word' id='word_1_106' title='bbox 370 1188 389 1215; x_wconf 94' lang='lat'><strong>,</strong></span> <span class='ocrx_word' id='word_1_107' title='bbox 417 1155 477 1204; x_wconf 91' lang='lat' dir='ltr'><strong>et</strong></span> <span class='ocrx_word' id='word_1_108' title='bbox 502 1146 611 1203; x_wconf 92' lang='lat' dir='ltr'><strong>dici</strong></span> <span class='ocrx_word' id='word_1_109' title='bbox 639 1145 840 1212; x_wconf 81' lang='lat' dir='ltr'><strong>vellet,</strong></span> <span class='ocrx_word' id='word_1_110' title='bbox 874 1153 1145 1214; x_wconf 85' lang='lat' dir='ltr'><strong>tamquam</strong></span> <span class='ocrx_word' id='word_1_111' title='bbox 1172 1143 1406 1200; x_wconf 89' lang='lat' dir='ltr'><strong>alterum</strong></span> <span class='ocrx_word' id='word_1_112' title='bbox 1452 1142 1777 1209; x_wconf 83' lang='lat' dir='ltr'><strong>Romulum;</strong></span> <span class='ocrx_word' id='word_1_113' title='bbox 1884 1140 2014 1207; x_wconf 88' lang='lat' dir='ltr'><strong>des,</strong></span> <span class='ocrx_word' id='word_1_114' title='bbox 2046 1147 2101 1195; x_wconf 88' lang='lat' dir='ltr'><strong>et</strong></span> <span class='ocrx_word' id='word_1_115' title='bbox 2126 1139 2179 1193; x_wconf 92' lang='lat' dir='ltr'><strong>iu</strong></span> <span class='ocrx_word' id='word_1_116' title='bbox 2203 1138 2479 1209; x_wconf 85' lang='lat' dir='ltr'><strong>jccoribus</strong></span> <span class='ocrx_word' id='word_1_117' title='bbox 2507 1153 2692 1194; x_wconf 90' lang='lat' dir='ltr'><strong>earum</strong></span> <span class='ocrx_word' id='word_1_118' title='bbox 2742 1145 2969 1193; x_wconf 86' lang='lat' dir='ltr'><strong>ventura</strong></span> <span class='ocrx_word' id='word_1_119' title='bbox 3015 1138 3311 1207; x_wconf 77' lang='lat' dir='ltr'><strong>quaerebat.</strong></span> <span class='ocrx_word' id='word_1_120' title='bbox 3342 1139 3486 1195; x_wconf 85' lang='lat' dir='ltr'><strong>Tum</strong></span> 
     </span>
    </p>
   </div>
   <div class='ocr_carea' id='block_1_11' title="bbox 154 1230 3489 1309">
    <p class='ocr_par' dir='ltr' id='par_1_11' title="bbox 154 1230 3489 1309">
     <span class='ocr_line' id='line_1_11' title="bbox 154 1230 3489 1309; baseline -0.002 -17"><span class='ocrx_word' id='word_1_121' title='bbox 154 1237 473 1309; x_wconf 88' lang='lat' dir='ltr'><strong>maluitque</strong></span> <span class='ocrx_word' id='word_1_122' title='bbox 523 1237 811 1293; x_wconf 79' lang='lat' dir='ltr'><strong>Romulam</strong></span> <span class='ocrx_word' id='word_1_123' title='bbox 869 1244 1096 1291; x_wconf 89' lang='lat' dir='ltr'><strong>matrem</strong></span> <span class='ocrx_word' id='word_1_124' title='bbox 1140 1245 1330 1307; x_wconf 88' lang='lat' dir='ltr'><strong>stupro</strong></span> <span class='ocrx_word' id='word_1_125' title='bbox 1388 1232 1654 1291; x_wconf 80' lang='lat' dir='ltr'><strong>infamare</strong></span> <span class='ocrx_word' id='word_1_126' title='bbox 1676 1275 1692 1302; x_wconf 95' lang='lat'><strong>,</strong></span> <span class='ocrx_word' id='word_1_127' title='bbox 1723 1241 1785 1291; x_wconf 87' lang='lat' dir='ltr'><strong>ut</strong></span> <span class='ocrx_word' id='word_1_128' title='bbox 1887 1231 2104 1305; x_wconf 88' lang='lat' dir='ltr'><strong>quidam</strong></span> <span class='ocrx_word' id='word_1_129' title='bbox 2135 1230 2505 1288; x_wconf 87' lang='lat' dir='ltr'><strong>ministrorum</strong></span> <span class='ocrx_word' id='word_1_130' title='bbox 2536 1232 2770 1286; x_wconf 82' lang='lat' dir='ltr'><strong>scientes</strong></span> <span class='ocrx_word' id='word_1_131' title='bbox 2802 1231 3084 1285; x_wconf 88' lang='lat' dir='ltr'><strong>Dominum</strong></span> <span class='ocrx_word' id='word_1_132' title='bbox 3106 1272 3119 1295; x_wconf 92' lang='lat'><strong>,</strong></span> <span class='ocrx_word' id='word_1_133' title='bbox 3150 1246 3273 1287; x_wconf 91' lang='lat' dir='ltr'><strong>cum</strong></span> <span class='ocrx_word' id='word_1_134' title='bbox 3313 1231 3489 1287; x_wconf 82' lang='lat' dir='ltr'><strong>adsis-</strong></span> 
     </span>
    </p>
   </div>
   <div class='ocr_carea' id='block_1_12' title="bbox 156 1325 1776 1400">
    <p class='ocr_par' dir='ltr' id='par_1_12' title="bbox 156 1325 1776 1400">
     <span class='ocr_line' id='line_1_12' title="bbox 156 1325 1776 1400; baseline 0.001 -17"><span class='ocrx_word' id='word_1_135' title='bbox 156 1328 285 1400; x_wconf 85' lang='lat' dir='ltr'><strong>ipse</strong></span> <span class='ocrx_word' id='word_1_136' title='bbox 324 1328 438 1384; x_wconf 89' lang='lat' dir='ltr'><strong>diis</strong></span> <span class='ocrx_word' id='word_1_137' title='bbox 469 1329 735 1385; x_wconf 84' lang='lat' dir='ltr'><strong>oriundus</strong></span> <span class='ocrx_word' id='word_1_138' title='bbox 770 1326 1065 1384; x_wconf 76' lang='lat' dir='ltr'><strong>videretur.</strong></span> <span class='ocrx_word' id='word_1_139' title='bbox 1114 1326 1223 1384; x_wconf 87' lang='lat' dir='ltr'><strong>Sed</strong></span> <span class='ocrx_word' id='word_1_140' title='bbox 1266 1325 1459 1383; x_wconf 80' lang='lat' dir='ltr'><strong>diﬂ&#39;ero</strong></span> <span class='ocrx_word' id='word_1_141' title='bbox 1502 1326 1572 1383; x_wconf 91' lang='lat' dir='ltr'><strong>de</strong></span> <span class='ocrx_word' id='word_1_142' title='bbox 1620 1325 1776 1384; x_wconf 84' lang='lat' dir='ltr'><strong>factis</strong></span> 
     </span>
    </p>
   </div>
   <div class='ocr_carea' id='block_1_13' title="bbox 155 1417 1773 1491">
    <p class='ocr_par' dir='ltr' id='par_1_13' title="bbox 155 1417 1773 1491">
     <span class='ocr_line' id='line_1_13' title="bbox 155 1417 1773 1491; baseline -0.002 -14"><span class='ocrx_word' id='word_1_143' title='bbox 155 1420 285 1491; x_wconf 78' lang='lat' dir='ltr'><strong>ejus</strong></span> <span class='ocrx_word' id='word_1_144' title='bbox 313 1420 534 1487; x_wconf 87' lang='lat' dir='ltr'><strong>dicere,</strong></span> <span class='ocrx_word' id='word_1_145' title='bbox 582 1435 653 1478; x_wconf 91' lang='lat' dir='ltr'><strong>ne</strong></span> <span class='ocrx_word' id='word_1_146' title='bbox 694 1418 1022 1476; x_wconf 87' lang='lat' dir='ltr'><strong>confundam</strong></span> <span class='ocrx_word' id='word_1_147' title='bbox 1075 1427 1339 1490; x_wconf 86' lang='lat' dir='ltr'><strong>tempora.</strong></span> <span class='ocrx_word' id='word_1_148' title='bbox 1387 1418 1581 1475; x_wconf 86' lang='lat' dir='ltr'><strong>Postea</strong></span> <span class='ocrx_word' id='word_1_149' title='bbox 1624 1417 1773 1475; x_wconf 88' lang='lat' dir='ltr'><strong>enim</strong></span> 
     </span>
    </p>
   </div>
   <div class='ocr_carea' id='block_1_14' title="bbox 155 1514 1771 1585">
    <p class='ocr_par' dir='ltr' id='par_1_14' title="bbox 155 1514 1771 1585">
     <span class='ocr_line' id='line_1_14' title="bbox 155 1514 1771 1585; baseline 0 -15"><span class='ocrx_word' id='word_1_150' title='bbox 155 1529 331 1584; x_wconf 84' lang='lat' dir='ltr'><strong>quam</strong></span> <span class='ocrx_word' id='word_1_151' title='bbox 360 1529 559 1571; x_wconf 90' lang='lat' dir='ltr'><strong>nomen</strong></span> <span class='ocrx_word' id='word_1_152' title='bbox 583 1514 932 1585; x_wconf 89' lang='lat' dir='ltr'><strong>Imperatoris</strong></span> <span class='ocrx_word' id='word_1_153' title='bbox 950 1514 1191 1584; x_wconf 92' lang='lat' dir='ltr'><strong>accepit,</strong></span> <span class='ocrx_word' id='word_1_154' title='bbox 1223 1523 1390 1571; x_wconf 89' lang='lat' dir='ltr'><strong>exuto</strong></span> <span class='ocrx_word' id='word_1_155' title='bbox 1415 1527 1628 1581; x_wconf 89' lang='lat' dir='ltr'><strong>socero,</strong></span> <span class='ocrx_word' id='word_1_156' title='bbox 1657 1523 1771 1570; x_wconf 92' lang='lat' dir='ltr'><strong>tum</strong></span> 
     </span>
    </p>
   </div>
   <div class='ocr_carea' id='block_1_15' title="bbox 157 1603 1777 1676">
    <p class='ocr_par' dir='ltr' id='par_1_15' title="bbox 157 1603 1777 1676">
     <span class='ocr_line' id='line_1_15' title="bbox 157 1603 1777 1676; baseline 0.001 -15"><span class='ocrx_word' id='word_1_157' title='bbox 157 1603 398 1662; x_wconf 87' lang='lat' dir='ltr'><strong>demum</strong></span> <span class='ocrx_word' id='word_1_158' title='bbox 432 1607 615 1662; x_wconf 87' lang='lat' dir='ltr'><strong>furere</strong></span> <span class='ocrx_word' id='word_1_159' title='bbox 641 1605 808 1676; x_wconf 71' lang='lat' dir='ltr'><strong>capit</strong></span> <span class='ocrx_word' id='word_1_160' title='bbox 824 1645 844 1674; x_wconf 93' lang='lat'><strong>,</strong></span> <span class='ocrx_word' id='word_1_161' title='bbox 872 1614 930 1662; x_wconf 91' lang='lat' dir='ltr'><strong>et</strong></span> <span class='ocrx_word' id='word_1_162' title='bbox 949 1613 1301 1661; x_wconf 89' lang='lat' dir='ltr'><strong>contemnere</strong></span> <span class='ocrx_word' id='word_1_163' title='bbox 1326 1605 1529 1661; x_wconf 88' lang='lat' dir='ltr'><strong>omnia.</strong></span> <span class='ocrx_word' id='word_1_164' title='bbox 1564 1604 1777 1662; x_wconf 88' lang='lat' dir='ltr'><strong>Diocles</strong></span> 
     </span>
    </p>
   </div>
   <div class='ocr_carea' id='block_1_16' title="bbox 164 1696 1774 1770">
    <p class='ocr_par' dir='ltr' id='par_1_16' title="bbox 164 1696 1774 1770">
     <span class='ocr_line' id='line_1_16' title="bbox 164 1696 1774 1770; baseline -0.001 -18"><span class='ocrx_word' id='word_1_165' title='bbox 164 1696 298 1770; x_wconf 80' lang='lat' dir='ltr'><strong>(sic)</strong></span> <span class='ocrx_word' id='word_1_166' title='bbox 318 1700 469 1756; x_wconf 89' lang='lat' dir='ltr'><strong>enini</strong></span> <span class='ocrx_word' id='word_1_167' title='bbox 495 1707 620 1756; x_wconf 88' lang='lat' dir='ltr'><strong>ante</strong></span> <span class='ocrx_word' id='word_1_168' title='bbox 646 1698 936 1769; x_wconf 88' lang='lat' dir='ltr'><strong>imperium</strong></span> <span class='ocrx_word' id='word_1_169' title='bbox 966 1697 1299 1754; x_wconf 83' lang='lat' dir='ltr'><strong>vocabatur:</strong></span> <span class='ocrx_word' id='word_1_170' title='bbox 1329 1712 1452 1753; x_wconf 90' lang='lat' dir='ltr'><strong>cum</strong></span> <span class='ocrx_word' id='word_1_171' title='bbox 1480 1696 1774 1769; x_wconf 85' lang='lat' dir='ltr'><strong>rempubli-</strong></span> 
     </span>
    </p>
   </div>
   <div class='ocr_carea' id='block_1_17' title="bbox 166 1788 1772 1858">
    <p class='ocr_par' dir='ltr' id='par_1_17' title="bbox 166 1788 1772 1858">
     <span class='ocr_line' id='line_1_17' title="bbox 166 1788 1772 1858; baseline 0.001 -13"><span class='ocrx_word' id='word_1_172' title='bbox 166 1804 294 1846; x_wconf 88' lang='lat' dir='ltr'><strong>cam</strong></span> <span class='ocrx_word' id='word_1_173' title='bbox 326 1790 526 1848; x_wconf 84' lang='lat' dir='ltr'><strong>talibus</strong></span> <span class='ocrx_word' id='word_1_174' title='bbox 546 1791 783 1849; x_wconf 87' lang='lat' dir='ltr'><strong>consiliis</strong></span> <span class='ocrx_word' id='word_1_175' title='bbox 808 1798 866 1848; x_wconf 89' lang='lat' dir='ltr'><strong>et</strong></span> <span class='ocrx_word' id='word_1_176' title='bbox 892 1789 1089 1847; x_wconf 85' lang='lat' dir='ltr'><strong>talibus</strong></span> <span class='ocrx_word' id='word_1_177' title='bbox 1127 1788 1293 1847; x_wconf 89' lang='lat' dir='ltr'><strong>sociis</strong></span> <span class='ocrx_word' id='word_1_178' title='bbox 1316 1798 1621 1858; x_wconf 81' lang='lat' dir='ltr'><strong>everteret,</strong></span> <span class='ocrx_word' id='word_1_179' title='bbox 1647 1803 1772 1847; x_wconf 88' lang='lat' dir='ltr'><strong>cum</strong></span> 
     </span>
    </p>
   </div>
   <div class='ocr_carea' id='block_1_18' title="bbox 1887 1321 3484 1392">
    <p class='ocr_par' dir='ltr' id='par_1_18' title="bbox 1887 1321 3484 1392">
     <span class='ocr_line' id='line_1_18' title="bbox 1887 1321 3484 1392; baseline -0.001 -12"><span class='ocrx_word' id='word_1_180' title='bbox 1887 1333 2065 1381; x_wconf 88' lang='lat' dir='ltr'><strong>tercnt</strong></span> <span class='ocrx_word' id='word_1_181' title='bbox 2107 1322 2448 1391; x_wconf 88' lang='lat' dir='ltr'><strong>immolanti,</strong></span> <span class='ocrx_word' id='word_1_182' title='bbox 2488 1323 2861 1392; x_wconf 79' lang='lat' dir='ltr'><strong>imposuerunt</strong></span> <span class='ocrx_word' id='word_1_183' title='bbox 2909 1321 3175 1378; x_wconf 85' lang='lat' dir='ltr'><strong>frontibus</strong></span> <span class='ocrx_word' id='word_1_184' title='bbox 3222 1324 3334 1379; x_wconf 87' lang='lat' dir='ltr'><strong>suis</strong></span> <span class='ocrx_word' id='word_1_185' title='bbox 3384 1326 3484 1379; x_wconf 90' lang='lat' dir='ltr'><strong>im-</strong></span> 
     </span>
    </p>
   </div>
   <div class='ocr_carea' id='block_1_19' title="bbox 1880 1415 3486 1490">
    <p class='ocr_par' dir='ltr' id='par_1_19' title="bbox 1880 1415 3486 1490">
     <span class='ocr_line' id='line_1_19' title="bbox 1880 1415 3486 1490; baseline -0.001 -16"><span class='ocrx_word' id='word_1_186' title='bbox 1880 1418 2113 1474; x_wconf 87' lang='lat' dir='ltr'><strong>mortale</strong></span> <span class='ocrx_word' id='word_1_187' title='bbox 2142 1418 2378 1490; x_wconf 87' lang='lat' dir='ltr'><strong>signum.</strong></span> <span class='ocrx_word' id='word_1_188' title='bbox 2405 1417 2523 1486; x_wconf 83' lang='lat' dir='ltr'><strong>Quo</strong></span> <span class='ocrx_word' id='word_1_189' title='bbox 2544 1418 2685 1473; x_wconf 64' lang='lat' dir='ltr'><strong>facto</strong></span> <span class='ocrx_word' id='word_1_190' title='bbox 2705 1458 2721 1482; x_wconf 87' lang='lat'><strong>,</strong></span> <span class='ocrx_word' id='word_1_191' title='bbox 2763 1415 2960 1488; x_wconf 86' lang='lat' dir='ltr'><strong>fugatis</strong></span> <span class='ocrx_word' id='word_1_192' title='bbox 2988 1415 3327 1472; x_wconf 69' lang='lat' dir='ltr'><strong>dicmonibus</strong></span> <span class='ocrx_word' id='word_1_193' title='bbox 3350 1458 3366 1483; x_wconf 93' lang='lat'><strong>,</strong></span> <span class='ocrx_word' id='word_1_194' title='bbox 3396 1431 3486 1473; x_wconf 86' lang='lat' dir='ltr'><strong>sa-</strong></span> 
     </span>
    </p>
   </div>
   <div class='ocr_carea' id='block_1_20' title="bbox 1880 1509 3486 1580">
    <p class='ocr_par' dir='ltr' id='par_1_20' title="bbox 1880 1509 3486 1580">
     <span class='ocr_line' id='line_1_20' title="bbox 1880 1509 3486 1580; baseline 0.002 -15"><span class='ocrx_word' id='word_1_195' title='bbox 1880 1526 1972 1567; x_wconf 85' lang='lat' dir='ltr'><strong>cra</strong></span> <span class='ocrx_word' id='word_1_196' title='bbox 2001 1510 2216 1567; x_wconf 87' lang='lat' dir='ltr'><strong>turbata</strong></span> <span class='ocrx_word' id='word_1_197' title='bbox 2239 1519 2385 1566; x_wconf 86' lang='lat' dir='ltr'><strong>sunt.</strong></span> <span class='ocrx_word' id='word_1_198' title='bbox 2416 1509 2781 1580; x_wconf 74' lang='lat' dir='ltr'><strong>Trepidabant</strong></span> <span class='ocrx_word' id='word_1_199' title='bbox 2805 1510 3116 1580; x_wconf 86' lang='lat' dir='ltr'><strong>aruspices,</strong></span> <span class='ocrx_word' id='word_1_200' title='bbox 3156 1524 3257 1565; x_wconf 87' lang='lat' dir='ltr'><strong>nec</strong></span> <span class='ocrx_word' id='word_1_201' title='bbox 3294 1511 3486 1569; x_wconf 87' lang='lat' dir='ltr'><strong>solitas</strong></span> 
     </span>
    </p>
   </div>
   <div class='ocr_carea' id='block_1_21' title="bbox 1879 1603 3483 1675">
    <p class='ocr_par' dir='ltr' id='par_1_21' title="bbox 1879 1603 3483 1675">
     <span class='ocr_line' id='line_1_21' title="bbox 1879 1603 3483 1675; baseline -0.001 -13"><span class='ocrx_word' id='word_1_202' title='bbox 1879 1605 1934 1662; x_wconf 90' lang='lat' dir='ltr'><strong>in</strong></span> <span class='ocrx_word' id='word_1_203' title='bbox 1960 1605 2103 1661; x_wconf 90' lang='lat' dir='ltr'><strong>extis</strong></span> <span class='ocrx_word' id='word_1_204' title='bbox 2133 1613 2288 1660; x_wconf 88' lang='lat' dir='ltr'><strong>notas</strong></span> <span class='ocrx_word' id='word_1_205' title='bbox 2315 1603 2598 1670; x_wconf 84' lang='lat' dir='ltr'><strong>videbant;</strong></span> <span class='ocrx_word' id='word_1_206' title='bbox 2628 1613 2687 1661; x_wconf 90' lang='lat' dir='ltr'><strong>et</strong></span> <span class='ocrx_word' id='word_1_207' title='bbox 2719 1604 2871 1675; x_wconf 88' lang='lat' dir='ltr'><strong>quasi</strong></span> <span class='ocrx_word' id='word_1_208' title='bbox 2909 1618 3016 1660; x_wconf 90' lang='lat' dir='ltr'><strong>non</strong></span> <span class='ocrx_word' id='word_1_209' title='bbox 3050 1603 3327 1669; x_wconf 88' lang='lat' dir='ltr'><strong>litassent,</strong></span> <span class='ocrx_word' id='word_1_210' title='bbox 3370 1619 3483 1660; x_wconf 67' lang='lat' dir='ltr'><strong>saa-</strong></span> 
     </span>
    </p>
   </div>
   <div class='ocr_carea' id='block_1_22' title="bbox 1880 1696 3479 1771">
    <p class='ocr_par' dir='ltr' id='par_1_22' title="bbox 1880 1696 3479 1771">
     <span class='ocr_line' id='line_1_22' title="bbox 1880 1696 3479 1771; baseline 0.001 -19"><span class='ocrx_word' id='word_1_211' title='bbox 1880 1699 2002 1771; x_wconf 90' lang='lat' dir='ltr'><strong>pius</strong></span> <span class='ocrx_word' id='word_1_212' title='bbox 2029 1697 2399 1753; x_wconf 89' lang='lat' dir='ltr'><strong>immolabant.</strong></span> <span class='ocrx_word' id='word_1_213' title='bbox 2434 1696 2635 1753; x_wconf 84' lang='lat' dir='ltr'><strong>Verum</strong></span> <span class='ocrx_word' id='word_1_214' title='bbox 2679 1696 2972 1754; x_wconf 90' lang='lat' dir='ltr'><strong>identidem</strong></span> <span class='ocrx_word' id='word_1_215' title='bbox 3004 1706 3253 1753; x_wconf 63' lang='lat' dir='ltr'><strong>mactatae</strong></span> <span class='ocrx_word' id='word_1_216' title='bbox 3284 1696 3479 1755; x_wconf 70' lang='lat' dir='ltr'><strong>hostias</strong></span> 
     </span>
    </p>
   </div>
   <div class='ocr_carea' id='block_1_23' title="bbox 1879 1789 3485 1861">
    <p class='ocr_par' dir='ltr' id='par_1_23' title="bbox 1879 1789 3485 1861">
     <span class='ocr_line' id='line_1_23' title="bbox 1879 1789 3485 1861; baseline -0.001 -13"><span class='ocrx_word' id='word_1_217' title='bbox 1879 1790 2017 1848; x_wconf 89' lang='lat' dir='ltr'><strong>nihil</strong></span> <span class='ocrx_word' id='word_1_218' title='bbox 2063 1790 2451 1858; x_wconf 87' lang='lat' dir='ltr'><strong>ostendebant,</strong></span> <span class='ocrx_word' id='word_1_219' title='bbox 2510 1790 2684 1848; x_wconf 88' lang='lat' dir='ltr'><strong>donec</strong></span> <span class='ocrx_word' id='word_1_220' title='bbox 2730 1790 2986 1861; x_wconf 86' lang='lat' dir='ltr'><strong>magister</strong></span> <span class='ocrx_word' id='word_1_221' title='bbox 3033 1790 3124 1845; x_wconf 91' lang='lat' dir='ltr'><strong>ille</strong></span> <span class='ocrx_word' id='word_1_222' title='bbox 3166 1789 3485 1861; x_wconf 87' lang='lat' dir='ltr'><strong>aruspicum</strong></span> 
     </span>
    </p>
   </div>
   <div class='ocr_carea' id='block_1_24' title="bbox 1530 1928 2155 1989">
    <p class='ocr_par' dir='ltr' id='par_1_24' title="bbox 1530 1928 2155 1989">
     <span class='ocr_line' id='line_1_24' title="bbox 1530 1928 2155 1989; baseline 0 -3"><span class='ocrx_word' id='word_1_223' title='bbox 1530 1928 1889 1989; x_wconf 78' lang='lat' dir='ltr'><strong>VARIORUM</strong></span> <span class='ocrx_word' id='word_1_224' title='bbox 1926 1930 2155 1989; x_wconf 61' lang='lat' dir='ltr'><strong>NOTAE.</strong></span> 
     </span>
    </p>
   </div>
   <div class='ocr_carea' id='block_1_25' title="bbox 235 2042 2595 2116">
    <p class='ocr_par' dir='ltr' id='par_1_25' title="bbox 235 2042 2595 2116">
     <span class='ocr_line' id='line_1_25' title="bbox 235 2042 2595 2116; baseline 0.002 -18"><span class='ocrx_word' id='word_1_225' title='bbox 235 2042 483 2102; x_wconf 76' lang='lat' dir='ltr'><strong>Eleuatus</strong></span> <span class='ocrx_word' id='word_1_226' title='bbox 531 2055 627 2102; x_wconf 88' lang='lat' dir='ltr'><strong>est.</strong></span> <span class='ocrx_word' id='word_1_227' title='bbox 690 2045 1042 2103; x_wconf 77' lang='lat' dir='ltr'><strong>Heumannus</strong></span> <span class='ocrx_word' id='word_1_228' title='bbox 1104 2044 1377 2103; x_wconf 80' lang='lat' dir='ltr'><strong>existimat</strong></span> <span class='ocrx_word' id='word_1_229' title='bbox 1423 2043 1765 2103; x_wconf 90' lang='lat' dir='ltr'><strong>Lactantium</strong></span> <span class='ocrx_word' id='word_1_230' title='bbox 1793 2054 1981 2116; x_wconf 82' lang='lat' dir='ltr'><strong>Brent</strong></span> <span class='ocrx_word' id='word_1_231' title='bbox 2009 2048 2106 2104; x_wconf 88' lang='lat' dir='ltr'><strong>Dei</strong></span> <span class='ocrx_word' id='word_1_232' title='bbox 2134 2050 2400 2116; x_wconf 78' lang='lat' dir='ltr'><strong>templum.</strong></span> <span class='ocrx_word' id='word_1_233' title='bbox 2430 2048 2595 2104; x_wconf 79' lang='lat' dir='ltr'><strong>Baltiz</strong></span> 
     </span>
    </p>
   </div>
   <div class='ocr_carea' id='block_1_26' title="bbox 159 2115 763 2185">
    <p class='ocr_par' dir='ltr' id='par_1_26' title="bbox 159 2115 763 2185">
     <span class='ocr_line' id='line_1_26' title="bbox 159 2115 763 2185; baseline 0 -14"><span class='ocrx_word' id='word_1_234' title='bbox 159 2115 451 2185; x_wconf 82' lang='lat' dir='ltr'><strong>scripsisse</strong></span> <span class='ocrx_word' id='word_1_235' title='bbox 479 2116 643 2173; x_wconf 88' lang='lat' dir='ltr'><strong>elatus</strong></span> <span class='ocrx_word' id='word_1_236' title='bbox 669 2128 763 2174; x_wconf 93' lang='lat' dir='ltr'><strong>est.</strong></span> 
     </span>
    </p>
   </div>
   <div class='ocr_carea' id='block_1_27' title="bbox 235 2185 1675 2254">
    <p class='ocr_par' dir='ltr' id='par_1_27' title="bbox 235 2185 1675 2254">
     <span class='ocr_line' id='line_1_27' title="bbox 235 2185 1675 2254; baseline 0.004 -15"><span class='ocrx_word' id='word_1_237' title='bbox 235 2185 571 2244; x_wconf 85' lang='lat' dir='ltr'><strong>Detrectaret.</strong></span> <span class='ocrx_word' id='word_1_238' title='bbox 603 2189 676 2245; x_wconf 85' lang='lat' dir='ltr'><strong>Ita</strong></span> <span class='ocrx_word' id='word_1_239' title='bbox 710 2189 796 2245; x_wconf 90' lang='lat' dir='ltr'><strong>hic</strong></span> <span class='ocrx_word' id='word_1_240' title='bbox 824 2202 928 2244; x_wconf 87' lang='lat' dir='ltr'><strong>ms.</strong></span> <span class='ocrx_word' id='word_1_241' title='bbox 959 2188 1165 2254; x_wconf 82' lang='lat' dir='ltr'><strong>codex;</strong></span> <span class='ocrx_word' id='word_1_242' title='bbox 1197 2188 1323 2245; x_wconf 84' lang='lat' dir='ltr'><strong>alibi</strong></span> <span class='ocrx_word' id='word_1_243' title='bbox 1352 2191 1675 2245; x_wconf 79' lang='lat' dir='ltr'><strong>detractaret.</strong></span> 
     </span>
    </p>
   </div>
   <div class='ocr_carea' id='block_1_28' title="bbox 234 2256 1769 2317">
    <p class='ocr_par' dir='ltr' id='par_1_28' title="bbox 234 2256 1769 2317">
     <span class='ocr_line' id='line_1_28' title="bbox 234 2256 1769 2317; baseline 0.004 -6"><span class='ocrx_word' id='word_1_244' title='bbox 234 2256 304 2312; x_wconf 87' lang='lat' dir='ltr'><strong>In</strong></span> <span class='ocrx_word' id='word_1_245' title='bbox 332 2259 512 2314; x_wconf 76' lang='lat' dir='ltr'><strong>litteris</strong></span> <span class='ocrx_word' id='word_1_246' title='bbox 540 2261 608 2313; x_wconf 90' lang='lat' dir='ltr'><strong>ad</strong></span> <span class='ocrx_word' id='word_1_247' title='bbox 636 2277 691 2314; x_wconf 91' lang='lat' dir='ltr'><strong>se</strong></span> <span class='ocrx_word' id='word_1_248' title='bbox 719 2262 853 2314; x_wconf 89' lang='lat' dir='ltr'><strong>datis</strong></span> <span class='ocrx_word' id='word_1_249' title='bbox 880 2260 1122 2315; x_wconf 79' lang='lat' dir='ltr'><strong>audisset.</strong></span> <span class='ocrx_word' id='word_1_250' title='bbox 1177 2260 1432 2315; x_wconf 82' lang='lat' dir='ltr'><strong>Audisset</strong></span> <span class='ocrx_word' id='word_1_251' title='bbox 1481 2260 1769 2317; x_wconf 86' lang='lat' dir='ltr'><strong>Diocletia-</strong></span> 
     </span>
    </p>
   </div>
   <div class='ocr_carea' id='block_1_29' title="bbox 166 2329 1766 2400">
    <p class='ocr_par' dir='ltr' id='par_1_29' title="bbox 166 2329 1766 2400">
     <span class='ocr_line' id='line_1_29' title="bbox 166 2329 1766 2400; baseline 0.003 -18"><span class='ocrx_word' id='word_1_252' title='bbox 166 2329 1059 2390; x_wconf 72' lang='lat' dir='ltr'><strong>niisexliiterisGalerii.C£LL.—</strong></span> <span class='ocrx_word' id='word_1_253' title='bbox 1088 2331 1201 2386; x_wconf 90' lang='lat' dir='ltr'><strong>Iino</strong></span> <span class='ocrx_word' id='word_1_254' title='bbox 1228 2329 1475 2387; x_wconf 81' lang='lat' dir='ltr'><strong>Galerius</strong></span> <span class='ocrx_word' id='word_1_255' title='bbox 1504 2332 1766 2400; x_wconf 79' lang='lat' dir='ltr'><strong>audisset,</strong></span> 
     </span>
    </p>
   </div>
   <div class='ocr_carea' id='block_1_30' title="bbox 163 2400 717 2458">
    <p class='ocr_par' dir='ltr' id='par_1_30' title="bbox 163 2400 717 2458">
     <span class='ocr_line' id='line_1_30' title="bbox 163 2400 717 2458; baseline 0.011 -6"><span class='ocrx_word' id='word_1_256' title='bbox 163 2402 279 2453; x_wconf 82' lang='lat' dir='ltr'><strong>sive</strong></span> <span class='ocrx_word' id='word_1_257' title='bbox 308 2400 550 2456; x_wconf 71' lang='lat' dir='ltr'><strong>vidisset.</strong></span> <span class='ocrx_word' id='word_1_258' title='bbox 585 2402 717 2458; x_wconf 77' lang='lat' dir='ltr'><strong>Rau.</strong></span> 
     </span>
    </p>
   </div>
   <div class='ocr_carea' id='block_1_31' title="bbox 235 2471 1761 2540">
    <p class='ocr_par' dir='ltr' id='par_1_31' title="bbox 235 2471 1761 2540">
     <span class='ocr_line' id='line_1_31' title="bbox 235 2471 1761 2540; baseline 0.004 -16"><span class='ocrx_word' id='word_1_259' title='bbox 235 2471 512 2540; x_wconf 76' lang='lat' dir='ltr'><strong>Quousque</strong></span> <span class='ocrx_word' id='word_1_260' title='bbox 554 2472 769 2530; x_wconf 68' lang='lat' dir='ltr'><strong>Casar?</strong></span> <span class='ocrx_word' id='word_1_261' title='bbox 801 2476 1087 2531; x_wconf 83' lang='lat' dir='ltr'><strong>Ambiebat</strong></span> <span class='ocrx_word' id='word_1_262' title='bbox 1125 2476 1269 2530; x_wconf 89' lang='lat' dir='ltr'><strong>enim</strong></span> <span class='ocrx_word' id='word_1_263' title='bbox 1300 2472 1546 2529; x_wconf 86' lang='lat' dir='ltr'><strong>Galerius</strong></span> <span class='ocrx_word' id='word_1_264' title='bbox 1576 2475 1761 2530; x_wconf 87' lang='lat' dir='ltr'><strong>vocari</strong></span> 
     </span>
    </p>
   </div>
   <div class='ocr_carea' id='block_1_32' title="bbox 156 2543 1759 2618">
    <p class='ocr_par' dir='ltr' id='par_1_32' title="bbox 156 2543 1759 2618">
     <span class='ocr_line' id='line_1_32' title="bbox 156 2543 1759 2618; baseline 0.002 -23"><span class='ocrx_word' id='word_1_265' title='bbox 156 2553 213 2618; x_wconf 76' lang='lat' dir='ltr'><strong>et</strong></span> <span class='ocrx_word' id='word_1_266' title='bbox 258 2557 381 2618; x_wconf 79' lang='lat' dir='ltr'><strong>esse</strong></span> <span class='ocrx_word' id='word_1_267' title='bbox 426 2543 726 2618; x_wconf 62' lang='lat' dir='ltr'><strong>Imperator</strong></span> <span class='ocrx_word' id='word_1_268' title='bbox 771 2558 827 2601; x_wconf 90' lang='lat' dir='ltr'><strong>et</strong></span> <span class='ocrx_word' id='word_1_269' title='bbox 856 2550 1163 2618; x_wconf 81' lang='lat' dir='ltr'><strong>Augustus,</strong></span> <span class='ocrx_word' id='word_1_270' title='bbox 1198 2545 1248 2599; x_wconf 91' lang='lat' dir='ltr'><strong>id</strong></span> <span class='ocrx_word' id='word_1_271' title='bbox 1278 2560 1363 2600; x_wconf 76' lang='grc' dir='ltr'><strong>εει</strong></span> <span class='ocrx_word' id='word_1_272' title='bbox 1395 2548 1626 2618; x_wconf 78' lang='lat' dir='ltr'><strong>primum</strong></span> <span class='ocrx_word' id='word_1_273' title='bbox 1660 2548 1759 2618; x_wconf 70' lang='lat' dir='ltr'><strong>lia-</strong></span> 
     </span>
    </p>
   </div>
   <div class='ocr_carea' id='block_1_33' title="bbox 154 2612 1763 2738">
    <p class='ocr_par' dir='ltr' id='par_1_33' title="bbox 154 2612 1763 2738">
     <span class='ocr_line' id='line_1_33' title="bbox 154 2612 1763 2738; baseline 0.006 -73"><span class='ocrx_word' id='word_1_274' title='bbox 154 2612 286 2738; x_wconf 62' lang='lat' dir='ltr'><strong>:ierc</strong></span> <span class='ocrx_word' id='word_1_275' title='bbox 343 2612 562 2681; x_wconf 79' lang='lat' dir='ltr'><strong>locum;</strong></span> <span class='ocrx_word' id='word_1_276' title='bbox 611 2614 788 2673; x_wconf 82' lang='lat' dir='ltr'><strong>Ccesar</strong></span> <span class='ocrx_word' id='word_1_277' title='bbox 833 2612 977 2674; x_wconf 80' lang='lat' dir='ltr'><strong>enim</strong></span> <span class='ocrx_word' id='word_1_278' title='bbox 1023 2635 1129 2672; x_wconf 88' lang='lat' dir='ltr'><strong>non</strong></span> <span class='ocrx_word' id='word_1_279' title='bbox 1178 2625 1326 2685; x_wconf 87' lang='lat' dir='ltr'><strong>erat,</strong></span> <span class='ocrx_word' id='word_1_280' title='bbox 1376 2612 1479 2672; x_wconf 89' lang='lat' dir='ltr'><strong>uisi</strong></span> <span class='ocrx_word' id='word_1_281' title='bbox 1520 2616 1763 2674; x_wconf 86' lang='lat' dir='ltr'><strong>secundo</strong></span> 
     </span>
     <span class='ocr_line' id='line_1_34' title="bbox 176 2698 299 2738; baseline -0.008 -1"><span class='ocrx_word' id='word_1_282' title='bbox 176 2698 299 2738; x_wconf 77' lang='lat' dir='ltr'><strong>oro.</strong></span> 
     </span>
    </p>
   </div>
   <div class='ocr_carea' id='block_1_34' title="bbox 176 2698 299 2738">
    <p class='ocr_par' dir='ltr' id='par_1_34' title="bbox 176 2698 299 2738">
     <span class='ocr_line' id='line_1_35' title="bbox 176 2698 299 2738; baseline -0.008 -1"><span class='ocrx_word' id='word_1_283' title='bbox 176 2698 299 2738; x_wconf 64' lang='lat'><strong>000.</strong></span> 
     </span>
    </p>
   </div>
   <div class='ocr_carea' id='block_1_35' title="bbox 231 2754 1756 2838">
    <p class='ocr_par' dir='ltr' id='par_1_35' title="bbox 231 2754 1756 2838">
     <span class='ocr_line' id='line_1_36' title="bbox 231 2754 1756 2838; baseline 0.004 -29"><span class='ocrx_word' id='word_1_284' title='bbox 231 2754 303 2838; x_wconf 65' lang='lat' dir='ltr'><strong>lit</strong></span> <span class='ocrx_word' id='word_1_285' title='bbox 330 2773 396 2838; x_wconf 64' lang='grc' dir='ltr'><strong>σεξ</strong></span> <span class='ocrx_word' id='word_1_286' title='bbox 425 2757 595 2838; x_wconf 75' lang='lat' dir='ltr'><strong>Marte</strong></span> <span class='ocrx_word' id='word_1_287' title='bbox 619 2776 674 2816; x_wconf 88' lang='lat' dir='ltr'><strong>se</strong></span> <span class='ocrx_word' id='word_1_288' title='bbox 702 2771 1042 2838; x_wconf 62' lang='lat' dir='ltr'><strong>procreatum.</strong></span> <span class='ocrx_word' id='word_1_289' title='bbox 1073 2759 1314 2838; x_wconf 79' lang='lat' dir='ltr'><strong>Imitatus</strong></span> <span class='ocrx_word' id='word_1_290' title='bbox 1345 2757 1756 2838; x_wconf 76' lang='lat' dir='ltr'><strong>Diocletianum,</strong></span> 
     </span>
    </p>
   </div>
   <div class='ocr_carea' id='block_1_36' title="bbox 155 2827 1762 2908">
    <p class='ocr_par' dir='ltr' id='par_1_36' title="bbox 155 2827 1762 2908">
     <span class='ocr_line' id='line_1_37' title="bbox 155 2827 1762 2908; baseline 0.005 -29"><span class='ocrx_word' id='word_1_291' title='bbox 155 2827 253 2908; x_wconf 62' lang='lat' dir='ltr'><strong>qui</strong></span> <span class='ocrx_word' id='word_1_292' title='bbox 278 2842 340 2883; x_wconf 89' lang='lat' dir='ltr'><strong>se</strong></span> <span class='ocrx_word' id='word_1_293' title='bbox 368 2827 584 2908; x_wconf 70' lang='lat' dir='ltr'><strong>Joviiim</strong></span> <span class='ocrx_word' id='word_1_294' title='bbox 599 2827 713 2908; x_wconf 24' lang='lat' dir='ltr'><strong>;_‘et&#39;</strong></span> <span class='ocrx_word' id='word_1_295' title='bbox 729 2834 959 2908; x_wconf 88' lang='lat' dir='ltr'><strong>alterum</strong></span> <span class='ocrx_word' id='word_1_296' title='bbox 989 2833 1399 2908; x_wconf 72' lang='lat' dir='ltr'><strong>Maximiauum,</strong></span> <span class='ocrx_word' id='word_1_297' title='bbox 1432 2834 1535 2900; x_wconf 76' lang='lat' dir='ltr'><strong>qui”</strong></span> <span class='ocrx_word' id='word_1_298' title='bbox 1557 2827 1762 2908; x_wconf 82' lang='lat' dir='ltr'><strong>llerc_u-</strong></span> 
     </span>
    </p>
   </div>
   <div class='ocr_carea' id='block_1_37' title="bbox 151 2896 1758 2974">
    <p class='ocr_par' dir='ltr' id='par_1_37' title="bbox 151 2896 1758 2974">
     <span class='ocr_line' id='line_1_38' title="bbox 151 2896 1758 2974; baseline 0.003 -20"><span class='ocrx_word' id='word_1_299' title='bbox 151 2896 327 2974; x_wconf 59' lang='lat' dir='ltr'><strong>lium,</strong></span> <span class='ocrx_word' id='word_1_300' title='bbox 346 2901 505 2974; x_wconf 81' lang='lat' dir='ltr'><strong>qu_as_i</strong></span> <span class='ocrx_word' id='word_1_301' title='bbox 532 2917 562 2956; x_wconf 93' lang='lat' dir='ltr'><strong>a</strong></span> <span class='ocrx_word' id='word_1_302' title='bbox 591 2896 696 2974; x_wconf 83' lang='lat' dir='ltr'><strong>diis</strong></span> <span class='ocrx_word' id='word_1_303' title='bbox 726 2903 1158 2974; x_wconf 87' lang='lat' dir='ltr'><strong>progenitoribus</strong></span> <span class='ocrx_word' id='word_1_304' title='bbox 1177 2944 1194 2967; x_wconf 91' lang='lat'><strong>,</strong></span> <span class='ocrx_word' id='word_1_305' title='bbox 1224 2896 1649 2973; x_wconf 81' lang='lat' dir='ltr'><strong>appellaverunt.</strong></span> <span class='ocrx_word' id='word_1_306' title='bbox 1682 2903 1758 2960; x_wconf 92' lang='lat' dir='ltr'><strong>De</strong></span> 
     </span>
    </p>
   </div>
   <div class='ocr_carea' id='block_1_38' title="bbox 150 2966 1759 3047">
    <p class='ocr_par' dir='ltr' id='par_1_38' title="bbox 150 2966 1759 3047">
     <span class='ocr_line' id='line_1_39' title="bbox 150 2966 1759 3047; baseline 0.001 -23"><span class='ocrx_word' id='word_1_307' title='bbox 150 2966 379 3025; x_wconf 85' lang='lat' dir='ltr'><strong>Galerio</strong></span> <span class='ocrx_word' id='word_1_308' title='bbox 401 2972 546 3040; x_wconf 86' lang='lat' dir='ltr'><strong>Epit.</strong></span> <span class='ocrx_word' id='word_1_309' title='bbox 601 2966 853 3036; x_wconf 52' lang='lat' dir='ltr'><strong>Victoris:</strong></span> <span class='ocrx_word' id='word_1_310' title='bbox 886 2990 1006 3047; x_wconf 90' lang='lat' dir='ltr'><strong>cap.</strong></span> <span class='ocrx_word' id='word_1_311' title='bbox 1053 2975 1122 3047; x_wconf 72' lang='lat'><strong>5&#39;1</strong></span> <span class='ocrx_word' id='word_1_312' title='bbox 1167 2966 1187 3027; x_wconf 27' lang='grc' dir='ltr'><strong>εί</strong></span> <span class='ocrx_word' id='word_1_313' title='bbox 1219 2966 1577 3047; x_wconf 56' lang='lat' dir='ltr'><strong>“insolenter</strong></span> <span class='ocrx_word' id='word_1_314' title='bbox 1605 2974 1759 3047; x_wconf 46' lang='lat' dir='ltr'><strong>afﬁrg</strong></span> 
     </span>
    </p>
   </div>
   <div class='ocr_carea' id='block_1_39' title="bbox 150 3042 1755 3118">
    <p class='ocr_par' dir='ltr' id='par_1_39' title="bbox 150 3042 1755 3118">
     <span class='ocr_line' id='line_1_40' title="bbox 150 3042 1755 3118; baseline 0.004 -26"><span class='ocrx_word' id='word_1_315' title='bbox 150 3055 293 3118; x_wconf 61' lang='lat' dir='ltr'><strong>mare</strong></span> <span class='ocrx_word' id='word_1_316' title='bbox 322 3058 503 3118; x_wconf 87' lang='lat' dir='ltr'><strong>_ausus</strong></span> <span class='ocrx_word' id='word_1_317' title='bbox 530 3054 633 3118; x_wconf 89' lang='lat' dir='ltr'><strong>est,</strong></span> <span class='ocrx_word' id='word_1_318' title='bbox 666 3056 881 3101; x_wconf 87' lang='lat' dir='ltr'><strong>matrem</strong></span> <span class='ocrx_word' id='word_1_319' title='bbox 909 3042 1051 3101; x_wconf 69' lang='lat' dir='ltr'><strong>more</strong></span> <span class='ocrx_word' id='word_1_320' title='bbox 1080 3042 1405 3118; x_wconf 80' lang='lat' dir='ltr'><strong>Olympiadis</strong></span> <span class='ocrx_word' id='word_1_321' title='bbox 1423 3084 1440 3111; x_wconf 89' lang='lat'><strong>,</strong></span> <span class='ocrx_word' id='word_1_322' title='bbox 1470 3042 1755 3100; x_wconf 72' lang='lat' dir='ltr'><strong>Alexandri</strong></span> 
     </span>
    </p>
   </div>
   <div class='ocr_carea' id='block_1_40' title="bbox 150 3109 1756 3239">
    <p class='ocr_par' dir='ltr' id='par_1_40' title="bbox 150 3109 1756 3239">
     <span class='ocr_line' id='line_1_41' title="bbox 150 3109 1756 3239; baseline 0.003 -72"><span class='ocrx_word' id='word_1_323' title='bbox 150 3109 670 3239; x_wconf 63' lang='lat' dir='ltr'><strong>lfugniccreatrieis,</strong></span> <span class='ocrx_word' id='word_1_324' title='bbox 718 3134 1063 3188; x_wconf 80' lang='lat' dir='ltr'><strong>compressam</strong></span> <span class='ocrx_word' id='word_1_325' title='bbox 1105 3109 1329 3173; x_wconf 56' lang='lat' dir='ltr'><strong>diacono</strong></span> <span class='ocrx_word' id='word_1_326' title='bbox 1347 3156 1362 3181; x_wconf 91' lang='lat'><strong>,</strong></span> <span class='ocrx_word' id='word_1_327' title='bbox 1393 3109 1546 3172; x_wconf 81' lang='lat' dir='ltr'><strong>semet</strong></span> <span class='ocrx_word' id='word_1_328' title='bbox 1574 3132 1756 3172; x_wconf 86' lang='lat' dir='ltr'><strong>conce-</strong></span> 
     </span>
     <span class='ocr_line' id='line_1_42' title="bbox 150 3198 506 3239; baseline 0 0"><span class='ocrx_word' id='word_1_329' title='bbox 150 3198 301 3239; x_wconf 76' lang='lat' dir='ltr'><strong>pisse.</strong></span> <span class='ocrx_word' id='word_1_330' title='bbox 379 3200 506 3239; x_wconf 71' lang='grc' dir='ltr'><strong>ευ..</strong></span> 
     </span>
    </p>
   </div>
   <div class='ocr_carea' id='block_1_41' title="bbox 147 3198 506 3251">
    <p class='ocr_par' dir='ltr' id='par_1_41' title="bbox 147 3198 506 3251">
     <span class='ocr_line' id='line_1_43' title="bbox 147 3198 506 3251; baseline 0.011 -17"><span class='ocrx_word' id='word_1_331' title='bbox 147 3198 301 3251; x_wconf 80' lang='lat' dir='ltr'><strong>pisse.</strong></span> <span class='ocrx_word' id='word_1_332' title='bbox 331 3198 506 3241; x_wconf 65' lang='grc' dir='ltr'><strong>ωειλ..</strong></span> 
     </span>
    </p>
   </div>
   <div class='ocr_carea' id='block_1_42' title="bbox 220 3253 1754 3330">
    <p class='ocr_par' dir='ltr' id='par_1_42' title="bbox 220 3253 1754 3330">
     <span class='ocr_line' id='line_1_44' title="bbox 220 3253 1754 3330; baseline 0.004 -22"><span class='ocrx_word' id='word_1_333' title='bbox 220 3253 526 3330; x_wconf 83' lang='lat' dir='ltr'><strong>Romulam.</strong></span> <span class='ocrx_word' id='word_1_334' title='bbox 561 3257 686 3330; x_wconf 65' lang='lat' dir='ltr'><strong>Haec</strong></span> <span class='ocrx_word' id='word_1_335' title='bbox 713 3267 831 3314; x_wconf 85' lang='lat' dir='ltr'><strong>erat</strong></span> <span class='ocrx_word' id='word_1_336' title='bbox 857 3258 1058 3317; x_wconf 87' lang='lat' dir='ltr'><strong>Galerii</strong></span> <span class='ocrx_word' id='word_1_337' title='bbox 1085 3268 1276 3326; x_wconf 85' lang='lat' dir='ltr'><strong>mater,</strong></span> <span class='ocrx_word' id='word_1_338' title='bbox 1301 3274 1332 3312; x_wconf 89' lang='lat' dir='ltr'><strong>a</strong></span> <span class='ocrx_word' id='word_1_339' title='bbox 1354 3274 1456 3330; x_wconf 86' lang='lat' dir='ltr'><strong>qua</strong></span> <span class='ocrx_word' id='word_1_340' title='bbox 1484 3257 1754 3314; x_wconf 85' lang='lat' dir='ltr'><strong>Romulia-</strong></span> 
     </span>
    </p>
   </div>
   <div class='ocr_carea' id='block_1_43' title="bbox 146 3329 1076 3399">
    <p class='ocr_par' dir='ltr' id='par_1_43' title="bbox 146 3329 1076 3399">
     <span class='ocr_line' id='line_1_45' title="bbox 146 3329 1076 3399; baseline 0.009 -23"><span class='ocrx_word' id='word_1_341' title='bbox 146 3339 270 3399; x_wconf 74' lang='lat' dir='ltr'><strong>num</strong></span> <span class='ocrx_word' id='word_1_342' title='bbox 300 3329 562 3399; x_wconf 86' lang='lat' dir='ltr'><strong>oppidum</strong></span> <span class='ocrx_word' id='word_1_343' title='bbox 601 3329 696 3383; x_wconf 89' lang='lat' dir='ltr'><strong>fuit</strong></span> <span class='ocrx_word' id='word_1_344' title='bbox 725 3331 1076 3399; x_wconf 82' lang='lat' dir='ltr'><strong>appellatum.</strong></span> 
     </span>
    </p>
   </div>
   <div class='ocr_carea' id='block_1_44' title="bbox 192 3394 1749 3477">
    <p class='ocr_par' dir='ltr' id='par_1_44' title="bbox 192 3394 1749 3477">
     <span class='ocr_line' id='line_1_46' title="bbox 192 3394 1749 3477; baseline 0.004 -29"><span class='ocrx_word' id='word_1_345' title='bbox 192 3394 420 3477; x_wconf 51' lang='lat' dir='ltr'><strong>&quot;Postea</strong></span> <span class='ocrx_word' id='word_1_346' title='bbox 448 3401 581 3453; x_wconf 89' lang='lat' dir='ltr'><strong>enim</strong></span> <span class='ocrx_word' id='word_1_347' title='bbox 608 3394 782 3477; x_wconf 64' lang='lat' dir='ltr'><strong>quam.</strong></span> <span class='ocrx_word' id='word_1_348' title='bbox 800 3394 908 3477; x_wconf 62' lang='lat' dir='ltr'><strong>Sic</strong></span> <span class='ocrx_word' id='word_1_349' title='bbox 937 3418 1058 3472; x_wconf 69' lang='lat' dir='ltr'><strong>Cap.</strong></span> <span class='ocrx_word' id='word_1_350' title='bbox 1092 3403 1125 3456; x_wconf 85' lang='lat'><strong><em>5</em></strong></span> <span class='ocrx_word' id='word_1_351' title='bbox 1162 3419 1179 3457; x_wconf 89' lang='lat'><strong>:</strong></span> <span class='ocrx_word' id='word_1_352' title='bbox 1212 3400 1410 3477; x_wconf 26' lang='lat' dir='ltr'><strong>Postea.</strong></span> <span class='ocrx_word' id='word_1_353' title='bbox 1429 3417 1544 3455; x_wconf 73' lang='lat' dir='ltr'><strong>vero</strong></span> <span class='ocrx_word' id='word_1_354' title='bbox 1571 3417 1749 3471; x_wconf 89' lang='lat' dir='ltr'><strong>quam.</strong></span> 
     </span>
    </p>
   </div>
   <div class='ocr_carea' id='block_1_45' title="bbox 145 3465 1748 3596">
    <p class='ocr_par' dir='ltr' id='par_1_45' title="bbox 145 3465 1748 3596">
     <span class='ocr_line' id='line_1_47' title="bbox 145 3465 1748 3596; baseline 0.004 -76"><span class='ocrx_word' id='word_1_355' title='bbox 145 3465 263 3596; x_wconf 49' lang='lat' dir='ltr'><strong>(Lib.</strong></span> <span class='ocrx_word' id='word_1_356' title='bbox 296 3469 544 3596; x_wconf 73' lang='lat' dir='ltr'><strong>thliisL,</strong></span> <span class='ocrx_word' id='word_1_357' title='bbox 583 3465 634 3526; x_wconf 68' lang='grc' dir='ltr'><strong>οξ</strong></span> <span class='ocrx_word' id='word_1_358' title='bbox 679 3472 764 3528; x_wconf 84' lang='grc'><strong>15.</strong></span> <span class='ocrx_word' id='word_1_359' title='bbox 811 3465 1157 3528; x_wconf 49' lang='lat' dir='ltr'><strong>Postea-uero</strong></span> <span class='ocrx_word' id='word_1_360' title='bbox 1201 3472 1556 3528; x_wconf 80' lang='lat' dir='ltr'><strong>animaduersa</strong></span> <span class='ocrx_word' id='word_1_361' title='bbox 1584 3465 1748 3540; x_wconf 68' lang='lat' dir='ltr'><strong>sunt,</strong></span> 
     </span>
     <span class='ocr_line' id='line_1_48' title="bbox 180 3556 491 3596; baseline 0.026 -8"><span class='ocrx_word' id='word_1_362' title='bbox 180 3556 316 3592; x_wconf 85' lang='lat' dir='ltr'><strong>ttattt.</strong></span> <span class='ocrx_word' id='word_1_363' title='bbox 407 3558 491 3596; x_wconf 65' lang='grc' dir='ltr'><strong>ΠΝ.</strong></span> 
     </span>
    </p>
   </div>
   <div class='ocr_carea' id='block_1_46' title="bbox 143 3554 491 3607">
    <p class='ocr_par' dir='ltr' id='par_1_46' title="bbox 143 3554 491 3607">
     <span class='ocr_line' id='line_1_49' title="bbox 143 3554 491 3607; baseline 0.023 -19"><span class='ocrx_word' id='word_1_364' title='bbox 143 3554 316 3607; x_wconf 84' lang='lat' dir='ltr'><strong>quam.</strong></span> <span class='ocrx_word' id='word_1_365' title='bbox 355 3554 491 3596; x_wconf 74' lang='lat' dir='ltr'><strong>uua.</strong></span> 
     </span>
    </p>
   </div>
   <div class='ocr_carea' id='block_1_47' title="bbox 220 3608 1750 3685">
    <p class='ocr_par' dir='ltr' id='par_1_47' title="bbox 220 3608 1750 3685">
     <span class='ocr_line' id='line_1_50' title="bbox 220 3608 1750 3685; baseline 0.004 -22"><span class='ocrx_word' id='word_1_366' title='bbox 220 3608 400 3666; x_wconf 63' lang='lat' dir='ltr'><strong>Erato</strong></span> <span class='ocrx_word' id='word_1_367' title='bbox 430 3629 623 3668; x_wconf 83' lang='lat' dir='ltr'><strong>socero.</strong></span> <span class='ocrx_word' id='word_1_368' title='bbox 675 3613 731 3669; x_wconf 87' lang='lat' dir='ltr'><strong>Id</strong></span> <span class='ocrx_word' id='word_1_369' title='bbox 762 3627 876 3677; x_wconf 85' lang='lat' dir='ltr'><strong>est,</strong></span> <span class='ocrx_word' id='word_1_370' title='bbox 911 3626 1191 3685; x_wconf 80' lang='lat' dir='ltr'><strong>postquam</strong></span> <span class='ocrx_word' id='word_1_371' title='bbox 1226 3615 1587 3670; x_wconf 61' lang='lat' dir='ltr'><strong>Diocletianus</strong></span> <span class='ocrx_word' id='word_1_372' title='bbox 1620 3630 1750 3685; x_wconf 88' lang='lat' dir='ltr'><strong>pur-</strong></span> 
     </span>
    </p>
   </div>
   <div class='ocr_carea' id='block_1_48' title="bbox 148 3686 1753 3757">
    <p class='ocr_par' dir='ltr' id='par_1_48' title="bbox 148 3686 1753 3757">
     <span class='ocr_line' id='line_1_51' title="bbox 148 3686 1753 3757; baseline 0.005 -25"><span class='ocrx_word' id='word_1_373' title='bbox 148 3695 279 3747; x_wconf 83' lang='lat' dir='ltr'><strong>pura</strong></span> <span class='ocrx_word' id='word_1_374' title='bbox 309 3694 476 3757; x_wconf 76' lang='lat' dir='ltr'><strong>exuta</strong></span> <span class='ocrx_word' id='word_1_375' title='bbox 516 3700 576 3740; x_wconf 88' lang='lat' dir='ltr'><strong>se</strong></span> <span class='ocrx_word' id='word_1_376' title='bbox 606 3686 835 3754; x_wconf 90' lang='lat' dir='ltr'><strong>Imperio</strong></span> <span class='ocrx_word' id='word_1_377' title='bbox 861 3688 1163 3755; x_wconf 86' lang='lat' dir='ltr'><strong>abdicavit,</strong></span> <span class='ocrx_word' id='word_1_378' title='bbox 1192 3697 1249 3744; x_wconf 89' lang='lat' dir='ltr'><strong>et</strong></span> <span class='ocrx_word' id='word_1_379' title='bbox 1286 3686 1531 3743; x_wconf 75' lang='lat' dir='ltr'><strong>Galerius</strong></span> <span class='ocrx_word' id='word_1_380' title='bbox 1576 3686 1753 3757; x_wconf 87' lang='lat' dir='ltr'><strong>Impe-</strong></span> 
     </span>
    </p>
   </div>
   <div class='ocr_carea' id='block_1_49' title="bbox 147 3753 1751 3828">
    <p class='ocr_par' dir='ltr' id='par_1_49' title="bbox 147 3753 1751 3828">
     <span class='ocr_line' id='line_1_52' title="bbox 147 3753 1751 3828; baseline 0.004 -22"><span class='ocrx_word' id='word_1_381' title='bbox 147 3762 290 3828; x_wconf 51' lang='lat' dir='ltr'><strong>rator</strong></span> <span class='ocrx_word' id='word_1_382' title='bbox 320 3753 498 3828; x_wconf 77' lang='lat' dir='ltr'><strong>factus</strong></span> <span class='ocrx_word' id='word_1_383' title='bbox 522 3766 627 3812; x_wconf 90' lang='lat' dir='ltr'><strong>est.</strong></span> <span class='ocrx_word' id='word_1_384' title='bbox 659 3753 860 3813; x_wconf 83' lang='lat' dir='ltr'><strong>Eadem</strong></span> <span class='ocrx_word' id='word_1_385' title='bbox 903 3769 987 3814; x_wconf 81' lang='lat' dir='ltr'><strong>est</strong></span> <span class='ocrx_word' id='word_1_386' title='bbox 1034 3753 1285 3828; x_wconf 64' lang='lat' dir='ltr'><strong>loquendi</strong></span> <span class='ocrx_word' id='word_1_387' title='bbox 1316 3760 1453 3812; x_wconf 89' lang='lat' dir='ltr'><strong>ratio</strong></span> <span class='ocrx_word' id='word_1_388' title='bbox 1480 3758 1619 3827; x_wconf 88' lang='lat' dir='ltr'><strong>apud</strong></span> <span class='ocrx_word' id='word_1_389' title='bbox 1651 3753 1751 3812; x_wconf 83' lang='lat' dir='ltr'><strong>nos</strong></span> 
     </span>
    </p>
   </div>
   <div class='ocr_carea' id='block_1_50' title="bbox 145 3820 1749 3901">
    <p class='ocr_par' dir='ltr' id='par_1_50' title="bbox 145 3820 1749 3901">
     <span class='ocr_line' id='line_1_53' title="bbox 145 3820 1749 3901; baseline 0.004 -24"><span class='ocrx_word' id='word_1_390' title='bbox 145 3820 361 3901; x_wconf 74' lang='lat' dir='ltr'><strong>Gallos;</strong></span> <span class='ocrx_word' id='word_1_391' title='bbox 415 3826 642 3882; x_wconf 90' lang='lat' dir='ltr'><strong>dicimus</strong></span> <span class='ocrx_word' id='word_1_392' title='bbox 688 3829 832 3901; x_wconf 87' lang='lat' dir='ltr'><strong>enim</strong></span> <span class='ocrx_word' id='word_1_393' title='bbox 883 3830 1042 3901; x_wconf 67' lang='lat' dir='ltr'><strong>vulgo</strong></span> <span class='ocrx_word' id='word_1_394' title='bbox 1074 3820 1219 3885; x_wconf 50' lang='lat' dir='ltr'><strong>{Cet</strong></span> <span class='ocrx_word' id='word_1_395' title='bbox 1249 3820 1610 3901; x_wconf 32' lang='lat' dir='ltr'><strong>Itommeds‘est</strong></span> <span class='ocrx_word' id='word_1_396' title='bbox 1656 3829 1749 3883; x_wconf 75' lang='lat' dir='ltr'><strong>de-</strong></span> 
     </span>
    </p>
   </div>
   <div class='ocr_carea' id='block_1_51' title="bbox 149 3896 1749 3971">
    <p class='ocr_par' dir='ltr' id='par_1_51' title="bbox 149 3896 1749 3971">
     <span class='ocr_line' id='line_1_54' title="bbox 149 3896 1749 3971; baseline 0.006 -25"><span class='ocrx_word' id='word_1_397' title='bbox 149 3896 340 3965; x_wconf 76' lang='lat' dir='ltr'><strong>pouille</strong></span> <span class='ocrx_word' id='word_1_398' title='bbox 369 3915 509 3968; x_wconf 88' lang='lat' dir='ltr'><strong>pour</strong></span> <span class='ocrx_word' id='word_1_399' title='bbox 534 3917 627 3953; x_wconf 86' lang='lat' dir='ltr'><strong>son</strong></span> <span class='ocrx_word' id='word_1_400' title='bbox 658 3899 761 3968; x_wconf 81' lang='lat' dir='ltr'><strong>ﬁls.</strong></span> <span class='ocrx_word' id='word_1_401' title='bbox 799 3902 889 3956; x_wconf 87' lang='lat' dir='ltr'><strong>Sic</strong></span> <span class='ocrx_word' id='word_1_402' title='bbox 916 3896 1132 3957; x_wconf 58' lang='lat' dir='ltr'><strong>ct&#39;iufra</strong></span> <span class='ocrx_word' id='word_1_403' title='bbox 1165 3917 1284 3971; x_wconf 72' lang='lat' dir='ltr'><strong>cap.</strong></span> <span class='ocrx_word' id='word_1_404' title='bbox 1321 3900 1409 3956; x_wconf 84' lang='lat' dir='ltr'><strong>I0.</strong></span> <span class='ocrx_word' id='word_1_405' title='bbox 1446 3899 1538 3954; x_wconf 83' lang='lat' dir='ltr'><strong>Vel</strong></span> <span class='ocrx_word' id='word_1_406' title='bbox 1571 3903 1749 3969; x_wconf 81' lang='lat' dir='ltr'><strong>potius</strong></span> 
     </span>
    </p>
   </div>
   <div class='ocr_carea' id='block_1_52' title="bbox 147 3971 1748 4041">
    <p class='ocr_par' dir='ltr' id='par_1_52' title="bbox 147 3971 1748 4041">
     <span class='ocr_line' id='line_1_55' title="bbox 147 3971 1748 4041; baseline 0.006 -24"><span class='ocrx_word' id='word_1_407' title='bbox 147 3974 295 4020; x_wconf 72' lang='lat' dir='ltr'><strong>exuto</strong></span> <span class='ocrx_word' id='word_1_408' title='bbox 323 3984 532 4033; x_wconf 84' lang='lat' dir='ltr'><strong>socero,</strong></span> <span class='ocrx_word' id='word_1_409' title='bbox 567 3971 616 4024; x_wconf 91' lang='lat' dir='ltr'><strong>id</strong></span> <span class='ocrx_word' id='word_1_410' title='bbox 639 3982 754 4037; x_wconf 86' lang='lat' dir='ltr'><strong>est,</strong></span> <span class='ocrx_word' id='word_1_411' title='bbox 784 3984 1063 4041; x_wconf 84' lang='lat' dir='ltr'><strong>postquam</strong></span> <span class='ocrx_word' id='word_1_412' title='bbox 1086 3971 1333 4028; x_wconf 78' lang='lat' dir='ltr'><strong>Galerius</strong></span> <span class='ocrx_word' id='word_1_413' title='bbox 1358 3972 1748 4026; x_wconf 76' lang='lat' dir='ltr'><strong>Diorletianum</strong></span> 
     </span>
    </p>
   </div>
   <div class='ocr_carea' id='block_1_53' title="bbox 147 4040 1748 4161">
    <p class='ocr_par' dir='ltr' id='par_1_53' title="bbox 147 4040 1748 4161">
     <span class='ocr_line' id='line_1_56' title="bbox 147 4040 1748 4161; baseline 0.003 -68"><span class='ocrx_word' id='word_1_414' title='bbox 147 4040 323 4161; x_wconf 60' lang='lat' dir='ltr'><strong>gsulegit</strong></span> <span class='ocrx_word' id='word_1_415' title='bbox 354 4042 594 4123; x_wconf 65' lang='lat' dir='ltr'><strong>isnperio</strong></span> <span class='ocrx_word' id='word_1_416' title='bbox 637 4043 862 4109; x_wconf 85' lang='lat' dir='ltr'><strong>cedere,</strong></span> <span class='ocrx_word' id='word_1_417' title='bbox 911 4040 967 4098; x_wconf 89' lang='lat' dir='ltr'><strong>ut</strong></span> <span class='ocrx_word' id='word_1_418' title='bbox 1013 4045 1147 4098; x_wconf 88' lang='lat' dir='ltr'><strong>infra</strong></span> <span class='ocrx_word' id='word_1_419' title='bbox 1179 4060 1229 4100; x_wconf 89' lang='lat' dir='ltr'><strong>c.</strong></span> <span class='ocrx_word' id='word_1_420' title='bbox 1265 4044 1351 4098; x_wconf 86' lang='grc'><strong>18.</strong></span> <span class='ocrx_word' id='word_1_421' title='bbox 1386 4046 1574 4107; x_wconf 89' lang='lat' dir='ltr'><strong>iuitio,</strong></span> <span class='ocrx_word' id='word_1_422' title='bbox 1604 4042 1748 4114; x_wconf 85' lang='lat' dir='ltr'><strong>quod</strong></span> 
     </span>
     <span class='ocr_line' id='line_1_57' title="bbox 258 4124 484 4161; baseline 0 0"><span class='ocrx_word' id='word_1_423' title='bbox 258 4124 484 4161; x_wconf 72' lang='lat' dir='ltr'><strong>rectius.</strong></span> 
     </span>
    </p>
   </div>
   <div class='ocr_carea' id='block_1_54' title="bbox 148 4121 484 4167">
    <p class='ocr_par' dir='ltr' id='par_1_54' title="bbox 148 4121 484 4167">
     <span class='ocr_line' id='line_1_58' title="bbox 148 4121 484 4167; baseline -0.003 -1"><span class='ocrx_word' id='word_1_424' title='bbox 148 4121 226 4161; x_wconf 73' lang='grc'><strong>681</strong></span> <span class='ocrx_word' id='word_1_425' title='bbox 258 4121 484 4167; x_wconf 67' lang='lat' dir='ltr'><strong>l&#39;CCliiis.</strong></span> 
     </span>
    </p>
   </div>
   <div class='ocr_carea' id='block_1_55' title="bbox 179 4179 1743 4261">
    <p class='ocr_par' dir='ltr' id='par_1_55' title="bbox 179 4179 1743 4261">
     <span class='ocr_line' id='line_1_59' title="bbox 179 4179 1743 4261; baseline 0.004 -28"><span class='ocrx_word' id='word_1_426' title='bbox 179 4247 192 4261; x_wconf 46' lang='lat'><em>.</em></span> <span class='ocrx_word' id='word_1_427' title='bbox 222 4179 333 4235; x_wconf 80' lang='lat' dir='ltr'><strong>Sic.</strong></span> <span class='ocrx_word' id='word_1_428' title='bbox 370 4182 523 4238; x_wconf 85' lang='lat' dir='ltr'><strong>Hanc</strong></span> <span class='ocrx_word' id='word_1_429' title='bbox 555 4183 869 4252; x_wconf 80' lang='lat' dir='ltr'><strong>particulam</strong></span> <span class='ocrx_word' id='word_1_430' title='bbox 904 4186 1446 4261; x_wconf 49' lang='lat' dir='ltr'><strong>supplevimusucuni</strong></span> <span class='ocrx_word' id='word_1_431' title='bbox 1490 4182 1743 4261; x_wconf 48' lang='lat' dir='ltr'><strong>Cupijro,</strong></span> 
     </span>
    </p>
   </div>
   <div class='ocr_carea' id='block_1_56' title="bbox 151 4254 1751 4325">
    <p class='ocr_par' dir='ltr' id='par_1_56' title="bbox 151 4254 1751 4325">
     <span class='ocr_line' id='line_1_60' title="bbox 151 4254 1751 4325; baseline 0.004 -22"><span class='ocrx_word' id='word_1_432' title='bbox 151 4254 265 4304; x_wconf 85' lang='lat' dir='ltr'><strong>sine</strong></span> <span class='ocrx_word' id='word_1_433' title='bbox 293 4268 404 4322; x_wconf 82' lang='lat' dir='ltr'><strong>qua</strong></span> <span class='ocrx_word' id='word_1_434' title='bbox 452 4269 637 4309; x_wconf 78' lang='lat' dir='ltr'><strong>manca</strong></span> <span class='ocrx_word' id='word_1_435' title='bbox 668 4265 752 4310; x_wconf 87' lang='lat' dir='ltr'><strong>est</strong></span> <span class='ocrx_word' id='word_1_436' title='bbox 779 4254 1081 4311; x_wconf 25' lang='lat' dir='ltr'><strong>oratio.‘lta</strong></span> <span class='ocrx_word' id='word_1_437' title='bbox 1112 4272 1230 4325; x_wconf 89' lang='lat' dir='ltr'><strong>cap.</strong></span> <span class='ocrx_word' id='word_1_438' title='bbox 1267 4257 1333 4311; x_wconf 81' lang='lat' dir='ltr'><strong>I9</strong></span> <span class='ocrx_word' id='word_1_439' title='bbox 1365 4254 1499 4309; x_wconf 75' lang='lat' dir='ltr'><strong>iul&#39;rai</strong></span> <span class='ocrx_word' id='word_1_440' title='bbox 1546 4273 1559 4309; x_wconf 87' lang='lat'><strong>:</strong></span> <span class='ocrx_word' id='word_1_441' title='bbox 1612 4255 1751 4309; x_wconf 88' lang='lat' dir='ltr'><strong>lluic</strong></span> 
     </span>
    </p>
   </div>
   <div class='ocr_carea' id='block_1_57' title="bbox 153 4325 1747 4398">
    <p class='ocr_par' dir='ltr' id='par_1_57' title="bbox 153 4325 1747 4398">
     <span class='ocr_line' id='line_1_61' title="bbox 153 4325 1747 4398; baseline 0.005 -27"><span class='ocrx_word' id='word_1_442' title='bbox 153 4335 437 4398; x_wconf 69' lang='lat' dir='ltr'><strong>purpuram</strong></span> <span class='ocrx_word' id='word_1_443' title='bbox 491 4325 842 4381; x_wconf 85' lang='lat' dir='ltr'><strong>Diocletianus</strong></span> <span class='ocrx_word' id='word_1_444' title='bbox 887 4329 1059 4396; x_wconf 88' lang='lat' dir='ltr'><strong>injecit</strong></span> <span class='ocrx_word' id='word_1_445' title='bbox 1099 4344 1281 4393; x_wconf 85' lang='lat' dir='ltr'><strong>suam,</strong></span> <span class='ocrx_word' id='word_1_446' title='bbox 1329 4344 1432 4398; x_wconf 83' lang='lat' dir='ltr'><strong>qua</strong></span> <span class='ocrx_word' id='word_1_447' title='bbox 1477 4342 1531 4380; x_wconf 90' lang='lat' dir='ltr'><strong>se</strong></span> <span class='ocrx_word' id='word_1_448' title='bbox 1575 4330 1747 4392; x_wconf 75' lang='lat' dir='ltr'><strong>exuit;</strong></span> 
     </span>
    </p>
   </div>
   <div class='ocr_carea' id='block_1_58' title="bbox 152 4388 884 4469">
    <p class='ocr_par' dir='ltr' id='par_1_58' title="bbox 152 4388 884 4469">
     <span class='ocr_line' id='line_1_62' title="bbox 152 4388 884 4469; baseline 0.012 -27"><span class='ocrx_word' id='word_1_449' title='bbox 152 4388 357 4469; x_wconf 72' lang='lat' dir='ltr'><strong>Diocles</strong></span> <span class='ocrx_word' id='word_1_450' title='bbox 386 4397 569 4452; x_wconf 87' lang='lat' dir='ltr'><strong>iterum</strong></span> <span class='ocrx_word' id='word_1_451' title='bbox 601 4403 765 4469; x_wconf 70' lang='lat' dir='ltr'><strong>(actus</strong></span> <span class='ocrx_word' id='word_1_452' title='bbox 791 4410 884 4454; x_wconf 85' lang='lat' dir='ltr'><strong>est.</strong></span> 
     </span>
    </p>
   </div>
   <div class='ocr_carea' id='block_1_59' title="bbox 230 4462 1742 4541">
    <p class='ocr_par' dir='ltr' id='par_1_59' title="bbox 230 4462 1742 4541">
     <span class='ocr_line' id='line_1_63' title="bbox 230 4462 1742 4541; baseline 0.001 -21"><span class='ocrx_word' id='word_1_453' title='bbox 230 4462 612 4538; x_wconf 53' lang='lat' dir='ltr'><strong>Persequendif</strong></span> <span class='ocrx_word' id='word_1_454' title='bbox 633 4469 783 4525; x_wconf 84' lang='lat' dir='ltr'><strong>Adde</strong></span> <span class='ocrx_word' id='word_1_455' title='bbox 810 4486 906 4526; x_wconf 86' lang='lat' dir='ltr'><strong>eos</strong></span> <span class='ocrx_word' id='word_1_456' title='bbox 922 4511 937 4535; x_wconf 93' lang='lat'><strong>,</strong></span> <span class='ocrx_word' id='word_1_457' title='bbox 965 4470 1015 4525; x_wconf 87' lang='lat' dir='ltr'><strong>id</strong></span> <span class='ocrx_word' id='word_1_458' title='bbox 1039 4479 1123 4526; x_wconf 86' lang='lat' dir='ltr'><strong>est</strong></span> <span class='ocrx_word' id='word_1_459' title='bbox 1144 4469 1320 4539; x_wconf 80' lang='lat' dir='ltr'><strong>justus</strong></span> <span class='ocrx_word' id='word_1_460' title='bbox 1337 4508 1354 4538; x_wconf 89' lang='lat'><strong>,</strong></span> <span class='ocrx_word' id='word_1_461' title='bbox 1377 4467 1519 4541; x_wconf 88' lang='lat' dir='ltr'><strong>quod</strong></span> <span class='ocrx_word' id='word_1_462' title='bbox 1544 4484 1742 4523; x_wconf 85' lang='lat' dir='ltr'><strong>nomen</strong></span> 
     </span>
    </p>
   </div>
   <div class='ocr_carea' id='block_1_60' title="bbox 155 4541 604 4604">
    <p class='ocr_par' dir='ltr' id='par_1_60' title="bbox 155 4541 604 4604">
     <span class='ocr_line' id='line_1_64' title="bbox 155 4541 604 4604; baseline 0.013 -20"><span class='ocrx_word' id='word_1_463' title='bbox 155 4547 272 4586; x_wconf 66' lang='lat' dir='ltr'><strong>mox</strong></span> <span class='ocrx_word' id='word_1_464' title='bbox 308 4541 604 4604; x_wconf 66' lang='lat' dir='ltr'><strong>praecessit.</strong></span> 
     </span>
    </p>
   </div>
   <div class='ocr_carea' id='block_1_61' title="bbox 227 4608 1747 4677">
    <p class='ocr_par' dir='ltr' id='par_1_61' title="bbox 227 4608 1747 4677">
     <span class='ocr_line' id='line_1_65' title="bbox 227 4608 1747 4677; baseline 0.003 -16"><span class='ocrx_word' id='word_1_465' title='bbox 227 4608 401 4668; x_wconf 78' lang='lat' dir='ltr'><strong>Quum</strong></span> <span class='ocrx_word' id='word_1_466' title='bbox 443 4620 632 4677; x_wconf 77' lang='lat' dir='ltr'><strong>ageret.</strong></span> <span class='ocrx_word' id='word_1_467' title='bbox 674 4612 834 4666; x_wconf 83' lang='lat' dir='ltr'><strong>Amat</strong></span> <span class='ocrx_word' id='word_1_468' title='bbox 880 4614 1016 4667; x_wconf 84' lang='lat' dir='ltr'><strong>hanc</strong></span> <span class='ocrx_word' id='word_1_469' title='bbox 1062 4613 1386 4668; x_wconf 84' lang='lat' dir='ltr'><strong>locutionem</strong></span> <span class='ocrx_word' id='word_1_470' title='bbox 1437 4612 1538 4667; x_wconf 92' lang='lat' dir='ltr'><strong>hoc</strong></span> <span class='ocrx_word' id='word_1_471' title='bbox 1585 4628 1747 4666; x_wconf 77' lang='lat' dir='ltr'><strong>sensu</strong></span> 
     </span>
    </p>
   </div>
   <div class='ocr_carea' id='block_1_62' title="bbox 155 4671 1745 4752">
    <p class='ocr_par' dir='ltr' id='par_1_62' title="bbox 155 4671 1745 4752">
     <span class='ocr_line' id='line_1_66' title="bbox 155 4671 1745 4752; baseline 0.008 -26"><span class='ocrx_word' id='word_1_472' title='bbox 155 4671 430 4752; x_wconf 79' lang='lat' dir='ltr'><strong>L:ict._lib.</strong></span> <span class='ocrx_word' id='word_1_473' title='bbox 464 4671 554 4745; x_wconf 74' lang='lat' dir='ltr'><strong>iv,</strong></span> <span class='ocrx_word' id='word_1_474' title='bbox 583 4697 701 4752; x_wconf 85' lang='lat' dir='ltr'><strong>cap.</strong></span> <span class='ocrx_word' id='word_1_475' title='bbox 744 4684 833 4737; x_wconf 70' lang='lat'><strong>27.</strong></span> <span class='ocrx_word' id='word_1_476' title='bbox 878 4686 967 4739; x_wconf 88' lang='lat' dir='ltr'><strong>tibi</strong></span> <span class='ocrx_word' id='word_1_477' title='bbox 1008 4685 1194 4741; x_wconf 85' lang='lat' dir='ltr'><strong>eadem</strong></span> <span class='ocrx_word' id='word_1_478' title='bbox 1237 4700 1360 4749; x_wconf 86' lang='lat' dir='ltr'><strong>res,</strong></span> <span class='ocrx_word' id='word_1_479' title='bbox 1408 4694 1467 4740; x_wconf 86' lang='lat' dir='ltr'><strong>et.</strong></span> <span class='ocrx_word' id='word_1_480' title='bbox 1512 4683 1604 4738; x_wconf 86' lang='lat' dir='ltr'><strong>lib.</strong></span> <span class='ocrx_word' id='word_1_481' title='bbox 1654 4699 1745 4750; x_wconf 89' lang='lat' dir='ltr'><strong>tv,</strong></span> 
     </span>
    </p>
   </div>
   <div class='ocr_carea' id='block_1_63' title="bbox 158 4750 557 4816">
    <p class='ocr_par' dir='ltr' id='par_1_63' title="bbox 158 4750 557 4816">
     <span class='ocr_line' id='line_1_67' title="bbox 158 4750 557 4816; baseline 0.008 -15"><span class='ocrx_word' id='word_1_482' title='bbox 158 4760 273 4816; x_wconf 77' lang='lat' dir='ltr'><strong>cap.</strong></span> <span class='ocrx_word' id='word_1_483' title='bbox 302 4750 396 4807; x_wconf 70' lang='lat'><strong>23.</strong></span> <span class='ocrx_word' id='word_1_484' title='bbox 428 4752 557 4807; x_wconf 71' lang='lat' dir='ltr'><strong>Ilua.</strong></span> 
     </span>
    </p>
   </div>
   <div class='ocr_carea' id='block_1_64' title="bbox 160 4818 1750 4943">
    <p class='ocr_par' dir='ltr' id='par_1_64' title="bbox 160 4818 1750 4943">
     <span class='ocr_line' id='line_1_68' title="bbox 160 4818 1750 4943; baseline 0.004 -72"><span class='ocrx_word' id='word_1_485' title='bbox 160 4818 334 4943; x_wconf 57' lang='lat' dir='ltr'><strong>dube</strong></span> <span class='ocrx_word' id='word_1_486' title='bbox 363 4823 560 4877; x_wconf 85' lang='lat' dir='ltr'><strong>timore.</strong></span> <span class='ocrx_word' id='word_1_487' title='bbox 596 4824 832 4881; x_wconf 86' lang='lat' dir='ltr'><strong>Euieiida</strong></span> <span class='ocrx_word' id='word_1_488' title='bbox 863 4842 971 4897; x_wconf 78' lang='lat' dir='ltr'><strong>prce</strong></span> <span class='ocrx_word' id='word_1_489' title='bbox 997 4826 1211 4892; x_wconf 81' lang='lat' dir='ltr'><strong>timore,</strong></span> <span class='ocrx_word' id='word_1_490' title='bbox 1245 4826 1295 4880; x_wconf 88' lang='lat' dir='ltr'><strong>id</strong></span> <span class='ocrx_word' id='word_1_491' title='bbox 1326 4834 1442 4889; x_wconf 81' lang='lat' dir='ltr'><strong>est,</strong></span> <span class='ocrx_word' id='word_1_492' title='bbox 1477 4841 1585 4897; x_wconf 83' lang='lat' dir='ltr'><strong>prce</strong></span> <span class='ocrx_word' id='word_1_493' title='bbox 1614 4826 1750 4879; x_wconf 88' lang='lat' dir='ltr'><strong>timi-</strong></span> 
     </span>
     <span class='ocr_line' id='line_1_69' title="bbox 235 4908 337 4943; baseline 0.01 -1"><span class='ocrx_word' id='word_1_494' title='bbox 235 4908 265 4942; x_wconf 80' lang='grc' dir='ltr'><em>α</em></span> <span class='ocrx_word' id='word_1_495' title='bbox 290 4909 337 4943; x_wconf 75' lang='grc' dir='ltr'><strong>ε.</strong></span> 
     </span>
    </p>
   </div>
   <div class='ocr_carea' id='block_1_65' title="bbox 198 4902 337 4947">
    <p class='ocr_par' dir='ltr' id='par_1_65' title="bbox 198 4902 337 4947">
     <span class='ocr_line' id='line_1_70' title="bbox 198 4902 337 4947; baseline 0.036 -5"><span class='ocrx_word' id='word_1_496' title='bbox 198 4902 337 4947; x_wconf 82' lang='lat' dir='ltr'><strong>uale.</strong></span> 
     </span>
    </p>
   </div>
   <div class='ocr_carea' id='block_1_66' title="bbox 238 4963 1751 5038">
    <p class='ocr_par' dir='ltr' id='par_1_66' title="bbox 238 4963 1751 5038">
     <span class='ocr_line' id='line_1_71' title="bbox 238 4963 1751 5038; baseline 0.003 -21"><span class='ocrx_word' id='word_1_497' title='bbox 238 4963 462 5035; x_wconf 78' lang='lat' dir='ltr'><strong>Quidam</strong></span> <span class='ocrx_word' id='word_1_498' title='bbox 507 4965 855 5038; x_wconf 82' lang='lat' dir='ltr'><strong>ministrorum</strong></span> <span class='ocrx_word' id='word_1_499' title='bbox 877 5011 890 5029; x_wconf 91' lang='lat'><strong>,</strong></span> <span class='ocrx_word' id='word_1_500' title='bbox 923 4979 1100 5023; x_wconf 90' lang='lat' dir='ltr'><strong>etc....</strong></span> <span class='ocrx_word' id='word_1_501' title='bbox 1148 4968 1213 5023; x_wconf 86' lang='lat' dir='ltr'><strong>Et</strong></span> <span class='ocrx_word' id='word_1_502' title='bbox 1243 4967 1327 5023; x_wconf 89' lang='lat' dir='ltr'><strong>hic</strong></span> <span class='ocrx_word' id='word_1_503' title='bbox 1356 4983 1568 5038; x_wconf 88' lang='lat' dir='ltr'><strong>quoque</strong></span> <span class='ocrx_word' id='word_1_504' title='bbox 1599 4967 1751 5021; x_wconf 81' lang='lat' dir='ltr'><strong>locus</strong></span> 
     </span>
    </p>
   </div>
   <div class='ocr_carea' id='block_1_67' title="bbox 160 5036 1750 5102">
    <p class='ocr_par' dir='ltr' id='par_1_67' title="bbox 160 5036 1750 5102">
     <span class='ocr_line' id='line_1_72' title="bbox 160 5036 1750 5102; baseline 0.003 -15"><span class='ocrx_word' id='word_1_505' title='bbox 160 5044 347 5101; x_wconf 83' lang='lat' dir='ltr'><strong>aperte</strong></span> <span class='ocrx_word' id='word_1_506' title='bbox 392 5036 630 5093; x_wconf 78' lang='lat' dir='ltr'><strong>ostendit</strong></span> <span class='ocrx_word' id='word_1_507' title='bbox 659 5039 852 5102; x_wconf 82' lang='lat' dir='ltr'><strong>librum</strong></span> <span class='ocrx_word' id='word_1_508' title='bbox 885 5042 1046 5095; x_wconf 89' lang='lat' dir='ltr'><strong>istum</strong></span> <span class='ocrx_word' id='word_1_509' title='bbox 1077 5054 1196 5095; x_wconf 81' lang='lat' dir='ltr'><strong>esse</strong></span> <span class='ocrx_word' id='word_1_510' title='bbox 1226 5036 1509 5095; x_wconf 77' lang='lat' dir='ltr'><strong>Lactantii.</strong></span> <span class='ocrx_word' id='word_1_511' title='bbox 1543 5038 1750 5092; x_wconf 86' lang='lat' dir='ltr'><strong>Similia</strong></span> 
     </span>
    </p>
   </div>
   <div class='ocr_carea' id='block_1_68' title="bbox 161 5105 1747 5178">
    <p class='ocr_par' dir='ltr' id='par_1_68' title="bbox 161 5105 1747 5178">
     <span class='ocr_line' id='line_1_73' title="bbox 161 5105 1747 5178; baseline 0.002 -19"><span class='ocrx_word' id='word_1_512' title='bbox 161 5105 299 5159; x_wconf 88' lang='lat' dir='ltr'><strong>enim</strong></span> <span class='ocrx_word' id='word_1_513' title='bbox 318 5112 548 5178; x_wconf 76' lang='lat' dir='ltr'><strong>omnino</strong></span> <span class='ocrx_word' id='word_1_514' title='bbox 576 5109 690 5178; x_wconf 78' lang='lat' dir='ltr'><strong>ipse</strong></span> <span class='ocrx_word' id='word_1_515' title='bbox 722 5110 885 5165; x_wconf 60' lang='lat' dir='ltr'><strong>habet</strong></span> <span class='ocrx_word' id='word_1_516' title='bbox 931 5111 982 5164; x_wconf 90' lang='lat' dir='ltr'><strong>iii</strong></span> <span class='ocrx_word' id='word_1_517' title='bbox 1032 5110 1168 5166; x_wconf 89' lang='lat' dir='ltr'><strong>libro</strong></span> <span class='ocrx_word' id='word_1_518' title='bbox 1205 5126 1262 5165; x_wconf 87' lang='lat' dir='ltr'><strong>iv</strong></span> <span class='ocrx_word' id='word_1_519' title='bbox 1301 5110 1532 5166; x_wconf 87' lang='lat' dir='ltr'><strong>lnstitut.</strong></span> <span class='ocrx_word' id='word_1_520' title='bbox 1569 5110 1747 5164; x_wconf 74' lang='lat' dir='ltr'><strong>Divin.</strong></span> 
     </span>
    </p>
   </div>
   <div class='ocr_carea' id='block_1_69' title="bbox 160 5176 1753 5257">
    <p class='ocr_par' dir='ltr' id='par_1_69' title="bbox 160 5176 1753 5257">
     <span class='ocr_line' id='line_1_74' title="bbox 160 5176 1753 5257; baseline -0.002 -23"><span class='ocrx_word' id='word_1_521' title='bbox 160 5189 277 5257; x_wconf 76' lang='lat' dir='ltr'><strong>cap.</strong></span> <span class='ocrx_word' id='word_1_522' title='bbox 305 5176 377 5257; x_wconf 52' lang='lat'><strong>27</strong></span> <span class='ocrx_word' id='word_1_523' title='bbox 404 5195 419 5231; x_wconf 87' lang='lat'>:</span> <span class='ocrx_word' id='word_1_524' title='bbox 446 5176 730 5257; x_wconf 52' lang='lat' dir='ltr'><strong>Nanncum</strong></span> <span class='ocrx_word' id='word_1_525' title='bbox 759 5181 858 5235; x_wconf 87' lang='lat' dir='ltr'><strong>diis</strong></span> <span class='ocrx_word' id='word_1_526' title='bbox 884 5182 992 5235; x_wconf 87' lang='lat' dir='ltr'><strong>suis</strong></span> <span class='ocrx_word' id='word_1_527' title='bbox 1019 5182 1391 5257; x_wconf 83' lang='lat' dir='ltr'><strong>immolant,_si</strong></span> <span class='ocrx_word' id='word_1_528' title='bbox 1418 5181 1631 5257; x_wconf 74' lang='lat' dir='ltr'><strong>adsistat</strong></span> <span class='ocrx_word' id='word_1_529' title='bbox 1652 5180 1753 5232; x_wconf 85' lang='lat' dir='ltr'><strong>ali-</strong></span> 
     </span>
    </p>
   </div>
   <div class='ocr_carea' id='block_1_70' title="bbox 161 5250 1749 5323">
    <p class='ocr_par' dir='ltr' id='par_1_70' title="bbox 161 5250 1749 5323">
     <span class='ocr_line' id='line_1_75' title="bbox 161 5250 1749 5323; baseline 0.003 -24"><span class='ocrx_word' id='word_1_530' title='bbox 161 5250 272 5314; x_wconf 83' lang='lat' dir='ltr'><strong>quis</strong></span> <span class='ocrx_word' id='word_1_531' title='bbox 300 5250 551 5318; x_wconf 88' lang='lat' dir='ltr'><strong>signatam</strong></span> <span class='ocrx_word' id='word_1_532' title='bbox 584 5254 799 5322; x_wconf 69' lang='lat' dir='ltr'><strong>[cuiatem</strong></span> <span class='ocrx_word' id='word_1_533' title='bbox 827 5269 1005 5323; x_wconf 80' lang='lat' dir='ltr'><strong>gerens</strong></span> <span class='ocrx_word' id='word_1_534' title='bbox 1027 5295 1041 5318; x_wconf 93' lang='lat'><strong>,</strong></span> <span class='ocrx_word' id='word_1_535' title='bbox 1069 5269 1221 5308; x_wconf 88' lang='lat' dir='ltr'><strong>sacra</strong></span> <span class='ocrx_word' id='word_1_536' title='bbox 1240 5255 1383 5307; x_wconf 88' lang='lat' dir='ltr'><strong>nullo</strong></span> <span class='ocrx_word' id='word_1_537' title='bbox 1407 5252 1749 5323; x_wconf 76' lang='lat' dir='ltr'><strong>modolitant,</strong></span> 
     </span>
    </p>
   </div>
   <div class='ocr_carea' id='block_1_71' title="bbox 164 5320 1752 5390">
    <p class='ocr_par' dir='ltr' id='par_1_71' title="bbox 164 5320 1752 5390">
     <span class='ocr_line' id='line_1_76' title="bbox 164 5320 1752 5390; baseline 0.003 -20"><span class='ocrx_word' id='word_1_538' title='bbox 164 5333 253 5372; x_wconf 86' lang='lat' dir='ltr'><strong>nec</strong></span> <span class='ocrx_word' id='word_1_539' title='bbox 280 5335 524 5390; x_wconf 87' lang='lat' dir='ltr'><strong>responsa</strong></span> <span class='ocrx_word' id='word_1_540' title='bbox 574 5320 735 5385; x_wconf 83' lang='lat' dir='ltr'><strong>potest</strong></span> <span class='ocrx_word' id='word_1_541' title='bbox 780 5320 1046 5380; x_wconf 82' lang='lat' dir='ltr'><strong>consultus</strong></span> <span class='ocrx_word' id='word_1_542' title='bbox 1087 5324 1299 5378; x_wconf 83' lang='lat' dir='ltr'><strong>reddere</strong></span> <span class='ocrx_word' id='word_1_543' title='bbox 1348 5334 1502 5378; x_wconf 79' lang='lat' dir='ltr'><strong>cates.</strong></span> <span class='ocrx_word' id='word_1_544' title='bbox 1550 5320 1613 5376; x_wconf 82' lang='lat' dir='ltr'><strong>Et</strong></span> <span class='ocrx_word' id='word_1_545' title='bbox 1643 5322 1752 5375; x_wconf 82' lang='lat' dir='ltr'><strong>lucc</strong></span> 
     </span>
    </p>
   </div>
   <div class='ocr_carea' id='block_1_72' title="bbox 163 5394 1754 5467">
    <p class='ocr_par' dir='ltr' id='par_1_72' title="bbox 163 5394 1754 5467">
     <span class='ocr_line' id='line_1_77' title="bbox 163 5394 1754 5467; baseline 0.001 -23"><span class='ocrx_word' id='word_1_546' title='bbox 163 5403 295 5467; x_wconf 52' lang='lat' dir='ltr'><strong>saepe</strong></span> <span class='ocrx_word' id='word_1_547' title='bbox 339 5407 495 5467; x_wconf 78' lang='lat' dir='ltr'><strong>causa</strong></span> <span class='ocrx_word' id='word_1_548' title='bbox 502 5395 785 5467; x_wconf 48' lang='lat' dir='ltr'><strong>praecipua</strong></span> <span class='ocrx_word' id='word_1_549' title='bbox 813 5398 1070 5467; x_wconf 82' lang='lat' dir='ltr'><strong>justitiam</strong></span> <span class='ocrx_word' id='word_1_550' title='bbox 1096 5397 1425 5467; x_wconf 83' lang='lat' dir='ltr'><strong>persequendi</strong></span> <span class='ocrx_word' id='word_1_551' title='bbox 1455 5395 1603 5448; x_wconf 84' lang='lat' dir='ltr'><strong>mulis</strong></span> <span class='ocrx_word' id='word_1_552' title='bbox 1653 5394 1754 5446; x_wconf 81' lang='lat' dir='ltr'><strong>Re-</strong></span> 
     </span>
    </p>
   </div>
   <div class='ocr_carea' id='block_1_73' title="bbox 165 5411 1755 5541">
    <p class='ocr_par' dir='ltr' id='par_1_73' title="bbox 165 5411 1755 5541">
     <span class='ocr_line' id='line_1_78' title="bbox 165 5411 1754 5517; baseline 0.002 -75"><span class='ocrx_word' id='word_1_553' title='bbox 165 5411 295 5458; x_wconf 75' lang='lat' dir='ltr'><strong>swpe</strong></span> <span class='ocrx_word' id='word_1_554' title='bbox 339 5411 495 5446; x_wconf 87' lang='lat' dir='ltr'><strong>causa</strong></span> <span class='ocrx_word' id='word_1_555' title='bbox 489 5411 785 5517; x_wconf 58' lang='lat' dir='ltr'><strong>(Primam</strong></span> <span class='ocrx_word' id='word_1_556' title='bbox 813 5411 1070 5464; x_wconf 70' lang='lat' dir='ltr'><strong>Justitiam</strong></span> <span class='ocrx_word' id='word_1_557' title='bbox 1096 5411 1424 5467; x_wconf 81' lang='lat' dir='ltr'><strong>persequendi</strong></span> <span class='ocrx_word' id='word_1_558' title='bbox 1455 5411 1603 5448; x_wconf 85' lang='lat' dir='ltr'><strong>mutis</strong></span> <span class='ocrx_word' id='word_1_559' title='bbox 1653 5411 1754 5446; x_wconf 77' lang='lat' dir='ltr'><strong>ne-</strong></span> 
     </span>
     <span class='ocr_line' id='line_1_79' title="bbox 165 5460 1755 5541; baseline 0.003 -28"><span class='ocrx_word' id='word_1_560' title='bbox 165 5460 307 5541; x_wconf 70' lang='lat' dir='ltr'><strong>gibus</strong></span> <span class='ocrx_word' id='word_1_561' title='bbox 329 5464 452 5541; x_wconf 48' lang='lat' dir='ltr'><strong>fuit.</strong></span> <span class='ocrx_word' id='word_1_562' title='bbox 490 5481 616 5541; x_wconf 78' lang='lat' dir='ltr'><strong>_.un_i</strong></span> <span class='ocrx_word' id='word_1_563' title='bbox 644 5466 777 5541; x_wconf 80' lang='lat' dir='ltr'><strong>enim</strong></span> <span class='ocrx_word' id='word_1_564' title='bbox 803 5466 1014 5541; x_wconf 79' lang='lat' dir='ltr'><strong>quidam</strong></span> <span class='ocrx_word' id='word_1_565' title='bbox 1035 5467 1564 5541; x_wconf 71' lang='lat' dir='ltr'><strong>ministrorumnostri</strong></span> <span class='ocrx_word' id='word_1_566' title='bbox 1593 5466 1755 5541; x_wconf 79' lang='lat' dir='ltr'><strong>sacri-</strong></span> 
     </span>
    </p>
   </div>
   <div class='ocr_carea' id='block_1_74' title="bbox 168 5530 1752 5605">
    <p class='ocr_par' dir='ltr' id='par_1_74' title="bbox 168 5530 1752 5605">
     <span class='ocr_line' id='line_1_80' title="bbox 168 5530 1752 5605; baseline 0.005 -24"><span class='ocrx_word' id='word_1_567' title='bbox 168 5530 436 5597; x_wconf 76' lang='lat' dir='ltr'><strong>ﬁcantibus</strong></span> <span class='ocrx_word' id='word_1_568' title='bbox 466 5534 688 5589; x_wconf 79' lang='lat' dir='ltr'><strong>dominis</strong></span> <span class='ocrx_word' id='word_1_569' title='bbox 715 5530 1055 5604; x_wconf 83' lang='lat' dir='ltr'><strong>adsisterent,</strong></span> <span class='ocrx_word' id='word_1_570' title='bbox 1105 5537 1342 5605; x_wconf 84' lang='lat' dir='ltr'><strong>imposito</strong></span> <span class='ocrx_word' id='word_1_571' title='bbox 1382 5537 1635 5605; x_wconf 74' lang='lat' dir='ltr'><strong>frontibus</strong></span> <span class='ocrx_word' id='word_1_572' title='bbox 1676 5538 1752 5589; x_wconf 85' lang='lat' dir='ltr'><strong>si-</strong></span> 
     </span>
    </p>
   </div>
   <div class='ocr_carea' id='block_1_75' title="bbox 168 5606 1757 5679">
    <p class='ocr_par' dir='ltr' id='par_1_75' title="bbox 168 5606 1757 5679">
     <span class='ocr_line' id='line_1_81' title="bbox 168 5606 1757 5679; baseline 0.004 -25"><span class='ocrx_word' id='word_1_573' title='bbox 168 5617 295 5679; x_wconf 82' lang='lat' dir='ltr'><strong>gno,</strong></span> <span class='ocrx_word' id='word_1_574' title='bbox 326 5606 446 5658; x_wconf 79' lang='lat' dir='ltr'><strong>deus</strong></span> <span class='ocrx_word' id='word_1_575' title='bbox 474 5606 683 5660; x_wconf 89' lang='lat' dir='ltr'><strong>illorum</strong></span> <span class='ocrx_word' id='word_1_576' title='bbox 714 5607 1018 5679; x_wconf 75' lang='lat' dir='ltr'><strong>fugaverunt</strong></span> <span class='ocrx_word' id='word_1_577' title='bbox 1039 5651 1054 5674; x_wconf 90' lang='lat'><strong>,</strong></span> <span class='ocrx_word' id='word_1_578' title='bbox 1081 5626 1144 5663; x_wconf 90' lang='lat' dir='ltr'><strong>ne</strong></span> <span class='ocrx_word' id='word_1_579' title='bbox 1173 5620 1374 5679; x_wconf 78' lang='lat' dir='ltr'><strong>possent</strong></span> <span class='ocrx_word' id='word_1_580' title='bbox 1395 5608 1444 5662; x_wconf 87' lang='lat' dir='ltr'><strong>iu</strong></span> <span class='ocrx_word' id='word_1_581' title='bbox 1478 5607 1757 5662; x_wconf 77' lang='lat' dir='ltr'><strong>visceribus</strong></span> 
     </span>
    </p>
   </div>
   <div class='ocr_carea' id='block_1_76' title="bbox 171 5675 1755 5749">
    <p class='ocr_par' dir='ltr' id='par_1_76' title="bbox 171 5675 1755 5749">
     <span class='ocr_line' id='line_1_82' title="bbox 171 5675 1755 5749; baseline 0.004 -25"><span class='ocrx_word' id='word_1_582' title='bbox 171 5675 447 5749; x_wconf 69' lang='lat' dir='ltr'><strong>hostiarum</strong></span> <span class='ocrx_word' id='word_1_583' title='bbox 497 5679 673 5749; x_wconf 76' lang='lat' dir='ltr'><strong>futura</strong></span> <span class='ocrx_word' id='word_1_584' title='bbox 715 5675 1004 5749; x_wconf 66' lang='lat' dir='ltr'><strong>depingere.</strong></span> <span class='ocrx_word' id='word_1_585' title='bbox 1057 5677 1208 5747; x_wconf 82' lang='lat' dir='ltr'><strong>Quod</strong></span> <span class='ocrx_word' id='word_1_586' title='bbox 1256 5694 1372 5731; x_wconf 88' lang='lat' dir='ltr'><strong>cum</strong></span> <span class='ocrx_word' id='word_1_587' title='bbox 1417 5679 1755 5748; x_wconf 81' lang='lat' dir='ltr'><strong>intelligerent</strong></span> 
     </span>
    </p>
   </div>
   <div class='ocr_carea' id='block_1_77' title="bbox 170 5747 1756 5820">
    <p class='ocr_par' dir='ltr' id='par_1_77' title="bbox 170 5747 1756 5820">
     <span class='ocr_line' id='line_1_83' title="bbox 170 5747 1756 5820; baseline 0.004 -26"><span class='ocrx_word' id='word_1_588' title='bbox 170 5747 429 5814; x_wconf 86' lang='lat' dir='ltr'><strong>aruspices</strong></span> <span class='ocrx_word' id='word_1_589' title='bbox 447 5789 461 5807; x_wconf 88' lang='lat'><strong>.</strong></span> <span class='ocrx_word' id='word_1_590' title='bbox 496 5747 857 5819; x_wconf 78' lang='lat' dir='ltr'><strong>instigantibus</strong></span> <span class='ocrx_word' id='word_1_591' title='bbox 882 5749 1060 5803; x_wconf 87' lang='lat' dir='ltr'><strong>iisdem</strong></span> <span class='ocrx_word' id='word_1_592' title='bbox 1089 5750 1403 5804; x_wconf 66' lang='lat' dir='ltr'><strong>immanibus</strong></span> <span class='ocrx_word' id='word_1_593' title='bbox 1426 5747 1608 5820; x_wconf 78' lang='lat' dir='ltr'><strong>quibus</strong></span> <span class='ocrx_word' id='word_1_594' title='bbox 1637 5764 1756 5816; x_wconf 87' lang='lat' dir='ltr'><strong>pro-</strong></span> 
     </span>
    </p>
   </div>
   <div class='ocr_carea' id='block_1_78' title="bbox 172 5820 1755 5888">
    <p class='ocr_par' dir='ltr' id='par_1_78' title="bbox 172 5820 1755 5888">
     <span class='ocr_line' id='line_1_84' title="bbox 172 5820 1755 5888; baseline 0.004 -22"><span class='ocrx_word' id='word_1_595' title='bbox 172 5826 375 5877; x_wconf 85' lang='lat' dir='ltr'><strong>secant,</strong></span> <span class='ocrx_word' id='word_1_596' title='bbox 418 5830 777 5888; x_wconf 82' lang='lat' dir='ltr'><strong>conquerentes</strong></span> <span class='ocrx_word' id='word_1_597' title='bbox 808 5820 1102 5888; x_wconf 80' lang='lat' dir='ltr'><strong>prop/ianos</strong></span> <span class='ocrx_word' id='word_1_598' title='bbox 1145 5820 1370 5873; x_wconf 86' lang='lat' dir='ltr'><strong>homines</strong></span> <span class='ocrx_word' id='word_1_599' title='bbox 1417 5820 1576 5874; x_wconf 86' lang='lat' dir='ltr'><strong>sacris</strong></span> <span class='ocrx_word' id='word_1_600' title='bbox 1601 5821 1755 5873; x_wconf 85' lang='lat' dir='ltr'><strong>inter-</strong></span> 
     </span>
    </p>
   </div>
   <div class='ocr_carea' id='block_1_79' title="bbox 175 5889 1756 5963">
    <p class='ocr_par' dir='ltr' id='par_1_79' title="bbox 175 5889 1756 5963">
     <span class='ocr_line' id='line_1_85' title="bbox 175 5889 1756 5963; baseline 0.002 -21"><span class='ocrx_word' id='word_1_601' title='bbox 175 5899 309 5954; x_wconf 76' lang='lat' dir='ltr'><strong>esse,</strong></span> <span class='ocrx_word' id='word_1_602' title='bbox 339 5900 543 5961; x_wconf 84' lang='lat' dir='ltr'><strong>egerunt</strong></span> <span class='ocrx_word' id='word_1_603' title='bbox 595 5889 867 5959; x_wconf 85' lang='lat' dir='ltr'><strong>Principes</strong></span> <span class='ocrx_word' id='word_1_604' title='bbox 905 5906 1022 5947; x_wconf 91' lang='lat' dir='ltr'><strong>suos</strong></span> <span class='ocrx_word' id='word_1_605' title='bbox 1050 5893 1102 5946; x_wconf 88' lang='lat' dir='ltr'><strong>in</strong></span> <span class='ocrx_word' id='word_1_606' title='bbox 1130 5893 1388 5963; x_wconf 77' lang='lat' dir='ltr'><strong>furorem,</strong></span> <span class='ocrx_word' id='word_1_607' title='bbox 1415 5901 1469 5945; x_wconf 90' lang='lat' dir='ltr'><strong>ut</strong></span> <span class='ocrx_word' id='word_1_608' title='bbox 1494 5906 1756 5961; x_wconf 72' lang='lat' dir='ltr'><strong>expugna-</strong></span> 
     </span>
    </p>
   </div>
   <div class='ocr_carea' id='block_1_80' title="bbox 1778 3161 1825 3225">
    <p class='ocr_par' dir='ltr' id='par_1_80' title="bbox 1778 3161 1825 3225">
     <span class='ocr_line' id='line_1_86' title="bbox 1778 3161 1825 3225; baseline 0 0"><span class='ocrx_word' id='word_1_609' title='bbox 1778 3161 1825 3225; x_wconf 91' lang='lat' dir='ltr'><strong>C</strong></span> 
     </span>
    </p>
   </div>
   <div class='ocr_carea' id='block_1_81' title="bbox 1949 2117 3484 2183">
    <p class='ocr_par' dir='ltr' id='par_1_81' title="bbox 1949 2117 3484 2183">
     <span class='ocr_line' id='line_1_87' title="bbox 1949 2117 3484 2183; baseline 0.001 -8"><span class='ocrx_word' id='word_1_610' title='bbox 1949 2119 2178 2176; x_wconf 87' lang='lat' dir='ltr'><strong>Scientes</strong></span> <span class='ocrx_word' id='word_1_611' title='bbox 2211 2117 2504 2175; x_wconf 88' lang='lat' dir='ltr'><strong>Dominum.</strong></span> <span class='ocrx_word' id='word_1_612' title='bbox 2531 2119 2606 2175; x_wconf 92' lang='lat' dir='ltr'><strong>Ita</strong></span> <span class='ocrx_word' id='word_1_613' title='bbox 2628 2118 2959 2183; x_wconf 86' lang='lat' dir='ltr'><strong>Lactantius,</strong></span> <span class='ocrx_word' id='word_1_614' title='bbox 2984 2118 3075 2173; x_wconf 91' lang='lat' dir='ltr'><strong>lib.</strong></span> <span class='ocrx_word' id='word_1_615' title='bbox 3097 2134 3169 2174; x_wconf 90' lang='lat' dir='ltr'><strong>vii</strong></span> <span class='ocrx_word' id='word_1_616' title='bbox 3198 2117 3317 2173; x_wconf 91' lang='lat' dir='ltr'><strong>Div.</strong></span> <span class='ocrx_word' id='word_1_617' title='bbox 3338 2119 3484 2177; x_wconf 75' lang='lat' dir='ltr'><strong>Inst.</strong></span> 
     </span>
    </p>
   </div>
   <div class='ocr_carea' id='block_1_82' title="bbox 1875 2189 3474 2316">
    <p class='ocr_par' dir='ltr' id='par_1_82' title="bbox 1875 2189 3474 2316">
     <span class='ocr_line' id='line_1_88' title="bbox 1875 2189 3474 2316; baseline 0.001 -70"><span class='ocrx_word' id='word_1_618' title='bbox 1875 2206 1996 2274; x_wconf 77' lang='lat' dir='ltr'><strong>cap.</strong></span> <span class='ocrx_word' id='word_1_619' title='bbox 2040 2191 2112 2249; x_wconf 73' lang='lat'><strong>20</strong></span> <span class='ocrx_word' id='word_1_620' title='bbox 2142 2209 2171 2275; x_wconf 38' lang='grc' dir='ltr'><strong>σε</strong></span> <span class='ocrx_word' id='word_1_621' title='bbox 2202 2190 2586 2275; x_wconf 62' lang='lat' dir='ltr'><strong>{udicabuntur</strong></span> <span class='ocrx_word' id='word_1_622' title='bbox 2615 2208 2734 2263; x_wconf 85' lang='lat' dir='ltr'><strong>ergo</strong></span> <span class='ocrx_word' id='word_1_623' title='bbox 2750 2192 2852 2316; x_wconf 64' lang='lat' dir='ltr'><strong>Zui</strong></span> <span class='ocrx_word' id='word_1_624' title='bbox 2881 2189 3044 2245; x_wconf 88' lang='lat' dir='ltr'><strong>Deum</strong></span> <span class='ocrx_word' id='word_1_625' title='bbox 3071 2190 3330 2273; x_wconf 71' lang='lat' dir='ltr'><strong>scierunt;</strong></span> <span class='ocrx_word' id='word_1_626' title='bbox 3361 2190 3474 2247; x_wconf 86' lang='lat' dir='ltr'><strong>sci-</strong></span> 
     </span>
     <span class='ocr_line' id='line_1_89' title="bbox 1876 2261 3473 2316; baseline 0.001 -1"><span class='ocrx_word' id='word_1_627' title='bbox 1876 2262 2003 2316; x_wconf 79' lang='lat' dir='ltr'><strong>licet</strong></span> <span class='ocrx_word' id='word_1_628' title='bbox 2027 2262 2340 2316; x_wconf 83' lang='lat' dir='ltr'><strong>Christiani.</strong></span> <span class='ocrx_word' id='word_1_629' title='bbox 2365 2293 2436 2304; x_wconf 96' lang='lat'><strong><em>—</em></strong></span> <span class='ocrx_word' id='word_1_630' title='bbox 2478 2262 2707 2316; x_wconf 80' lang='lat' dir='ltr'><strong>Scientes</strong></span> <span class='ocrx_word' id='word_1_631' title='bbox 2802 2263 3048 2316; x_wconf 87' lang='lat' dir='ltr'><strong>ominum.</strong></span> <span class='ocrx_word' id='word_1_632' title='bbox 3082 2261 3199 2316; x_wconf 88' lang='lat' dir='ltr'><strong>Lib.</strong></span> <span class='ocrx_word' id='word_1_633' title='bbox 3228 2277 3285 2315; x_wconf 89' lang='lat' dir='ltr'><strong>iit</strong></span> <span class='ocrx_word' id='word_1_634' title='bbox 3305 2304 3320 2316; x_wconf 95' lang='lat'><strong>.</strong></span> <span class='ocrx_word' id='word_1_635' title='bbox 3350 2277 3473 2316; x_wconf 79' lang='lat' dir='ltr'><strong>can.</strong></span> 
     </span>
    </p>
   </div>
   <div class='ocr_carea' id='block_1_83' title="bbox 1876 2260 3473 2332">
    <p class='ocr_par' dir='ltr' id='par_1_83' title="bbox 1876 2260 3473 2332">
     <span class='ocr_line' id='line_1_90' title="bbox 1876 2260 3473 2332; baseline 0.001 -17"><span class='ocrx_word' id='word_1_636' title='bbox 1876 2260 2003 2319; x_wconf 79' lang='lat' dir='ltr'><strong>licet</strong></span> <span class='ocrx_word' id='word_1_637' title='bbox 2027 2262 2340 2319; x_wconf 88' lang='lat' dir='ltr'><strong>Christiani.</strong></span> <span class='ocrx_word' id='word_1_638' title='bbox 2365 2293 2436 2304; x_wconf 96' lang='lat'><strong>—</strong></span> <span class='ocrx_word' id='word_1_639' title='bbox 2478 2260 2707 2319; x_wconf 77' lang='lat' dir='ltr'><strong>Scientes</strong></span> <span class='ocrx_word' id='word_1_640' title='bbox 2750 2260 3048 2316; x_wconf 87' lang='lat' dir='ltr'><strong>Dominum.</strong></span> <span class='ocrx_word' id='word_1_641' title='bbox 3082 2260 3199 2316; x_wconf 88' lang='lat' dir='ltr'><strong>Lib.</strong></span> <span class='ocrx_word' id='word_1_642' title='bbox 3228 2277 3285 2315; x_wconf 89' lang='lat' dir='ltr'><strong>iit</strong></span> <span class='ocrx_word' id='word_1_643' title='bbox 3305 2304 3320 2326; x_wconf 97' lang='lat'><strong>,</strong></span> <span class='ocrx_word' id='word_1_644' title='bbox 3350 2277 3473 2332; x_wconf 79' lang='lat' dir='ltr'><strong>cap.</strong></span> 
     </span>
    </p>
   </div>
   <div class='ocr_carea' id='block_1_84' title="bbox 1874 2332 3475 2400">
    <p class='ocr_par' dir='ltr' id='par_1_84' title="bbox 1874 2332 3475 2400">
     <span class='ocr_line' id='line_1_91' title="bbox 1874 2332 3475 2400; baseline -0.001 -11"><span class='ocrx_word' id='word_1_645' title='bbox 1874 2333 1985 2389; x_wconf 74' lang='lat'><strong>29:</strong></span> <span class='ocrx_word' id='word_1_646' title='bbox 2022 2332 2124 2400; x_wconf 85' lang='lat' dir='ltr'><strong>Qui</strong></span> <span class='ocrx_word' id='word_1_647' title='bbox 2156 2334 2315 2388; x_wconf 87' lang='lat' dir='ltr'><strong>Deum</strong></span> <span class='ocrx_word' id='word_1_648' title='bbox 2352 2335 2548 2399; x_wconf 88' lang='lat' dir='ltr'><strong>sciunt;</strong></span> <span class='ocrx_word' id='word_1_649' title='bbox 2576 2346 2633 2388; x_wconf 89' lang='lat' dir='ltr'><strong>ut</strong></span> <span class='ocrx_word' id='word_1_650' title='bbox 2662 2335 2754 2389; x_wconf 91' lang='lat' dir='ltr'><strong>lib.</strong></span> <span class='ocrx_word' id='word_1_651' title='bbox 2803 2349 2873 2387; x_wconf 84' lang='lat' dir='ltr'><strong>vn</strong></span> <span class='ocrx_word' id='word_1_652' title='bbox 2924 2332 3079 2391; x_wconf 85' lang='lat' dir='ltr'><strong>liist..</strong></span> <span class='ocrx_word' id='word_1_653' title='bbox 3111 2347 3163 2389; x_wconf 90' lang='lat' dir='ltr'><strong>c.</strong></span> <span class='ocrx_word' id='word_1_654' title='bbox 3190 2332 3263 2389; x_wconf 76' lang='grc'><strong>20</strong></span> <span class='ocrx_word' id='word_1_655' title='bbox 3301 2350 3315 2386; x_wconf 89' lang='lat'><strong>:</strong></span> <span class='ocrx_word' id='word_1_656' title='bbox 3367 2332 3475 2399; x_wconf 81' lang='lat' dir='ltr'><strong>Qui</strong></span> 
     </span>
    </p>
   </div>
   <div class='ocr_carea' id='block_1_85' title="bbox 1877 2404 3104 2472">
    <p class='ocr_par' dir='ltr' id='par_1_85' title="bbox 1877 2404 3104 2472">
     <span class='ocr_line' id='line_1_92' title="bbox 1877 2404 3104 2472; baseline -0.001 -14"><span class='ocrx_word' id='word_1_657' title='bbox 1877 2405 2157 2459; x_wconf 86' lang='lat' dir='ltr'><strong>Dominum</strong></span> <span class='ocrx_word' id='word_1_658' title='bbox 2182 2406 2447 2470; x_wconf 89' lang='lat' dir='ltr'><strong>scierunt,</strong></span> <span class='ocrx_word' id='word_1_659' title='bbox 2480 2405 2534 2462; x_wconf 91' lang='lat' dir='ltr'><strong>id</strong></span> <span class='ocrx_word' id='word_1_660' title='bbox 2563 2415 2677 2472; x_wconf 90' lang='lat' dir='ltr'><strong>est,</strong></span> <span class='ocrx_word' id='word_1_661' title='bbox 2712 2404 2938 2459; x_wconf 78' lang='lat' dir='ltr'><strong>Fideles.</strong></span> <span class='ocrx_word' id='word_1_662' title='bbox 2972 2404 3104 2459; x_wconf 74' lang='lat' dir='ltr'><strong>Buu.</strong></span> 
     </span>
    </p>
   </div>
   <div class='ocr_carea' id='block_1_86' title="bbox 1933 2473 3471 2547">
    <p class='ocr_par' dir='ltr' id='par_1_86' title="bbox 1933 2473 3471 2547">
     <span class='ocr_line' id='line_1_93' title="bbox 1933 2473 3471 2547; baseline -0.001 -17"><span class='ocrx_word' id='word_1_663' title='bbox 1933 2476 2236 2532; x_wconf 80' lang='lat' dir='ltr'><strong>[inmortale</strong></span> <span class='ocrx_word' id='word_1_664' title='bbox 2257 2477 2483 2547; x_wconf 85' lang='lat' dir='ltr'><strong>signum.</strong></span> <span class='ocrx_word' id='word_1_665' title='bbox 2515 2476 2826 2532; x_wconf 84' lang='lat' dir='ltr'><strong>Lactantius</strong></span> <span class='ocrx_word' id='word_1_666' title='bbox 2858 2476 2971 2530; x_wconf 92' lang='lat' dir='ltr'><strong>Div.</strong></span> <span class='ocrx_word' id='word_1_667' title='bbox 3019 2474 3251 2530; x_wconf 72' lang='lat' dir='ltr'><strong>Institut.</strong></span> <span class='ocrx_word' id='word_1_668' title='bbox 3279 2473 3373 2528; x_wconf 87' lang='lat' dir='ltr'><strong>lili.</strong></span> <span class='ocrx_word' id='word_1_669' title='bbox 3410 2489 3471 2529; x_wconf 87' lang='lat' dir='ltr'><strong>iv</strong></span> 
     </span>
    </p>
   </div>
   <div class='ocr_carea' id='block_1_87' title="bbox 1861 2546 3467 2618">
    <p class='ocr_par' dir='ltr' id='par_1_87' title="bbox 1861 2546 3467 2618">
     <span class='ocr_line' id='line_1_94' title="bbox 1861 2546 3467 2618; baseline -0.001 -16"><span class='ocrx_word' id='word_1_670' title='bbox 1861 2562 1983 2618; x_wconf 89' lang='lat' dir='ltr'><strong>cap.</strong></span> <span class='ocrx_word' id='word_1_671' title='bbox 2037 2548 2143 2612; x_wconf 75' lang='lat'><strong>27,</strong></span> <span class='ocrx_word' id='word_1_672' title='bbox 2184 2546 2319 2617; x_wconf 85' lang='lat' dir='ltr'><strong>quos</strong></span> <span class='ocrx_word' id='word_1_673' title='bbox 2359 2550 2560 2617; x_wconf 88' lang='lat' dir='ltr'><strong>signum</strong></span> <span class='ocrx_word' id='word_1_674' title='bbox 2607 2546 2893 2601; x_wconf 86' lang='lat' dir='ltr'><strong>immortale</strong></span> <span class='ocrx_word' id='word_1_675' title='bbox 2936 2547 3174 2600; x_wconf 87' lang='lat' dir='ltr'><strong>niunierit</strong></span> <span class='ocrx_word' id='word_1_676' title='bbox 3220 2554 3467 2613; x_wconf 81' lang='lat' dir='ltr'><strong>tanquam</strong></span> 
     </span>
    </p>
   </div>
   <div class='ocr_carea' id='block_1_88' title="bbox 1861 2618 3468 2689">
    <p class='ocr_par' dir='ltr' id='par_1_88' title="bbox 1861 2618 3468 2689">
     <span class='ocr_line' id='line_1_95' title="bbox 1861 2618 3468 2689; baseline -0.001 -17"><span class='ocrx_word' id='word_1_677' title='bbox 1861 2619 2275 2689; x_wconf 68' lang='lat' dir='ltr'><strong>inexpugnabilis</strong></span> <span class='ocrx_word' id='word_1_678' title='bbox 2305 2636 2512 2685; x_wconf 86' lang='lat' dir='ltr'><strong>murus,</strong></span> <span class='ocrx_word' id='word_1_679' title='bbox 2543 2629 2650 2675; x_wconf 90' lang='lat' dir='ltr'><strong>etc.</strong></span> <span class='ocrx_word' id='word_1_680' title='bbox 2688 2618 2786 2675; x_wconf 91' lang='lat' dir='ltr'><strong>Ubi</strong></span> <span class='ocrx_word' id='word_1_681' title='bbox 2816 2619 3130 2673; x_wconf 87' lang='lat' dir='ltr'><strong>miraculum</strong></span> <span class='ocrx_word' id='word_1_682' title='bbox 3163 2618 3468 2689; x_wconf 73' lang='lat' dir='ltr'><strong>fugatorum</strong></span> 
     </span>
    </p>
   </div>
   <div class='ocr_carea' id='block_1_89' title="bbox 1864 2685 3465 2761">
    <p class='ocr_par' dir='ltr' id='par_1_89' title="bbox 1864 2685 3465 2761">
     <span class='ocr_line' id='line_1_96' title="bbox 1864 2685 3465 2761; baseline -0.001 -17"><span class='ocrx_word' id='word_1_683' title='bbox 1864 2685 2171 2761; x_wconf 67' lang='lat' dir='ltr'><strong>dieiuouuui</strong></span> <span class='ocrx_word' id='word_1_684' title='bbox 2195 2692 2350 2761; x_wconf 85' lang='lat' dir='ltr'><strong>signo</strong></span> <span class='ocrx_word' id='word_1_685' title='bbox 2373 2690 2562 2761; x_wconf 82' lang='lat' dir='ltr'><strong>Crucis</strong></span> <span class='ocrx_word' id='word_1_686' title='bbox 2593 2690 2779 2745; x_wconf 87' lang='lat' dir='ltr'><strong>iisdem</strong></span> <span class='ocrx_word' id='word_1_687' title='bbox 2812 2690 2925 2761; x_wconf 86' lang='lat' dir='ltr'><strong>fere</strong></span> <span class='ocrx_word' id='word_1_688' title='bbox 2942 2689 3149 2761; x_wconf 59' lang='lat' dir='ltr'><strong>verbis</strong></span> <span class='ocrx_word' id='word_1_689' title='bbox 3161 2685 3400 2761; x_wconf 71' lang='lat' dir='ltr'><strong>refertur</strong></span> <span class='ocrx_word' id='word_1_690' title='bbox 3428 2702 3465 2743; x_wconf 83' lang='lat' dir='ltr'><strong>a</strong></span> 
     </span>
    </p>
   </div>
   <div class='ocr_carea' id='block_1_90' title="bbox 1863 2756 3463 2831">
    <p class='ocr_par' dir='ltr' id='par_1_90' title="bbox 1863 2756 3463 2831">
     <span class='ocr_line' id='line_1_97' title="bbox 1863 2756 3463 2831; baseline -0.003 -14"><span class='ocrx_word' id='word_1_691' title='bbox 1863 2760 2162 2817; x_wconf 80' lang='lat' dir='ltr'><strong>Lactantio.</strong></span> <span class='ocrx_word' id='word_1_692' title='bbox 2196 2756 2271 2816; x_wconf 75' lang='lat' dir='ltr'><strong>De</strong></span> <span class='ocrx_word' id='word_1_693' title='bbox 2301 2760 2457 2830; x_wconf 79' lang='lat' dir='ltr'><strong>huius</strong></span> <span class='ocrx_word' id='word_1_694' title='bbox 2484 2762 2619 2831; x_wconf 84' lang='lat' dir='ltr'><strong>signi</strong></span> <span class='ocrx_word' id='word_1_695' title='bbox 2666 2759 2901 2827; x_wconf 85' lang='lat' dir='ltr'><strong>potentia</strong></span> <span class='ocrx_word' id='word_1_696' title='bbox 2935 2757 3262 2831; x_wconf 82' lang='lat' dir='ltr'><strong>S._Cyrillus</strong></span> <span class='ocrx_word' id='word_1_697' title='bbox 3306 2756 3463 2831; x_wconf 76' lang='lat' dir='ltr'><strong>Jeru-</strong></span> 
     </span>
    </p>
   </div>
   <div class='ocr_carea' id='block_1_91' title="bbox 1863 2827 3464 2905">
    <p class='ocr_par' dir='ltr' id='par_1_91' title="bbox 1863 2827 3464 2905">
     <span class='ocr_line' id='line_1_98' title="bbox 1863 2827 3464 2905; baseline -0.002 -17"><span class='ocrx_word' id='word_1_698' title='bbox 1863 2834 2217 2905; x_wconf 75' lang='lat' dir='ltr'><strong>80lyuiitauus</strong></span> <span class='ocrx_word' id='word_1_699' title='bbox 2242 2827 2830 2905; x_wconf 40' lang='lat' dir='ltr'><strong>episcopus—Calenum.</strong></span> <span class='ocrx_word' id='word_1_700' title='bbox 2858 2831 2966 2905; x_wconf 68' lang='grc' dir='ltr'><strong>Δίῦε</strong></span> <span class='ocrx_word' id='word_1_701' title='bbox 2995 2827 3307 2905; x_wconf 74' lang='lat' dir='ltr'><strong>Tropliaeum</strong></span> <span class='ocrx_word' id='word_1_702' title='bbox 3332 2827 3464 2884; x_wconf 84' lang='lat' dir='ltr'><strong>Jesu</strong></span> 
     </span>
    </p>
   </div>
   <div class='ocr_carea' id='block_1_92' title="bbox 1861 2901 3460 2972">
    <p class='ocr_par' dir='ltr' id='par_1_92' title="bbox 1861 2901 3460 2972">
     <span class='ocr_line' id='line_1_99' title="bbox 1861 2901 3460 2972; baseline -0.001 -15"><span class='ocrx_word' id='word_1_703' title='bbox 1861 2901 2122 2969; x_wconf 76' lang='lat' dir='ltr'><strong>salutare,</strong></span> <span class='ocrx_word' id='word_1_704' title='bbox 2154 2901 2364 2958; x_wconf 72' lang='lat' dir='ltr'><strong>Crux...</strong></span> <span class='ocrx_word' id='word_1_705' title='bbox 2395 2913 2542 2959; x_wconf 86' lang='lat' dir='ltr'><strong>curat</strong></span> <span class='ocrx_word' id='word_1_706' title='bbox 2573 2902 2769 2957; x_wconf 82' lang='lat' dir='ltr'><strong>morbos</strong></span> <span class='ocrx_word' id='word_1_707' title='bbox 2790 2943 2804 2967; x_wconf 95' lang='lat'><strong>,</strong></span> <span class='ocrx_word' id='word_1_708' title='bbox 2833 2902 3087 2956; x_wconf 79' lang='lat' dir='ltr'><strong>dcemones</strong></span> <span class='ocrx_word' id='word_1_709' title='bbox 3128 2904 3302 2972; x_wconf 81' lang='lat' dir='ltr'><strong>fugat,</strong></span> <span class='ocrx_word' id='word_1_710' title='bbox 3351 2910 3460 2972; x_wconf 81' lang='lat' dir='ltr'><strong>etc.</strong></span> 
     </span>
    </p>
   </div>
   <div class='ocr_carea' id='block_1_93' title="bbox 1861 2970 3458 3043">
    <p class='ocr_par' dir='ltr' id='par_1_93' title="bbox 1861 2970 3458 3043">
     <span class='ocr_line' id='line_1_100' title="bbox 1861 2970 3458 3043; baseline -0.002 -13"><span class='ocrx_word' id='word_1_711' title='bbox 1861 2974 2064 3030; x_wconf 86' lang='lat' dir='ltr'><strong>Eatleiii</strong></span> <span class='ocrx_word' id='word_1_712' title='bbox 2106 2974 2390 3031; x_wconf 77' lang='lat' dir='ltr'><strong>Caleclics.</strong></span> <span class='ocrx_word' id='word_1_713' title='bbox 2452 2975 2539 3029; x_wconf 74' lang='lat' dir='ltr'><strong>I3.</strong></span> <span class='ocrx_word' id='word_1_714' title='bbox 2572 2973 2701 3030; x_wconf 87' lang='lat' dir='ltr'><strong>Cum</strong></span> <span class='ocrx_word' id='word_1_715' title='bbox 2728 2991 2759 3027; x_wconf 83' lang='grc' dir='ltr'><strong><em>η</em></strong></span> <span class='ocrx_word' id='word_1_716' title='bbox 2794 2972 2899 3027; x_wconf 78' lang='lat' dir='ltr'><strong>Deo</strong></span> <span class='ocrx_word' id='word_1_717' title='bbox 2944 2974 3009 3028; x_wconf 83' lang='lat' dir='ltr'><strong>sit</strong></span> <span class='ocrx_word' id='word_1_718' title='bbox 3040 2970 3147 3026; x_wconf 57' lang='lat' dir='ltr'><strong>huic</strong></span> <span class='ocrx_word' id='word_1_719' title='bbox 3175 2973 3338 3043; x_wconf 83' lang='lat' dir='ltr'><strong>gratia</strong></span> <span class='ocrx_word' id='word_1_720' title='bbox 3368 2970 3458 3043; x_wconf 72' lang='lat' dir='ltr'><strong>Si-</strong></span> 
     </span>
    </p>
   </div>
   <div class='ocr_carea' id='block_1_94' title="bbox 1859 3041 3453 3115">
    <p class='ocr_par' dir='ltr' id='par_1_94' title="bbox 1859 3041 3453 3115">
     <span class='ocr_line' id='line_1_101' title="bbox 1859 3041 3453 3115; baseline -0.002 -15"><span class='ocrx_word' id='word_1_721' title='bbox 1859 3062 2017 3115; x_wconf 84' lang='lat' dir='ltr'><strong>gnum</strong></span> <span class='ocrx_word' id='word_1_722' title='bbox 2050 3045 2312 3114; x_wconf 82' lang='lat' dir='ltr'><strong>ﬁclelium,</strong></span> <span class='ocrx_word' id='word_1_723' title='bbox 2358 3056 2405 3100; x_wconf 89' lang='lat' dir='ltr'><strong>et</strong></span> <span class='ocrx_word' id='word_1_724' title='bbox 2452 3047 2602 3100; x_wconf 83' lang='lat' dir='ltr'><strong>timor</strong></span> <span class='ocrx_word' id='word_1_725' title='bbox 2630 3046 2951 3111; x_wconf 68' lang='lat' dir='ltr'><strong>daemonum;</strong></span> <span class='ocrx_word' id='word_1_726' title='bbox 2979 3056 3033 3097; x_wconf 90' lang='lat' dir='ltr'><strong>et</strong></span> <span class='ocrx_word' id='word_1_727' title='bbox 3075 3041 3357 3115; x_wconf 66' lang='lat' dir='ltr'><strong>Cateniies.</strong></span> <span class='ocrx_word' id='word_1_728' title='bbox 3394 3041 3453 3098; x_wconf 68' lang='grc'><strong>4.</strong></span> 
     </span>
    </p>
   </div>
   <div class='ocr_carea' id='block_1_95' title="bbox 1859 3114 3455 3188">
    <p class='ocr_par' dir='ltr' id='par_1_95' title="bbox 1859 3114 3455 3188">
     <span class='ocr_line' id='line_1_102' title="bbox 1859 3114 3455 3188; baseline -0.003 -15"><span class='ocrx_word' id='word_1_729' title='bbox 1859 3114 2139 3173; x_wconf 84' lang='lat' dir='ltr'><strong>Crucem...</strong></span> <span class='ocrx_word' id='word_1_730' title='bbox 2172 3127 2227 3172; x_wconf 88' lang='lat' dir='ltr'><strong>tu</strong></span> <span class='ocrx_word' id='word_1_731' title='bbox 2248 3116 2419 3187; x_wconf 87' lang='lat' dir='ltr'><strong>palam</strong></span> <span class='ocrx_word' id='word_1_732' title='bbox 2447 3119 2514 3172; x_wconf 90' lang='lat' dir='ltr'><strong>ad</strong></span> <span class='ocrx_word' id='word_1_733' title='bbox 2531 3118 2759 3188; x_wconf 68' lang='lat' dir='ltr'><strong>frontem</strong></span> <span class='ocrx_word' id='word_1_734' title='bbox 2798 3116 3085 3186; x_wconf 89' lang='lat' dir='ltr'><strong>obsignato.</strong></span> <span class='ocrx_word' id='word_1_735' title='bbox 3105 3124 3168 3188; x_wconf 28' lang='lat' dir='ltr'><strong>Aut</strong></span> <span class='ocrx_word' id='word_1_736' title='bbox 3197 3114 3455 3188; x_wconf 75' lang='lat' dir='ltr'><strong>dumtones</strong></span> 
     </span>
    </p>
   </div>
   <div class='ocr_carea' id='block_1_96' title="bbox 1857 3182 3450 3261">
    <p class='ocr_par' dir='ltr' id='par_1_96' title="bbox 1857 3182 3450 3261">
     <span class='ocr_line' id='line_1_103' title="bbox 1857 3182 3450 3261; baseline -0.003 -19"><span class='ocrx_word' id='word_1_737' title='bbox 1857 3191 2054 3261; x_wconf 79' lang='lat' dir='ltr'><strong>regium</strong></span> <span class='ocrx_word' id='word_1_738' title='bbox 2086 3182 2305 3261; x_wconf 76' lang='lat' dir='ltr'><strong>Signum</strong></span> <span class='ocrx_word' id='word_1_739' title='bbox 2353 3182 2636 3255; x_wconf 77' lang='lat' dir='ltr'><strong>intuentes,</strong></span> <span class='ocrx_word' id='word_1_740' title='bbox 2683 3187 2884 3261; x_wconf 75' lang='lat' dir='ltr'><strong>tremuli</strong></span> <span class='ocrx_word' id='word_1_741' title='bbox 2909 3182 3113 3261; x_wconf 38' lang='lat' dir='ltr'><strong>&quot;procul</strong></span> <span class='ocrx_word' id='word_1_742' title='bbox 3154 3185 3450 3261; x_wconf 73' lang='lat' dir='ltr'><strong>aufugiam.</strong></span> 
     </span>
    </p>
   </div>
   <div class='ocr_carea' id='block_1_97' title="bbox 1859 3255 3455 3331">
    <p class='ocr_par' dir='ltr' id='par_1_97' title="bbox 1859 3255 3455 3331">
     <span class='ocr_line' id='line_1_104' title="bbox 1859 3255 3455 3331; baseline -0.003 -16"><span class='ocrx_word' id='word_1_743' title='bbox 1859 3255 2023 3331; x_wconf 77' lang='lat' dir='ltr'><strong>Signo</strong></span> <span class='ocrx_word' id='word_1_744' title='bbox 2048 3255 2216 3315; x_wconf 73' lang='lat' dir='ltr'><strong>autem</strong></span> <span class='ocrx_word' id='word_1_745' title='bbox 2243 3261 2338 3313; x_wconf 90' lang='lat' dir='ltr'><strong>ista</strong></span> <span class='ocrx_word' id='word_1_746' title='bbox 2360 3269 2500 3314; x_wconf 85' lang='lat' dir='ltr'><strong>utere</strong></span> <span class='ocrx_word' id='word_1_747' title='bbox 2520 3269 2623 3314; x_wconf 90' lang='lat' dir='ltr'><strong>tum</strong></span> <span class='ocrx_word' id='word_1_748' title='bbox 2653 3258 2805 3331; x_wconf 80' lang='lat' dir='ltr'><strong>edens</strong></span> <span class='ocrx_word' id='word_1_749' title='bbox 2833 3275 2894 3311; x_wconf 84' lang='lat' dir='ltr'><strong>ac</strong></span> <span class='ocrx_word' id='word_1_750' title='bbox 2922 3255 3114 3321; x_wconf 87' lang='lat' dir='ltr'><strong>bibens,</strong></span> <span class='ocrx_word' id='word_1_751' title='bbox 3146 3265 3252 3331; x_wconf 76' lang='lat' dir='ltr'><strong>tum</strong></span> <span class='ocrx_word' id='word_1_752' title='bbox 3274 3255 3455 3310; x_wconf 86' lang='lat' dir='ltr'><strong>sedens</strong></span> 
     </span>
    </p>
   </div>
   <div class='ocr_carea' id='block_1_98' title="bbox 1856 3326 3453 3399">
    <p class='ocr_par' dir='ltr' id='par_1_98' title="bbox 1856 3326 3453 3399">
     <span class='ocr_line' id='line_1_105' title="bbox 1856 3326 3453 3399; baseline -0.003 -15"><span class='ocrx_word' id='word_1_753' title='bbox 1856 3326 2150 3385; x_wconf 48' lang='lat' dir='ltr'><strong>ac&#39;cubans</strong></span> <span class='ocrx_word' id='word_1_754' title='bbox 2175 3372 2187 3395; x_wconf 90' lang='lat'><strong>,</strong></span> <span class='ocrx_word' id='word_1_755' title='bbox 2219 3331 2283 3384; x_wconf 90' lang='lat' dir='ltr'><strong>de</strong></span> <span class='ocrx_word' id='word_1_756' title='bbox 2312 3330 2440 3385; x_wconf 89' lang='lat' dir='ltr'><strong>lecto</strong></span> <span class='ocrx_word' id='word_1_757' title='bbox 2482 3346 2695 3399; x_wconf 83' lang='lat' dir='ltr'><strong>surgens</strong></span> <span class='ocrx_word' id='word_1_758' title='bbox 2719 3371 2734 3392; x_wconf 91' lang='lat'><strong>,</strong></span> <span class='ocrx_word' id='word_1_759' title='bbox 2782 3329 2994 3398; x_wconf 78' lang='lat' dir='ltr'><strong>loquens</strong></span> <span class='ocrx_word' id='word_1_760' title='bbox 3018 3369 3034 3393; x_wconf 94' lang='lat'><strong>,</strong></span> <span class='ocrx_word' id='word_1_761' title='bbox 3066 3326 3373 3391; x_wconf 86' lang='lat' dir='ltr'><strong>ambulans;</strong></span> <span class='ocrx_word' id='word_1_762' title='bbox 3403 3336 3453 3381; x_wconf 88' lang='lat' dir='ltr'><strong>et</strong></span> 
     </span>
    </p>
   </div>
   <div class='ocr_carea' id='block_1_99' title="bbox 1854 3400 3451 3471">
    <p class='ocr_par' dir='ltr' id='par_1_99' title="bbox 1854 3400 3451 3471">
     <span class='ocr_line' id='line_1_106' title="bbox 1854 3400 3451 3471; baseline -0.002 -15"><span class='ocrx_word' id='word_1_763' title='bbox 1854 3411 1911 3456; x_wconf 88' lang='lat' dir='ltr'><strong>ut</strong></span> <span class='ocrx_word' id='word_1_764' title='bbox 1940 3401 2097 3457; x_wconf 86' lang='lat' dir='ltr'><strong>semel</strong></span> <span class='ocrx_word' id='word_1_765' title='bbox 2124 3402 2295 3471; x_wconf 81' lang='lat' dir='ltr'><strong>dicam</strong></span> <span class='ocrx_word' id='word_1_766' title='bbox 2314 3441 2329 3462; x_wconf 92' lang='lat'><strong>,</strong></span> <span class='ocrx_word' id='word_1_767' title='bbox 2360 3402 2415 3455; x_wconf 89' lang='lat' dir='ltr'><strong>in</strong></span> <span class='ocrx_word' id='word_1_768' title='bbox 2445 3404 2583 3454; x_wconf 88' lang='lat' dir='ltr'><strong>omni</strong></span> <span class='ocrx_word' id='word_1_769' title='bbox 2608 3418 2661 3455; x_wconf 86' lang='lat' dir='ltr'><strong>re</strong></span> <span class='ocrx_word' id='word_1_770' title='bbox 2689 3401 2928 3471; x_wconf 84' lang='lat' dir='ltr'><strong>omnique</strong></span> <span class='ocrx_word' id='word_1_771' title='bbox 2956 3400 3174 3470; x_wconf 89' lang='lat' dir='ltr'><strong>negotio.</strong></span> <span class='ocrx_word' id='word_1_772' title='bbox 3204 3400 3261 3453; x_wconf 83' lang='lat' dir='ltr'><strong>S.</strong></span> <span class='ocrx_word' id='word_1_773' title='bbox 3298 3402 3451 3471; x_wconf 85' lang='lat' dir='ltr'><strong>lgna-</strong></span> 
     </span>
    </p>
   </div>
   <div class='ocr_carea' id='block_1_100' title="bbox 1856 3469 3450 3545">
    <p class='ocr_par' dir='ltr' id='par_1_100' title="bbox 1856 3469 3450 3545">
     <span class='ocr_line' id='line_1_107' title="bbox 1856 3469 3450 3545; baseline -0.003 -18"><span class='ocrx_word' id='word_1_774' title='bbox 1856 3474 1961 3527; x_wconf 88' lang='lat' dir='ltr'><strong>tius</strong></span> <span class='ocrx_word' id='word_1_775' title='bbox 1985 3473 2185 3545; x_wconf 75' lang='lat' dir='ltr'><strong>Martyr</strong></span> <span class='ocrx_word' id='word_1_776' title='bbox 2210 3490 2223 3527; x_wconf 90' lang='lat'><strong>:</strong></span> <span class='ocrx_word' id='word_1_777' title='bbox 2253 3469 2431 3527; x_wconf 85' lang='lat' dir='ltr'><strong>Crucis</strong></span> <span class='ocrx_word' id='word_1_778' title='bbox 2462 3471 2681 3544; x_wconf 82' lang='lat' dir='ltr'><strong>Signum</strong></span> <span class='ocrx_word' id='word_1_779' title='bbox 2706 3469 2993 3541; x_wconf 74' lang='lat' dir='ltr'><strong>tropliwum</strong></span> <span class='ocrx_word' id='word_1_780' title='bbox 3012 3469 3086 3524; x_wconf 89' lang='lat' dir='ltr'><strong>est</strong></span> <span class='ocrx_word' id='word_1_781' title='bbox 3107 3479 3282 3545; x_wconf 89' lang='lat' dir='ltr'><strong>contra</strong></span> <span class='ocrx_word' id='word_1_782' title='bbox 3305 3469 3450 3537; x_wconf 86' lang='lat' dir='ltr'><strong>prin-</strong></span> 
     </span>
    </p>
   </div>
   <div class='ocr_carea' id='block_1_101' title="bbox 1854 3544 3448 3614">
    <p class='ocr_par' dir='ltr' id='par_1_101' title="bbox 1854 3544 3448 3614">
     <span class='ocr_line' id='line_1_108' title="bbox 1854 3544 3448 3614; baseline -0.003 -17"><span class='ocrx_word' id='word_1_783' title='bbox 1854 3545 1984 3613; x_wconf 82' lang='lat' dir='ltr'><strong>cipis</strong></span> <span class='ocrx_word' id='word_1_784' title='bbox 2028 3544 2207 3599; x_wconf 86' lang='lat' dir='ltr'><strong>muudi</strong></span> <span class='ocrx_word' id='word_1_785' title='bbox 2244 3546 2509 3610; x_wconf 79' lang='lat' dir='ltr'><strong>virtutem,</strong></span> <span class='ocrx_word' id='word_1_786' title='bbox 2540 3545 2677 3614; x_wconf 88' lang='lat' dir='ltr'><strong>quod</strong></span> <span class='ocrx_word' id='word_1_787' title='bbox 2705 3545 2879 3595; x_wconf 70' lang='lat' dir='ltr'><strong>videns</strong></span> <span class='ocrx_word' id='word_1_788' title='bbox 2921 3544 3207 3614; x_wconf 72' lang='lat' dir='ltr'><strong>expauescit</strong></span> <span class='ocrx_word' id='word_1_789' title='bbox 3231 3581 3255 3614; x_wconf 10' lang='lat'><strong>,7</strong></span> <span class='ocrx_word' id='word_1_790' title='bbox 3276 3550 3322 3594; x_wconf 85' lang='lat' dir='ltr'><strong>et</strong></span> <span class='ocrx_word' id='word_1_791' title='bbox 3349 3557 3448 3594; x_wconf 88' lang='lat' dir='ltr'><strong>au-</strong></span> 
     </span>
    </p>
   </div>
   <div class='ocr_carea' id='block_1_102' title="bbox 1854 3612 3449 3684">
    <p class='ocr_par' dir='ltr' id='par_1_102' title="bbox 1854 3612 3449 3684">
     <span class='ocr_line' id='line_1_109' title="bbox 1854 3612 3449 3684; baseline -0.002 -16"><span class='ocrx_word' id='word_1_792' title='bbox 1854 3615 1996 3671; x_wconf 86' lang='lat' dir='ltr'><strong>diens</strong></span> <span class='ocrx_word' id='word_1_793' title='bbox 2020 3618 2180 3669; x_wconf 88' lang='lat' dir='ltr'><strong>timet.</strong></span> <span class='ocrx_word' id='word_1_794' title='bbox 2216 3614 2348 3669; x_wconf 86' lang='lat' dir='ltr'><strong>Vide</strong></span> <span class='ocrx_word' id='word_1_795' title='bbox 2375 3615 2432 3671; x_wconf 90' lang='lat' dir='ltr'><strong>S.</strong></span> <span class='ocrx_word' id='word_1_796' title='bbox 2468 3612 2689 3684; x_wconf 72' lang='lat' dir='ltr'><strong>August.</strong></span> <span class='ocrx_word' id='word_1_797' title='bbox 2727 3614 2973 3684; x_wconf 68' lang='lat' dir='ltr'><strong>Eiiarrat.</strong></span> <span class='ocrx_word' id='word_1_798' title='bbox 3006 3615 3039 3666; x_wconf 70' lang='grc'><strong>4</strong></span> <span class='ocrx_word' id='word_1_799' title='bbox 3066 3612 3116 3666; x_wconf 92' lang='lat' dir='ltr'><strong>in</strong></span> <span class='ocrx_word' id='word_1_800' title='bbox 3144 3612 3280 3667; x_wconf 73' lang='lat' dir='ltr'><strong>Psnl.</strong></span> <span class='ocrx_word' id='word_1_801' title='bbox 3307 3626 3449 3684; x_wconf 79' lang='lat' dir='ltr'><strong>xxx,</strong></span> 
     </span>
    </p>
   </div>
   <div class='ocr_carea' id='block_1_103' title="bbox 1853 3682 3445 3753">
    <p class='ocr_par' dir='ltr' id='par_1_103' title="bbox 1853 3682 3445 3753">
     <span class='ocr_line' id='line_1_110' title="bbox 1853 3682 3445 3753; baseline -0.004 -11"><span class='ocrx_word' id='word_1_802' title='bbox 1853 3697 1908 3742; x_wconf 90' lang='lat' dir='ltr'><strong>et</strong></span> <span class='ocrx_word' id='word_1_803' title='bbox 1938 3687 1988 3740; x_wconf 91' lang='lat' dir='ltr'><strong>iii</strong></span> <span class='ocrx_word' id='word_1_804' title='bbox 2036 3686 2181 3743; x_wconf 72' lang='lat' dir='ltr'><strong>Psal.</strong></span> <span class='ocrx_word' id='word_1_805' title='bbox 2214 3703 2263 3742; x_wconf 82' lang='grc' dir='ltr'><strong>ι..</strong></span> <span class='ocrx_word' id='word_1_806' title='bbox 2297 3703 2350 3740; x_wconf 91' lang='lat' dir='ltr'><strong>n.</strong></span> <span class='ocrx_word' id='word_1_807' title='bbox 2385 3688 2407 3741; x_wconf 76' lang='grc' dir='ltr'>ί</span> <span class='ocrx_word' id='word_1_808' title='bbox 2462 3705 2473 3738; x_wconf 90' lang='lat'>:</span> <span class='ocrx_word' id='word_1_809' title='bbox 2512 3682 2663 3753; x_wconf 78' lang='lat' dir='ltr'><strong>Quod</strong></span> <span class='ocrx_word' id='word_1_810' title='bbox 2693 3686 2737 3739; x_wconf 88' lang='lat' dir='ltr'><strong>si</strong></span> <span class='ocrx_word' id='word_1_811' title='bbox 2767 3685 2897 3753; x_wconf 77' lang='lat' dir='ltr'><strong>forte</strong></span> <span class='ocrx_word' id='word_1_812' title='bbox 2927 3682 3202 3738; x_wconf 85' lang='lat' dir='ltr'><strong>Christiani</strong></span> <span class='ocrx_word' id='word_1_813' title='bbox 3250 3684 3302 3736; x_wconf 86' lang='lat' dir='ltr'><strong>in</strong></span> <span class='ocrx_word' id='word_1_814' title='bbox 3330 3683 3445 3752; x_wconf 88' lang='lat' dir='ltr'><strong>ipso</strong></span> 
     </span>
    </p>
   </div>
   <div class='ocr_carea' id='block_1_104' title="bbox 1853 3755 3439 3829">
    <p class='ocr_par' dir='ltr' id='par_1_104' title="bbox 1853 3755 3439 3829">
     <span class='ocr_line' id='line_1_111' title="bbox 1853 3755 3439 3829; baseline -0.004 -17"><span class='ocrx_word' id='word_1_815' title='bbox 1853 3759 1989 3812; x_wconf 88' lang='lat' dir='ltr'><strong>circo</strong></span> <span class='ocrx_word' id='word_1_816' title='bbox 2007 3759 2177 3829; x_wconf 89' lang='lat' dir='ltr'><strong>aliqua</strong></span> <span class='ocrx_word' id='word_1_817' title='bbox 2206 3775 2269 3813; x_wconf 77' lang='lat' dir='ltr'><strong>ea:</strong></span> <span class='ocrx_word' id='word_1_818' title='bbox 2293 3775 2449 3812; x_wconf 87' lang='lat' dir='ltr'><strong>causa</strong></span> <span class='ocrx_word' id='word_1_819' title='bbox 2470 3767 2802 3827; x_wconf 73' lang='lat' dir='ltr'><strong>expavescunt</strong></span> <span class='ocrx_word' id='word_1_820' title='bbox 2821 3798 2838 3822; x_wconf 95' lang='lat'><strong>,</strong></span> <span class='ocrx_word' id='word_1_821' title='bbox 2870 3756 3113 3829; x_wconf 83' lang='lat' dir='ltr'><strong>continuo</strong></span> <span class='ocrx_word' id='word_1_822' title='bbox 3138 3770 3191 3829; x_wconf 80' lang='lat' dir='ltr'><strong>se</strong></span> <span class='ocrx_word' id='word_1_823' title='bbox 3213 3755 3439 3824; x_wconf 77' lang='lat' dir='ltr'><strong>signant,</strong></span> 
     </span>
    </p>
   </div>
   <div class='ocr_carea' id='block_1_105' title="bbox 1852 3824 3451 3899">
    <p class='ocr_par' dir='ltr' id='par_1_105' title="bbox 1852 3824 3451 3899">
     <span class='ocr_line' id='line_1_112' title="bbox 1852 3824 3451 3899; baseline -0.003 -16"><span class='ocrx_word' id='word_1_824' title='bbox 1852 3838 1900 3884; x_wconf 88' lang='lat' dir='ltr'><strong>et</strong></span> <span class='ocrx_word' id='word_1_825' title='bbox 1941 3824 2224 3883; x_wconf 36' lang='lat' dir='ltr'><strong>stant‘illic</strong></span> <span class='ocrx_word' id='word_1_826' title='bbox 2254 3839 2509 3899; x_wconf 71' lang='lat' dir='ltr'><strong>portantes</strong></span> <span class='ocrx_word' id='word_1_827' title='bbox 2535 3824 2589 3883; x_wconf 79' lang='lat' dir='ltr'><strong>in</strong></span> <span class='ocrx_word' id='word_1_828' title='bbox 2619 3833 2810 3899; x_wconf 68' lang='lat' dir='ltr'><strong>fronte,</strong></span> <span class='ocrx_word' id='word_1_829' title='bbox 2843 3828 2980 3899; x_wconf 85' lang='lat' dir='ltr'><strong>unde</strong></span> <span class='ocrx_word' id='word_1_830' title='bbox 2999 3824 3318 3899; x_wconf 70' lang='lat' dir='ltr'><strong>abscederent</strong></span> <span class='ocrx_word' id='word_1_831' title='bbox 3339 3864 3354 3887; x_wconf 92' lang='lat'><strong>,</strong></span> <span class='ocrx_word' id='word_1_832' title='bbox 3404 3825 3451 3879; x_wconf 83' lang='lat' dir='ltr'><strong>si</strong></span> 
     </span>
    </p>
   </div>
   <div class='ocr_carea' id='block_1_106' title="bbox 1854 3897 3439 3968">
    <p class='ocr_par' dir='ltr' id='par_1_106' title="bbox 1854 3897 3439 3968">
     <span class='ocr_line' id='line_1_113' title="bbox 1854 3897 3439 3968; baseline -0.003 -15"><span class='ocrx_word' id='word_1_833' title='bbox 1854 3901 1949 3954; x_wconf 83' lang='lat' dir='ltr'><strong>hoc</strong></span> <span class='ocrx_word' id='word_1_834' title='bbox 1978 3902 2029 3954; x_wconf 88' lang='lat' dir='ltr'><strong>in</strong></span> <span class='ocrx_word' id='word_1_835' title='bbox 2075 3902 2227 3955; x_wconf 84' lang='lat' dir='ltr'><strong>corde</strong></span> <span class='ocrx_word' id='word_1_836' title='bbox 2254 3897 2534 3968; x_wconf 71' lang='lat' dir='ltr'><strong>portui-cut.</strong></span> <span class='ocrx_word' id='word_1_837' title='bbox 2584 3897 2649 3954; x_wconf 85' lang='lat' dir='ltr'><strong>Et</strong></span> <span class='ocrx_word' id='word_1_838' title='bbox 2677 3899 2743 3953; x_wconf 89' lang='lat' dir='ltr'><strong>de</strong></span> <span class='ocrx_word' id='word_1_839' title='bbox 2772 3897 2998 3953; x_wconf 79' lang='lat' dir='ltr'><strong>Civitate</strong></span> <span class='ocrx_word' id='word_1_840' title='bbox 3030 3897 3142 3968; x_wconf 78' lang='lat' dir='ltr'><strong>Dei,</strong></span> <span class='ocrx_word' id='word_1_841' title='bbox 3174 3897 3265 3968; x_wconf 85' lang='lat' dir='ltr'><strong>lili.</strong></span> <span class='ocrx_word' id='word_1_842' title='bbox 3298 3910 3439 3968; x_wconf 73' lang='lat' dir='ltr'><strong>xiiii,</strong></span> 
     </span>
    </p>
   </div>
   <div class='ocr_carea' id='block_1_107' title="bbox 1853 3965 3444 4040">
    <p class='ocr_par' dir='ltr' id='par_1_107' title="bbox 1853 3965 3444 4040">
     <span class='ocr_line' id='line_1_114' title="bbox 1853 3965 3444 4040; baseline -0.004 -15"><span class='ocrx_word' id='word_1_843' title='bbox 1853 3987 1906 4026; x_wconf 85' lang='grc' dir='ltr'><strong>η.</strong></span> <span class='ocrx_word' id='word_1_844' title='bbox 1940 3973 1993 4028; x_wconf 79' lang='lat'><strong>5.</strong></span> <span class='ocrx_word' id='word_1_845' title='bbox 2045 3972 2184 4040; x_wconf 85' lang='lat' dir='ltr'><strong>Quin</strong></span> <span class='ocrx_word' id='word_1_846' title='bbox 2231 3965 2287 4026; x_wconf 86' lang='lat' dir='ltr'><strong>et</strong></span> <span class='ocrx_word' id='word_1_847' title='bbox 2307 3971 2681 4026; x_wconf 73' lang='lat' dir='ltr'><strong>Theudor-ctus</strong></span> <span class='ocrx_word' id='word_1_848' title='bbox 2711 3972 2787 4023; x_wconf 87' lang='lat' dir='ltr'><strong>ait</strong></span> <span class='ocrx_word' id='word_1_849' title='bbox 2835 3970 2928 4024; x_wconf 88' lang='lat' dir='ltr'><strong>lili.</strong></span> <span class='ocrx_word' id='word_1_850' title='bbox 2973 3969 3009 4023; x_wconf 82' lang='lat'><strong>&#39;5</strong></span> <span class='ocrx_word' id='word_1_851' title='bbox 3038 3967 3173 4022; x_wconf 74' lang='lat' dir='ltr'><strong>Hist.</strong></span> <span class='ocrx_word' id='word_1_852' title='bbox 3209 3965 3444 4040; x_wconf 80' lang='lat' dir='ltr'><strong>Ecclcs.,</strong></span> 
     </span>
    </p>
   </div>
   <div class='ocr_carea' id='block_1_108' title="bbox 1852 4036 3447 4112">
    <p class='ocr_par' dir='ltr' id='par_1_108' title="bbox 1852 4036 3447 4112">
     <span class='ocr_line' id='line_1_115' title="bbox 1852 4036 3447 4112; baseline -0.005 -15"><span class='ocrx_word' id='word_1_853' title='bbox 1852 4057 1972 4112; x_wconf 86' lang='lat' dir='ltr'><strong>cap.</strong></span> <span class='ocrx_word' id='word_1_854' title='bbox 2001 4044 2035 4097; x_wconf 77' lang='grc'><strong>5</strong></span> <span class='ocrx_word' id='word_1_855' title='bbox 2058 4036 2088 4097; x_wconf 70' lang='grc' dir='ltr'><strong>ἶ</strong></span> <span class='ocrx_word' id='word_1_856' title='bbox 2107 4042 2236 4099; x_wconf 87' lang='lat' dir='ltr'><strong>Cum</strong></span> <span class='ocrx_word' id='word_1_857' title='bbox 2263 4044 2345 4096; x_wconf 86' lang='lat' dir='ltr'><strong>isti</strong></span> <span class='ocrx_word' id='word_1_858' title='bbox 2371 4060 2486 4096; x_wconf 84' lang='lat' dir='ltr'><strong>vero</strong></span> <span class='ocrx_word' id='word_1_859' title='bbox 2518 4044 2773 4096; x_wconf 77' lang='lat' dir='ltr'><strong>dwmones</strong></span> <span class='ocrx_word' id='word_1_860' title='bbox 2801 4041 2951 4094; x_wconf 84' lang='lat' dir='ltr'><strong>solita</strong></span> <span class='ocrx_word' id='word_1_861' title='bbox 2975 4036 3447 4112; x_wconf 64' lang='lat' dir='ltr'><strong>specieapparuis-</strong></span> 
     </span>
    </p>
   </div>
   <div class='ocr_carea' id='block_1_109' title="bbox 1851 4105 3446 4182">
    <p class='ocr_par' dir='ltr' id='par_1_109' title="bbox 1851 4105 3446 4182">
     <span class='ocr_line' id='line_1_116' title="bbox 1851 4105 3446 4182; baseline -0.006 -14"><span class='ocrx_word' id='word_1_862' title='bbox 1851 4105 1980 4180; x_wconf 75' lang='lat' dir='ltr'><strong>sciit,</strong></span> <span class='ocrx_word' id='word_1_863' title='bbox 2004 4116 2163 4182; x_wconf 82' lang='lat' dir='ltr'><strong>coegit</strong></span> <span class='ocrx_word' id='word_1_864' title='bbox 2186 4112 2459 4167; x_wconf 76' lang='lat' dir='ltr'><strong>lulianum</strong></span> <span class='ocrx_word' id='word_1_865' title='bbox 2484 4115 2636 4167; x_wconf 86' lang='lat' dir='ltr'><strong>timor</strong></span> <span class='ocrx_word' id='word_1_866' title='bbox 2663 4115 2919 4182; x_wconf 85' lang='lat' dir='ltr'><strong>imponere</strong></span> <span class='ocrx_word' id='word_1_867' title='bbox 2957 4105 3326 4182; x_wconf 74' lang='lat' dir='ltr'><strong>fronti_Crucis</strong></span> 
     </span>
    </p>
   </div>
   <div class='ocr_carea' id='block_1_110' title="bbox 1852 4177 3445 4255">
    <p class='ocr_par' dir='ltr' id='par_1_110' title="bbox 1852 4177 3445 4255">
     <span class='ocr_line' id='line_1_117' title="bbox 1852 4177 3445 4255; baseline -0.005 -16"><span class='ocrx_word' id='word_1_868' title='bbox 1852 4177 2028 4255; x_wconf 87' lang='lat' dir='ltr'><strong>gnum.</strong></span> <span class='ocrx_word' id='word_1_869' title='bbox 2066 4177 2140 4241; x_wconf 84' lang='lat' dir='ltr'><strong>De</strong></span> <span class='ocrx_word' id='word_1_870' title='bbox 2165 4185 2330 4255; x_wconf 76' lang='lat' dir='ltr'><strong>Signo</strong></span> <span class='ocrx_word' id='word_1_871' title='bbox 2355 4183 2576 4255; x_wconf 84' lang='lat' dir='ltr'><strong>Crucis,</strong></span> <span class='ocrx_word' id='word_1_872' title='bbox 2610 4177 2831 4252; x_wconf 70' lang='lat' dir='ltr'><strong>(‘jllsflllc</strong></span> <span class='ocrx_word' id='word_1_873' title='bbox 2865 4182 2914 4233; x_wconf 85' lang='lat' dir='ltr'><strong>vi</strong></span> <span class='ocrx_word' id='word_1_874' title='bbox 2956 4177 3017 4255; x_wconf 53' lang='lat' dir='ltr'><strong>ct</strong></span> <span class='ocrx_word' id='word_1_875' title='bbox 3054 4177 3299 4255; x_wconf 75' lang='lat' dir='ltr'><strong>efficacia</strong></span> <span class='ocrx_word' id='word_1_876' title='bbox 3322 4177 3445 4255; x_wconf 76' lang='lat' dir='ltr'><strong>vide</strong></span> 
     </span>
    </p>
   </div>
   <div class='ocr_carea' id='block_1_111' title="bbox 1854 4248 3445 4326">
    <p class='ocr_par' dir='ltr' id='par_1_111' title="bbox 1854 4248 3445 4326">
     <span class='ocr_line' id='line_1_118' title="bbox 1854 4248 3445 4326; baseline -0.004 -17"><span class='ocrx_word' id='word_1_877' title='bbox 1854 4248 2113 4324; x_wconf 65' lang='lat' dir='ltr'><strong>praeterea</strong></span> <span class='ocrx_word' id='word_1_878' title='bbox 2142 4248 2425 4326; x_wconf 72' lang='lat' dir='ltr'><strong>Origmiem</strong></span> <span class='ocrx_word' id='word_1_879' title='bbox 2448 4299 2462 4320; x_wconf 86' lang='lat'><strong>,</strong></span> <span class='ocrx_word' id='word_1_880' title='bbox 2493 4248 2884 4326; x_wconf 56' lang='lat' dir='ltr'><strong>Tertiillia&#39;uiini</strong></span> <span class='ocrx_word' id='word_1_881' title='bbox 2910 4293 2924 4315; x_wconf 94' lang='lat'><strong>,</strong></span> <span class='ocrx_word' id='word_1_882' title='bbox 2956 4250 3206 4304; x_wconf 67' lang='lat' dir='ltr'><strong>Basiliam</strong></span> <span class='ocrx_word' id='word_1_883' title='bbox 3227 4291 3241 4315; x_wconf 93' lang='lat'><strong>,</strong></span> <span class='ocrx_word' id='word_1_884' title='bbox 3277 4248 3445 4326; x_wconf 68' lang='lat' dir='ltr'><strong>Allia-</strong></span> 
     </span>
    </p>
   </div>
   <div class='ocr_carea' id='block_1_112' title="bbox 1852 4321 3442 4392">
    <p class='ocr_par' dir='ltr' id='par_1_112' title="bbox 1852 4321 3442 4392">
     <span class='ocr_line' id='line_1_119' title="bbox 1852 4321 3442 4392; baseline -0.002 -13"><span class='ocrx_word' id='word_1_885' title='bbox 1852 4321 2061 4381; x_wconf 77' lang='lat' dir='ltr'><strong>tiasium</strong></span> <span class='ocrx_word' id='word_1_886' title='bbox 2090 4328 2156 4380; x_wconf 84' lang='lat' dir='ltr'><strong>de</strong></span> <span class='ocrx_word' id='word_1_887' title='bbox 2189 4321 2560 4380; x_wconf 57' lang='lat' dir='ltr'><strong>liirarnatione</strong></span> <span class='ocrx_word' id='word_1_888' title='bbox 2592 4324 2750 4378; x_wconf 75' lang='lat' dir='ltr'><strong>Verbi</strong></span> <span class='ocrx_word' id='word_1_889' title='bbox 2795 4324 2918 4386; x_wconf 82' lang='lat' dir='ltr'><strong>Dei,</strong></span> <span class='ocrx_word' id='word_1_890' title='bbox 2952 4332 3080 4376; x_wconf 87' lang='lat' dir='ltr'><strong>tum.</strong></span> <span class='ocrx_word' id='word_1_891' title='bbox 3107 4337 3158 4386; x_wconf 82' lang='grc' dir='ltr'><strong>ι,</strong></span> <span class='ocrx_word' id='word_1_892' title='bbox 3189 4335 3310 4392; x_wconf 86' lang='lat' dir='ltr'><strong>pag.</strong></span> <span class='ocrx_word' id='word_1_893' title='bbox 3340 4321 3442 4381; x_wconf 77' lang='lat'><strong>73.</strong></span> 
     </span>
    </p>
   </div>
   <div class='ocr_carea' id='block_1_113' title="bbox 1851 4392 3448 4466">
    <p class='ocr_par' dir='ltr' id='par_1_113' title="bbox 1851 4392 3448 4466">
     <span class='ocr_line' id='line_1_120' title="bbox 1851 4392 3448 4466; baseline -0.003 -15"><span class='ocrx_word' id='word_1_894' title='bbox 1851 4397 2075 4466; x_wconf 83' lang='lat' dir='ltr'><strong>Gregor.</strong></span> <span class='ocrx_word' id='word_1_895' title='bbox 2125 4397 2375 4454; x_wconf 75' lang='lat' dir='ltr'><strong>Naziziuz.</strong></span> <span class='ocrx_word' id='word_1_896' title='bbox 2427 4412 2593 4450; x_wconf 78' lang='lat' dir='ltr'><strong>carui.</strong></span> <span class='ocrx_word' id='word_1_897' title='bbox 2639 4396 2735 4458; x_wconf 86' lang='lat' dir='ltr'><strong>6i,</strong></span> <span class='ocrx_word' id='word_1_898' title='bbox 2774 4408 3019 4466; x_wconf 61' lang='lat' dir='ltr'><strong>tonuit,</strong></span> <span class='ocrx_word' id='word_1_899' title='bbox 3054 4409 3173 4466; x_wconf 80' lang='lat' dir='ltr'><strong>pag.</strong></span> <span class='ocrx_word' id='word_1_900' title='bbox 3209 4392 3341 4459; x_wconf 70' lang='lat'><strong>“2,</strong></span> <span class='ocrx_word' id='word_1_901' title='bbox 3389 4401 3448 4447; x_wconf 91' lang='lat' dir='ltr'><strong>ct</strong></span> 
     </span>
    </p>
   </div>
   <div class='ocr_carea' id='block_1_114' title="bbox 1850 4464 3442 4533">
    <p class='ocr_par' dir='ltr' id='par_1_114' title="bbox 1850 4464 3442 4533">
     <span class='ocr_line' id='line_1_121' title="bbox 1850 4464 3442 4533; baseline 0.001 -16"><span class='ocrx_word' id='word_1_902' title='bbox 1850 4464 2001 4522; x_wconf 75' lang='lat' dir='ltr'><strong>()ral.</strong></span> <span class='ocrx_word' id='word_1_903' title='bbox 2034 4469 2068 4520; x_wconf 77' lang='lat'><strong>5</strong></span> <span class='ocrx_word' id='word_1_904' title='bbox 2106 4469 2365 4522; x_wconf 71' lang='lat' dir='ltr'><strong>advorsiis</strong></span> <span class='ocrx_word' id='word_1_905' title='bbox 2413 4467 2681 4523; x_wconf 74' lang='lat' dir='ltr'><strong>Jttlizttittln</strong></span> <span class='ocrx_word' id='word_1_906' title='bbox 2706 4508 2718 4526; x_wconf 89' lang='lat'><strong>,</strong></span> <span class='ocrx_word' id='word_1_907' title='bbox 2763 4483 2812 4533; x_wconf 74' lang='grc' dir='ltr'><strong>ιι.</strong></span> <span class='ocrx_word' id='word_1_908' title='bbox 2866 4465 3005 4532; x_wconf 62' lang='lat'><strong>203;</strong></span> <span class='ocrx_word' id='word_1_909' title='bbox 3057 4464 3400 4521; x_wconf 81' lang='lat' dir='ltr'><strong>Atlibl‘tisiunl</strong></span> <span class='ocrx_word' id='word_1_910' title='bbox 3425 4504 3442 4528; x_wconf 92' lang='lat'><strong>,</strong></span> 
     </span>
    </p>
   </div>
   <div class='ocr_carea' id='block_1_115' title="bbox 1851 4535 3445 4608">
    <p class='ocr_par' dir='ltr' id='par_1_115' title="bbox 1851 4535 3445 4608">
     <span class='ocr_line' id='line_1_122' title="bbox 1851 4535 3445 4608; baseline -0.004 -16"><span class='ocrx_word' id='word_1_911' title='bbox 1851 4537 2167 4602; x_wconf 85' lang='lat' dir='ltr'><strong>Paulinum,</strong></span> <span class='ocrx_word' id='word_1_912' title='bbox 2198 4540 2437 4608; x_wconf 87' lang='lat' dir='ltr'><strong>aliosque</strong></span> <span class='ocrx_word' id='word_1_913' title='bbox 2482 4538 2582 4594; x_wconf 89' lang='lat' dir='ltr'><strong>SS.</strong></span> <span class='ocrx_word' id='word_1_914' title='bbox 2610 4539 2891 4593; x_wconf 84' lang='lat' dir='ltr'><strong>Palres.—</strong></span> <span class='ocrx_word' id='word_1_915' title='bbox 2913 4535 3279 4605; x_wconf 86' lang='lat' dir='ltr'><strong>lmposuerunt</strong></span> <span class='ocrx_word' id='word_1_916' title='bbox 3299 4539 3445 4608; x_wconf 67' lang='grc' dir='ltr'><strong>[νοητ</strong></span> 
     </span>
    </p>
   </div>
   <div class='ocr_carea' id='block_1_116' title="bbox 1853 4605 3447 4680">
    <p class='ocr_par' dir='ltr' id='par_1_116' title="bbox 1853 4605 3447 4680">
     <span class='ocr_line' id='line_1_123' title="bbox 1853 4605 3447 4680; baseline -0.001 -19"><span class='ocrx_word' id='word_1_917' title='bbox 1853 4613 1987 4664; x_wconf 84' lang='lat' dir='ltr'><strong>tibus</strong></span> <span class='ocrx_word' id='word_1_918' title='bbox 2035 4611 2144 4665; x_wconf 88' lang='lat' dir='ltr'><strong>suis</strong></span> <span class='ocrx_word' id='word_1_919' title='bbox 2192 4605 2476 4663; x_wconf 78' lang='lat' dir='ltr'><strong>immortale</strong></span> <span class='ocrx_word' id='word_1_920' title='bbox 2522 4612 2747 4680; x_wconf 84' lang='lat' dir='ltr'><strong>signum.</strong></span> <span class='ocrx_word' id='word_1_921' title='bbox 2806 4608 2922 4661; x_wconf 69' lang='lat' dir='ltr'><strong>\‘id.</strong></span> <span class='ocrx_word' id='word_1_922' title='bbox 2971 4624 3091 4676; x_wconf 68' lang='lat' dir='ltr'><strong>uiue</strong></span> <span class='ocrx_word' id='word_1_923' title='bbox 3141 4609 3324 4680; x_wconf 70' lang='lat' dir='ltr'><strong>notavi</strong></span> <span class='ocrx_word' id='word_1_924' title='bbox 3368 4605 3447 4680; x_wconf 70' lang='lat' dir='ltr'><strong>ad</strong></span> 
     </span>
    </p>
   </div>
   <div class='ocr_carea' id='block_1_117' title="bbox 1852 4676 3447 4746">
    <p class='ocr_par' dir='ltr' id='par_1_117' title="bbox 1852 4676 3447 4746">
     <span class='ocr_line' id='line_1_124' title="bbox 1852 4676 3447 4746; baseline -0.003 -11"><span class='ocrx_word' id='word_1_925' title='bbox 1852 4680 2000 4735; x_wconf 86' lang='lat' dir='ltr'><strong>Lact.</strong></span> <span class='ocrx_word' id='word_1_926' title='bbox 2037 4682 2129 4735; x_wconf 87' lang='lat' dir='ltr'><strong>lili.</strong></span> <span class='ocrx_word' id='word_1_927' title='bbox 2179 4697 2272 4746; x_wconf 85' lang='lat' dir='ltr'><strong>iv,</strong></span> <span class='ocrx_word' id='word_1_928' title='bbox 2301 4697 2350 4735; x_wconf 92' lang='lat' dir='ltr'><strong>c.</strong></span> <span class='ocrx_word' id='word_1_929' title='bbox 2387 4681 2477 4737; x_wconf 75' lang='lat'><strong>9.6.</strong></span> <span class='ocrx_word' id='word_1_930' title='bbox 2510 4676 2737 4736; x_wconf 84' lang='lat' dir='ltr'><strong>Nurrius</strong></span> <span class='ocrx_word' id='word_1_931' title='bbox 2781 4680 2845 4733; x_wconf 89' lang='lat' dir='ltr'><strong>ad</strong></span> <span class='ocrx_word' id='word_1_932' title='bbox 2888 4680 3001 4732; x_wconf 64' lang='lat' dir='ltr'><strong>huic</strong></span> <span class='ocrx_word' id='word_1_933' title='bbox 3049 4677 3212 4732; x_wconf 75' lang='lat' dir='ltr'><strong>verba</strong></span> <span class='ocrx_word' id='word_1_934' title='bbox 3240 4676 3447 4734; x_wconf 65' lang='lat' dir='ltr'><strong>Caecilii</strong></span> 
     </span>
    </p>
   </div>
   <div class='ocr_carea' id='block_1_118' title="bbox 1852 4749 3449 4823">
    <p class='ocr_par' dir='ltr' id='par_1_118' title="bbox 1852 4749 3449 4823">
     <span class='ocr_line' id='line_1_125' title="bbox 1852 4749 3449 4823; baseline -0.002 -18"><span class='ocrx_word' id='word_1_935' title='bbox 1852 4752 2057 4823; x_wconf 74' lang='lat' dir='ltr'><strong>p.|l825.</strong></span> <span class='ocrx_word' id='word_1_936' title='bbox 2088 4754 2261 4807; x_wconf 66' lang='lat' dir='ltr'><strong>locum</strong></span> <span class='ocrx_word' id='word_1_937' title='bbox 2294 4753 2549 4808; x_wconf 73' lang='lat' dir='ltr'><strong>Lactantii</strong></span> <span class='ocrx_word' id='word_1_938' title='bbox 2588 4753 2741 4820; x_wconf 78' lang='lat' dir='ltr'><strong>plane</strong></span> <span class='ocrx_word' id='word_1_939' title='bbox 2773 4749 3321 4823; x_wconf 74' lang='lat' dir='ltr'><strong>puri&#39;ertit.—Utait,</strong></span> <span class='ocrx_word' id='word_1_940' title='bbox 3351 4756 3449 4802; x_wconf 88' lang='lat' dir='ltr'><strong>aut</strong></span> 
     </span>
    </p>
   </div>
   <div class='ocr_carea' id='block_1_119' title="bbox 1849 4822 3443 4888">
    <p class='ocr_par' dir='ltr' id='par_1_119' title="bbox 1849 4822 3443 4888">
     <span class='ocr_line' id='line_1_126' title="bbox 1849 4822 3443 4888; baseline -0.005 -11"><span class='ocrx_word' id='word_1_941' title='bbox 1849 4827 2027 4877; x_wconf 58' lang='lat' dir='ltr'><strong>verius</strong></span> <span class='ocrx_word' id='word_1_942' title='bbox 2079 4826 2218 4878; x_wconf 78' lang='lat' dir='ltr'><strong>sicut</strong></span> <span class='ocrx_word' id='word_1_943' title='bbox 2260 4824 2489 4879; x_wconf 81' lang='lat' dir='ltr'><strong>somniat</strong></span> <span class='ocrx_word' id='word_1_944' title='bbox 2537 4824 2934 4878; x_wconf 69' lang='lat' dir='ltr'><strong>Buuuuiriuius.</strong></span> <span class='ocrx_word' id='word_1_945' title='bbox 2977 4822 3138 4875; x_wconf 83' lang='lat' dir='ltr'><strong>Miror</strong></span> <span class='ocrx_word' id='word_1_946' title='bbox 3188 4828 3443 4888; x_wconf 79' lang='lat' dir='ltr'><strong>quantum</strong></span> 
     </span>
    </p>
   </div>
   <div class='ocr_carea' id='block_1_120' title="bbox 1852 4891 3447 4965">
    <p class='ocr_par' dir='ltr' id='par_1_120' title="bbox 1852 4891 3447 4965">
     <span class='ocr_line' id='line_1_127' title="bbox 1852 4891 3447 4965; baseline -0.004 -17"><span class='ocrx_word' id='word_1_947' title='bbox 1852 4893 1953 4948; x_wconf 79' lang='lat' dir='ltr'><strong>liuc</strong></span> <span class='ocrx_word' id='word_1_948' title='bbox 2002 4895 2120 4948; x_wconf 73' lang='lat' dir='ltr'><strong>loro</strong></span> <span class='ocrx_word' id='word_1_949' title='bbox 2163 4899 2501 4965; x_wconf 79' lang='lat' dir='ltr'><strong>exagitentur</strong></span> <span class='ocrx_word' id='word_1_950' title='bbox 2548 4894 2846 4965; x_wconf 78' lang='lat' dir='ltr'><strong>Acailiulici</strong></span> <span class='ocrx_word' id='word_1_951' title='bbox 2899 4893 2995 4945; x_wconf 83' lang='lat' dir='ltr'><strong>:lii</strong></span> <span class='ocrx_word' id='word_1_952' title='bbox 3026 4893 3169 4947; x_wconf 86' lang='lat' dir='ltr'><strong>enim</strong></span> <span class='ocrx_word' id='word_1_953' title='bbox 3219 4891 3290 4965; x_wconf 85' lang='lat' dir='ltr'><strong>iiiI</strong></span> <span class='ocrx_word' id='word_1_954' title='bbox 3338 4905 3447 4965; x_wconf 78' lang='lat' dir='ltr'><strong>non</strong></span> 
     </span>
    </p>
   </div>
   <div class='ocr_carea' id='block_1_121' title="bbox 1854 4958 3444 5035">
    <p class='ocr_par' dir='ltr' id='par_1_121' title="bbox 1854 4958 3444 5035">
     <span class='ocr_line' id='line_1_128' title="bbox 1854 4958 3444 5035; baseline -0.003 -17"><span class='ocrx_word' id='word_1_955' title='bbox 1854 4977 2069 5019; x_wconf 85' lang='lat' dir='ltr'><strong>moveut</strong></span> <span class='ocrx_word' id='word_1_956' title='bbox 2097 4976 2152 5019; x_wconf 90' lang='lat' dir='ltr'><strong>iit</strong></span> <span class='ocrx_word' id='word_1_957' title='bbox 2167 4958 2449 5021; x_wconf 68' lang='lat' dir='ltr'><strong>eliuiiueut</strong></span> <span class='ocrx_word' id='word_1_958' title='bbox 2468 4966 2571 5020; x_wconf 87' lang='lat' dir='ltr'><strong>vim</strong></span> <span class='ocrx_word' id='word_1_959' title='bbox 2590 4966 2747 5035; x_wconf 82' lang='lat' dir='ltr'><strong>hujus</strong></span> <span class='ocrx_word' id='word_1_960' title='bbox 2778 4964 3106 5035; x_wconf 74' lang='lat' dir='ltr'><strong>Lactaiitiaui</strong></span> <span class='ocrx_word' id='word_1_961' title='bbox 3132 4958 3444 5035; x_wconf 71' lang='lat' dir='ltr'><strong>testimonii,</strong></span> 
     </span>
    </p>
   </div>
   <div class='ocr_carea' id='block_1_122' title="bbox 1852 5032 3441 5107">
    <p class='ocr_par' dir='ltr' id='par_1_122' title="bbox 1852 5032 3441 5107">
     <span class='ocr_line' id='line_1_129' title="bbox 1852 5032 3441 5107; baseline -0.001 -21"><span class='ocrx_word' id='word_1_962' title='bbox 1852 5035 1994 5105; x_wconf 85' lang='lat' dir='ltr'><strong>quod</strong></span> <span class='ocrx_word' id='word_1_963' title='bbox 2025 5037 2247 5107; x_wconf 90' lang='lat' dir='ltr'><strong>multum</strong></span> <span class='ocrx_word' id='word_1_964' title='bbox 2284 5035 2409 5091; x_wconf 87' lang='lat' dir='ltr'><strong>facit</strong></span> <span class='ocrx_word' id='word_1_965' title='bbox 2438 5038 2487 5091; x_wconf 92' lang='lat' dir='ltr'><strong>iu</strong></span> <span class='ocrx_word' id='word_1_966' title='bbox 2516 5032 2742 5107; x_wconf 79' lang='lat' dir='ltr'><strong>gratiam</strong></span> <span class='ocrx_word' id='word_1_967' title='bbox 2771 5034 3211 5107; x_wconf 84' lang='lat' dir='ltr'><strong>Orthodoxoruiii</strong></span> <span class='ocrx_word' id='word_1_968' title='bbox 3245 5032 3441 5107; x_wconf 71' lang='lat' dir='ltr'><strong>rituum</strong></span> 
     </span>
    </p>
   </div>
   <div class='ocr_carea' id='block_1_123' title="bbox 1855 5102 3448 5171">
    <p class='ocr_par' dir='ltr' id='par_1_123' title="bbox 1855 5102 3448 5171">
     <span class='ocr_line' id='line_1_130' title="bbox 1855 5102 3448 5171; baseline -0.004 -11"><span class='ocrx_word' id='word_1_969' title='bbox 1855 5102 2109 5161; x_wconf 62' lang='lat' dir='ltr'><strong>Ecclesiae</strong></span> <span class='ocrx_word' id='word_1_970' title='bbox 2149 5106 2446 5163; x_wconf 68' lang='lat' dir='ltr'><strong>catholica).</strong></span> <span class='ocrx_word' id='word_1_971' title='bbox 2496 5102 2642 5163; x_wconf 68' lang='lat' dir='ltr'><strong>Istud</strong></span> <span class='ocrx_word' id='word_1_972' title='bbox 2690 5107 2833 5161; x_wconf 86' lang='lat' dir='ltr'><strong>enim</strong></span> <span class='ocrx_word' id='word_1_973' title='bbox 2884 5104 3185 5159; x_wconf 88' lang='lat' dir='ltr'><strong>immortale</strong></span> <span class='ocrx_word' id='word_1_974' title='bbox 3232 5102 3448 5171; x_wconf 85' lang='lat' dir='ltr'><strong>signum</strong></span> 
     </span>
    </p>
   </div>
   <div class='ocr_carea' id='block_1_124' title="bbox 1853 5171 3451 5240">
    <p class='ocr_par' dir='ltr' id='par_1_124' title="bbox 1853 5171 3451 5240">
     <span class='ocr_line' id='line_1_131' title="bbox 1853 5171 3451 5240; baseline -0.002 -9"><span class='ocrx_word' id='word_1_975' title='bbox 1853 5180 1918 5232; x_wconf 90' lang='lat' dir='ltr'><strong>ad</strong></span> <span class='ocrx_word' id='word_1_976' title='bbox 1955 5176 2227 5233; x_wconf 83' lang='lat' dir='ltr'><strong>Chrismm</strong></span> <span class='ocrx_word' id='word_1_977' title='bbox 2273 5179 2445 5233; x_wconf 90' lang='lat' dir='ltr'><strong>solum</strong></span> <span class='ocrx_word' id='word_1_978' title='bbox 2494 5182 2662 5233; x_wconf 89' lang='lat' dir='ltr'><strong>refert</strong></span> <span class='ocrx_word' id='word_1_979' title='bbox 2703 5178 3105 5231; x_wconf 86' lang='lat' dir='ltr'><strong>Buiiemauuus.</strong></span> <span class='ocrx_word' id='word_1_980' title='bbox 3156 5171 3262 5229; x_wconf 88' lang='lat' dir='ltr'><strong>Sed</strong></span> <span class='ocrx_word' id='word_1_981' title='bbox 3307 5173 3451 5240; x_wconf 83' lang='lat' dir='ltr'><strong>legat</strong></span> 
     </span>
    </p>
   </div>
   <div class='ocr_carea' id='block_1_125' title="bbox 1852 5246 3450 5320">
    <p class='ocr_par' dir='ltr' id='par_1_125' title="bbox 1852 5246 3450 5320">
     <span class='ocr_line' id='line_1_132' title="bbox 1852 5246 3450 5320; baseline -0.003 -17"><span class='ocrx_word' id='word_1_982' title='bbox 1852 5249 1966 5320; x_wconf 74' lang='lat' dir='ltr'><strong>ipse</strong></span> <span class='ocrx_word' id='word_1_983' title='bbox 2000 5252 2212 5314; x_wconf 90' lang='lat' dir='ltr'><strong>locum;</strong></span> <span class='ocrx_word' id='word_1_984' title='bbox 2244 5250 2383 5320; x_wconf 82' lang='lat' dir='ltr'><strong>legat</strong></span> <span class='ocrx_word' id='word_1_985' title='bbox 2426 5259 2631 5306; x_wconf 91' lang='lat' dir='ltr'><strong>attente</strong></span> <span class='ocrx_word' id='word_1_986' title='bbox 2676 5258 2733 5304; x_wconf 88' lang='lat' dir='ltr'><strong>et</strong></span> <span class='ocrx_word' id='word_1_987' title='bbox 2776 5246 2982 5320; x_wconf 73' lang='lat' dir='ltr'><strong>videbit</strong></span> <span class='ocrx_word' id='word_1_988' title='bbox 3006 5259 3132 5320; x_wconf 69' lang='lat' dir='ltr'><strong>non</strong></span> <span class='ocrx_word' id='word_1_989' title='bbox 3179 5253 3383 5297; x_wconf 87' lang='lat' dir='ltr'><strong>tantum</strong></span> <span class='ocrx_word' id='word_1_990' title='bbox 3402 5259 3450 5320; x_wconf 88' lang='lat' dir='ltr'><strong>_a</strong></span> 
     </span>
    </p>
   </div>
   <div class='ocr_carea' id='block_1_126' title="bbox 1853 5314 3450 5396">
    <p class='ocr_par' dir='ltr' id='par_1_126' title="bbox 1853 5314 3450 5396">
     <span class='ocr_line' id='line_1_133' title="bbox 1853 5314 3450 5396; baseline -0.005 -21"><span class='ocrx_word' id='word_1_991' title='bbox 1853 5314 2085 5396; x_wconf 70' lang='lat' dir='ltr'><strong>Christo</strong></span> <span class='ocrx_word' id='word_1_992' title='bbox 2112 5335 2209 5391; x_wconf 89' lang='lat' dir='ltr'><strong>per</strong></span> <span class='ocrx_word' id='word_1_993' title='bbox 2238 5314 2545 5396; x_wconf 66' lang='lat' dir='ltr'><strong>inipOsitnin</strong></span> <span class='ocrx_word' id='word_1_994' title='bbox 2582 5319 2848 5375; x_wconf 87' lang='lat' dir='ltr'><strong>frontibus</strong></span> <span class='ocrx_word' id='word_1_995' title='bbox 2892 5314 3324 5396; x_wconf 67' lang='lat' dir='ltr'><strong>Christianorum</strong></span> <span class='ocrx_word' id='word_1_996' title='bbox 3370 5315 3450 5368; x_wconf 85' lang='lat' dir='ltr'><strong>si-</strong></span> 
     </span>
    </p>
   </div>
   <div class='ocr_carea' id='block_1_127' title="bbox 1891 5391 3452 5461">
    <p class='ocr_par' dir='ltr' id='par_1_127' title="bbox 1891 5391 3452 5461">
     <span class='ocr_line' id='line_1_134' title="bbox 1891 5391 3452 5461; baseline -0.005 -14"><span class='ocrx_word' id='word_1_997' title='bbox 1891 5409 2016 5447; x_wconf 89' lang='lat' dir='ltr'><strong>num</strong></span> <span class='ocrx_word' id='word_1_998' title='bbox 2062 5392 2273 5461; x_wconf 73' lang='lat' dir='ltr'><strong>fugatos</strong></span> <span class='ocrx_word' id='word_1_999' title='bbox 2302 5406 2424 5447; x_wconf 90' lang='lat' dir='ltr'><strong>esse</strong></span> <span class='ocrx_word' id='word_1_1000' title='bbox 2447 5391 2756 5455; x_wconf 68' lang='lat' dir='ltr'><strong>daimoues;</strong></span> <span class='ocrx_word' id='word_1_1001' title='bbox 2779 5403 2961 5461; x_wconf 76' lang='lat' dir='ltr'><strong>verum</strong></span> <span class='ocrx_word' id='word_1_1002' title='bbox 2986 5391 3151 5461; x_wconf 75' lang='lat' dir='ltr'><strong>etiam</strong></span> <span class='ocrx_word' id='word_1_1003' title='bbox 3177 5391 3452 5461; x_wconf 79' lang='lat' dir='ltr'><strong>ministros</strong></span> 
     </span>
    </p>
   </div>
   <div class='ocr_carea' id='block_1_128' title="bbox 1854 5408 3455 5534">
    <p class='ocr_par' dir='ltr' id='par_1_128' title="bbox 1854 5408 3455 5534">
     <span class='ocr_line' id='line_1_135' title="bbox 1891 5408 3452 5460; baseline -0.005 -13"><span class='ocrx_word' id='word_1_1004' title='bbox 1891 5409 2016 5447; x_wconf 88' lang='lat' dir='ltr'><strong>tium</strong></span> <span class='ocrx_word' id='word_1_1005' title='bbox 2062 5408 2273 5460; x_wconf 70' lang='lat' dir='ltr'><strong>ltlgalos</strong></span> <span class='ocrx_word' id='word_1_1006' title='bbox 2302 5408 2424 5447; x_wconf 89' lang='lat' dir='ltr'><strong>esse</strong></span> <span class='ocrx_word' id='word_1_1007' title='bbox 2447 5408 2756 5455; x_wconf 63' lang='lat' dir='ltr'><strong>daemones;</strong></span> <span class='ocrx_word' id='word_1_1008' title='bbox 2779 5408 2961 5441; x_wconf 80' lang='lat' dir='ltr'><strong>verum</strong></span> <span class='ocrx_word' id='word_1_1009' title='bbox 2990 5408 3151 5440; x_wconf 75' lang='lat' dir='ltr'><strong>etiam</strong></span> <span class='ocrx_word' id='word_1_1010' title='bbox 3177 5408 3452 5439; x_wconf 74' lang='lat' dir='ltr'><strong>tiiuiiatrtis</strong></span> 
     </span>
     <span class='ocr_line' id='line_1_136' title="bbox 1854 5408 3455 5534; baseline -0.006 -16"><span class='ocrx_word' id='word_1_1011' title='bbox 1854 5408 2329 5534; x_wconf 50' lang='lat' dir='ltr'><strong>lliut&#39;lctiani,uui</strong></span> <span class='ocrx_word' id='word_1_1012' title='bbox 2363 5463 2737 5534; x_wconf 79' lang='lat' dir='ltr'><strong>fortassecum</strong></span> <span class='ocrx_word' id='word_1_1013' title='bbox 2772 5455 3050 5534; x_wconf 80' lang='lat' dir='ltr'><strong>sacrificiis</strong></span> <span class='ocrx_word' id='word_1_1014' title='bbox 3095 5455 3455 5534; x_wconf 73' lang='lat' dir='ltr'><strong>assistereiit,</strong></span> 
     </span>
    </p>
   </div>
   <div class='ocr_carea' id='block_1_129' title="bbox 1857 5525 3460 5604">
    <p class='ocr_par' dir='ltr' id='par_1_129' title="bbox 1857 5525 3460 5604">
     <span class='ocr_line' id='line_1_137' title="bbox 1857 5525 3460 5604; baseline -0.001 -16"><span class='ocrx_word' id='word_1_1015' title='bbox 1857 5543 1982 5589; x_wconf 83' lang='lat' dir='ltr'><strong>tunc</strong></span> <span class='ocrx_word' id='word_1_1016' title='bbox 2008 5534 2077 5589; x_wconf 88' lang='lat' dir='ltr'><strong>ab</strong></span> <span class='ocrx_word' id='word_1_1017' title='bbox 2117 5525 2534 5604; x_wconf 45' lang='lat' dir='ltr'><strong>iis&#39;fugaliautur</strong></span> <span class='ocrx_word' id='word_1_1018' title='bbox 2574 5533 2888 5604; x_wconf 68' lang='lat' dir='ltr'><strong>daemones,</strong></span> <span class='ocrx_word' id='word_1_1019' title='bbox 2917 5525 3098 5604; x_wconf 77' lang='lat' dir='ltr'><strong>statim</strong></span> <span class='ocrx_word' id='word_1_1020' title='bbox 3144 5536 3307 5604; x_wconf 67' lang='lat' dir='ltr'><strong>atque</strong></span> <span class='ocrx_word' id='word_1_1021' title='bbox 3350 5525 3460 5604; x_wconf 56' lang='lat' dir='ltr'><strong>in):</strong></span> 
     </span>
    </p>
   </div>
   <div class='ocr_carea' id='block_1_130' title="bbox 1858 5595 3458 5678">
    <p class='ocr_par' dir='ltr' id='par_1_130' title="bbox 1858 5595 3458 5678">
     <span class='ocr_line' id='line_1_138' title="bbox 1858 5595 3458 5678; baseline -0.003 -21"><span class='ocrx_word' id='word_1_1022' title='bbox 1858 5604 2131 5677; x_wconf 85' lang='lat' dir='ltr'><strong>ponebant</strong></span> <span class='ocrx_word' id='word_1_1023' title='bbox 2176 5595 2300 5678; x_wconf 72' lang='lat' dir='ltr'><strong>ipsi:</strong></span> <span class='ocrx_word' id='word_1_1024' title='bbox 2322 5605 2355 5658; x_wconf 88' lang='lat' dir='ltr'><strong>l&#39;i</strong></span> <span class='ocrx_word' id='word_1_1025' title='bbox 2370 5606 2585 5678; x_wconf 72' lang='lat' dir='ltr'><strong>utilibus</strong></span> <span class='ocrx_word' id='word_1_1026' title='bbox 2617 5603 2727 5678; x_wconf 83' lang='lat' dir='ltr'><strong>suis</strong></span> <span class='ocrx_word' id='word_1_1027' title='bbox 2777 5595 3084 5678; x_wconf 83' lang='lat' dir='ltr'><strong>immortale</strong></span> <span class='ocrx_word' id='word_1_1028' title='bbox 3116 5595 3365 5678; x_wconf 79' lang='lat' dir='ltr'><strong>signum,</strong></span> <span class='ocrx_word' id='word_1_1029' title='bbox 3401 5597 3458 5678; x_wconf 79' lang='lat' dir='ltr'><strong>id</strong></span> 
     </span>
    </p>
   </div>
   <div class='ocr_carea' id='block_1_131' title="bbox 1858 5674 3456 5747">
    <p class='ocr_par' dir='ltr' id='par_1_131' title="bbox 1858 5674 3456 5747">
     <span class='ocr_line' id='line_1_139' title="bbox 1858 5674 3456 5747; baseline -0.006 -16"><span class='ocrx_word' id='word_1_1030' title='bbox 1858 5674 1939 5731; x_wconf 71' lang='lat' dir='ltr'><strong>eat</strong></span> <span class='ocrx_word' id='word_1_1031' title='bbox 1960 5717 1973 5732; x_wconf 94' lang='lat'><strong>.</strong></span> <span class='ocrx_word' id='word_1_1032' title='bbox 2004 5674 2214 5747; x_wconf 74' lang='lat' dir='ltr'><strong>siguuzii</strong></span> <span class='ocrx_word' id='word_1_1033' title='bbox 2262 5674 2485 5747; x_wconf 64' lang='lat' dir='ltr'><strong>Credis,</strong></span> <span class='ocrx_word' id='word_1_1034' title='bbox 2520 5674 2673 5728; x_wconf 83' lang='lat' dir='ltr'><strong>sicuti</strong></span> <span class='ocrx_word' id='word_1_1035' title='bbox 2722 5683 2786 5722; x_wconf 88' lang='lat' dir='ltr'><strong>eo</strong></span> <span class='ocrx_word' id='word_1_1036' title='bbox 2813 5677 3056 5747; x_wconf 81' lang='lat' dir='ltr'><strong>tempore</strong></span> <span class='ocrx_word' id='word_1_1037' title='bbox 3080 5680 3210 5747; x_wconf 68' lang='lat' dir='ltr'><strong>usus</strong></span> <span class='ocrx_word' id='word_1_1038' title='bbox 3238 5677 3355 5720; x_wconf 84' lang='lat' dir='ltr'><strong>erat</strong></span> <span class='ocrx_word' id='word_1_1039' title='bbox 3404 5674 3456 5721; x_wconf 91' lang='lat' dir='ltr'><strong>iu</strong></span> 
     </span>
    </p>
   </div>
   <div class='ocr_carea' id='block_1_132' title="bbox 1856 5735 3459 5813">
    <p class='ocr_par' dir='ltr' id='par_1_132' title="bbox 1856 5735 3459 5813">
     <span class='ocr_line' id='line_1_140' title="bbox 1856 5735 3459 5813; baseline -0.004 -16"><span class='ocrx_word' id='word_1_1040' title='bbox 1856 5747 2025 5801; x_wconf 70' lang='grc' dir='ltr'><strong>νυιρτί</strong></span> <span class='ocrx_word' id='word_1_1041' title='bbox 2051 5735 2325 5802; x_wconf 66' lang='grc' dir='ltr'><strong>Ἐορὶθείει.</strong></span> <span class='ocrx_word' id='word_1_1042' title='bbox 2356 5735 2490 5798; x_wconf 71' lang='lat' dir='ltr'><strong>Vide</strong></span> <span class='ocrx_word' id='word_1_1043' title='bbox 2516 5756 2636 5813; x_wconf 72' lang='lat' dir='ltr'><strong>qua:</strong></span> <span class='ocrx_word' id='word_1_1044' title='bbox 2665 5736 3044 5813; x_wconf 75' lang='lat' dir='ltr'><strong>aiinota_vii_i_i_us</strong></span> <span class='ocrx_word' id='word_1_1045' title='bbox 3071 5736 3136 5788; x_wconf 87' lang='lat' dir='ltr'><strong>ad</strong></span> <span class='ocrx_word' id='word_1_1046' title='bbox 3164 5735 3273 5813; x_wconf 66' lang='lat' dir='ltr'><strong>hoc</strong></span> <span class='ocrx_word' id='word_1_1047' title='bbox 3296 5746 3459 5813; x_wconf 79' lang='lat' dir='ltr'><strong>caput</strong></span> 
     </span>
    </p>
   </div>
   <div class='ocr_carea' id='block_1_133' title="bbox 1858 5804 3463 5881">
    <p class='ocr_par' dir='ltr' id='par_1_133' title="bbox 1858 5804 3463 5881">
     <span class='ocr_line' id='line_1_141' title="bbox 1858 5804 3463 5881; baseline -0.007 -8"><span class='ocrx_word' id='word_1_1048' title='bbox 1858 5820 1925 5873; x_wconf 89' lang='lat' dir='ltr'><strong>de</strong></span> <span class='ocrx_word' id='word_1_1049' title='bbox 1950 5817 2106 5874; x_wconf 84' lang='lat' dir='ltr'><strong>Mort.</strong></span> <span class='ocrx_word' id='word_1_1050' title='bbox 2137 5817 2414 5875; x_wconf 75' lang='lat' dir='ltr'><strong>Persecut.</strong></span> <span class='ocrx_word' id='word_1_1051' title='bbox 2451 5823 2507 5869; x_wconf 89' lang='lat' dir='ltr'><strong>et</strong></span> <span class='ocrx_word' id='word_1_1052' title='bbox 2533 5804 2598 5869; x_wconf 71' lang='lat' dir='ltr'><strong>ad</strong></span> <span class='ocrx_word' id='word_1_1053' title='bbox 2627 5807 2897 5881; x_wconf 77' lang='lat' dir='ltr'><strong>caput27,</strong></span> <span class='ocrx_word' id='word_1_1054' title='bbox 2930 5804 3047 5862; x_wconf 89' lang='lat' dir='ltr'><strong>libri</strong></span> <span class='ocrx_word' id='word_1_1055' title='bbox 3077 5821 3129 5862; x_wconf 89' lang='lat' dir='ltr'><strong>iv</strong></span> <span class='ocrx_word' id='word_1_1056' title='bbox 3162 5806 3336 5864; x_wconf 78' lang='lat' dir='ltr'><strong>Diviu.</strong></span> <span class='ocrx_word' id='word_1_1057' title='bbox 3364 5804 3463 5862; x_wconf 86' lang='lat' dir='ltr'><strong>lii-</strong></span> 
     </span>
    </p>
   </div>
   <div class='ocr_carea' id='block_1_134' title="bbox 1856 5890 1969 5947">
    <p class='ocr_par' dir='ltr' id='par_1_134' title="bbox 1856 5890 1969 5947">
     <span class='ocr_line' id='line_1_142' title="bbox 1856 5890 1969 5947; baseline -0.044 0"><span class='ocrx_word' id='word_1_1058' title='bbox 1856 5890 1969 5947; x_wconf 72' lang='grc' dir='ltr'><strong>διὶι.</strong></span> 
     </span>
    </p>
   </div>
  </div>
