3950 6368
104 320 238 381 215
1287 318 1495 376 LIBER
1534 319 1622 375 DE
1653 317 1862 376 MORT.
1908 319 2286 379 PERSECUT.
3357 322 3465 379 ΞΗ

107 432 257 488 dem
278 433 473 503 ﬂexus
487 443 572 491 est
594 435 911 504 lmperator,
941 431 1443 489 utaccommodaret
1463 445 1762 486 assensum:
1794 436 1844 495 Α
1871 433 2023 488 ritur.
2052 435 2156 504 Ipsi
2182 450 2313 490 vero
2341 436 2391 489 in
2420 436 2654 506 speculis
2684 436 2780 510 (in
2827 437 2940 492 alto
2987 437 3129 492 enim
3175 439 3469 494 constituta

108 527 222 581 sed
259 528 415 584 deos
446 528 788 598 potissimum
802 529 1082 583 consulere
1107 524 1581 594 statuit,misitque
1602 538 1757 579 arus-
1866 525 2104 581 Ecclesia
2136 543 2199 582 ex
2231 527 2429 599 palatio
2456 526 2756 601 videbatur)
2784 529 2873 585 diu
2919 528 3060 586 inter
3090 544 3147 583 se
3175 539 3464 585 concerta-

107 619 321 689 picem
382 619 449 674 ad
503 619 807 690 Apollinem
884 612 1166 673 Milesium.
1220 615 1514 687 Respondit
1565 617 1655 672 ille
1703 624 1761 672 ut
1865 621 2023 685 bant,
2058 626 2234 673 utrum
2282 623 2459 688 ignem
2508 622 2683 690 potius
2732 621 2962 693 supponi
2995 630 3287 690 oporteret.
3324 619 3466 675 Vicit:

111 712 349 768 divinae
404 713 683 782 religionis
744 712 1007 767 inimicus.
1062 708 1358 764 Tt-aductus
1389 719 1470 764 est
1520 708 1760 780 itaquea
1863 712 2130 767 sententia
2182 711 2586 778 Diocletianus,
2619 727 2823 767 cavens
2870 729 2935 767 ne
2986 729 3181 785 magno
3213 713 3465 767 incendio

112 805 455 874 proposito.
492 804 558 859 Et
598 804 848 876 quoniam
881 817 980 857 nec
1008 803 1215 870 amicis,
1258 817 1354 855 nec
1392 802 1612 866 Ctesari,
1659 816 1759 858 nec
1862 801 2041 865 facto,
2075 818 2202 873 pars
2248 803 2426 871 aliqua
2474 805 2704 859 civitatis
2735 806 2966 860 arderet.
3015 805 3146 860 Nam
3194 806 3373 860 multae
3400 819 3465 861 ac

116 899 393 969 Apollini
423 906 634 969 poterat
664 899 932 961 reluctari,
963 895 1100 950 hanc
1122 896 1543 951 moderationem
1576 905 1759 951 tenere
1863 912 2072 973 magna:
2117 896 2311 951 domus
2342 898 2408 953 ab
2440 899 2583 952 onmi
2618 908 2769 967 parte
2817 900 3126 971 cingebant.
3163 899 3470 955 Veniebant

116 1005 384 1049 conatus
413 1002 517 1061 est,
554 1002 613 1048 ut
643 1007 762 1048 eam
792 1006 903 1046 rem
926 989 1043 1044 sine
1070 991 1328 1059 sanguine
1360 990 1576 1059 transigi
1601 988 1758 1058 jube-
1861 988 2022 1057 igitur
2047 987 2369 1043 Praetoriani
2401 990 2515 1044 acie
2547 998 2778 1055 structa,
2807 1006 2927 1046 cum
2957 992 3232 1047 securibus
3259 1003 3311 1046 et
3341 992 3464 1049 aliis

120 1095 261 1152 ret,
300 1102 435 1141 cum
465 1085 652 1140 Cmsar
680 1085 833 1139 vivos
874 1083 1101 1137 cremari
1148 1082 1305 1138 vellet
1332 1124 1346 1149 ,
1378 1082 1467 1154 qui
1496 1081 1757 1137 sacrificio
1861 1078 2244 1144 ferramentis;
2276 1088 2331 1137 et
2360 1080 2584 1135 immissi
2615 1082 2882 1152 undique,
2907 1081 3092 1139 fanum
3122 1083 3252 1138 illud
3272 1082 3466 1142 editis-

120 1186 571 1251 repugnassent.
1857 1175 2053 1230 simum
2088 1175 2280 1247 paucis
2310 1175 2455 1232 horis
2480 1176 2598 1232 solo
2624 1176 2993 1248 adaequarunt.

2583 1310 2717 1368 XIII.

1928 1448 2192 1505 Postridie
2221 1449 2555 1521 propositum
2599 1458 2685 1506 est
2729 1449 2996 1518 edictum,
3031 1463 3140 1527 quo
3166 1449 3457 1511 cavebatur

1857 1555 1911 1598 ut
1946 1544 2240 1613 Religionis
2267 1544 2413 1599 illius
2442 1544 2689 1600 homines
2714 1555 2963 1601 carerent
2984 1546 3130 1601 omni
3159 1544 3367 1600 honore
3393 1558 3459 1605 ac

842 1265 960 1321 XII.

203 1362 519 1434 Inquiritur
565 1359 883 1434 peragenda!
924 1359 1002 1415 rei
1032 1358 1146 1414 dies
1173 1368 1359 1432 aptus,
1402 1368 1457 1413 et
1485 1356 1641 1423 felix;
1691 1372 1755 1413 ac

128 1457 494 1525 potissimum
525 1453 851 1509 Terminalia
879 1451 1209 1523 deliguntur,
1236 1467 1355 1521 quae
1383 1458 1507 1504 sunt
1539 1450 1603 1505 ad
1632 1466 1755 1520 scp-

131 1556 342 1604 timum
369 1547 628 1604 kalendas
668 1544 907 1612 Martias,
941 1554 996 1598 ttt
1025 1544 1175 1615 quasi
1217 1545 1476 1600 terminus
1513 1544 1755 1614 impone-

134 1651 302 1697 retur
335 1640 463 1695 huic
488 1638 753 1710 religioni.

409 1755 497 1805 Ille
519 1755 626 1817 dies
648 1755 831 1816 primus
852 1752 994 1815 letbi,
1020 1754 1302 1817 primusque
1325 1750 1561 1801 malorum

409 1817 561 1869 Causa
582 1816 687 1881 fuit,

133 2026 266 2067 cum
321 2011 622 2081 illuxisset,
652 2011 934 2081 agentibus
983 2010 1333 2064 Consulatum
1385 2006 1603 2063 senibus
1633 2023 1747 2061 am-

130 2104 318 2159 bobus
352 2113 600 2159 octavum
633 2113 685 2158 et
716 2105 1004 2174 septimum
1032 2143 1046 2167 ,
1100 2114 1322 2172 repente
1369 2100 1543 2155 adhuc
1588 2099 1746 2154 dubia

129 2194 257 2250 luce
283 2193 355 2249 ad
386 2194 683 2249 Ecclesiam
717 2193 1007 2248 Prtefectus
1033 2204 1154 2247 cum
1183 2191 1410 2246 ducibus
1432 2233 1446 2255 ,
1472 2198 1526 2246 et
1554 2189 1749 2245 Tribu-

131 2289 223 2343 nis
270 2298 329 2343 et
355 2287 711 2343 rationalibus
743 2289 927 2349 venit;
959 2296 1014 2342 et
1040 2287 1268 2341 revulsis
1299 2284 1501 2340 foribus
1528 2326 1541 2349 ,
1574 2284 1744 2337 simu-

134 2381 344 2436 lacrum
372 2382 463 2437 Dei
486 2383 763 2452 qttceritur.
789 2381 1083 2451 Scriptum
1106 2392 1333 2450 reperta:
1354 2382 1737 2451 incenduntur,

129 2472 296 2529 datur
323 2475 579 2529 omnibus
625 2473 825 2544 praeda.
856 2473 1104 2544 Rapitur,
1136 2474 1469 2543 trepidatur,
1529 2475 1741 2531 discur-

1854 1641 2112 1712 dignitate
2134 1682 2147 1706 ,
2181 1642 2463 1695 tormentis
2515 1639 2745 1711 subjecu
2777 1648 2992 1706 essent,
3023 1654 3089 1695 ex
3118 1652 3463 1711 quocumque

1853 1735 2043 1790 ordine
2069 1744 2159 1791 aut
2183 1735 2351 1807 gradu
2382 1735 2660 1803 venirent,
2693 1734 2956 1817 adversus
2985 1750 3079 1791 eos
3109 1736 3285 1791 omnis
3314 1735 3461 1793 actio

1786 1829 1836 1891 B
1862 1831 2090 1895 caleret;
2139 1830 2238 1899 ipsi
2268 1846 2370 1883 non
2418 1829 2485 1883 dc
2518 1828 2747 1899 injuria,
2781 1844 2888 1885 non
2917 1828 2986 1891 de
3012 1828 3277 1887 adulterio
3297 1869 3313 1895 ,
3345 1844 3460 1885 non

136 1933 268 1991 qua:
311 1929 370 1974 et
412 1919 570 1989 ipsis,
602 1929 652 1974 et
681 1918 795 1973 orbi
829 1926 1093 1973 terrarum
1127 1914 1461 1970 acciderunt.
1495 1914 1594 1983 Qui
1626 1913 1743 1970 dies
1798 1910 1803 1919 ’

1851 1921 1919 1976 de
1948 1920 2108 1975 rebus
2140 1921 2332 1975 ablatis
2362 1935 2523 1991 agere
2553 1930 2778 1993 possent
2804 1962 2819 1987 ,
2880 1920 3188 1977 libertatem
3221 1919 3461 1992 denique

1851 2028 1914 2067 ac
1944 2028 2128 2067 vocem
2160 2028 2265 2066 non
2299 2011 2583 2066 haberent.
2616 2011 2771 2079 Quod
2800 2010 3033 2069 ediCtum
3064 2010 3278 2084 quidam
3302 2054 3316 2079 ,
3348 2012 3456 2068 etsi

1851 2119 1961 2159 non
1990 2115 2162 2166 recte,
2198 2120 2390 2174 inagna
2417 2112 2593 2158 tamen
2624 2105 2803 2159 animo
2832 2105 3055 2174 diripuit
3085 2115 3136 2165 et
3165 2104 3451 2173 conscidit,

1851 2211 1972 2249 cum
2004 2195 2231 2250 irridens
2262 2195 2499 2262 diceret,
2537 2196 2789 2265 victorias
2819 2195 3119 2253 Gothorum
3151 2206 3204 2251 et
3234 2196 3453 2255 Sarma-

1851 2298 2023 2343 tarum
2058 2289 2377 2361 propositas,
2430 2290 2729 2359 Statimque
2770 2290 3096 2359 productus.
3130 2306 3235 2345 tton
3287 2290 3451 2347 modo

1846 2393 2089 2439 extortus
2111 2426 2125 2449 ,
2157 2384 2252 2438 sed
2282 2384 2443 2437 etiam
2477 2384 2713 2459 legitime
2740 2395 2963 2463 coctus,
2999 2399 3121 2443 cum
3146 2383 3454 2443 admirabili

1845 2477 2098 2545 patientia
2128 2486 2402 2547 postremo
2432 2487 2657 2532 exustus
2687 2485 2789 2533 est.

1537 2589 1895 2650 VARIORUM
1928 2591 2161 2648 ΝΟΤᾹΞ.

200 2688 224 2742 1
230 2698 519 2758 inperator.
533 2757 539 2758 γ
557 2687 936 2758 Diocletianus.

199 2750 492 2815 Milesium.
522 2757 657 2819 Vide
683 2774 845 2827 supra
876 2750 968 2825 lib.
1000 2770 1054 2811 tv
1073 2770 1194 2827 cap.
1229 2756 1295 2815 15
1314 2764 1369 2813 ct
1399 2755 1601 2817 Euseb.
1626 2757 1661 2812 l.
1696 2772 1736 2815 tt

122 2830 264 2885 Ilist.
298 2829 645 2886 Constantini
677 2844 795 2899 cap.
828 2828 878 2883 I.

193 2901 398 2957 Caesar.
432 2901 701 2957 Galerius.

198 2972 541 3028 Terminalia.
569 2972 689 3027 Dies
712 2971 879 3033 festus
896 2978 1015 3024 erat
1040 2968 1297 3029 Romanis
1323 2968 1393 3023 ob
1414 2970 1573 3025 deum
1607 2971 1737 3027 Ter-

122 3046 356 3109 minum,
388 3045 469 3099 De
487 3043 742 3103 Termino
771 3042 875 3098 deo
905 3041 1024 3096 vide
1052 3041 1297 3106 Lactant,
1325 3041 1417 3098 lih.
1451 3058 1467 3095 ι
1499 3041 1733 3099 lnstitut.

122 3099 244 3185 cap.
276 3099 371 3171 ‘26.
407 3099 634 3171 Florum
662 3115 789 3170 hist.
820 3114 914 3169 lib.
948 3129 986 3176 ι.
1017 3129 1134 3183 cap.
1170 3115 1222 3169 7.
1254 3099 1504 3171 Ciceren.
1538 3116 1630 3169 lib.
1660 3132 1733 3182 vt,
1764 3099 1809 3162 C

125 3186 300 3256 Epist.
333 3187 403 3242 ad
433 3186 599 3242 Attic.
631 3187 804 3241 initio.

196 3258 534 3330 Deliguntur.
560 3257 682 3323 Μέθη
710 3256 1057 3330 Deleguntur;
1080 3255 1237 3330 male.

198 3329 278 3383 Ad
307 3325 588 3397 septimum
638 3325 882 3383 knlendds
925 3328 1161 3381 Martias.
1202 3325 1257 3381 [tl
1288 3336 1394 3391 est,
1426 3326 1497 3379 23
1522 3328 1609 3381 dic
1640 3329 1738 3383 Fe-

126 3400 331 3456 bruarii
378 3418 474 3455 an.
503 3400 703 3455 Christi
731 3402 860 3455 505.
890 3398 1025 3454 Vide
1053 3398 1477 3459 Tilletnontium,
1515 3410 1645 3454 tom.
1678 3402 1734 3455 4.

128 3472 332 3527 llister.
386 3471 778 3542 Imperatorem
830 3470 982 3542 artic.
1044 3470 1213 3542 lOLet
1243 3469 1485 3542 ejusdem
1522 3470 1737 3542 μῖμον.

129 3538 531 3607 Εευὶθείειειὶό..
554 3542 917 3613 tont.v,artic.
949 3541 1004 3607 8,
1033 3538 1228 3597 ctNot.
1253 3541 1305 3609 '1,
1332 3557 1447 3613 pug.
1475 3541 1601 3605 598,
1630 3542 1734 3599 col.

129 3629 191 3680 II,
223 3630 323 3669 nec
356 3631 467 3669 non
504 3613 703 3669 Baluzii
734 3611 945 3667 Notam.

203 3684 271 3740 Ut
320 3686 476 3754 quasi
507 3686 751 3738 terminus
780 3685 1125 3751 imponeretur
1150 3682 1265 3737 huic
1290 3681 1541 3752 religioni.
1584 3684 1735 3752 Quis,

132 3755 304 3826 inquit
333 3756 644 3819 Bauldrius,
671 3773 788 3810 cum
827 3766 1033 3809 auctore
1055 3756 1324 3808 terminum
1344 3755 1619 3826 imponere,
1645 3774 1738 3826 pro

134 3827 281 3894 ﬁnem
310 3831 598 3898 imponere,
630 3826 933 3898 usurpavit?
954 3826 1059 3883 Sed
1084 3826 1286 3898 Aitetum
1332 3827 1381 3880 in
1427 3825 1525 3880 hac
1556 3825 1737 3895 phrasi

132 3896 441 3967 agnoscitur
495 3896 840 3960 Lactantius;
892 3896 959 3952 ita
1007 3896 1152 3955 enim
1204 3897 1417 3952 inventio
1450 3900 1499 3950 in
1549 3899 1642 3952 lib.
1686 3914 1740 3954 tv

137 3967 282 4027 lnst..
323 3986 373 4024 c.
409 3971 481 4025 19
516 3988 529 4021 :
562 3968 629 4023 Et
658 3970 772 4022 ideo
816 3969 1016 4039 Sibylla
1061 3968 1416 4038 impositurum
1462 3985 1565 4022 esse
1590 3973 1739 4025 morti

138 4042 407 4095 terminum
433 4042 567 4095 dixit
594 4050 707 4110 post
730 4040 885 4095 tridui
908 4038 1159 4094 Somnum.
1188 4038 1303 4110 l’ari
1326 4041 1484 4093 modo
1507 4042 1736 4110 simplici

136 4124 264 4183 usus
283 4124 360 4166 est
396 4109 635 4183 Apulei..
663 4113 755 4167 lih.
773 4127 825 4165 tv
854 4111 1066 4165 Metam.
1091 4128 1103 4164 :
1127 4110 1189 4163 Et
1208 4109 1293 4183 ille
1313 4111 1513 4181 quidem
1529 4109 1741 4183 dignum

136 4182 406 4239 virtutibus
432 4182 543 4238 suis
583 4183 695 4237 vita!
717 4183 983 4239 terminum
1013 4182 1200 4251 posuit.
1260 4182 1544 4251 Eutropius
1592 4182 1627 4236 l.
1665 4200 1737 4252 tv,

138 4267 187 4325 c.
214 4255 300 4319 Η,
328 4272 383 4310 n.
412 4256 447 4311 6
475 4273 489 4308 :
517 4254 759 4325 Bellaque
779 4254 1048 4325 terminum
1071 4252 1256 4323 posuit.
1286 4254 1349 4308 Et
1370 4254 1519 4308 Lact.
1546 4255 1740 4309 iterum

142 4323 231 4397 lib.
259 4341 354 4390 vn,
385 4341 506 4395 cap.
533 4327 588 4391 2,
620 4323 753 4382 dixit
786 4344 800 4380 :
826 4324 894 4381 Ut
916 4326 1165 4397 injustam
1188 4325 1281 4377 Itoc
1308 4324 1622 4378 swculunt...
1642 4337 1739 4379 ler-

142 4394 334 4451 minum
353 4394 546 4461 suniat,
590 4413 687 4465 pro
709 4398 863 4463 ﬁnem
888 4394 1076 4450 sumat.
1106 4395 1195 4449 Sic
1224 4398 1508 4449 terminum
1541 4397 1740 4451 habere

147 4465 237 4520 lih.
269 4485 361 4535 vn,
391 4485 444 4525 c.
474 4470 509 4525 5
535 4478 663 4524 etc.
690 4469 779 4531 ω.
812 4468 943 4522 Beat.

222 4539 534 4595 Ecclesium.
576 4540 892 4595 Nicomedia:
932 4538 1136 4593 scilicet
1183 4556 1196 4590 :

159 4611 313 4665 stiani
342 4614 516 4668 tndem
544 4613 707 4666 rebus
729 4615 897 4666 sacris
922 4611 1242 4666 destinatam
1270 4610 1551 4664 vocabant.
1571 4610 1741 4663 --Ad

166 4677 461 4737 Ecclesium.
512 4682 706 4738 Edem
770 4681 1043 4737 christiani
1088 4690 1418 4742 conventus.
1480 4682 1739 4749 templum

162 4749 503 4808 rhristianum
528 4757 578 4806 in
606 4754 736 4807 urbe
762 4752 1084 4808 Nicomedia.
1116 4755 1288 4819 Atque
1308 4750 1379 4805 ita
1404 4765 1508 4805 non
1534 4762 1739 4806 tantum

152 4818 445 4891 Scriptores
457 4826 733 4881 christiani
767 4824 978 4879 illorum
1003 4818 1326 4891 temporum,
1346 4824 1440 4877 sed
1459 4823 1557 4886 ipsi
1574 4824 1737 4877 etiam

152 4889 214 4965 de
235 4892 554 4951 Christianis
577 4894 789 4965 profani
809 4898 911 4949 hoc
925 4889 1187 4949 vocabulo
1210 4903 1451 4948 utuntur.
1467 4894 1738 4961 Zeaintus,

153 4959 244 5042 lib:
271 4981 326 5042 tr,
352 4983 471 5036 cap.
502 4959 593 5042 ‘2‘;
622 4968 970 5042 λάθραμιοὶνυν
995 4967 1151 5042 φλόγα
1194 4974 1258 5042 τῇ
1281 4967 1537 5042 inlusio;
1560 4959 1741 5028 remos

153 5030 513 5103 ἐμϐαλόντεξ...
540 5040 630 5098 ἦτε
654 5030 754 5110 νόίρ
778 5030 1102 5095 ΕΚΚΔΗΜᾸ
1126 5030 1641 5163 nummi-prandeat.

824 5128 831 5135 ο
1477 5125 1596 5163 ELL.

824 5128 831 5135 '
1430 5125 1596 5164 ωειι.

223 5174 526 5252 Praefectus.
559 5180 651 5236 Sic
681 5181 861 5249 legere
904 5182 1166 5252 cogimttr.
1202 5181 1256 5234 lu
1291 5194 1394 5234 ms.
1426 5191 1508 5234 est
1539 5183 1739 5252 proles:

159 5258 271 5309 sua,
300 5250 448 5306 nullo
475 5267 676 5315 sensu;
704 5248 827 5307 cum
861 5253 946 5306 illa
975 5248 1120 5306 enim
1149 5266 1286 5307 voce
1308 5251 1440 5304 nihil
1463 5262 1565 5316 est,
1597 5248 1741 5321 quod

159 5322 454 5392 conveniat.
486 5324 868 5379 Bunemannus
897 5339 1028 5378 vero
1053 5323 1184 5392 legit
1218 5321 1507 5391 prolectus.

226 5384 571 5463 Simulacrum
597 5394 693 5448 Dei
718 5397 983 5463 quaeritur.
1012 5402 1052 5448 Α
1093 5384 1335 5463 paganis,
1364 5395 1454 5462 qui
1484 5394 1744 5462 putabant

163 5461 346 5535 leutpla
375 5479 480 5535 non
508 5481 671 5535 posse
694 5461 814 5520 sine
839 5461 1143 5520 simulacris
1169 5461 1313 5520 esse.
1348 5461 1527 5530 LactL,
1556 5465 1650 5519 lib.
1681 5480 1742 5532 ιι,

163 5540 275 5597 cap.
301 5532 337 5585 2
355 5575 369 5597 ,
395 5532 748 5592 Suuiucnuu
773 5536 869 5589 Dst
894 5553 992 5589 non
1023 5536 1151 5589 illud
1171 5546 1264 5590 est.

207 5599 517 5679 _Scripturaz_
540 5618 754 5677 reperta
771 5607 1133 5679 incenduntur.
1161 5607 1287 5661 lnde
1311 5617 1491 5661 ortum
1526 5616 1612 5662 est
1640 5616 1748 5661 tra-

170 5667 379 5745 ditarum
424 5667 743 5734 vocabulum
789 5678 885 5740 iis,
916 5679 1005 5745 qui
1050 5692 1329 5744 [laetiorum
1376 5687 1518 5732 metu
1566 5694 1746 5735 sacras

169 5735 463 5819 Scripturas
498 5749 769 5819 judieibus
800 5735 1167 5814 imperialibus
1196 5749 1546 5803 tradiderant.

239 5812 369 5881 lpti.
398 5812 759 5876 Diocletianus
788 5826 842 5873 et
870 5812 1137 5873 Galerius.

1244 4538 1322 4591 sic
1370 4538 1528 4608 vulgo
1583 4538 1785 4592 (Ἀπί-1

1916 2688 2199 2759 Oporterct.
2254 2686 2443 2752 Adde,
2486 2703 2643 2759 quam
2688 2688 2829 2743 dirui
2856 2731 2871 2751 ,
2906 2697 2965 2743 ut
3007 2701 3203 2745 sensus
3251 2686 3454 2743 clarior

1843 2763 1956 2815 liat.
2916 2786 2923 2795 ι
3356 2762 3363 2771 ’

1914 2831 2125 2889 Fanum
2147 2832 2281 2887 illud
2302 2831 2660 2887 editissimum.
2708 2831 2765 2886 In
2811 2846 2917 2886 ms.
2958 2839 3044 2887 est
3068 2842 3235 2886 nmen
3257 2873 3273 2896 ,
3300 2829 3449 2901 quod

1842 2906 2044 2959 nullutn
2076 2919 2296 2959 sensum
2351 2915 2587 2971 praestat.
2622 2904 2753 2957 Cum
2782 2902 3005 2958 doctiss.
3037 2903 3249 2966 Tollio,
3282 2902 3450 2956 l‘aulo

1844 2975 2059 3030 Bauldri
2079 3017 2094 3042 ,
2128 2975 2387 3042 aliisque,
2417 2990 2516 3045 pro
2544 2986 2730 3041 tamen,
2758 2972 3026 3045 substitue
3051 2972 3281 3038 Fanum,
3300 2973 3447 3043 quod

1841 3048 1923 3103 tot
1947 3047 2246 3101 litterarum
2280 3042 2482 3099 tractus
2513 3044 2697 3101 habet.
2749 3042 2956 3099 Fanum
2985 3044 3055 3100 de
3083 3044 3284 3112 templo
3305 3042 3448 3107 ,seu

1843 3119 2033 3185 majori
2054 3118 2282 3173 ecclesia
2306 3118 2505 3172 dictum
2527 3119 2779 3173 observat
2806 3116 2858 3170 in
2881 3116 3034 3171 Notis
3059 3114 3258 3171 Paulus
3283 3115 3448 3170 Baul-

1842 3190 1922 3243 dri
1955 3206 2065 3243 sua:
2097 3188 2347 3243 editionis
2367 3230 2381 3254 ,
2410 3204 2570 3258 quem
2600 3188 2722 3243 vide
2754 3187 2915 3258 infra.

1915 3262 2166 3315 Adversus
2194 3276 2276 3313 eos
2298 3262 2459 3313 omnis
2480 3261 2612 3315 actio
2635 3260 2838 3313 coleret.
2874 3257 2946 3313 Ita
2967 3265 3280 3314 constanter
3306 3272 3441 3313 mss.

1840 3346 1949 3385 non
1982 3332 2186 3385 valeret.
2222 3329 2319 3385 Hic
2348 3330 2532 3385 coleret
2559 3342 2705 3387 recte
2727 3330 2895 3385 latine
2914 3328 3113 3384 dicitur
3152 3345 3183 3387 a
3210 3329 3444 3385 Lactan-

1841 3406 1949 3469 tio;
1983 3419 2087 3456 non
2120 3413 2177 3456 ut
2205 3401 2423 3471 quidam
2450 3404 2664 3467 volunt,
2721 3418 2788 3457 ex
2833 3399 3057 3457 vocibus
3085 3408 3274 3472 graecis
3315 3402 3439 3472 lati-

1840 3490 1937 3528 nas
1969 3475 2093 3528 facit
2119 3516 2133 3537 ,
2169 3484 2226 3527 ut
2250 3473 2431 3544 tephia
2452 3515 2467 3538 ,
2502 3490 2599 3543 pro
2628 3474 2879 3544 sapientia
2901 3515 2913 3537 ,
2947 3472 3040 3528 lib.
3072 3471 3163 3538 tu,
3193 3488 3313 3541 cap.
3344 3471 3435 3539 IG,

1838 3546 2111 3609 anastusis,
2143 3559 2238 3611 pro
2268 3547 2587 3609 resurrectio,
2619 3545 2711 3600 lib.
2745 3560 2842 3614 vn,
2870 3559 2991 3614 cap.
3022 3544 3124 3610 25,
3157 3544 3436 3610 antitltcus,

1840 3617 1935 3673 lib.
1967 3633 2036 3681 tt,
2070 3632 2188 3687 cap.
2224 3616 2322 3679 ll),
2354 3628 2458 3671 etc.

1915 3712 2067 3776 Quod
2095 3712 2311 3765 edictum
2339 3710 2547 3779 quidam
2576 3710 2793 3779 diripuit
2819 3718 2868 3762 et
2896 3707 3167 3762 conscidit.
3191 3708 3323 3779 Quis
3350 3705 3443 3762 ille

1840 3781 2033 3843 fuerit,
2068 3799 2173 3836 non
2202 3777 2430 3836 constat.
2471 3784 2546 3835 Ex
2591 3777 2809 3835 silentio
2857 3780 3158 3843 Lactantii,
3202 3777 3292 3844 qui
3324 3786 3438 3830 tum

1841 3853 2164 3911 Nicomedia:
2210 3866 2318 3907 erat
2346 3895 2362 3919 ,
2414 3855 2545 3906 satis
2592 3853 2748 3908 datur
2793 3851 3163 3921 intelligere,
3191 3850 3435 3919 ignotum

1842 3924 2009 3980 fuisse
2041 3941 2235 3978 nomen
2262 3924 2514 3988 hominis,
2539 3925 2661 3993 quia
2687 3922 2824 3975 haud
2848 3920 3009 3993 dubie
3029 3920 3272 3993 deplebe
3296 3929 3436 3972 erat.

1843 3998 2129 4062 l‘erperam
2158 3995 2246 4049 alii
2275 3994 2493 4057 dicunt,
2529 3990 2858 4048 nominatum
2891 3992 3056 4046 fuisse
3084 3991 3142 4046 S.
3172 3990 3435 4062 Joannem

1842 4067 2099 4139 martyrio
2130 4064 2378 4120 allectum
2429 4065 2517 4119 die
2546 4067 2775 4137 septimo
2806 4062 3020 4139 mensis
3055 4061 3386 4139 Septembris
3412 4103 3428 4127 ,

1841 4139 1931 4193 alii
1963 4126 2017 4192 ἑ.
2050 4126 2337 4207 Georgium
2372 4126 2660 4207 martyrcin
2702 4149 2914 4207 passum
2954 4134 3025 4187 25
3051 4126 3435 4207 Ανὶίιίελειιιμ

1841 4225 1909 4264 ex
1935 4201 2221 4265 Lactantio
2239 4218 2292 4263 et
2318 4201 2549 4262 Eusebio
2575 4201 2727 4261 certo
2758 4206 3056 4274 colligatur,
3090 4208 3261 4274 virum
3295 4201 3438 4256 hunc

1842 4281 2021 4336 Statim
2074 4278 2427 4350 productum,
2479 4279 2658 4333 statim
2689 4272 3169 4350 _morti’_trad_itut_u
3231 4272 3439 4339 fuisse,

1842 4345 2086 4419 adeoque
2108 4352 2381 4417 exivirasse
2407 4358 2637 4404 eseuute
2664 4347 2978 4402 Februario.
3003 4345 3086 4400 Ex
3115 4346 3373 4402 ΒΑιυῑιο.

1916 4422 2165 4493 Diripuit.
2198 4420 2592 4493 Siclegendem
2614 4462 2643 4493 ,ν
2660 4434 2775 4493 ηοηῄ
2794 4419 3043 4487 deripuit.

1914 4490 2233 4564 Propositus.
2266 4490 2355 4546 Sic
2385 4492 2480 4546 viri
2507 4490 2649 4545 docti
2675 4490 2899 4556 malunt,
2919 4505 3079 4561 quam
3104 4490 3430 4561 prtepositas,

1808 4566 1815 4597 ⁵
1840 4567 1977 4639 quod
2007 4576 2087 4619 est
2115 4566 2165 4619 in
2194 4578 2296 4619 ms.

1918 4657 2178 4710 Extat-tus.
2212 4655 2328 4721 Quo
2360 4655 2522 4709 verbo
2553 4655 2721 4710 utitur
2748 4653 2897 4717 infr.,
2930 4668 2979 4709 c.
3003 4652 3098 4708 97.

1914 4727 2155 4798 Legitime
2195 4735 2388 4782 coctus.
2418 4727 2635 4781 Scilicet
2681 4728 2842 4798 lento,
2869 4726 3025 4796 igne,
3056 4725 3198 4795 quali
3236 4737 3441 4798 carnes

1843 4792 2013 4857 assari
2043 4801 2252 4863 solent;
2286 4799 2459 4865 primo
2503 4809 2689 4853 coctus
2710 4838 2725 4863 ,
2758 4792 3171 4853 inde'exust'us.
3229 4794 3309 4849 Ea:
3334 4792 3443 4849 Coo

1842 4887 1998 4926 sane.
2037 4899 2107 4911 —
2144 4871 2247 4924 Alii
2295 4871 2527 4936 vellent,
2578 4870 2851 4923 lentissime
2892 4876 3100 4934 coctus,
3154 4875 3207 4921 ut
3260 4868 3392 4918 intra
3418 4905 3436 4932 ,

1842 4958 1962 5011 cap.
1994 4941 2094 5003 21.
2127 4942 2257 4996 datis
2287 4941 2514 5012 legibus,
2538 4951 2591 4994 ut
2620 4948 2731 5012 post
2755 4949 3004 5012 tormenta
3030 4937 3261 5012 damnati
3289 4937 3439 4988 lentis

1842 5009 2045 5086 ignibus
2071 5009 2353 5086 urerentur:
2382 5009 2650 5086 Legitimc
2675 5019 2878 5086 coctus,
2929 5010 2979 5064 id
3008 5019 3094 5086 est
3112 5049 3127 5073 ,
3160 5009 3439 5086 απιρυξικε.

1843 5076 2033 5140 Μοᾱιιδ
2062 5084 2324 5155 coquendi
2368 5076 2701 5139 Christianos
2729 5083 2891 5155 vives
2936 5078 3231 5155 explicator
3261 5076 3397 5155 infra
3423 5116 3442 5141 ,

1842 5171 1963 5225 cap.
1979 5155 2071 5210 Ἠ.
2093 5146 2289 5209 Deinde
2308 5159 2527 5210 incensa:
2549 5159 2704 5225 faces,
2728 5162 2774 5207 et
2796 5146 3028 5225 extinctte
3048 5146 3445 5225 admovebantur

1843 5221 2061 5297 singulis
2089 5226 2392 5281 membris...
2429 5221 2580 5292 Quod
2629 5234 2879 5297 postremo
2911 5221 3181 5297 accidebat
3208 5233 3327 5297 cum
3355 5226 3446 5283 per

1844 5289 2063 5354 multum
2082 5299 2219 5351 diem
2237 5289 2599 5351 decocta—omni
2629 5289 2741 5348 cute
2760 5334 2773 5356 ,
2802 5293 2877 5346 vis
2905 5292 3036 5359 ignis
3056 5289 3125 5342 ad
3144 5290 3325 5343 intima
3355 5304 3444 5357 po-

1846 5380 2109 5426 netrasset.
2144 5366 2387 5437 Legitime
2429 5376 2609 5422 autem
2655 5373 2855 5437 coetum
2895 5362 3066 5437 dixit}
3100 5362 3227 5429 quia
3271 5368 3447 5437 coctus

1845 5453 1963 5497 erat
2008 5431 2302 5510 secundum
2335 5442 2483 5510 leges
2526 5449 2658 5510 quas
2702 5431 3237 5510 Augusti‘tulcraut,
3269 5431 3444 5510 sicut,

1848 5513 1938 5567 lib.
1972 5530 2025 5577 ν,
2056 5509 2315 5573 Institut.,
2349 5501 2491 5563 (ῑῘΗ
2517 5501 2655 5573 ,lib.
2690 5520 2763 5568 VI,
2786 5502 2982 5577 cap._9,
3012 5501 3201 5557 eadem
3234 5501 3447 5556 ratione

1847 5583 1936 5638 illa
1970 5570 2075 5637 vox
2104 5570 2406 5649 usurpatur.
2443 5570 2529 5633 Eoi
2557 5578 2792 5631 BALUZIO
2817 5581 2863 5624 et
2892 5570 3189 5627 TOINARDO.

1919 5676 2050 5731 Cum
2070 5673 2359 5729 admirabili
2380 5670 2641 5743 patientia,
2658 5676 2761 5743 etc.
2777 5665 2852 5743 Die
2870 5678 2934 5717 eo
2958 5662 3181 5743 Euseb,
3208 5664 3303 5743 lib.
3330 5677 3448 5730 vni,

1851 5749 2050 5805 Hister.
2105 5746 2332 5807 Eceles.,
2380 5734 2498 5811 cap.
2548 5743 2580 5792 Pi
2614 5735 2913 5811 :ALa'titiam
2940 5749 3000 5785 ac
3029 5734 3451 5811 tranquillitatem

1853 5822 2013 5874 animi
2042 5833 2200 5891 usque
2223 5814 2288 5869 ad
2310 5805 2542 5868 ultimum
2572 5808 2805 5878 spiritum
2828 5805 3157 5860 conservavit.
