3950 6368
478 330 589 387 215

1219 439 1361 495 XIV.

558 535 666 593 Sed
691 534 877 591 Caesar
904 548 1013 590 non
1042 542 1327 590 contentus
1355 540 1440 588 est
1464 529 1626 587 edicti
1655 528 1886 601 legibus.
1913 527 2086 583 Aliter

483 630 883 686 Diocletianum
913 629 1130 700 aggredi
1162 636 1334 697 parat.
1366 624 1500 681 Nam
1531 634 1589 679 ut
1611 623 1759 678 illum
1791 622 1856 677 ad
1891 637 2088 691 propo-

485 723 651 778 situm
697 721 1089 778 crudelissima:
1120 717 1515 791 persecutionis
1546 717 1876 784 impelleret,
1908 715 2091 770 occul-

488 815 560 870 tis
590 814 848 869 ministris
881 813 1080 884 palatio
1101 812 1332 880 subjecit
1363 809 1690 865 incendium.
1720 808 1787 862 Et
1816 824 1937 862 cum
1965 824 2090 878 pars

489 909 736 979 qttzedam
764 907 1174 978 conﬂagrasset,
1204 904 1496 960 Christiani
1531 909 1912 974 arguebantur,
1946 901 2092 956 velut

487 1002 673 1058 hostes
718 1002 917 1070 publici
945 1042 960 1066 ,
1020 1009 1076 1054 et
1119 1014 1243 1053 cum
1291 998 1490 1068 ingenti
1540 997 1735 1051 invidia
1780 995 1938 1050 simul
1969 1011 2091 1050 cum

484 1094 690 1163 palatio
717 1091 1150 1147 Christianorum
1181 1105 1376 1146 nomen
1405 1089 1664 1145 ardebat:
1694 1089 1833 1148 illos.
1866 1088 2094 1144 consilio

489 1197 613 1238 cum
644 1181 910 1237 eunuchis
957 1182 1174 1246 habito,
1229 1179 1297 1236 de
1346 1179 1724 1250 extinguendis
1754 1177 2096 1248 Principibus

490 1277 782 1345 cogitasse,
805 1273 940 1329 duos
961 1273 1321 1344 Imperatores
1341 1271 1486 1327 domi
1508 1286 1623 1328 suae
1644 1285 1781 1341 pene
1805 1272 1956 1325 vivos
1974 1286 2096 1327 esse

492 1366 828 1422 combustos.
863 1365 1231 1421 Diocletianus
1263 1379 1416 1431 vero,
1435 1365 1526 1436 qui
1554 1379 1770 1435 semper
1799 1379 1858 1420 se
1886 1362 2098 1419 volebat

492 1459 667 1515 videri
711 1469 951 1516 astutum
999 1469 1054 1515 et
1101 1459 1526 1530 intelligentem,
1561 1457 1695 1512 nihil
1724 1459 1896 1528 potuit
1923 1457 2099 1528 suspi-

496 1553 610 1609 cari
644 1570 658 1606 :
688 1552 783 1608 sed
812 1553 892 1607 ira
923 1551 1309 1618 inﬂammatus,
1341 1550 1729 1607 excarniﬁcare
1757 1563 1947 1604 omnes
1972 1564 2100 1606 suos

496 1647 746 1717 pr0tinus
771 1648 954 1717 coepit.
985 1646 1222 1702 Sedehat
1248 1646 1393 1715 ipse,
1435 1654 1596 1715 atque
1635 1647 1951 1700 innocentes
1980 1645 2101 1716 igne

493 1741 759 1796 torrebat.
794 1739 925 1796 ltem
951 1739 1162 1811 judices
1191 1739 1461 1805 universi,
1493 1753 1682 1794 omnes
1710 1738 1977 1810 denique,
2009 1739 2100 1810 qui

1848 316 2037 375 FIRIII
2077 313 2441 374 LACTANTII

2118 441 2178 504 Α
2201 442 2381 486 tamen
2411 438 2600 488 auctor
2628 431 2896 503 apparuit.
2937 429 3089 488 Tunc
3139 430 3358 486 Caesar
3407 425 3604 485 medio
3642 425 3804 500 hyeme

2191 525 2522 597 profectione
2568 537 2748 598 parata
2779 528 3063 599 prorupit,
3113 527 3340 586 eodem
3389 524 3494 581 die
3541 532 3804 580 contestans

2191 617 2377 692 fugere
2402 634 2464 675 se
2482 659 2499 686 ,
2530 635 2598 676 ne
2627 621 2780 676 vivus
2806 621 3050 678 arderet.

2923 713 3044 771 XV.

2269 807 2500 862 Furebat
2546 823 2676 877 ergo
2720 807 3018 879 Imperator
3055 808 3169 878 jam
3218 819 3358 861 nou
3416 803 3478 859 in
3511 801 3801 859 domesticos

2195 908 2420 961 tantum,
2449 900 2542 954 sed
2573 900 2623 954 in
2651 915 2860 966 omnes,
2887 909 2941 955 et
2973 899 3200 970 primam
3229 895 3518 952 omnium
3552 894 3712 948 ﬁliam
3733 894 3806 946 Va.

2195 992 2403 1058 leriam,
2433 993 2821 1063 conjugemque
2847 992 3084 1048 Priscam
3113 989 3423 1048 sacriﬁcio
3449 988 3629 1060 pollui
3651 992 3808 1059 coegit.

2196 1085 2559 1142 Potentissimi
2589 1087 2856 1156 quondam
2880 1087 3112 1143 eunuchi
3141 1085 3368 1150 necati,
3408 1099 3519 1154 per
3542 1098 3682 1152 quos
3703 1084 3811 1152 pala-

2198 1182 2330 1236 tium
2362 1190 2416 1236 et
2444 1182 2558 1250 ipsc
2585 1193 2709 1236 ante
2736 1181 3044 1238 constabat.
3071 1178 3518 1249 Comprehensi
3541 1176 3808 1249 Presbyteri

2197 1289 2261 1328 ac
2312 1273 2569 1340 ministri,
2598 1283 2654 1328 et
2703 1274 2821 1330 sine
2849 1273 2956 1329 ulla
2989 1273 3332 1345 probatione
3396 1287 3472 1326 ac
3504 1269 3811 1325 confessione

2197 1365 2460 1433 damnati,
2503 1380 2625 1420 cum
2667 1366 2919 1422 omnibus
2962 1367 3075 1421 suis
3130 1364 3613 1420 deducebantur.
3663 1361 3808 1418 Omnis

2198 1473 2361 1515 sexus
2410 1468 2466 1515 et
2505 1460 2678 1514 aetatis
2723 1459 2974 1516 homines
3017 1459 3084 1514 ad
3116 1460 3511 1514 exustionern
3541 1457 3808 1526 raptiznec

2200 1549 2415 1621 singuli,
2445 1551 2696 1620 quoniam
2728 1560 2872 1606 tanta
2899 1560 3017 1606 erat
3059 1550 3398 1616 multitudo,
3439 1548 3548 1604 sed
3579 1548 3803 1619 gregatim

2199 1644 2532 1700 circumdato
2562 1644 2670 1716 igni
2717 1644 3168 1709 amburebantur;
3206 1644 3562 1703 domestici.
3623 1643 3808 1711 alligatis

2202 1739 2268 1794 ad
2294 1739 2492 1794 collum
2531 1739 2846 1807 molaribus,
2879 1740 3014 1794 mari
3041 1739 3489 1810 mergebantur.
3527 1735 3642 1792 Nec
3677 1736 3807 1790 minus

499 1844 653 1888 erant
682 1833 734 1888 in
765 1834 966 1904 palatio
994 1833 1233 1904 magistri
1256 1873 1270 1896 ,
1303 1831 1425 1887 data
1451 1841 1748 1901 potestate,
1782 1831 2104 1900 torqueban-
2131 1833 2181 1894 B
2211 1834 2261 1887 in
2291 1843 2547 1888 caeterum
2578 1833 2830 1905 populum
2872 1833 3180 1904 persecutio
3229 1831 3539 1884 violenter
3589 1826 3806 1882 incubuit.

495 1933 603 1980 tur.
638 1924 803 1980 Erant
849 1932 1164 1989 certantes,
1206 1925 1328 1994 quis
1376 1923 1525 1993 prior
1574 1922 1776 1994 aliquid
1809 1922 2100 1977 inveniret.

498 2017 640 2072 Nihil
690 2032 914 2088 usquam
965 2002 1376 2087 reperiebatur;
1424 2015 1625 2085 quippe
1673 2031 1794 2070 cuin
1846 2014 2105 2070 familiam

496 2111 731 2167 Caesaris
757 2127 918 2168 nemo
945 2120 1246 2180 torqueret.
1291 2110 1498 2166 Aderat
1547 2110 1702 2179 ipse,
1748 2121 1802 2164 et
1833 2108 2106 2177 instabat,

504 2221 603 2260 nec
650 2205 952 2274 patiebatur
984 2205 1119 2258 iram
1167 2201 1552 2258 inconsiderati
1602 2203 1749 2255 senis
1789 2202 2106 2272 deﬂagrare.

500 2297 605 2349 Sed
634 2296 943 2365 quindecim
984 2295 1177 2350 diebus
1209 2294 1506 2364 interiectis
1533 2334 1554 2361 ,
1599 2293 1741 2348 aliud
1774 2309 1988 2348 rursum
2019 2295 2103 2348 in-

501 2389 752 2445 cendium
780 2390 1001 2444 molitus
1024 2396 1128 2444 est.
1163 2388 1219 2443 ld
1245 2387 1478 2443 celerius
1504 2385 1940 2441 animadversum
1960 2427 1975 2450 ,
2004 2401 2104 2441 nec

2208 1925 2341 1980 Nam
2365 1926 2577 1995 judices
2602 1941 2697 1996 per
2717 1927 2895 1981 omnia
2928 1925 3126 1996 templa
3153 1923 3437 1996 dispersi,
3467 1921 3744 1977 universos
3762 1918 3805 1973 ad

2210 2017 2469 2074 sacriﬁcia
2493 2018 2778 2090 cogebant.
2809 2018 2959 2073 Pleni
2989 2032 3240 2073 carceres
3271 2027 3477 2073 erant.
3514 2016 3803 2070 Tormenta-

2213 2126 2332 2165 rum
2361 2126 2558 2180 genera
2581 2111 2819 2166 inaudita
2843 2110 3326 2182 excogitabantur;
3371 2120 3438 2165 et
3471 2124 3548 2165 ne
3570 2109 3654 2164 cui
3679 2118 3805 2163 teme-

2211 2219 2271 2260 re
2305 2203 2392 2272 jus
2437 2203 2730 2271 diceretur,
2761 2219 2873 2260 arte
2915 2204 2970 2259 in
3000 2204 3315 2260 secretariis
3346 2219 3424 2258 ac
3459 2218 3566 2272 pro
3597 2199 3806 2256 tribunali

2211 2301 2423 2366 positzn,
2458 2305 2516 2351 ut
2561 2297 2856 2367 litigatores
2902 2298 3049 2366 prius
3082 2296 3505 2362 sacrificarent,
3569 2305 3720 2360 atque
3757 2292 3803 2344 ita

2211 2403 2401 2444 causas
2425 2405 2550 2445 suas
2573 2389 2846 2456 dicerent;
2877 2391 2955 2446 sic
2975 2406 3107 2464 ergo
3133 2390 3200 2446 ad
3208 2390 3469 2461 judices,
3498 2401 3742 2458 tanquam
3758 2384 3801 2438 ad

1791 2483 2154 2580 vanrdnuu
2183 2521 2416 2580 nom.

502 2687 508 2694 -
575 2663 771 2721 Ccsar.
803 2664 1056 2723 Galerius
1089 2680 1105 2720 :
1137 2663 1374 2718 nondum
1401 2661 1676 2730 Augustus
1702 2667 1836 2714 erat.

575 2735 693 2792 Est.
725 2736 992 2792 Heuman.
1023 2735 1273 2790 voculam
1304 2734 1462 2788 istam
1492 2730 1774 2787 delendam
1807 2738 1978 2801 putat.

577 2808 906 2864 Incendium.
929 2808 1096 2874 Cujus
1115 2806 1278 2862 etiam
1302 2805 1546 2860 meminit
1567 2803 1849 2868 Eusebius,
1869 2801 1962 2857 lib.
1989 2816 2107 2870 vnt,

507 2879 643 2935 Hist.
681 2881 912 2946 Eccles.,
942 2893 1063 2949 cap.
1096 2879 1150 2933 6.

579 2971 857 3027 Christiani
902 2971 1270 3038 arguebantur,
1321 2967 1455 3023 velut
1502 2964 1942 3038 hostes‘pubtici,
1980 2973 2106 3038 etc.

505 3043 750 3100 Gentiles
770 3043 824 3097 in
846 3035 1029 3098 odiuwm
1050 3041 1480 3097 Christianorum
1505 3037 1613 3092 illis
1635 3035 1765 3091 falsa
1785 3035 2114 3106 attingebant

2208 2675 2324 2734 tum
2352 2663 2618 2728 generibus
2644 2663 2776 2718 nihil
2819 2662 2968 2717 aliud
2987 2703 3004 2729 ,
3035 2679 3205 2734 quam
3250 2664 3543 2718 victoriam
3603 2662 3798 2734 cogitant.

2213 2729 2398 2808 ξείνια
2575 2745 2847 2808 _certamen
2873 2750 2984 2808 esse
3003 2729 3158 2808 illud
3178 2743 3226 2788 et
3256 2752 3530 2808 pugnam.
3572 2729 3795 2794 Lactant,

2212 2800 2326 2877 lib._
2341 2819 2396 2866 ν,
2430 2803 2546 2877 Div.
2573 2805 2774 2877 lnstit.,
2803 2821 2924 2877 cap.
2959 2805 3046 2860 11.

2284 2872 2525 2929 Ca'saris.
2557 2876 2779 2932 Galerii.

2284 2944 2476 3017 {trierat
2499 2947 2627 3017 ipse.
2658 2947 2904 3002 Galerius
2931 2946 3306 3003 Maximianus.

2287 3015 2822 3090 lramginconsiderati
2843 3019 2980 3073 senis
3007 3020 3319 3090 deﬂagrare.
3354 3019 3416 3075 Id
3451 3030 3564 3086 est,
3593 3015 3792 3073 deferre-

505 3088 751 3183 c'r‘iin'in‘a:
787 3088 1171 3170 etvomnes'eis
1201 3112 1556 3183 imputabant,
1578 3088 2110 3183 quasorbiun‘iverso

2222 3088 3078 3183 aegr-eLiinnrin‘ui‘ﬂec-t'escere.
3111 3088 3267 3161 Apud
3299 3091 3532 3148 Livium
3553 3131 3570 3159 ,
3601 3090 3688 3145 lib.
3718 3101 3787 3150 ιι,

508 3177 830 3242 eveniebant
855 3185 1225 3248 calamitates,
1257 3177 1399 3253 quod
1443 3177 2049 3253 diiAsui_'(inquiebant)
2078 3193 2109 3234 a

511 3257 710 3310 nostris
759 3271 864 3310 non
914 3256 1247 3312 colerentur.
1276 3250 1485 3309 'Arnob.
1519 3251 1576 3306 S.
1609 3250 1913 3322 Cyprianus
1940 3250 2110 3322 Trac-

510 3339 622 3380 tatu
649 3328 673 3381 l
703 3368 718 3392 ,
745 3337 932 3382 contra
965 3327 1366 3380 Demetrianum
1387 3364 1402 3388 ,
1437 3335 1490 3379 et
1520 3323 1578 3378 S.
1619 3321 1950 3392 Augustinus
1969 3361 1983 3381 .
2015 3321 2111 3376 lib.

511 3415 550 3458 ι.
576 3400 644 3453 de
673 3398 833 3453 Civit.
859 3399 952 3454 Dei
981 3398 1179 3453 acriter
1209 3399 1307 3451 bac
1335 3397 1405 3450 de
1434 3411 1492 3450 re
1519 3392 1778 3449 Ethnicos
1809 3393 2113 3464 reprehen-

511 3471 647 3525 dunt
677 3489 688 3522 :
724 3471 844 3524 illos
873 3469 1095 3525 consule
1117 3511 1130 3529 ,
1164 3468 1210 3520 si
1240 3467 1406 3522 lubet.

586 3540 816 3594 Invidia.
845 3541 901 3596 ln
935 3555 1035 3594 ms.
1079 3538 1270 3604 Vidia;
1299 3538 1440 3592 male
1460 3579 1476 3603 ,
1505 3551 1600 3606 per
1629 3550 1892 3591 errorem.

584 3613 1011 3666 Christianorum.
1037 3609 1149 3665 Heu
1159 3625 1302 3664 man.
1319 3625 1384 3664 ex
1403 3608 1623 3662 Tertull.
1643 3608 1898 3679 Apolog.,
1917 3618 2038 3676 cap.
2059 3620 2115 3674 ν,

513 3684 640 3754 legit
667 3681 1014 3738 Christianum
1042 3697 1252 3754 nomen.
1285 3696 1390 3734 non
1419 3679 1579 3754 male.

586 3754 721 3809 Illos
741 3756 976 3809 consilio.
1008 3753 1132 3818 Ms.,
1165 3750 1269 3806 Illo
1291 3751 1538 3818 consilio;
1573 3750 1852 3807 mendose.

587 3843 907 3901 Combustos.
959 3845 1181 3898 Videtur
1209 3842 1401 3899 deesse
1443 3845 1667 3898 verbum
1712 3841 1990 3913 ferebatur,
2039 3837 2124 3895 vel

515 3917 800 3972 dicebatur.
832 3917 1114 3971 Αωιειον.
1273 3930 1280 3934 ’

586 3988 680 4043 Ira
701 3989 1073 4059 inﬂammatus.
1107 3985 1262 4055 Apud
1295 3983 1654 4047 Lactantium,
1688 3983 1779 4059 lib_.
1811 3999 1907 4047 vn,
1943 3981 2120 4037 Divin.

515 4055 792 4124 InstitutJ,
825 4075 945 4128 cap.
979 4060 1044 4114 17
1079 4075 1093 4113 :
1128 4060 1512 4113 larunusrus
1538 4072 1627 4111 ma
1658 4055 1821 4110 veniet
1840 4071 1957 4109 cum
1979 4070 2123 4108 exer-

513 4132 617 4187 citu
645 4149 848 4202 magno.

593 4196 976 4269 Excarniﬁcare
1003 4218 1175 4256 omnes
1196 4218 1336 4256 suos.
1371 4197 1610 4260 Aulicos,
1643 4211 1737 4269 seu
1769 4196 2120 4252 domesticos.

515 4271 640 4337 Ms.,
678 4267 1050 4343 ιδπερὶ-πίβωτὶ
1071 4313 1086 4340 ,
1130 4273 1275 4343 quod
1315 4284 1554 4342 sequens
1587 4267 1810 4325 verbum
1836 4269 1987 4341 cazpit
2016 4283 2125 4323 non

520 4349 738 4412 patitur.

590 4415 770 4478 Coepit.
833 4416 905 4469 Ita
935 4415 1143 4470 restitui
1171 4429 1238 4469 ex
1265 4428 1366 4468 ms.
1398 4412 1576 4480 Editi,
1608 4413 1873 4482 pracepit.

592 4486 812 4539 Sedebat
842 4489 972 4549 ipse.
1004 4485 1394 4540 Diocletianus.

588 4556 1087 4620 Judicesuniversi,
1147 4565 1251 4609 etc.
1306 4554 1461 4622 Apud
1527 4553 1921 4608 Diocletianum
1969 4562 2126 4608 erant

516 4630 801 4682 doinestici
837 4629 1072 4682 maximo
1107 4640 1333 4680 numero
1358 4623 1661 4677 christiani.
1695 4624 1775 4678 Ex
1804 4624 1870 4679 iis
1900 4639 2006 4678 non
2037 4640 2125 4677 so-

515 4699 628 4753 lum
661 4701 887 4770 magistri
937 4699 1149 4768 palatii;
1178 4695 1335 4770 sedet
1354 4694 1560 4770 judices
1580 4695 1803 4748 universi
1823 4695 2127 4770 torquebanf

514 4779 599 4823 tur
622 4765 764 4839 ipsi,
795 4771 918 4823 data
938 4765 1065 4822 aliis
1093 4783 1188 4822 eos
1213 4765 1489 4839 iudicandi
1521 4775 1800 4839 potestate;
1849 4767 2054 4839 quippe
2076 4765 2125 4820 si

515 4835 941 4895 eam'babebnnt
967 4840 1186 4895 Iudices
1213 4835 1228 4904 ,
1262 4838 1407 4892 nulla
1435 4850 1530 4892 eos
1551 4835 1666 4891 dari
1693 4845 2014 4906 potestatem
2035 4836 2126 4906 ju-

514 4913 728 4967 dicandi
752 4911 1050 4967 necessitas
1080 4919 1218 4965 erat.
1245 4909 1358 4963 Non
1385 4908 1561 4972 video,
1591 4923 1693 4977 qua
1725 4908 1794 4962 de
1820 4922 1981 4961 causa
2005 4924 2124 4963 inu-

516 4991 684 5038 tatuni
716 4984 785 5038 sit
834 4984 984 5048 erepit
1027 4983 1078 5036 in
1112 4981 1383 5052 praecepit,
1415 4980 1799 5052 torquebantur,
1833 4977 1886 5032 in
1917 4986 2122 5052 torque-

515 5052 635 5109 bnnt
658 5097 671 5113 .
693 5060 839 5125 quod
868 5056 1028 5125 alium
1056 5049 1284 5107 omnino
1309 5067 1526 5106 sensum
1550 5049 1798 5125 exhibet;
1821 5065 1938 5103 cum
1965 5050 2123 5125 fanti-

514 5125 637 5180 liam
667 5121 888 5181 Ciesuris
918 5124 1116 5180 Galerii
1139 5139 1287 5176 nemo
1316 5130 1587 5191 torqueret.
1623 5121 1737 5176 Huc
1762 5131 2010 5190 spectare
2037 5124 2120 5176 vi-

513 5197 711 5252 dentur
737 5214 855 5268 qum
885 5197 1067 5251 scribit
1099 5195 1409 5268 Lactantius
1430 5235 1470 5268 ,_
1493 5193 1610 5246 Div.
1636 5193 1894 5268 l_nstitut.,
1921 5193 2029 5268 Alib.
2062 5209 2118 5261 v,

513 5281 636 5336 Cap.
663 5269 734 5324 ιιι
757 5264 782 5323 ἐ
816 5270 866 5322 Μ
876 5268 1079 5321 inistros
1102 5266 1292 5337 furoris
1313 5264 1505 5337 alieni.
1537 5264 1780 5337 satellites
1807 5264 1980 5329 impiae
1999 5267 2120 5334 jus-

513 5334 672 5393 sio—nis
701 5339 973 5393 necessitas
995 5334 1136 5408 fecit.
1175 5335 1458 5408 Nonenim
1486 5335 1649 5389 honor
1675 5334 1764 5388 ille
1788 5345 1877 5389 aut
1904 5352 2118 5408 provec-

512 5409 584 5484 tio
593 5411 866 5484 dignitatis
887 5405 1054 5484 fuit...
1082 5409 1210 5476 Quis
1230 5407 1543 5484 voluminum
1563 5423 1805 5484 numerus
1824 5405 1987 5478 capiet
2015 5418 2120 5484 tam

512 5479 717 5547 inﬁnita
739 5522 754 5546 ,
785 5479 893 5535 tam
918 5481 1060 5533 varia
1088 5495 1274 5550 genera
1314 5479 1628 5534 crudelitatis
1649 5479 1675 5533 ?
1703 5492 1942 5532 accsprn
1983 5479 2118 5532 enim

513 5565 830 5623 rorssrus
851 5593 864 5612 ,
888 5567 981 5623 pro
1007 5553 1116 5606 suis
1135 5552 1360 5623 moribus
1380 5551 1592 5622 quisque
1619 5550 1780 5604 steviit
1797 5559 1950 5623 ,_etc.

590 5621 753 5678 Erunt
779 5620 1062 5688 certantes,
1103 5635 1208 5678 etc.
1256 5621 1364 5677 Pro
1393 5620 1703 5680 certabant,
1755 5620 1854 5674 vel'
1887 5620 2118 5674 certaba-

512 5703 616 5758 tur,
645 5711 747 5750 ctc.
773 5695 977 5752 Gallice
1001 5712 1014 5749 :
1050 5695 1131 5749 0n
1159 5695 1416 5748 chercltait
1436 5694 1468 5745 ὰ
1490 5693 1660 5746 l‘enoi.
1683 5689 1802 5746 Dici
1823 5707 1924 5744 non
1955 5700 2118 5758 potest

511 5777 700 5834 quanta
719 5809 733 5832 ,
767 5777 812 5821 et
839 5784 992 5836 quam
1018 5768 1194 5840 gravia
1233 5775 1598 5840 tormentorum
1635 5778 1821 5840 genera
1851 5761 2115 5840 excogita-

503 5832 672 5893 terunt
701 5832 996 5908 hujusmodi
1018 5832 1252 5912 :judices.
1276 5835 1463 5908 Itaque
1481 5838 1538 5891 in
1555 5832 1909 5906 excogitandis
1931 5847 2107 5902 paena-

2218 3158 2506 3228 deﬂagrare
2532 3161 2639 3216 iras
2666 3172 2878 3216 vestras.

2288 3227 2358 3282 Id
2379 3230 2614 3287 celerius.
2640 3232 2718 3288 lta
2746 3232 2912 3288 editio
2936 3231 3204 3290 Aboensis
3233 3241 3290 3290 et
3316 3233 3666 3299 Heumann;
3693 3228 3790 3285 reli-

2217 3315 2339 3371 quae
2370 3301 2568 3356 habent
2595 3304 2707 3358 sed.

2289 3370 2598 3438 Imperator.
2632 3374 3042 3430 Diocletianus.‘
3169 3433 3171 3435 .

2290 3441 2487 3516 Filiam
2549 3445 2824 3510 Valeriam,
2874 3448 3239 3516 conjugcmque
3285 3445 3540 3501 Priscum
3584 3441 3791 3508 sacriﬁcio

2229 3514 2399 3588 pollui
2445 3518 2627 3588 coegit.
2660 3515 2832 3572 Erant
2870 3518 3007 3588 forte
3035 3514 3378 3573 Christianae.
3419 3518 3643 3588 Valeria
3664 3520 3787 3588 nupta

2222 3595 2339 3659 erat
2361 3583 2576 3659 Galerio
2597 3588 2918 3643 Maximiano
2943 3587 3144 3644 Caesari
3169 3589 3279 3659 jam
3307 3591 3396 3646 ab.
3415 3605 3518 3645 an.
3549 3587 3670 3646 292.
3691 3583 3789 3639 Vide

2223 3653 2417 3732 Euseb.
2453 3658 2590 3732 Hist.
2620 3659 2829 3732 Eccles.
2861 3659 2954 3732 lib.
2985 3674 3102 3725 vni,
3126 3653 3246 3732 cap.
3283 3662 3334 3716 l.

2297 3727 2590 3801 Quondam,
2619 3729 2720 3785 Ms.
2747 3729 2875 3786 Cda.
2911 3727 3503 3801 Scriptura'mendosa.

2297 3800 2561 3855 Eunuchi.
2590 3802 2733 3856 Inter
2761 3816 2899 3872 quos
2924 3795 3273 3858 erat'Petrus.
3309 3802 3446 3858 Vide
3469 3799 3666 3859 Euseb.
3682 3795 3782 3853 Hist.

2224 3867 2462 3938 Eccles.,
2491 3871 2584 3928 lib.
2620 3888 2732 3940 vin,
2760 3867 2879 3943 cap.
2911 3873 2965 3927 6.

2301 3961 2564 4036 Palatium
2589 3974 2635 4018 et
2660 3965 2768 4032 ipse
2797 3974 2914 4019 ante
2942 3967 3218 4020 constabat.
3248 3966 3482 4033 Quidam
3512 3967 3686 4036 legunt
3710 3957 3782 4013 Pa

2224 4050 2352 4159 gnos
2379 4034 2639 4118 Palatium
2667 4046 2713 4088 et
2738 4037 2847 4104 ipse
2868 4046 2984 4090 ante
3008 4038 3263 4107 conﬂabat
3294 4055 3313 4091 :
3341 4039 3428 4119 alii
3460 4055 3554 4109 per
3574 4034 3688 4104 quos
3711 4045 3782 4108 pct-

2247 4116 2408 4158 attum
2434 4123 2623 4159 rexisse
2649 4117 2766 4159 ante
2815 4107 3094 4159 constabat.
3147 4108 3254 4159 Sed
3283 4110 3445 4159 lectio
3509 4125 3610 4159 ms.
3652 4114 3778 4159 maliis

2247 4107 2408 4231 auiam
2434 4108 2623 4162 rexisse
2649 4117 2766 4161 ante
2815 4107 3094 4164 constabat.
3147 4108 3254 4166 Sed
3283 4107 3470 4165 lectio
3509 4125 3610 4164 ms.
3652 4114 3778 4171 magis

2247 4192 2331 4231 Irrt
2377 4187 2448 4231 et.

2227 4190 2448 4231 ωτιαρι.

2306 4247 2363 4302 Μ
2367 4249 2556 4303 inistri.
2589 4248 2829 4304 Diaconi.

2301 4342 2429 4396 Sine
2455 4342 2566 4395 ulla
2611 4342 2905 4411 probatione
2942 4358 3002 4395 ac
3033 4344 3370 4412 confessione.
3405 4345 3462 4399 lu
3513 4360 3611 4398 ms.
3639 4346 3775 4412 est};

2231 4414 2566 4486 confessione,
2592 4405 2849 4468 mendose
2875 4431 2888 4466 :
2911 4414 3029 4486 lego
3048 4431 3110 4468 ac
3125 4405 3477 4486 confessione;
3507 4415 3558 4470 id
3578 4421 3670 4474 est,
3689 4405 3779 4464 Gal.

2151 4499 2206 4562 D
2232 4485 2354 4562 lice,
2383 4500 2729 4562 sans__aucune
2754 4500 2939 4562 preuve
2963 4484 3289 4562 de_temoins,
3321 4496 3370 4540 et
3409 4504 3531 4542 sons
3558 4487 3655 4540 ειη
3687 4492 3773 4533 con-

2229 4558 2439 4629 uaincus
2474 4555 2692 4609 d‘aucun
2725 4557 2878 4629 crime
2906 4573 3002 4629 par
3030 4556 3141 4610 leur
3167 4573 3355 4629 propre
3380 4575 3531 4613 aveat.

2301 4625 2409 4698 Sed
2437 4629 2684 4696 gregatim
2704 4619 3018 4698 circumdato
3039 4629 3145 4698 igni
3167 4619 3596 4684 'am'burebantur.
3627 4625 3701 4681 Sic
3720 4619 3775 4674 Ιε·

2225 4711 2296 4768 go
2320 4696 2438 4758 sed,
2473 4711 2570 4765 pro
2597 4708 2678 4765 et,
2725 4697 2866 4767 quod
2895 4696 3076 4753 ortum
3111 4699 3323 4753 videtur
3351 4701 3403 4755 in
3449 4717 3553 4756 Ius.
3600 4710 3682 4768 pro
3702 4698 3767 4745 ιιι-

2225 4765 2560 4841 Circumdare
2600 4765 2876 4841 et_ambire
2922 4769 3063 4824 idem
3096 4781 3195 4841 est
3225 4788 3238 4823 ε
3269 4771 3398 4841 quid
3429 4771 3529 4826 sibi
3563 4765 3665 4823 vult
3683 4773 3770 4817 cum

2225 4839 2540 4894 circumdato
2569 4839 2943 4906 ambiebantur,
2967 4839 3110 4910 quod
3141 4851 3225 4896 est
3244 4839 3302 4896 ili
3329 4841 3524 4899 editis?
3551 4841 3771 4910 Legem

2224 4909 2577 4965 burebantur:
2608 4910 2751 4979 quod
2791 4911 2958 4967 verbo
2986 4909 3322 4968 Lactantius
3349 4929 3458 4968 non
3489 4929 3592 4969 uno
3616 4913 3662 4964 in
3680 4911 3768 4979 1000

2226 4983 2412 5054 utitur,
2441 4992 2496 5036 et
2513 4975 2780 5051 praecipue
2796 4981 2892 5037 lib.
2912 4999 3003 5049 vn,
3039 4984 3157 5038 Div.
3178 4983 3378 5049 lnstit.,
3404 5000 3527 5054 cap.
3558 4984 3617 5039 17
3638 4997 3652 5035 :
3674 4975 3770 5030 Ρτο·

2222 5052 2366 5107 cedet
2408 5054 2542 5123 ignis
2587 5054 2650 5106 de
2678 5069 2766 5107 ore
2794 5055 2926 5120 ejus,
2949 5065 3101 5121 atque
3139 5070 3388 5110 manner
3416 5052 3593 5122 illum;
3616 5057 3764 5112 θιαρο

2221 5124 2323 5196 21,
2334 5125 2750 5196 perstringentur
2787 5124 2918 5196 igni,
2940 5135 3102 5196 atque
3127 5142 3512 5182 auunsnrun.

2295 5189 2380 5249 Ne
2418 5195 2504 5249 cui
2527 5189 2728 5256 te'mere,
2773 5189 2880 5250 etc.
2904 5189 3160 5268 Temere,
3185 5197 3555 5268 incogitantia,
3586 5189 3765 5268 Gallice.

2221 5283 2318 5340 par
2339 5269 2430 5340 Amé
2447 5268 2610 5331 tarde,
2638 5283 2760 5340 sons
2781 5283 2816 5336 υ
2847 5283 3045 5334 penser.
3069 5259 3155 5340 Ne
3198 5259 3339 5324 forte
3372 5259 3598 5340 alicujus
3622 5259 3740 5340 Clitis

2221 5330 2352 5391 tiani
2377 5352 2597 5393 causam
2629 5330 3244 5408 judicesimprudenter
3275 5330 3547 5404 audireni,
3568 5354 3625 5393 ac
3655 5330 3741 5408 dii“

2219 5408 2483 5484 dicarem.
2511 5402 2721 5484 Qua'de
2758 5424 2819 5464 re
2845 5402 2965 5464 vide
2994 5409 3130 5466 Acta
3158 5410 3342 5482 Crisp.
3366 5411 3509 5484 apud
3534 5402 3761 5466 Mabillon.

2219 5480 2465 5534 Analect.
2498 5489 2628 5534 tom.
2657 5479 2714 5534 3.

2289 5548 2360 5622 In
2402 5550 2704 5622 secretariis.
2751 5549 2808 5604 In
2861 5548 3040 5606 Curiis
3089 5550 3454 5622 judicialibus.
3529 5553 3761 5610 Secreta“

2217 5621 2363 5694 enim
2393 5621 2610 5694 luerunt
2637 5623 2852 5694 proprie
2880 5622 2998 5677 loca
3021 5623 3073 5676 in
3094 5621 3310 5694 quibus
3350 5624 3561 5692 judices
3596 5623 3652 5678 de
3669 5627 3758 5694 cth

2218 5692 2293 5765 sis
2321 5691 2570 5765 civilibus
2591 5732 2604 5755 ,
2636 5685 2719 5745 vel
2739 5685 3151 5765 'criminalibus'
3175 5685 3602 5765 cognoscebant,
3643 5685 3755 5765 sede‘

2508 5763 2764 5889 ll$AgLDBL
2789 5791 2858 5802 —-
2886 5764 2959 5820 De
2977 5760 3294 5836 Sect'etariis
3315 5767 3435 5836 vide
3452 5760 3594 5822 Cod.
3611 5764 3684 5822 lib.
3703 5768 3756 5816 IlI.

2219 5841 2360 5889 ntut.
2391 5841 2481 5901 ει,
2514 5841 2548 5889 l.

3728 311 3801 365 216
3860 354 3861 370 ξ

3861 410 3863 448 i
