3950 6368
594 389 706 447 223

1947 387 2136 446 FIRMI
2172 387 2537 448 LACTANTII
3797 395 3864 448 ει

594 515 747 558 cesse
771 509 874 559 est.
908 501 1036 558 Erat
1063 509 1239 558 autem
1265 499 1592 558 Maximiano
1621 500 1809 573 (ﬁlius)
1842 501 2177 569 Maxentius,
2207 506 2263 568 Α
2356 503 2422 560 G.
2452 505 2524 560 lta
2553 505 2666 572 llet,
2715 515 2774 562 ut
2817 520 2917 578 ego
2963 523 3071 563 non
3104 509 3328 580 possim
3364 508 3561 564 facere
3586 523 3703 579 quae
3726 514 3858 565 velis.

596 593 754 665 hujus
782 595 948 665 ipsius
972 595 1274 650 Maximiani
1317 611 1505 666 gener,
1554 595 1718 650 homo
1757 595 2075 665 perniciosa:
2119 609 2184 650 ac

593 688 748 743 male
776 691 987 749 mentis.
1023 687 1162 742 adeo
1189 689 1454 757 superbus
1485 699 1540 742 et
1571 701 1881 752 contumax,
1912 698 1972 743 ut
2001 703 2178 758 neque

594 790 832 850 patrem,
890 795 1064 850 neque
1123 796 1374 837 socerum
1434 781 1627 835 solitus
1686 781 1756 836 sit
1819 781 2068 836 adorare.
2118 781 2186 836 Et

592 873 795 928 idcirco
817 875 1039 944 utrique
1071 875 1285 930 invisus
1309 874 1430 929 fuit.
1455 875 1768 930 Constantio
1804 891 2016 946 quoque
2043 874 2186 930 illius

588 977 702 1023 erat
727 965 1153 1033 Constantinus,
1207 968 1584 1022 sanctissimus
1624 967 1973 1032 adolescens,
2006 975 2064 1022 et
2093 967 2185 1022 illo

587 1059 801 1132 fastigio
847 1061 1238 1131 dignissimus,
1287 1060 1379 1131 qui
1425 1059 1618 1131 insigni
1657 1072 1711 1116 et
1754 1061 1954 1116 decoro
1999 1059 2186 1115 habitu

587 1155 857 1224 corporis,
890 1163 948 1210 et
973 1153 1238 1209 industria
1267 1153 1526 1218 militari,
1578 1165 1632 1208 et
1669 1154 1848 1222 probis
1901 1152 2140 1208 moribus
2165 1193 2182 1220 ,

589 1254 643 1301 et
667 1247 927 1301 comitate
956 1246 1236 1318 singulari,
1289 1261 1319 1300 a
1367 1246 1624 1300 militibus
1654 1257 1943 1309 amaretur,
1995 1261 2025 1299 a
2076 1245 2186 1315 pri-

588 1338 726 1392 vatis
770 1346 825 1394 et
866 1347 1164 1407 optaretur.
1197 1337 1435 1408 Eratque
1477 1349 1603 1393 tunc
1648 1351 1908 1408 priest-ns,
1937 1337 2047 1408 jam
2078 1338 2186 1408 pri-

589 1428 712 1484 dem
741 1445 769 1482 a
802 1430 1138 1485 Diocletiano
1165 1429 1341 1486 factus
1373 1431 1625 1487 tribunus
1653 1429 1857 1486 ordinis
1885 1430 2066 1502 primi.

664 1521 728 1576 D.
759 1522 896 1590 Quid
927 1536 1057 1594 ergo
1083 1523 1210 1578 lict?

659 1614 726 1671 G.
758 1615 872 1678 Ille.
906 1617 1100 1686 inquit,
1132 1617 1329 1688 dignus
1359 1631 1469 1672 non
1495 1625 1597 1672 est.
1628 1615 1730 1684 Qui
1777 1615 1920 1672 enim
1960 1630 2049 1671 me
2079 1615 2189 1686 pri-

587 1717 742 1765 vatus
768 1711 1129 1781 contempsit;
1175 1709 1303 1782 quid
1334 1710 1531 1779 faciet,
1561 1724 1686 1767 cum
1713 1709 1999 1782 imperium
2027 1723 2189 1767 acce-

588 1807 724 1876 perit
737 1805 761 1859 ?

661 1899 724 1954 D.
753 1899 871 1968 Hic,
899 1916 1029 1957 vero
1053 1909 1108 1958 et
1133 1901 1381 1958 amabilis
1404 1911 1486 1957 est
1506 1943 1521 1969 ,
1569 1911 1626 1958 et
1668 1902 1739 1956 ita
1770 1901 2129 1972 imperaturus
2151 1941 2168 1969 ,

585 2002 642 2048 ut
670 2003 821 2064 patre
848 2009 947 2052 suo
977 1996 1169 2052 melior
1192 2005 1249 2054 et
1267 1997 1587 2052 clementior
1607 1996 1900 2067 iudicetur.

2287 597 2394 652 Eos
2439 599 2598 669 igitur
2647 611 2862 670 oportet
2911 604 3252 673 nuncupari,
3307 603 3413 674 qui
3461 603 3580 658 sint
3608 604 3658 657 in
3687 621 3862 675 meapt-

2286 701 2520 759 testate,
2574 693 2667 764 qui
2721 694 2981 760 tirneant,
3029 696 3122 766 qui
3171 696 3322 751 nihil
3375 695 3622 761 faciant,
3668 695 3758 752 nisi
3790 715 3863 754 ne)

2281 799 2458 855 jussu.

2359 899 2422 954 D.
2450 899 2595 969 Quos
2624 916 2755 973 ergo
2782 901 3082 958 faciemus?

2358 990 2424 1047 (ἱ.
2452 991 2736 1060 Severum,
2763 992 2952 1063 inquit.

2361 1105 2422 1159 D.
2456 1104 2682 1163 Illumne
2701 1107 3033 1172 saltatorem,
3059 1108 3472 1176 temulentum,
3509 1109 3798 1179 ebriosum,
3813 1115 3856 1166 cui

2287 1212 2394 1255 nox
2426 1214 2525 1270 pro
2549 1199 2661 1266 die,
2687 1211 2742 1257 et
2767 1199 2884 1256 dies
2911 1215 3010 1271 pro
3039 1211 3199 1256 nocte
3218 1202 3244 1254 ?

2359 1313 2427 1371 ϐ.
2476 1315 2718 1386 Dignus,
2773 1315 2985 1385 inquit,
3041 1317 3306 1386 quoniam
3361 1317 3654 1374 militibus
3708 1319 3860 1376 fidelia

2287 1409 2536 1480 praebuit,
2562 1419 2620 1466 et
2647 1424 2773 1466 eum
2800 1409 2925 1465 misi
2950 1409 3018 1465 ad
3043 1409 3455 1466 Maximianum
3483 1452 3502 1480 ,
3558 1423 3622 1469 ut
3663 1414 3731 1469 ab
3750 1429 3802 1470 eo
3821 1418 3859 1469 is-

2286 1502 2501 1559 duatur.

2359 1595 2423 1651 ι).
2454 1595 2604 1652 Esto.
2637 1594 2883 1653 Alterum
2912 1611 3074 1668 quem
3101 1595 3302 1653 dabis?

2359 1710 2427 1768 G.
2457 1709 2632 1777 Hunc,
2658 1710 2869 1782 inquit,
2913 1710 3209 1767 ostendens
3257 1711 3466 1768 Daiam
3523 1713 3858 1770 adolescentm

2288 1802 2577 1876 quemdam
2629 1801 3058 1859 semibarbarum
3083 1843 3099 1867 ,
3176 1818 3350 1874 quem
3437 1820 3650 1861 recens
3700 1807 3858 1876 jusserit

2279 1897 2657 1954 Maximianum
2701 1897 2882 1953 vocari
2946 1895 3016 1953 de
3063 1911 3165 1952 suo
3217 1899 3488 1956 nomine.
3539 1899 3664 1956 1am
3707 1911 3757 1955 et
3790 1901 3856 1970 ιβ,

2201 1984 2252 2046 Β
2281 1991 2644 2049 Diocletianus
2664 2007 2862 2049 nomen
2887 2008 2954 2049 ex
2974 2002 3128 2064 parte
3155 2001 3493 2051 mutaverat
3535 1995 3734 2052 ominis
3759 2009 3856 2050 eam

1872 2132 2236 2190 VARIORUM
2274 2130 2506 2189 NOTAE.

586 2275 1013 2340 quemadmodum
1029 2275 1211 2344 vulgus
1231 2275 1485 2328 existimat
1503 2285 1821 2328 mortuorum
1834 2274 2032 2328 animas
2045 2274 2184 2328 circa

589 2346 813 2399 tumulos
845 2357 893 2400 et
914 2362 1188 2412 corporum
1207 2362 1418 2399 suorum
1439 2346 1681 2414 reliquias
1711 2349 1964 2400 aberrare.
1991 2345 2058 2399 Et
2089 2345 2180 2401 lib.

590 2430 664 2480 vr,
691 2432 806 2486 cap.
839 2416 908 2470 ει
937 2433 948 2470 :
976 2416 1116 2472 Licet
1137 2433 1329 2472 nunc.
1366 2416 1505 2482 Nu,
1535 2426 1638 2472 nte.

661 2487 851 2542 Filius.
905 2488 1074 2544 Abest
1119 2505 1150 2542 a
1199 2503 1302 2542 ms.
1357 2500 1410 2543 et
1442 2489 1648 2543 nullum
1696 2496 1782 2542 est
1824 2488 2056 2557 spatium
2094 2504 2186 2542 va-

587 2573 770 2614 cuum.

663 2631 977 2686 Maxentius.
1011 2632 1185 2687 llomo
1213 2631 1374 2702 ferus,
1399 2630 1570 2701 inquit
1598 2629 1848 2685 Aurelius
1880 2629 2086 2696 Victor,
2135 2640 2185 2686 et

587 2702 918 2829 ici'ihlrmianus,
965 2704 1096 2758 nulli
1135 2720 1310 2768 carus,
1349 2719 1413 2757 ne
1443 2707 1595 2772 patri,
1637 2711 1727 2756 aut
1765 2718 1941 2757 socero
1978 2704 2186 2774 quidem

641 2788 822 2828 aerio.

641 2788 721 2826 ate
727 2790 822 2828 1⁸10.

665 2843 863 2916 iusius.
883 2845 960 2900 lta
992 2861 1093 2900 ms.
1118 2848 1189 2900 At
1216 2845 1382 2901 editio
1410 2845 1676 2902 Nourrisii
1706 2845 1870 2901 habet
1907 2847 2037 2916 ipse.

665 2914 844 2970 Malae.
876 2917 962 2971 Bis
986 2919 1244 2985 repetitur
1268 2918 1320 2972 in
1351 2934 1453 2974 ms.
1481 2934 1575 2986 per
1590 2933 1853 2973 errorem.

661 2988 914 3042 Adorare.
949 2989 1003 3043 ld
1026 3000 1129 3052 est,
1160 2989 1440 3050 inclinare.
1471 2990 1753 3045 incurvare
1782 3006 1842 3045 se
1873 2986 2136 3059 profunde
2165 3029 2182 3054 ,

591 3070 648 3114 ιιι
682 3059 751 3114 de
781 3061 977 3113 Davitle
1005 3069 1132 3115 ante
1159 3060 1427 3116 Jonatltan
1458 3061 1652 3130 legitur
1680 3077 1696 3116 ι
1721 3061 1881 3130 Reg.,
1931 3075 2052 3130 cap.
2086 3076 2181 3125 xx,

589 3148 642 3186 ν.
675 3133 764 3196 il,
799 3141 850 3184 et
878 3148 913 3186 ιι
945 3132 1100 3197 Reg.,
1126 3147 1248 3201 cap.
1290 3134 1382 3198 24,
1413 3149 1462 3185 v.
1494 3133 1586 3198 21,
1635 3142 1740 3188 etc.
1768 3133 1971 3187 Eodem
2017 3147 2181 3187 sensu

589 3204 749 3274 etiam
776 3218 919 3272 saepe
947 3206 1177 3258 sumitur
1205 3205 1345 3268 apud
1393 3205 1551 3259 medii
1597 3205 1700 3259 invi
1744 3206 2056 3274 scriptores.
2096 3203 2184 3274 ita

593 3273 662 3328 tle
695 3274 1022 3328 Diocletiano
1053 3276 1184 3331 dicit
1213 3275 1520 3346 Eutropius,
1553 3275 1649 3330 lib.
1684 3292 1757 3338 lx,
1792 3273 1912 3342 cap.
1937 3275 2002 3328 16
2036 3290 2049 3325 :
2082 3273 2186 3328 Re-

593 3346 690 3416 giae
715 3346 1098 3400 consuetudinis
1122 3350 1340 3416 formam
1366 3345 1575 3414 invexit,
1607 3348 1916 3416 adorarique
1937 3362 1990 3400 se
2010 3345 2186 3414 iussit,

593 3432 710 3470 cum
733 3424 847 3468 ante
866 3434 981 3470 eum
1008 3421 1176 3471 cuncti
1204 3418 1568 3473 salutarentur.

667 3485 985 3542 Constantio.
1011 3488 1082 3544 At
1109 3490 1160 3542 in
1192 3505 1320 3555 ms.,
1339 3488 1688 3545 Constantius.

670 3559 1036 3612 Sanctissimus
1102 3559 1418 3614 adolescens.
1477 3564 1551 3616 De
1588 3563 1780 3616 eodem
1832 3560 2190 3618 Constantino

603 3629 910 3683 Lactantius
943 3633 993 3702 in
1026 3631 1142 3684 libri
1176 3647 1246 3684 vu
1288 3633 1402 3687 Div.
1459 3633 1630 3687 lttstit.
1666 3633 1892 3702 Epilogo
1923 3649 2043 3702 cup.
2075 3633 2188 3690 26:

598 3713 934 3755 amarissqu
967 3699 1257 3770 Imperator
1292 3705 1642 3758 sanctissimus
1671 3699 2002 3768 adolescens,
2025 3705 2193 3772 Paga-

599 3787 803 3845 norut_n_
822 3773 1079 3845 elogium,
1104 3773 1154 3826 id
1185 3784 1287 3836 est,
1320 3776 1678 3845 integerrimus
1703 3793 1721 3841 ;
1753 3777 1820 3829 ita
1845 3773 2037 3830 Cicero
2067 3776 2194 3829 Plii-

600 3843 695 3910 lip.
743 3843 826 3897 l5.
875 3842 1224 3898 Octavianum
1279 3842 1548 3900 Cit-sarem
1605 3850 1784 3902 dixit:
1817 3847 2195 3901 sanctissimum

597 3913 986 3990 adolescentem.
1020 3915 1151 3971 Vide
1174 3927 1228 3990 et
1259 3916 1541 3990 Velleinm,
1564 3919 1670 3990 lib.
1698 3935 1754 3982 ιι,
1779 3935 1899 3990 cap.
1924 3919 2014 3974 53.

677 3983 894 4040 Decoro.
923 3986 978 4040 in
1011 4003 1136 4048 ms.,
1172 3987 1384 4042 Dacore.
1419 3989 1665 4044 Menduin
1695 3999 1798 4046 est.

670 4057 713 4110 Α
748 4060 956 4124 privatis
987 4070 1031 4112 et
1059 4070 1340 4128 optaretur.
1369 4061 1446 4115 lta
1469 4075 1574 4115 ms.
1600 4061 1735 4116 Nota
1762 4060 1850 4116 hic
1871 4060 2059 4131 Iobiler
2089 4062 2198 4132 pri-

599 4140 780 4182 vatum
812 4145 840 4184 a
871 4132 1043 4186 milite
1064 4132 1343 4199 distingui.

675 4199 899 4271 Eratque
919 4211 1039 4257 tunc
1066 4218 1309 4272 presens.
1351 4203 1618 4261 Sulnnitto
1648 4203 1820 4259 doctis
1865 4220 2038 4260 meam
2079 4203 2198 4273 opi-

602 4272 851 4336 nionem,
909 4289 1050 4328 anne
1089 4273 1356 4346 Anonymi
1405 4275 1673 4331 Valesiani
1727 4277 1885 4332 verba
1917 4277 2056 4330 ltnne
2103 4272 2199 4331 ad-

604 4347 815 4420 mitlant
843 4360 1056 4420 sensum
1093 4365 1105 4399 :
1136 4345 1398 4401 Galerium
1418 4347 1533 4416 ideo
1554 4349 1724 4419 potius
1750 4349 1995 4403 Severum
2021 4348 2201 4420 fecisse

603 4412 871 4490 Cwsurem,
915 4417 1052 4486 quod
1103 4429 1230 4472 esset
1283 4412 1522 4490 ignobilis
1554 4412 1788 4475 moribus
1827 4432 1872 4474 et
1928 4412 2196 4484 ebriosus,

602 4501 760 4560 quum
805 4485 1166 4560 Constantinus
1214 4485 1470 4560 ejusmodi
1518 4494 1638 4546 vitia
1686 4509 1788 4544 non
1833 4501 2080 4557 nosceret,
2111 4491 2202 4544 sed

2211 3168 2258 3232 C

2289 2273 2504 2328 lerinm.

2360 2343 2444 2398 Ita
2474 2346 2574 2414 ﬁet.
2612 2343 2786 2398 Verba
2819 2343 3039 2399 Galerii.

2364 2415 2560 2486 lnquit.
2596 2415 2862 2470 Galerius.

2361 2484 2606 2541 Illumne.
2640 2486 2899 2557 Loquitur
2930 2484 3320 2557 Diocletianus.

2363 2556 2749 2612 Temulentum.’
2771 2558 2896 2623 Μ»,
2926 2556 3333 2622 Tumulentum;
3359 2557 3659 2613 mendose.

2365 2629 2560 2698 Inquit.
2593 2628 2857 2685 Gali-rius.

2373 2701 2621 2755 Militibus
2652 2701 2869 2765 ﬁdeliter
2899 2699 3133 2768 prmbuit.
3169 2699 3442 2753 Nimirum
3483 2700 3780 2769 stipendia,
3801 2715 3854 2750 sr-

2293 2789 2490 2828 nonatn
2535 2773 2857 2838 militarem,
2886 2787 3046 2841 quam
3095 2771 3429 2839 prehendam
3488 2783 3693 2827 vocant
3732 2783 3853 2824 aucr-

2292 2861 2381 2900 res
2438 2845 2593 2900 varii.
2639 2841 2908 2898 CUPERUS.
2940 2841 3210 2909 Prwbuit,
3274 2844 3480 2899 melius
3533 2853 3717 2898 tamen
3766 2855 3853 2897 es:

2293 2917 2521 2988 praafuit.

2371 2983 2770 3042 Maximianum.
2799 2983 3128 3049 Herculium,
3153 2983 3389 3040 scilicet.

2367 3058 2437 3115 Ut
2464 3061 2525 3112 ab
2547 3076 2606 3113 eo
2627 3059 2892 3112 induatur.
2924 3057 3187 3128 Purpura,
3220 3071 3324 3126 qua
3359 3056 3625 3113 Caesares
3651 3056 3849 3128 insignis-

2293 3131 2509 3187 bantur.

2362 3201 2508 3258 Esto.
2535 3202 2796 3270 Loquitur
2825 3199 3217 3257 Diocletianus.

2363 3273 2560 3344 lnquit.
2583 3273 2852 3329 Galerius.

2362 3342 2564 3399 Daiam.
2625 3345 2750 3401 Sive
2800 3344 2993 3398 Dazam
3020 3385 3036 3408 ,
3087 3342 3253 3396 filium
3297 3342 3514 3397 sororis
3543 3342 3779 3399 Galerii.
3813 3344 3850 3392 (εἰ

2291 3415 2394 3472 hoc
2435 3418 2610 3488 ipsum
2664 3415 2928 3470 Galerium
2956 3415 3335 3470 Maximianum
3377 3413 3598 3469 dictum
3646 3416 3698 3470 in
3743 3413 3850 3476 ador

2293 3489 2457 3543 tione.

2367 3559 2606 3614 Iusserat
2638 3559 3015 3614 Maximianum
3043 3557 3216 3612 vocari
3261 3557 3326 3610 de
3353 3573 3451 3610 suo
3485 3559 3720 3611 nomine.
3750 3556 3849 3610 Bai:-

2294 3631 2408 3686 zins
2437 3632 2497 3686 V.
2531 3633 2590 3686 C.
2626 3632 2677 3686 in
2708 3632 2849 3686 notis
2875 3629 3140 3698 agnoscit.
3174 3629 3262 3682 hic
3288 3639 3341 3682 et
3367 3630 3484 3683 fere
3529 3645 3752 3699 semper
3776 3629 3848 3680 ait:

2295 3703 2397 3766 legi
2446 3705 2498 3757 in
2546 3703 2712 3758 veteri
2766 3703 2952 3756 codice
3008 3700 3400 3754 Maximianum.
3462 3699 3630 3755 Unde
3674 3700 3848 3767 suspiris

2296 3775 2427 3828 mihi
2450 3775 2610 3840 inest,
2647 3775 2840 3828 Dazam
2870 3789 2898 3824 a
2929 3771 3068 3844 Gal._
3083 3771 3406 3844 Maximiano
3453 3772 3528 3825 de
3556 3773 3717 3839 pleno
3740 3774 3846 3844 ipsis

2297 3849 2513 3901 nomine
2570 3855 2812 3900 vocatum
2845 3843 3008 3898 fuiSse
3043 3842 3420 3915 Mumimianum
3445 3884 3460 3907 ,
3509 3859 3624 3896 non
3669 3842 3849 3915 Μωέιξτ

2297 3934 2437 3970 num.
2493 3917 2706 3972 Etenim
2769 3917 2819 3969 in
2873 3916 3081 3970 duabus
3142 3914 3503 3968 Thermarum
3588 3914 3847 3968 Dioclem:

2295 3987 2735 4052 inscriptionibus
2765 3987 2903 4057 apud
2935 3986 3244 4048 Gruterum,
3294 4001 3347 4054 p.
3379 4000 3666 4040 cnxxxvnt
3690 4027 3706 4051 ,
3732 3986 3761 4038 ιδ.
3783 3981 3850 4034 eti

2301 4069 2421 4128 post
2457 4059 2828 4115 Constantium
2886 4069 2941 4112 et
2971 4057 3347 4112 Maximiannm
3389 4059 3585 4128 AAngg.
3625 4074 3692 4111 ac
3737 4057 3847 4128 sese

2299 4126 2418 4186 rum
2457 4132 2596 4187 Caes.
2627 4142 2944 4188 recensetur
2971 4127 3322 4183 Maximianus
3370 4126 3576 4194 Cazsar,
3632 4130 3720 4198 qui
3763 4127 3849 4180 alias

2300 4218 2421 4258 esse
2473 4204 2654 4274 nequit
2699 4217 2727 4256 a
2767 4203 2931 4256 liaza.
2983 4200 3138 4275 Adde
3179 4199 3315 4275 apud
3348 4198 3576 4275 Graecos
3613 4201 3849 4275 scriptun?

2300 4269 2902 4344 eumdem-promiscue
2949 4271 3208 4344 appellari
3254 4269 3674 4344 Maximianum.
3708 4269 3851 4343 Existij

2303 4349 2562 4402 maverim
2595 4341 2796 4416 itaque,
2819 4347 3070 4416 quoniam
3094 4343 3204 4416 jam
3236 4341 3344 4416 duo
3386 4353 3550 4395 erant
3600 4341 3850 4416 Maximini

2305 4416 2610 4488 (Herculius
2651 4414 2706 4472 et
2735 4414 2994 4487 Galenus)
3041 4414 3444 4488 apud__vulgtt_tn
3478 4415 3792 4488 obtinuisse.
3821 4418 3852 4486 si

2303 4483 2632 4544 discriminis
2681 4505 2830 4558 ergo,
2868 4483 3004 4542 Daza
3046 4501 3151 4540 non
3182 4483 3574 4552 Maximianus,
3607 4487 3707 4541 sed
3736 4483 3854 4538 itm

604 4557 752 4624 longe
783 4557 846 4609 ab
872 4558 932 4611 iis
957 4570 1115 4623 esset,
1143 4557 1387 4628 tanquam
1425 4563 1777 4616 sanctissimus
1806 4563 2100 4616 adolescens
2153 4571 2200 4617 et
2224 4564 2278 4624 D
2303 4562 2473 4614 minus
2497 4557 2784 4616 diceretur.
2810 4560 3068 4614 TOINARD.

606 4629 803 4704 probis
838 4630 1081 4704 moribus.
1118 4631 1441 4704 _Subjiciam
1493 4636 1605 4704 ipsa
1659 4634 1912 4704 anony_mi
1983 4633 2195 4688 verba:

605 4697 897 4771 (Galerius)
925 4717 1089 4753 annos
1111 4697 1374 4770 imperavit
1405 4697 1526 4757 xui:
1553 4703 1774 4759 Severus
1803 4697 1974 4758 Caesar
2001 4704 2202 4771 ignobi-

605 4769 670 4823 lis
697 4782 752 4824 et
798 4771 1022 4825 moribus
1042 4782 1105 4842 et
1134 4769 1408 4839 natalibus,
1439 4775 1626 4838 ebrius,
1651 4786 1705 4830 et
1734 4775 1795 4829 ob
1826 4776 1919 4827 hoc
1951 4769 2202 4842 (ebrieta-

607 4848 712 4896 tem
745 4841 996 4916 maxitne)
1026 4840 1468 4916 Gulerioumicus.
1501 4844 1654 4916 Hunc
1697 4862 1817 4916 ergo
1860 4857 1908 4898 et
1953 4845 2201 4899 Maximi-

605 4928 730 4966 num
785 4911 1022 4966 Galerius
1071 4915 1295 4970 Ctesares
1345 4918 1489 4988 fecit,
1545 4911 1880 4971 Constantino
1919 4917 2050 4970 nihil
2099 4916 2203 4971 tale

607 4995 875 5058 noscente;
906 4997 958 5058 et
1009 5001 1130 5039 mox
1163 4990 1405 5050 sequitur
1443 4988 1512 5044 de
1555 4988 1773 5043 Galerio
1809 4989 1948 5057 apud
1981 4992 2204 5058 Anony-

604 5070 765 5132 mum_
789 5075 801 5132 ς
830 5055 1066 5132 Galerius
1095 5059 1168 5111 sic
1196 5059 1423 5132 ebriosus
1451 5060 1565 5129 fuit,
1593 5072 1646 5115 ut
1659 5055 1859 5132 juberet
1877 5055 2200 5128 temulentus,

605 5137 711 5201 etc.
745 5126 800 5180 ld
829 5129 972 5182 enim
1003 5145 1158 5182 nemo
1190 5129 1346 5186 facile
1377 5126 1609 5201 negabit,
1643 5126 1806 5195 nosse,
1841 5148 2069 5196 noscere,
2116 5126 2205 5200 pc-

607 5197 917 5274 ritumcsse,
946 5214 1048 5253 non
1079 5216 1204 5254 raro
1233 5201 1300 5256 de
1327 5197 1471 5257 vitiis
1511 5203 1653 5266 dici;
1713 5213 1872 5274 atque
1905 5203 2027 5257 hinc
2058 5197 2206 5271 prin-

607 5282 735 5348 ceps
765 5270 942 5325 Nurrii
973 5284 1358 5348 argumentum
1383 5289 1486 5329 noo
1517 5275 1696 5330 minus
1726 5270 2012 5340 incertum,
2041 5270 2203 5344 quam

608 5347 724 5414 ipse
742 5348 1070 5414 Anonymns
1091 5360 1298 5400 auctor.
1331 5347 1609 5400 Bessum.

680 5409 1023 5487 Diocletiano.
1061 5414 1126 5469 Et
1153 5417 1231 5471 sic
1280 5416 1443 5473 habet
1469 5421 1895 5487 tuanuscriptus,
1948 5433 2056 5474 non
2097 5416 2205 5472 De-

607 5481 1132 5562 ciano:extondatur
1163 5489 1499 5556 membrana,
1533 5505 1634 5545 ms.
1661 5481 1781 5562 quia
1805 5489 1894 5547 bic
1913 5492 2207 5546 constricta
2243 5483 2246 5486 ’

608 5565 709 5607 est.
745 5566 797 5607 et
831 5556 1053 5621 legatur.

682 5626 820 5701 Quid
843 5645 968 5701 "ergo
1001 5632 1100 5696 ,‘iel.
1135 5630 1397 5700 Loquitur
1429 5633 1814 5689 Diocletianus.

681 5694 800 5750 Ille.
837 5694 1053 5754 Scilicet
1079 5694 1398 5758 Maxentius.

679 5766 874 5837 lnquit.
896 5769 1163 5827 Galerius.

681 5838 874 5909 Dignus
905 5860 1005 5896 non
1034 5841 1126 5898 est'.
1166 5845 1241 5900 De
1271 5845 1542 5903 Maxentio
1573 5847 1791 5903 dicitur.

676 5910 796 5966 Hic.
829 5910 1232 5979 Constantinus.
1262 5917 1439 5977 Verba
1485 5930 1612 5979 sunt
1640 5919 1955 5979 Diocletiani
1985 5923 2053 5981 ad
2103 5918 2212 5977 Ga-

2379 4631 2724 4686 Diocletianns
2744 4647 2927 4684 nomen
2956 4646 3019 4684 ea:
3048 4639 3193 4698 parte
3213 4637 3500 4681 mutaverat
3523 4629 3714 4682 ominis
3732 4639 3853 4682 eam

2301 4713 2408 4758 etc.
2435 4703 2739 4758 'l‘oinat'dus
2769 4704 3052 4771 legendum
3083 4711 3267 4754 censet
3287 4715 3489 4772 nomen
3512 4716 3580 4753 ea:
3607 4704 3764 4771 fratre
3786 4712 3855 4772 ﬁtf-

2303 4785 2552 4841 tuavcrat,
2575 4775 2758 4829 ominis
2780 4768 2958 4828 causa.
2990 4777 3071 4827 An
3099 4772 3241 4827 enim
3275 4769 3500 4842 (inquit)
3527 4768 3784 4845 quispiam

2302 4845 2506 4900 cendns
2533 4839 2610 4901 est
2653 4846 2880 4913 alicujus
2912 4860 3105 4899 nomen
3156 4859 3218 4896 ex
3245 4839 3391 4906 parte
3421 4839 3767 4914 Anmtizrgz‘qui
3789 4839 3852 4914 alii

2304 4917 2445 4987 quod
2479 4918 2742 4985 integrum
2768 4912 2843 4970 illi
2875 4916 3092 4979 adjicit,
3128 4914 3284 4982 quale
3307 4925 3389 4967 est
3418 4912 3568 4987 istud
3600 4912 3851 4967 Maximini

2306 4985 2616 5056 impositum
2645 4989 2862 5042 Galerio
2888 5003 2982 5056 per
3025 4986 3414 5040 Diocletianum
3445 4986 3470 5036 ?
3518 4985 3852 5056 Mutuus-crat!

2305 5052 2584 5114 Lactantio
2615 5060 2700 5114 hic
2731 5052 3074 5128 usurpatum,
3135 5072 3231 5126 pro
3277 5065 3544 5128 mutuatus
3600 5059 3777 5128 fuerat.
3804 5052 3855 5128 Si;

2304 5133 2448 5186 enim
2481 5131 2619 5200 apud
2672 5125 3001 5185 l’riscia'num
3035 5125 3147 5182 lib.’
3180 5143 3335 5200 ιιιιι,Δ
3363 5125 3433 5200 de
3479 5125 3650 5200 verbo
3703 5126 3856 5200 Mclsfl

2309 5191 2714 5266 Meton-Mutuo
2743 5211 2789 5256 et
2815 5201 3028 5254 Mutuor
3053 5216 3072 5263 ;
3099 5211 3154 5255 et
3198 5197 3339 5266 apud
3386 5197 3620 5252 Nonium
3660 5212 3767 5265 cap.
3801 5191 3855 5246 l7.

2309 5290 2364 5328 ιι.
2395 5274 2481 5329 48.
2515 5273 2583 5330 Ut
2613 5288 2741 5329 vero
2767 5273 3120 5327 correctionis
3171 5270 3322 5324 isnus
3382 5270 3523 5322 ratio
3555 5270 3855 5340 intelligatur.

2309 5347 2589 5400 scienduut
2619 5355 2701 5400 est
2726 5385 2741 5410 ,
2774 5345 3150 5398 Mzuimianuni
3194 5341 3504 5394 llel‘Cllllllm
3538 5341 3703 5394 fuisse
3728 5359 3752 5391 a
3777 5337 3857 5389 Dio-

2309 5418 2542 5473 cletiano
2573 5418 2792 5472 fratrem
2818 5415 3185 5484 :Ippell.ttutlt.
3217 5413 3429 5482 imperii
3464 5428 3664 5484 netnpc
3692 5420 3858 5484 constit-

2311 5491 2404 5543 tio.
2439 5488 2703 5544 TOINABD.
2731 5516 2802 5528 —
2823 5477 2908 5540 Ea}
2931 5495 3078 5556 parte
3107 5477 3407 5556 mutaverat.
3461 5483 3577 5536 Hoc
3601 5477 3721 5546 est,
3749 5477 3859 5556 Gal?

2310 5560 2702 5628 rinmjusserat
2731 5570 2888 5612 vetus
2930 5550 3240 5628 pra‘nomcn
3279 5554 3552 5628 abjicerc,
3602 5564 3652 5607 et
3695 5550 3857 5618 posthac

2312 5626 2577 5686 nominari
2634 5630 3011 5685 Maximianum
3071 5627 3354 5682 Galerium.
3410 5626 3484 5679 Ita
3518 5641 3628 5679 non
3659 5641 3718 5678 cx
3757 5630 3856 5678 toto,

2313 5704 2408 5759 scil
2439 5720 2502 5756 cx
2539 5713 2686 5771 parte
2718 5719 2913 5756 nomen
2965 5701 3080 5768 ojns
3140 5707 3458 5771 mutaverat.
3494 5696 3552 5752 Si
3590 5699 3702 5751 Ιηυο
3743 5695 3857 5748 inter-

2317 5769 2549 5842 pretatio
2575 5774 2625 5826 in
2657 5783 2892 5828 mentem
2922 5769 3195 5842 'l‘oinartlo
3242 5769 3516 5842 venisset,
3575 5785 3680 5821 non
3707 5772 3857 5819 tantum

2315 5839 2513 5900 frustra
2545 5846 2846 5899 laborasset
2874 5885 2886 5904 ,
2939 5854 2997 5896 ut
3028 5841 3281 5915 probaret
3311 5839 3617 5915 legendum“
3635 5853 3742 5915 esse
3761 5878 3772 5894 .
3796 5848 3857 5884 αδ·

2315 5934 2429 5973 men
2455 5932 2516 5973 ea:
2540 5920 2702 5978 fratre
2731 5909 3066 5972 mntaaverat.
3103 5913 3541 5970 Haunaauus—
3576 5909 3758 5966 Οηιὶηᾱο
3777 5919 3856 5961 (δι’
