3950 6368
15 260 150 321 ΞΞΒ
1256 267 1458 328 LIBER
1491 269 1579 328 DE
1612 267 1822 329 MOBT.
1865 270 2245 332 PERSECUT.
3270 283 3377 344 226

19 383 172 455 quia
256 385 638 445 Maximianus
722 386 880 445 [idem
940 400 1145 442 summa
1213 386 1473 459 religione
1536 387 2136 460 prae-Allaximianus
2164 392 2278 463 ipse
2310 406 2600 465 purpuram
2623 402 3046 466 sumpserat;et
3074 397 3146 455 ibi
3171 400 3376 457 colum-

22 476 264 534 Stabat.
1778 494 1846 536 na
1876 479 2052 537 fuerat
2078 491 2259 537 erecta
2290 496 2414 538 cum
2437 484 2586 542 lovis
2635 487 2807 558 signo.
2840 489 2919 544 Eo
2941 490 3198 562 pergitur.
3230 492 3377 548 Con-

111 567 189 623 D.
223 568 380 637 Quis
399 580 487 627 est
511 570 628 640 hic,
657 587 815 643 quem
845 569 975 626 mihi
1003 568 1212 626 offers?
1776 570 1864 627 cio
1892 572 2119 626 militum
2148 584 2493 631 convocatur.
2537 575 2712 648 lnquit
2737 594 2906 636 senex
2933 596 3056 637 cum
3082 582 3336 656 lacrymis
3356 623 3371 651 ,

116 660 195 719 G.
229 661 403 721 Meus
428 707 444 733 ,
476 665 685 737 inquit,
712 664 906 721 allinis.
1778 664 2070 736 alloquitur
2092 666 2291 721 milites
2321 683 2336 720 :
2368 680 2428 722 se
2455 668 2748 726 invalidum
2778 687 2899 729 esse
2920 713 2935 740 ,
2969 676 3207 745 requiem
3249 686 3373 746 post

116 758 191 813 D.
245 757 328 814 At
373 759 466 816 ille
513 759 884 831 gemebundus
925 776 939 812 :
984 756 1101 813 Non
1153 756 1376 813 idoneos
1422 755 1673 814 homines
1776 757 1991 814 labores
2021 767 2240 828 petere,
2273 759 2556 829 imperium
2579 762 2931 821 validioribus
2972 766 3376 835 tradere,alios

28 852 186 910 mihi
218 853 339 909 das
360 894 376 919 ,
402 854 602 923 quibus
629 852 791 910 tutela
817 851 1144 922 Reipublicae
1180 850 1439 907 committi
1480 850 1671 921 possit.
1779 848 2023 907 Caesares
2051 850 2368 922 subrogare.
2411 851 2629 909 Summa
2657 855 2896 912 omnium
2927 862 3228 929 expectatio
3247 862 3375 933 quid

113 949 195 1008 G.
220 950 471 1007 Probovi
498 965 594 1006 eos
614 991 629 1017 ,
660 949 850 1019 inquit.
1778 943 2018 999 aﬂ'erret.
2047 943 2200 998 Tunc
2228 952 2452 1013 repente
2498 947 2807 1014 pronuntiat
2829 947 3086 1006 Severum
3113 962 3169 1008 et
3203 952 3375 1009 Maxi-

116 1042 194 1100 D.
253 1042 351 1099 Tu
383 1042 582 1099 videris
607 1083 622 1109 ,
650 1042 738 1114 qui
781 1040 1023 1112 regimen
1064 1039 1277 1110 imperii
1329 1047 1677 1109 suscepturus
1780 1036 1983 1092 mitium
2029 1034 2293 1091 Caesares.
2335 1035 2720 1107 Obstupeftunt
2772 1055 2963 1097 omnes
3009 1042 3064 1097 in
3090 1044 3369 1101 tribunali.

35 1152 130 1195 es.
169 1138 302 1209 Ego
335 1136 472 1193 satis
505 1136 777 1201 laboravi,
822 1144 875 1189 et
924 1133 1135 1204 providi
1183 1132 1634 1204 quemadmodum
1659 1172 1674 1195 ,
1778 1126 2162 1184 Constantinus
2185 1128 2393 1183 astabat
2419 1144 2608 1186 susum
2633 1147 2647 1184 :
2672 1131 2923 1188 haesitare
2941 1133 3083 1189 inter
3128 1151 3218 1205 se,
3247 1154 3374 1194 num

38 1244 140 1287 me
170 1230 529 1302 imperante,
574 1228 895 1299 Respublica
936 1234 1103 1281 staret
1128 1224 1432 1281 incolumis.
1464 1223 1520 1280 Si
1548 1222 1677 1295 quid
1779 1223 2112 1280 Constantini
2143 1224 2479 1278 immutatum
2532 1240 2728 1280 nomen
2768 1236 2949 1293 esset,
3009 1243 3131 1283 cum
3160 1229 3215 1284 in
3244 1245 3376 1288 con-

41 1323 370 1379 accesserit
394 1321 613 1378 adversi
637 1361 654 1388 ,
679 1334 797 1375 mea
826 1319 978 1387 culpa
1007 1333 1111 1375 non
1136 1320 1259 1374 erit.
1776 1324 1967 1386 spectu
1991 1315 2233 1370 omnium
2245 1314 2598 1371 Maximianus
2626 1330 2842 1370 manum
2866 1326 3162 1374 retrorsum
3188 1332 3376 1378 exten-

791 1410 937 1467 XIX.
1773 1407 1910 1463 dens
1934 1448 1949 1473 ,
1979 1407 2243 1479 pretraxit
2268 1423 2298 1461 a
2319 1418 2472 1477 tergo
2505 1408 2686 1464 Daiatn
2714 1450 2730 1475 ,
2751 1408 3109 1468 Constantino
3132 1416 3371 1485 repulso,

124 1505 277 1564 Cum
306 1506 425 1563 haec
447 1512 632 1562 essent
648 1505 953 1570 constituta,
975 1503 1214 1574 procedit
1235 1502 1475 1559 kalendis
1499 1503 1667 1559 Maiis.
1772 1509 1829 1556 et
1852 1510 2070 1555 exutum
2105 1509 2309 1555 vestem
2338 1501 2605 1569 privatam
2626 1543 2642 1567 ,
2675 1504 2953 1558 constituit
3000 1506 3054 1560 in
3104 1508 3365 1564 medium.

46 1600 493 1658 Constantinum
531 1614 719 1656 omnes
746 1598 1111 1653 intuebantur.
1157 1597 1309 1653 Nulla
1347 1607 1465 1653 erat
1516 1596 1672 1652 dubi-
1772 1591 1951 1648 Mirari
1977 1606 2169 1647 omnes
2194 1591 2283 1661 qui
2311 1600 2491 1659 esset,
2516 1592 2658 1648 unde
2685 1603 2849 1649 esset.
2875 1593 3045 1650 Nemo
3071 1606 3249 1654 tamen
3285 1615 3377 1655 re-

55 1693 228 1750 tatio.
257 1692 458 1748 Milites
481 1690 572 1760 qui
598 1689 853 1755 aderant,
879 1698 933 1744 et
954 1689 1165 1759 priores
1191 1687 1419 1743 militum
1473 1687 1630 1744 electi
1652 1728 1669 1751 ,
1701 1747 1745 1760 _
1774 1685 2009 1741 clamare
2037 1699 2201 1740 ausus
2228 1692 2351 1752 est,
2401 1685 2610 1740 cunctis
2663 1685 2952 1757 insperata
2993 1690 3233 1748 novitate
3287 1693 3366 1749 rei

58 1797 125 1842 et
144 1785 319 1842 acciti
349 1800 412 1841 ex
443 1747 770 1855 legionibus,
797 1780 851 1836 in
882 1747 1024 1836 hunc
1052 1795 1216 1836 unum
1254 1781 1442 1836 intenti
1470 1779 1673 1851 gaude-

1802 1776 2021 1832 urbatis.
2055 1775 2192 1832 Huic
2220 1747 2512 1847 purpuram
2570 1747 2934 1835 Diocletianus
2963 1781 3148 1851 injecit
3177 1747 3372 1854 suam,

61 1877 239 1945 baut,
265 1876 560 1949 optabant,
591 1885 643 1931 et
681 1882 805 1929 vota
835 1872 1126 1930 faciebant.
1175 1872 1302 1928 Erat
1352 1872 1502 1929 locus
1528 1872 1670 1928 altus
1771 1882 1876 1940 qua
1921 1882 1981 1923 se
2010 1866 2160 1923 exuit
2180 1907 2195 1931 ,
2236 1877 2292 1922 et
2323 1866 2534 1922 Diocles
2559 1867 2752 1923 iterum
2773 1869 2948 1926 lactus
2984 1881 3086 1927 est.
3116 1873 3251 1929 Tum
3277 1875 3376 1932 de-

57 1979 225 2029 extra
257 1972 531 2027 civitatem
569 1968 636 2024 ad
661 1966 829 2024 millia
867 1966 981 2024 fere
1008 1966 1143 2032 tria,
1176 1965 1230 2022 in
1273 1965 1428 2038 cujus
1454 1978 1669 2021 summo
1769 1958 2080 2025 scenditur;
2111 1966 2167 2015 et
2191 1958 2359 2014 rbeda
2390 1973 2487 2030 per
2521 1958 2793 2017 civitatein
2824 1974 3113 2022 veteranus
3142 1966 3260 2025 Rex
3294 1966 3381 2025 fo-

1413 2096 1773 2156 VARIORUI!
1807 2093 2044 2152 NOTAE.

63 2244 149 2283 sa.
174 2224 284 2282 his.
317 2221 577 2294 Hominis.
605 2217 885 2294 mendose.
914 2214 1048 2294 cum
1063 2217 1193 2294 viris
1218 2216 1393 2294 doctis
1420 2214 1669 2294 Cupero,
1772 2212 2021 2294 primores
2049 2210 2290 2294 militum,
2318 2211 2460 2294 sicut
2488 2212 2738 2294 primores
2760 2215 3042 2294 civitatum,
3085 2218 3374 2294 infra_cap.

66 2297 386 2363 Toinardo,
415 2293 642 2365 aliisque
667 2290 1075 2365 scribvornt'm's.
1124 2290 1259 2365 Dicit
1287 2299 1464 2365 autem
1487 2284 1672 2365 ominis
1771 2284 1969 2365 213M
1996 2294 2220 2365 utraque
2245 2284 2405 2337 lectio
2432 2284 2590 2339 bona.
2627 2284 2759 2341 Vide
2786 2296 2898 2344 not.
2929 2284 3126 2362 Cuperi
3147 2284 3378 2351 etGlo'sA

67 2353 256 2434 causa,
299 2353 421 2437 quia
449 2353 943 2437 (inquitispembat
968 2376 1089 2437 eum
1120 2360 1219 2415 sibi
1254 2372 1360 2414 tam
1393 2359 1556 2437 [idum
1586 2360 1671 2437 [ιι-
1776 2356 1980 2437 sarium
2009 2353 2220 2437 cattgii.

69 2424 257 2495 turum
289 2424 355 2492 a'c
382 2424 500 2492 erat
545 2424 930 2501 Haxiuiianus,
962 2432 1116 2503 cujus
1145 2446 1342 2486 nomen
1386 2430 1540 2485 alteri
1571 2429 1672 2484 da-
1849 2424 2026 2503 @xtra
2043 2427 2317 2479 civitatem.
2344 2425 2942 2503 Prope‘Nicomediam.

67 2509 197 2572 bat,
229 2507 540 2564 Herculius.
914 2496 926 2501 ⁷
1027 2496 1044 2503 ’
1809 2569 1818 2572 Α
1854 2496 1920 2551 In
1943 2499 2089 2572 cujus
2117 2496 2712 2572 summoplasimi‘anus,
2740 2511 2846 2558 etc.
2868 2501 3119 2560 Galerius
3163 2507 3381 2565 scilicet

144 2567 525 2635 ummianm.
560 2574 636 2631 ua
689 2589 791 2629 ms.
851 2573 902 2629 ιε
940 2584 1057 2630 erat
1108 2589 1274 2630 senex
1310 2572 1672 2629 Maximianus
1782 2568 2157 2650 armentarius.
2190 2567 2637 2650 —__zila:t:imian_us
2659 2572 3061 2650 ipse.__Nurr.__p.
3110 2576 3219 2635 258
3246 2590 3378 2650 etp.

69 2652 384 2708 Herculius.
1654 2658 1659 2663 -

1802 2641 1893 2695 B79
1921 2656 2043 2695 cum
2075 2639 2346 2693 nonnullis
2394 2643 2613 2712 exponit
2660 2644 2730 2699 de
2777 2643 2922 2699 Max.
2960 2639 3207 2703 Herculio
3230 2667 3250 2704 :
3275 2639 3423 2707 sédx

145 2724 279 2791 Quis
301 2732 379 2778 est
405 2720 511 2786 hic,
538 2734 687 2790 quem
714 2717 840 2772 mihi
869 2713 1024 2785 offers
1042 2716 1069 2771 ?
1096 2715 1272 2773 Verba
1302 2725 1429 2771 sunt
1459 2714 1676 2772 Diocle-
1786 2713 1985 2791 rectius
2029 2713 2239 2791 videtur
2293 2715 2431 2791 suun
2484 2713 2548 2766 de
2577 2712 2723 2791 Max.
2758 2714 2964 2771 Galerio
2993 2732 3014 2773 :
3054 2735 3175 2775 nam
3202 2721 3271 2776 de
3313 2736 3381 2778 eo

71 2781 226 2851 tiaiii.
398 2862 401 2863 ν
462 2862 465 2863 ν
498 2781 508 2786 ⁷
550 2781 564 2790 ’
643 2859 669 2863 _
713 2861 723 2863 _
794 2861 805 2863 _
903 2781 928 2785 ”
1921 2785 2098 2863 Capite
2124 2797 2304 2863 sermo
2335 2781 2471 2863 infra
2494 2786 2695 2863 ,_ettita
2720 2802 3014 2863 pronomen
3042 2791 3168 2863 ipse
3197 2794 3380 2863 requi-

142 2864 346 2938 Ῑηφιει,
382 2862 603 2938 scilicet
630 2859 896 2938 Galerius.
934 2929 946 2938 _
1008 2930 1074 2938 ___
1273 2937 1277 2938 ν
1782 2856 1891 2921 rit,
1917 2854 2060 2925 quod
2089 2855 2279 2909 eodem
2310 2855 2469 2908 modo
2495 2855 2564 2911 de
2594 2854 2802 2912 Galerio
2833 2854 3172 2938 Maximiano,
3206 2879 3255 2918 c.
3274 2854 3376 2921 '18.

142 2929 361 3006 Afﬁnis.
394 2936 524 3004 Quia
551 2932 747 3006 Galerii
776 2929 979 3006 sororis
1004 2930 1145 2985 illius
1167 2937 1302 2985 erat.
1863 2995 1897 3006 η
1999 2997 2012 3006 _
2734 2997 2750 3006 _
2866 3002 2878 3006 _
3096 2933 3229 2988 Βυκ.

144 2995 251 3080 “:1,
275 2995 643 3080 “mammas.
681 3003 1063 3080 Diocletianus.
1351 3071 1363 3080 .
1459 3070 1474 3080 .
1530 3071 1544 3080 _
1707 3058 1750 3080 η
1824 2995 2050 3080 λϐοῃεὶο.
2097 2997 2315 3080 militum
2361 3009 2687 3080 convocatur.
2706 2997 2898 3080 _lnquit
2936 3018 3111 3080 senex.
3160 3006 3377 3080 Locus,

147 3058 537 3136 Ng,’,-gg,;;,,;’
566 3076 665 3130 Ms.
697 3074 860 3130 habet
880 3072 1021 3129 ideas
1043 3115 1059 3139 ,
1116 3087 1237 3128 cum
1284 3070 1475 3129 calami
1512 3071 1678 3129 ductu
1705 3058 1751 3123 C
1782 3077 1839 3145 ut
1869 3077 2097 3140 putant,
2130 3070 2439 3145 mendosus.
2484 3074 2551 3124 At
2578 3086 2680 3125 ms.
2694 3058 2835 3145 legit
2860 3074 3020 3144 inquit
3040 3058 3227 3130 senex;
3247 3058 3383 3145 Qui:

74 3153 189 3209 sive
214 3152 418 3205 lineola
445 3164 608 3218 super
627 3149 708 3201 de.
844 3216 861 3218 ᾳ
916 3216 920 3218 Α
992 3216 1000 3218 _
1778 3140 1900 3194 datu
1934 3140 2301 3218 reponendum
2324 3155 2459 3218 esse.
2474 3152 2664 3218 putant
2687 3143 2741 3218 in
2766 3140 2881 3213 qua
2904 3140 3100 3218 senex;
3131 3148 3223 3202 alii
3254 3140 3379 3204 con-

144 3223 376 3279 pmbam'
406 3208 801 3287 east'oquitur
828 3216 1093 3272 Galerius.
1250 3285 1287 3287 η
1777 3208 2393 3287 φοεεηινέ-ἱηιιωὶικηρω.
2428 3208 2534 3287 Sed
2581 3212 2665 3267 vel
2706 3208 2852 3284 legas
2896 3208 3152 3284 inquietus
3189 3236 3377 3287 senex,

149 3294 228 3349 Tu
253 3293 466 3348 videris.
497 3280 748 3346 Fortnula
776 3287 1214 3357 improhantium.
1247 3285 1373 3342 Htcc
1397 3297 1451 3341 et
1475 3292 1673 3342 caetera
1774 3282 1923 3352 juxta
1946 3280 2159 3349 editos,
2192 3286 2273 3357 vel
2303 3284 2465 3357 inquit
2494 3300 2649 3338 senex
2670 3325 2683 3348 ,
2714 3280 2808 3339 aut
2831 3280 2992 3342 etiam
3038 3290 3216 3344 concio
3242 3280 3380 3346 mili;

77 3382 246 3436 usque
273 3365 342 3420 ad
374 3363 570 3434 capitis
614 3359 989 3436 line_m,_verlia
1042 3369 1167 3436 sunt
1217 3357 1552 3436 [)iocletiani.
1592 3386 1676 3436 .—

80 3427 491 3493 Tu'videris...'..
522 3449 627 3487 non
653 3434 764 3486 erit.
796 3430 1054 3500 Loquitur
1098 3429 1492 3490 Diocletianus,
1521 3427 1675 3499 cujus

77 3509 256 3566 verbis
284 3508 599 3565 Lactantius
642 3504 745 3559 hoc
769 3502 1093 3571 colloquium
1124 3500 1418 3571 concludit.
1470 3500 1528 3555 In
1567 3501 1669 3555 hoc

78 3596 207 3637 vero
232 3579 505 3651 colloquio
533 3576 753 3632 doctiss.
787 3570 1154 3651 Nurritantas
1183 3570 1534 3651 difﬁcultates
1552 3586 1674 3627 esse

117 3654 315 3719 utavit,
349 3644 414 3706 ui
438 3649 555 3705 sine
582 3661 771 3719 magna
811 3644 973 3719 animi
1004 3646 1353 3719 contentione
1373 3651 1467 3719 ,_et
1491 3645 1674 3713 singu-

101 3724 143 3777 is
167 3714 472 3793 quibusque
497 3714 695 3787 dialogi
715 3716 900 3793 hujus
928 3714 1107 3793 verbis
1136 3715 1446 3793 ponderatis
1466 3755 1481 3780 ,
1512 3729 1674 3793 nemo

82 3739 143 3777 IIS
205 3739 472 3793 mnusque
497 3739 693 3787 alatogt
739 3739 900 3788 uujus
930 3739 1107 3771 verum
1138 3739 1446 3783 llUllUUT‘dllS
1466 3755 1481 3780 ,
1512 3739 1671 3769 Itelltu

80 3739 235 3850 faciie
254 3807 556 3865 agnoscere
587 3789 790 3865 possit_,
813 3801 935 3865 qua:
961 3803 991 3841 a
1036 3785 1368 3865 Diocletiano
1396 3797 1487 3865 aut
1508 3782 1671 3865 Gale-

80 3865 162 3920 rio
190 3856 332 3921 dictva
364 3868 508 3928 sint;
536 3856 694 3931 atque
722 3861 792 3914 ob
832 3856 942 3931 'has
984 3866 1161 3911 tantas
1214 3856 1558 3931 difﬁcultates
1587 3857 1671 3911 itt-

84 3944 344 4005 tcrpretes
372 3948 551 3991 certas
581 3929 786 4005 litteras
830 3929 1248 4005 colloquentinm
1282 3929 1459 4005 verbis
1488 3929 1669 3983 diver-

83 4000 460 4063 sis'addiilisse
481 4005 613 4060 dicit
645 4023 659 4061 :
687 4003 939 4057 debuisse
974 4015 1102 4056 vero
1132 4001 1303 4069 ipsum
1332 4000 1670 4070 Scriptorem

84 4078 342 4148 ejusmodi
374 4090 535 4148 notas
558 4073 854 4148 praeﬁgere.
880 4073 1082 4148 Deinde
1111 4072 1430 4148 interpretes
1451 4113 1467 4137 ,
1498 4072 1544 4126 si
1583 4085 1672 4148 res

86 4142 189 4203 tam
217 4151 453 4206 dillicilis
483 4142 916 4212 fui-sset,l'ursau
957 4145 1008 4198 in
1039 4142 1377 4213 assignandis
1427 4143 1673 4211 personis

89 4219 173 4275 hic
197 4220 335 4291 lapsi
364 4229 552 4291 essent
582 4238 595 4271 :
620 4216 722 4291 sed
755 4231 916 4291 quum
936 4225 1141 4291 praeter
1166 4230 1331 4291 unum
1363 4214 1671 4291 liaqldrium

88 4284 273 4347 omnes
294 4295 459 4348 verba
492 4284 799 4345 Diocletiani
831 4297 887 4342 et
935 4284 1238 4340 Maximiani
1291 4284 1489 4341 Galerii
1522 4294 1671 4339 recte

90 4360 475 4426 indicaverint,
507 4377 569 4417 ea
597 4366 708 4429 ipsa
740 4362 1111 4429 convenientia
1161 4364 1386 4429 testatur
1415 4355 1484 4429 de
1513 4355 1670 4429 hujus

1777 3364 1885 3479 ;um
1906 3362 2226 3416 convocetur,
2256 3355 2416 3424 inquit
2439 3370 2609 3420 senex,
2645 3371 2760 3409 cum
2787 3357 3047 3428 lacrymis,
3073 3371 3205 3431 etc.,
3236 3363 3378 3419 idem

1799 3440 1892 3479 cre
1917 3432 2020 3479 est.

1799 3432 1892 3480 'cre
1917 3432 2020 3479 est.

1851 3494 2216 3572 Hllﬁilllinunl:
2251 3496 2770 3572 scilicetDaiam.lit
2807 3514 2909 3554 ms.
2938 3514 3153 3572 semper
3181 3502 3379 3561 dicitur

1779 3565 2159 3645 glasimianus.
2179 3568 2243 3623 Et
2267 3568 2440 3624 Graeci
2468 3569 2717 3645 etLatini
2735 3585 2891 3645 stupe
2930 3565 3215 3645 utruinque
3239 3590 3375 3632 con-

1777 3637 2025 3719 l'_t_tn_duut.
2060 3638 2270 3719 Ubique
2330 3644 2671 3719 reposuimus
2726 3637 3220 3712 Matriminumfue
3268 3664 3374 3719 qua

1775 3709 2065 3782 difficultas
2090 3713 2344 3766 lectorem
2375 3715 2636 3766 remorari
2671 3724 2876 3782 posset.

1847 3780 2242 3859 Constantinus_
2269 3782 2494 3859 astabat.
2544 3783 2612 3839 Ut
2666 3780 3031 3859 protectorum
3081 3788 3328 3845 tribunus
3351 3832 3368 3859 ,

1773 3867 1836 3907 ac
1862 3856 2045 3925 munia
2066 3868 2160 3907 sua
2191 3853 2420 3919 obiens;
2452 3870 2555 3925 qua
2600 3855 2745 3911 enim
2793 3859 3000 3914 ratione
3049 3859 3310 3917 ubiuis-et
3336 3853 3366 3917 ti

1778 3932 1887 3980 tant
1917 3924 2117 3979 celebri
2148 3926 2406 3981 actione?

1848 3996 2062 4051 Susum.
2115 3995 2219 4069 Pro
2261 4013 2497 4064 sursum,
2546 4007 2630 4054 est
2687 3997 2830 4069 apud
2884 4000 3134 4058 Plautum
3182 4001 3368 4060 Cistel.

1773 4066 1894 4122 Act.
1923 4083 1960 4121 ll
1988 4108 2003 4134 ,
2028 4082 2176 4122 scen.
2206 4068 2262 4135 ὅ,
2295 4084 2349 4121 ν.
2376 4070 2463 4124 78.

1851 4137 2123 4213 Htesitare.
2155 4140 2208 4192 ln
2225 4154 2325 4194 ms.
2357 4151 2493 4195 stare
2524 4155 2543 4194 :
2570 4139 2666 4213 sed
2695 4139 2746 4193 in
2776 4142 3016 4213 margine
3037 4143 3226 4200 eadem
3259 4160 3373 4201 ma-

1773 4224 1845 4264 nu
1872 4211 2173 4283 eodemun
2205 4221 2508 4283 atramento
2550 4212 2758 4276 esitare,
2806 4211 2950 4283 quod
2978 4230 3082 4268 non
3114 4225 3197 4271 est
3226 4218 3371 4274 aliud

1773 4296 1945 4351 quam,
1978 4282 2241 4345 hwsilare,
2295 4282 2437 4351 quod
2484 4290 2694 4336 rectum
2741 4283 2903 4339 habet
2947 4300 3189 4343 sensum.
3230 4289 3371 4345 Editi

1772 4366 1903 4406 vero
1935 4350 2134 4406 habent
2182 4350 2469 4418 sciscitari,
2500 4354 2642 4408 bono
2671 4356 2832 4409 etiam
2890 4371 3076 4413 sensu.
3135 4359 3365 4417 Doctiss.

90 4435 334 4518 colloquii
399 4421 804 4518 perspicuitate;
858 4430 964 4483 into
1008 4428 1291 4493 Baluzius,
1320 4421 1668 4518 "Columbus,
1697 4456 1752 4518 D
1978 4421 2851 4518 Elafiusjubstitniisciscitari,
2890 4444 3006 4518 pro.
3031 4441 3199 4513 stare,
3227 4435 3370 4503 quod

92 4498 327 4575 Cupertts
340 4551 355 4575 ,
392 4498 478 4559 alii
507 4498 680 4559 nullas
701 4512 854 4575 notas
865 4498 1672 4575 personarumhcolloquendum

95 4566 452 4647 apposucruttt
484 4595 497 4630 :
525 4575 665 4646 quod
694 4573 781 4627 ubi
813 4588 841 4625 a
864 4569 1165 4647 Toinardu,
1209 4566 1440 4647 Cellat'io
1461 4612 1476 4637 ,
1528 4567 1676 4622 Wal-

96 4641 214 4700 cltio
240 4660 293 4703 et
323 4649 477 4705 nobis
508 4641 701 4702 factum
729 4686 744 4710 ,
770 4659 873 4697 non
908 4651 1065 4695 tanta:
1092 4641 1436 4695 obscuritatis
1467 4654 1628 4695 causa
1657 4680 1673 4707 ,

97 4720 187 4773 sed
205 4734 393 4776 eorum
426 4721 478 4774 in
506 4721 732 4789 gratiam
761 4725 843 4789 est
873 4714 1101 4781 factum,
1135 4711 1223 4789 qui
1262 4723 1347 4765 aut
1380 4710 1674 4789 festinant,

98 4801 185 4843 aut
215 4792 422 4848 hebetis
451 4784 611 4844 niniis
638 4786 832 4857 ingenii
861 4796 1021 4852 sunt,
1052 4794 1144 4857 aut
1174 4785 1224 4837 in
1250 4797 1356 4857 sua
1409 4784 1678 4857 sententia

100 4859 319 4919 libenter
344 4863 415 4917 ab
458 4861 575 4916 aliis
628 4854 935 4914 coitlirmari
985 4856 1188 4910 volunt.
1244 4854 1298 4909 Si
1330 4854 1573 4923 quaedam
1600 4856 1679 4908 vi-

103 4931 288 4988 denlur
319 4935 497 4989 minus
524 4933 668 4986 clara
693 4971 708 4997 ,
754 4944 821 4984 eo
870 4926 1098 4994 accidit,
1149 4926 1290 4996 quod
1336 4927 1491 4997 istud.
1520 4925 1681 4981 collo-

103 5002 276 5071 quium
305 5007 425 5060 aliis
464 4995 734 5059 historicis
761 5000 1009 5053 omnibus
1040 4995 1280 5069 ignotum
1307 4995 1677 5071 est._l.actan-

105 5067 206 5128 tius
232 5091 392 5142 vero,
425 5087 482 5131 ut
517 5085 661 5130 recte
709 5072 951 5126 Baluzius
976 5067 1246 5142 censuit,
1278 5068 1368 5142 qui
1425 5067 1678 5123 Nicome-

106 5141 239 5198 diam
267 5163 295 5198 a
330 5146 653 5203 Diocletiano
678 5142 851 5197 fuerat
875 5141 1076 5196 accitus
1101 5182 1115 5203 ,
1148 5141 1236 5208 qui
1286 5141 1539 5208 frequens
1564 5148 1680 5194 erat

106 5211 158 5267 in
186 5215 411 5278 Palatio.
444 5218 637 5273 melius
662 5216 795 5269 lianc
824 5213 1097 5267 historiam
1129 5215 1267 5267 scire
1286 5213 1457 5282 putttit
1475 5252 1491 5277 ,
1518 5226 1678 5280 quam

109 5283 208 5359 illi,
232 5290 320 5357 qui
353 5299 532 5359 postea
560 5290 818 5353 animum,
847 5285 914 5340 ad
941 5282 1257 5339 scribendas
1309 5282 1560 5338 historias
1581 5298 1680 5352 ap-

109 5357 367 5423 pulerunl.
400 5362 528 5416 Buu.

174 5428 461 5487 Accesserit.
501 5433 573 5486 Ita
619 5445 719 5485 ms.
776 5427 914 5495 Non,
953 5425 1219 5490 acciderit;
1269 5422 1512 5494 quamvis
1540 5423 1685 5480 Heu-

113 5511 327 5555 manntts
352 5519 469 5558 cum
494 5501 660 5558 Galeo
680 5508 890 5569 nptarel
921 5500 1021 5568 legi
1043 5496 1303 5569 acciderit.

183 5569 421 5629 Kalendis
461 5573 636 5627 Maiis.
681 5566 817 5625 Hinc
869 5566 1082 5624 constat
1133 5566 1379 5623 kalendis
1408 5566 1529 5621 Maii
1557 5567 1681 5621 anni

113 5636 230 5695 505.
259 5645 636 5702 Diocletianum
662 5653 718 5697 et
741 5641 1117 5698 Maxiutiattum
1142 5641 1447 5694 llerculiuttt
1485 5654 1683 5708 purpu-

120 5725 223 5785 t'au_t
249 5716 578 5785 deposuisse.

117 5821 126 5829 ς
189 5779 386 5845 Priora
442 5789 678 5845 militum.
732 5785 810 5843 Ita
868 5796 974 5838 ms.
1033 5781 1261 5851 Quidam
1323 5779 1524 5839 vellent
1574 5783 1683 5855 legi

1778 4504 1862 4549 est
1893 4495 1944 4567 in
1978 4503 2177 4567 msret
2200 4496 2386 4549 esitare
2410 4496 2468 4550 in
2518 4497 2794 4566 margine,
2841 4495 2938 4567 pro
2984 4495 3271 4559 hirsitare}
3315 4515 3372 4560 at

1778 4566 2021 4645 eruditus
2045 4566 2130 4645 _vir
2158 4566 2352 4645 Paulus
2377 4567 2590 4622 Bauldri
2615 4608 2632 4634 ,
2662 4583 2760 4637 pro
2786 4566 2962 4625 susum
2988 4585 3129 4630 stare
3147 4616 3163 4639 ,
3194 4579 3373 4645 suspi-

1778 4638 2001 4716 cabatur
2044 4638 2330 4707 legendum
2369 4652 2492 4694 esse
2542 4655 2852 4716 susurrare;
2900 4646 3045 4716 quod
3094 4638 3221 4702 huic
3247 4638 3369 4704 luco

1779 4711 2069 4779 eottvetiire
2099 4718 2311 4779 potest,
2335 4726 2487 4779 mque
2511 4725 2576 4764 ac
2603 4711 2875 4768 sciscitari.

1852 4778 1997 4851 inter
2024 4778 2383 4851 seflutellige,
2404 4778 2715 4850 quwrentes.

1854 4850 2224 4905 Maximianus.
2258 4850 2530 4907 Galerius.

1856 4922 2103 4978 Exutum.
2134 4922 2317 4977 Daiam
2353 4925 2459 4978 :ita
2495 4928 2804 4981 emendavit
2832 4929 2971 4985 inter
3005 4940 3183 4985 errata
3215 4931 3373 4986 Baln-

1781 4994 1896 5048 zius
1917 5035 1932 5059 ,
1959 5006 2006 5048 et
2023 4995 2109 5067 _ita
2138 4997 2312 5063 poscit
2340 4995 2477 5049 ratio
2518 5004 2811 5067 syntaxeos
2831 5041 2846 5062 ,
2878 5016 2986 5054 non
3013 5012 3167 5055 exuto
3188 5043 3202 5064 .
3229 5013 3285 5056 tit
3315 5004 3367 5058 in

1782 5079 1886 5139 ms.
1918 5093 1992 5104 —
2011 5063 2242 5119 Emittunt
2270 5076 2450 5120 vestrm
2473 5063 2740 5139 pri-natant.
2774 5070 2967 5139 Sparlt.
3003 5082 3059 5127 et
3089 5063 3370 5129 Bauldrius

1783 5084 1886 5119 ms.
1918 5084 2242 5119 —n:t:umm
2270 5084 2450 5120 uesmu
2558 5084 2740 5122 natam.
2774 5084 2967 5139 Sparlt.
3003 5084 3059 5127 et
3089 5084 3367 5129 δίδωσι-1118

1783 5137 1989 5209 malunt
2014 5177 2028 5203 ,
2057 5145 2188 5209 ueste
2217 5138 2434 5209 priuata.
2465 5084 2571 5193 ἕξει
2600 5140 2739 5194 fatua
2774 5143 2933 5198 lectio
2960 5158 3062 5197 ms.
3105 5144 3245 5209 qttod
3273 5142 3367 5197 ha-

1783 5207 1875 5262 bet
1901 5219 2069 5263 exuto.
2093 5206 2231 5261 Noto
2259 5208 2324 5261 ad
2360 5209 2504 5265 Lact.
2541 5211 2632 5265 lib.
2663 5226 2719 5265 tv
2747 5252 2762 5277 ,
2790 5227 2841 5268 c.
2874 5217 2940 5270 M
2972 5235 2984 5269 :
3014 5206 3236 5267 Indutias
3261 5230 3372 5269 ves-

1783 5279 1992 5333 timenta
2016 5279 2245 5332 sordida.
2274 5280 2403 5335 BDN.

1860 5348 2119 5423 Orientem
2148 5352 2475 5405 calcaudum.
2503 5352 2614 5408 Cic.
2642 5369 2697 5408 tt.
2732 5353 2961 5423 Philipp.
2982 5370 3031 5408 c.
3050 5353 3122 5407 25
3150 5372 3165 5409 :
3199 5354 3372 5423 Quum

1784 5419 1957 5475 Ctesar
1983 5422 2170 5475 huic...
2203 5424 2603 5477 conculcandam
2626 5423 2835 5477 Italiam
2865 5419 3181 5480 tradidisset.
3215 5419 3368 5484 Lact.

1785 5491 1880 5547 lib.
1908 5510 1961 5549 νι
1988 5535 2001 5556 ,
2025 5509 2145 5563 cap.
2178 5495 2245 5547 18
2277 5510 2289 5546 ;
2318 5494 2556 5548 Dolorem
2576 5506 2886 5564 mortemque
2925 5496 3201 5551 calcamus.
3236 5498 3368 5556 Buu.

1857 5564 2145 5634 Insperatw
2176 5567 2394 5619 novitate
2435 5567 2509 5618 rei
2542 5585 2553 5614 :
2599 5566 2690 5619 Sic
2734 5566 2828 5618 fuit
2871 5565 3283 5623 emendandum.
3312 5571 3371 5626 lu

1785 5632 2151 5708 manuScripto
2181 5648 2259 5689 eat
2291 5655 2303 5688 :
2336 5632 2885 5708 inspirattenouitatem
2906 5638 3012 5702 rei;
3053 5641 3330 5697 mendose.

1862 5708 2001 5764 Huic
2024 5705 2304 5779 purpuram
2329 5705 2673 5779 Diocletianus
2696 5707 2867 5779 injecit
2886 5722 3055 5779 suam.
3089 5710 3376 5769 Diocletia-

1789 5796 1892 5838 nus
1914 5796 2006 5837 sua
2026 5776 2180 5835 veste
2205 5791 2474 5850 purpurea
2497 5776 2876 5833 Maximianum
2899 5778 3084 5834 Daiam
3102 5779 3376 5844 Caesarem
