3950 6368
80 294 192 349 (235

166 501 291 558 lam
341 497 725 573 propinquavit
763 498 840 554 illi
886 497 1141 568 judicium
1196 496 1318 564 Dei,
1350 504 1700 568 secutumque

84 602 308 665 tempus
340 605 447 662 est,
479 610 589 666 quo
619 608 706 650 res
759 593 878 661 ejus
916 591 1080 646 dilabi
1105 605 1168 645 ac
1195 589 1364 646 ﬂuere
1387 598 1695 660 coeperunt.

83 687 342 744 Nondum
392 687 637 741 animum
691 681 992 740 intenderat
1018 681 1086 737 ad
1117 683 1465 738 evertendam
1495 681 1698 753 pellen-

86 780 293 836 dumve
345 777 745 834 Constantium.
780 776 916 831 Dum
945 784 1028 831 est
1054 785 1345 847 occupatus
1383 774 1470 830 his
1514 774 1698 840 rebus,

87 887 227 942 quas
257 871 518 940 superius
548 867 797 938 exposui,
839 876 894 923 et
921 867 1241 938 expectabat
1281 864 1487 922 obitum
1535 865 1696 935 ejus:

88 967 186 1022 sed
242 973 355 1020 tam
412 963 664 1019 celeriter
708 976 814 1018 non
863 963 1084 1032 putabat
1130 962 1422 1017 obiturum.
1448 960 1699 1029 Quicum

90 1060 331 1131 graviter
355 1057 657 1122 laboraret,
687 1055 910 1111 miserat
948 1055 1181 1119 litteras,
1213 1065 1271 1109 ut
1321 1053 1490 1108 lilium
1539 1068 1695 1108 suum

91 1153 516 1211 Constantinum
570 1153 870 1206 remitteret
897 1148 998 1206 sibi
1051 1147 1366 1214 videndum,
1395 1155 1451 1204 et
1479 1147 1698 1217 quidem

90 1246 437 1321 jamdudum.
464 1245 558 1300 ille
586 1258 716 1299 vero
745 1241 880 1298 nihil
926 1241 1105 1296 minus
1131 1241 1366 1298 volebat.
1403 1238 1538 1295 Nam
1568 1239 1699 1295 etin

97 1340 311 1398 insidiis
339 1353 489 1410 saepe
524 1337 776 1408 juvenem
806 1335 1180 1406 appetiverat;
1209 1335 1333 1404 quia
1364 1333 1538 1403 palam
1568 1331 1701 1387 nihil

99 1432 357 1500 audebat,
391 1445 460 1486 ne
489 1438 679 1486 contra
707 1442 768 1484 se
787 1441 938 1481 arma
960 1425 1162 1491 civilia,
1187 1435 1264 1490 et,
1294 1424 1437 1495 quod
1467 1423 1703 1480 maxime

106 1524 420 1590 verebatur,
438 1521 560 1576 odia
576 1520 806 1576 militum
825 1518 1145 1574 concitaret.
1163 1517 1277 1573 Sub
1303 1516 1529 1572 obtentu
1549 1531 1703 1572 eser-

111 1616 225 1672 citii
243 1631 308 1671 ac
334 1616 483 1670 lusus
504 1612 635 1669 feris
660 1611 813 1668 illum
840 1609 1116 1681 obiecerat
1140 1609 1278 1679 :sed
1305 1607 1542 1673 frustra;
1572 1621 1708 1679 quo-

111 1713 258 1768 niam
283 1710 379 1764 Dei
417 1723 606 1764 manus
646 1707 920 1761 hominem
953 1703 1288 1775 protegebat,
1318 1704 1410 1775 qui
1457 1703 1610 1759 illum
1637 1702 1707 1760 de

1242 284 1334 341 AD
1375 277 1709 341 DONATUM
1746 276 2269 342 CONFESSOREM.

1723 402 1778 465 Α
1802 417 1980 470 mane,
2013 399 2248 472 acceptis
2278 397 2565 471 mandatis,
2591 399 3047 475 proficisceretur,
3070 403 3154 460 vel
3187 406 3302 477 ipse
3333 409 3367 462 il
3378 439 3402 451 -

3295 291 3404 348 234

1799 496 1908 550 lum
1935 495 2218 550 occasione
2246 495 2420 566 aliqua
2451 505 2846 565 retentaturus,
2883 497 2971 554 vel
3023 499 3406 570 praemissurus

1801 589 2008 646 litteras
2038 601 2097 646 ut
2137 605 2167 644 a
2197 590 2402 647 Severo
2432 601 2728 649 teneretur.
2759 592 2892 662 Quae
2919 607 3044 650 cum
3069 595 3160 651 ille
3192 599 3404 666 prospi-

1800 694 1972 753 ceret,
2003 685 2316 755 quiescente
2351 685 2464 755 jam
2509 686 2854 758 imperatore,
2883 698 3006 760 post
3033 703 3247 745 acetiam
3281 707 3410 762 pro-

1799 776 2011 848 peravit
2030 779 2199 840 exire.
2227 776 2560 851 sublatisque
2592 795 2688 851 per
2715 780 3026 837 mansiones
3054 781 3252 837 multas
3281 797 3400 836 om-

1802 871 1961 927 nibus
1989 871 2143 946 equis
2201 870 2449 940 publicis,
2482 872 2730 928 evolavit.
2789 871 3055 929 Postridie
3084 873 3404 946 imperator,

1805 978 1927 1018 cum
1957 941 2206 1018 consulite
2227 963 2293 1017 ad
2318 962 2556 1019 medium
2595 964 2736 1019 diem
2767 979 2939 1034 usque
2967 965 3275 1034 dormisset,
3307 982 3403 1023 vo-

1805 1055 1914 1110 cari
1944 1069 2066 1110 eum
2113 1054 2285 1126 jubet.
2339 1057 2542 1112 Dicitur
2569 1057 2622 1112 ei
2668 1067 2790 1128 post
2819 1071 3032 1114 cumam
3064 1061 3244 1115 statim
3277 1075 3403 1132 pro-

1804 1147 1996 1203 iectus.
2032 1147 2298 1219 lndignari
2329 1163 2393 1204 ac
2439 1149 2670 1207 fremere
2708 1151 2892 1221 coepit.
2919 1150 3184 1209 Poseebat
3230 1169 3405 1226 equos

1806 1239 2089 1310 publicos,
2141 1248 2200 1295 ut
2248 1257 2373 1297 eum
2442 1243 2648 1298 retrahi
2730 1241 2952 1300 iaceret.
3024 1243 3266 1300 Nudatos
3348 1249 3401 1302 ei

1807 1349 2000 1392 cursus
2040 1336 2287 1407 publicus
2317 1337 2612 1394 nuntiatur.
2645 1336 2744 1393 Vix
2773 1337 3042 1408 laerymas
3071 1341 3308 1395 tenebat.
3331 1341 3404 1395 At

1805 1428 1897 1486 ille
1926 1431 2230 1487 incredibili
2246 1431 2525 1488 celeritate
2537 1446 2687 1500 usus,
2707 1433 2951 1503 pervenit
2975 1434 3040 1488 ad
3063 1444 3268 1504 patrem
3290 1435 3408 1504 jam

1806 1523 2168 1591 deiicientem,
2187 1527 2278 1597 qui
2303 1525 2374 1591 ei,
2396 1526 2659 1582 militibus
2686 1526 3087 1593 commendato,
3119 1526 3411 1597 imperium

1806 1631 1906 1688 per
1945 1632 2135 1672 manus
2181 1616 2440 1685 tradidit;
2475 1627 2635 1688 atque
2661 1618 2732 1674 ita
2763 1618 2818 1674 in
2867 1618 3010 1673 lecto
3036 1632 3134 1673 suo
3163 1619 3408 1687 requiem

1809 1709 1957 1779 vitae,
1988 1710 2124 1765 sicut
2150 1711 2389 1781 Optabat,
2419 1711 2646 1781 accepit.
2677 1710 2940 1782 Suscepto
2987 1712 3235 1781 imperio,
3265 1711 3402 1766 Con-

119 1803 370 1860 manibus
397 1803 517 1872 ejus
543 1801 790 1857 liberavit
817 1800 873 1854 in
914 1799 1034 1870 ipso
1061 1797 1303 1854 cardine.
1326 1797 1567 1869 Namque
1596 1812 1705 1854 εαξ-
1735 1769 1785 1832 B
1810 1804 2082 1859 stantinus
2129 1769 2400 1873 Augustus
2444 1769 2580 1858 nihil
2624 1804 2734 1874 egit
2763 1769 2931 1873 prius,
2964 1769 3123 1874 quain
3155 1804 3412 1859 christia—

122 1899 244 1970 pius
265 1911 386 1952 cum
434 1895 635 1967 jamdiu
685 1907 880 1950 necare
911 1908 1018 1948 non
1049 1900 1254 1964 posset,
1284 1891 1434 1949 dedit
1455 1891 1535 1948 illi
1555 1891 1706 1964 sigil-

120 1989 255 2059 lum,
286 1989 576 2045 inclinante
625 1988 734 2060 jam
782 1987 912 2054 die,
952 1986 1316 2059 praecepitque
1361 1995 1419 2044 ut
1448 1987 1712 2059 postridie

1810 1908 1912 1956 nos
1933 1893 2101 1950 cultui
2131 1909 2195 1951 ac
2224 1895 2336 1950 Deo
2384 1908 2483 1950 suo
2533 1894 2782 1951 reddere.
2812 1895 2938 1951 Haec
2965 1893 3064 1951 luit
3093 1895 3262 1966 prima
3292 1896 3414 1966 ejus

1813 1989 2023 2044 sanctio
2049 1997 2252 2046 sancta:
2282 1987 2562 2060 religionis
2586 1989 2869 2044 restitutae.

1371 2122 1739 2182 VARIORUM
1765 2122 2000 2182 NOTIE.

123 2251 248 2317 tius,
274 2245 392 2304 Div.
425 2244 584 2313 lnst.,
613 2245 651 2302 l.
675 2262 731 2302 v.
768 2260 819 2306 c.
851 2245 921 2303 19
950 2262 966 2301 :
996 2243 1063 2300 In
1087 2244 1219 2300 iisne
1258 2243 1399 2299 mala
1429 2260 1570 2299 mens
1617 2253 1713 2312 est,

125 2332 298 2378 contra
345 2323 426 2390 ius
458 2320 812 2386 humanitatis,
861 2329 1037 2374 contra
1064 2317 1145 2387 {us
1176 2333 1324 2372 omne
1382 2317 1715 2390 lacerantur;

128 2405 247 2449 etc.
273 2392 374 2448 εἰς
409 2390 522 2446 Nec
551 2393 776 2446 alienum
805 2391 1084 2461 quidquam
1115 2389 1451 2461 concupiscit,
1477 2405 1537 2461 ne
1566 2404 1713 2461 quem

125 2474 298 2520 contra
316 2463 406 2529 jus
427 2463 761 2517 humanitatis
784 2459 936 2517 lardat
967 2462 1130 2514 oratio
1154 2478 1170 2525 ;
1198 2460 1234 2514 l.
1255 2477 1327 2526 vt,
1354 2476 1404 2516 c.
1435 2460 1502 2514 10
1528 2473 1542 2512 :
1573 2459 1716 2529 Ergo

127 2481 298 2520 contra
350 2481 406 2517 us
427 2481 761 2517 numanuaus
784 2481 936 2517 uuam
967 2481 1130 2514 orauo
1154 2481 1170 2525 ;
1199 2481 1234 2514 ι.
1255 2481 1327 2526 v1,
1354 2481 1404 2516 c.
1435 2481 1502 2514 w
1528 2481 1541 2512 :
1573 2481 1716 2529 ιιι-ρο

127 2554 217 2607 pro
247 2481 424 2590 belluis
454 2533 907 2607 immanibussunt
935 2532 1154 2607 habendi
1184 2533 1270 2602 qui
1297 2530 1721 2607 Itontinibus‘no-

126 2602 254 2674 cent,
283 2607 368 2677 qui
398 2618 581 2661 contra
620 2609 713 2679 jus
759 2605 1088 2679 humanitatis
1107 2613 1171 2679 _e_tA
1196 2607 1274 2679 [as
1303 2619 1448 2679 omne
1474 2602 1719 2679 spoliant,

125 2672 372 2745 cruciant,
402 2672 667 2744 occidun't,
723 2677 1085 2732 exterminant.
1107 2672 1246 2731 Vide
1286 2676 1450 2732 etiam
1479 2672 1599 2746 cap.
1627 2672 1717 2742 20,

125 2751 172 2809 si
201 2752 362 2806 lubet.

195 2821 314 2876 Jam
345 2819 711 2892 prapinquavit
742 2819 824 2874 illi
838 2819 1099 2892 judicium
1133 2816 1249 2892 Dei.
1280 2815 1507 2873 Videtur
1532 2824 1724 2892 auctor

129 2893 182 2949 in
224 2888 404 2949 mente
436 2888 697 2947 habuisse
748 2888 878 2946 illud
917 2890 961 2944 ll
1013 2889 1285 2955 Maehab.,
1318 2904 1366 2944 c.
1419 2905 1492 2956 ts,
1521 2905 1577 2944 v.
1610 2888 1676 2943 18
1709 2906 1722 2943 :

128 2964 504 3035 Superuenerat
535 2964 669 3016 enim
708 2964 760 3016 in
789 2978 904 3017 eum
920 2964 1122 3030 justum
1168 2960 1264 3015 Dei
1283 2960 1560 3035 judicium.
1582 2959 1723 3035 Ver-

1897 2243 2191 2319 Teneretttr.
2221 2242 2411 2319 lderet,
2436 2245 2776 2319 retineretur
2801 2258 2832 2300 a
2881 2243 3102 2319 Severo.
3136 2245 3349 2319 Quippe
3384 2265 3420 2305 e

1821 2316 2136 2374 Nicomedia
2155 2318 2301 2373 eunti
2331 2318 2384 2372 in
2424 2316 2648 2390 Galliam
2677 2317 3007 2390 pergendum
3036 2328 3152 2374 erat
3193 2316 3422 2390 perita-

1821 2389 1969 2458 liam,
2007 2389 2092 2459 ubi
2123 2389 2356 2445 Severus
2386 2387 2746 2459 imperitabat.
2768 2387 3152 2459 Fragmentum
3179 2387 3246 2446 de
3274 2389 3420 2448 Con-

1823 2462 2023 2516 stantio
2051 2458 2273 2527 Chloro,
2306 2477 2357 2531 p.
2390 2458 2490 2516 471
2533 2476 2547 2514 :
2576 2460 2677 2527 Qui
2707 2469 2760 2514 ut
2791 2458 3036 2515 Severum
3084 2479 3172 2531 per
3200 2461 3414 2518 Italiam

1827 2533 2079 2606 transiens
2117 2533 2337 2606 uitaret,
2368 2549 2568 2586 summa
2616 2532 2941 2606 festinatione
2967 2535 3158 2606 neredis
3205 2545 3319 2606 post
3362 2552 3423 2591 se

1827 2605 2076 2658 truncatis
2097 2601 2252 2674 Alpes
2267 2601 2628 2674 transgressus,
2648 2603 2716 2656 ad
2739 2612 2935 2673 patrem
2954 2601 3310 2661 Constantium
3337 2621 3428 2662 ve-

1829 2677 1904 2730 nit
1937 2676 2079 2743 opud
2108 2673 2421 2729 Bononiam.
3348 2725 3350 2730 .

1905 2745 2154 2802 Sublatis.
2185 2745 2442 2819 Zozimus
2473 2746 2526 2801 in
2549 2745 2686 2801 libro
2713 2761 2753 2802 ιι
2807 2755 2992 2819 narrat
3022 2743 3421 2819 Constantium,

1828 2819 2060 2874 veritum
2089 2835 2156 2873 ne
2181 2818 2318 2873 forte
2340 2817 3084 2888 l'ugiensapprehenderetur,
3116 2835 3286 2889 equos
3315 2817 3430 2877 sta-

1829 2889 2069 2972 bularios
2091 2905 2246 2972 quos
2291 2890 2592 2972 respublica
2634 2889 2813 2972 alebat
2835 2931 2848 2954 ,
2883 2906 3006 2945 cum
3029 2891 3288 2972 .priinum
3322 2895 3428 2972 ali-

1831 2961 1976 3031 quod
2007 2960 2276 3016 stabulum
2309 2959 2598 3030 attigisset,
2641 2960 2918 3016 mutilasse
2949 2970 3000 3016 et
3026 2960 3247 3016 inutiles
3296 2964 3428 3018 reli-

127 3029 250 3090 bum
280 3039 456 3091 autem
493 3035 837 3104 propinquare
865 3029 1133 3103 poeticum
1177 3041 1262 3087 est
1284 3029 1356 3087 ἐχ
1386 3032 1557 3086 Plauti
1581 3031 1721 3104 Tru-
1749 3029 1794 3092 C
1827 3029 2030 3103 quisse,
2060 3047 2290 3104 cumque
2322 3031 2376 3086 id
2415 3029 2482 3086 de
2507 3032 2629 3086 loco
2654 3031 2708 3086 in
2739 3031 2913 3086 locum
2939 3047 3167 3102 pergens
3196 3033 3424 3101 faceret,

129 3108 363 3172 culento,
395 3115 510 3163 act.
541 3121 599 3173 ιι,
625 3103 772 3159 scen.
793 3105 846 3172 6,
865 3115 956 3159 aut
977 3121 1041 3160 ex
1067 3104 1287 3174 Virgilio
1312 3122 1327 3169 ;
1351 3115 1540 3173 estque
1562 3103 1724 3157 etiam

132 3177 267 3232 inira
321 3179 504 3243 initio,
560 3192 608 3229 c.
640 3176 727 3230 46.
757 3176 856 3231 Est
893 3185 950 3231 et
981 3175 1120 3245 apud
1177 3175 1539 3242 Lactantium,
1599 3175 1717 3228 Div.

129 3247 284 3316 lnst.,
316 3249 354 3303 l.
386 3264 447 3317 ιι,
482 3263 532 3302 c.
560 3248 592 3302 8
627 3265 638 3301 :
671 3247 1016 3319 Corruptibile
1062 3249 1356 3316 incorrupto
1385 3248 1730 3316 propinquare

129 3336 229 3375 non
275 3329 436 3392 potest
475 3319 619 3385 ;lib.
649 3334 743 3385 vn,
774 3334 823 3374 c.
860 3320 947 3392 14,
982 3319 1351 3392 cujusjudicii
1384 3319 1730 3392 propinquare

134 3388 324 3462 tempus
378 3394 690 3456 ostendam;
743 3399 796 3446 et
850 3391 1009 3456 inl'ra,
1039 3388 1241 3462 eodem
1300 3388 1724 3462 Ilb;_\'li,('.242

132 3461 197 3516 Et
213 3459 326 3535 jam
347 3462 728 3546 .prOpinquare
778 3478 1033 3546 summum
1084 3460 1229 3514 illum
1248 3459 1614 3546 conclusionis
1643 3475 1730 3514 ex-

131 3532 298 3590 trenue
325 3532 459 3588 diem
491 3550 509 3599 ;
543 3532 596 3589 et
618 3534 656 3588 Ι.
690 3550 747 3602 ιι,
770 3549 818 3588 c.
851 3533 904 3600 9,
942 3549 1151 3589 necnon
1179 3533 1426 3601 epitom.,
1455 3549 1502 3587 c.
1530 3532 1619 3585 7|.

202 3603 302 3661 Res
327 3608 438 3676 ejus
467 3605 632 3660 dilabi
659 3601 924 3675 aer/luere.
958 3604 1200 3676 ReSpicit
1238 3612 1425 3659 notum
1445 3602 1578 3659 illud
1614 3601 1730 3658 Vir-

133 3676 281 3748 gilii,
323 3676 574 3743 1Eneid.,
609 3676 705 3733 lib.
737 3692 795 3744 ιι,
825 3691 880 3732 v.
910 3677 1014 3734 169
1039 3695 1052 3731 ;

309 3788 386 3854 Ex
409 3788 504 3854 illo
527 3789 710 3854 liuere,
735 3802 793 3840 ac
811 3796 949 3841 retro
970 3788 1198 3854 sublapsa
1218 3786 1401 3841 referri

310 3851 442 3916 Spes
456 3851 706 3904 Danaum.

206 3958 513 4015 Laboraret.
539 3959 692 4017 Adde
712 3960 908 4016 morbo.

216 4029 282 4085 Et
302 4034 515 4102 quidem
531 4033 863 4102 jamdudum.
883 4031 1228 4104 Apprabaute
1254 4031 1568 4089 doctissimo
1591 4033 1730 4101 viro,

144 4116 241 4172 pro
268 4120 438 4176 quem,
479 4119 744 4176 reponere
774 4105 936 4160 malui
967 4106 1168 4176 quidem
1198 4105 1384 4160 leviori
1413 4107 1730 4176 mutatione,

140 4189 295 4249 quam
329 4175 536 4249 addere
566 4175 676 4230 duo
707 4177 865 4232 verba
893 4175 1085 4249 [rustra
1114 4177 1406 4249 repetierat,
1429 4192 1549 4232 cum
1583 4175 1727 4231 nulla

140 4244 206 4298 sit
233 4247 283 4299 in
305 4261 410 4302 ms.
440 4248 656 4302 lacuna.

1828 3105 2123 3159 exclusisse
2167 3103 2236 3158 ab
2279 3103 2535 3174 ulteriore
2586 3104 2962 3174 progressione
3008 3116 3423 3174 persequentes.

1827 3175 2028 3230 Eadem
2053 3175 2224 3230 ferme
2247 3175 2495 3243 leguntur
2527 3173 2578 3226 in
2602 3175 2837 3242 epitomc
2866 3173 3119 3229 Victoris.

1902 3247 2151 3301 Evolavit.
2179 3245 2363 3300 Scribe
2384 3260 2506 3300 cum
2527 3245 2844 3316 Ileumanno
2863 3244 3105 3312 (wolavit,
3130 3261 3238 3316 quo
3259 3247 3429 3305 verbo

1830 3319 1996 3374 utitur
2023 3319 2213 3373 Cicero
2241 3317 2336 3372 lib.
2367 3331 2385 3371 ι
2413 3315 2705 3371 Tusculan.
2735 3330 2855 3386 cap.
2886 3317 2975 3382 43,
2997 3334 3076 3371 me
3100 3315 3219 3372 hinc
3243 3323 3424 3376 avola-

1830 3399 2024 3457 turum,
2057 3391 2250 3459 inquit.
2581 3456 2604 3459 _7
2641 3445 2652 3450 ,

1905 3456 2147 3515 Νιιᾶαιαὲ
2172 3461 2218 3514 ei
2259 3475 2438 3515 cursus
2467 3456 2716 3529 publicus.
2766 3458 2845 3514 ita
2893 3474 2996 3515 ms.
3028 3459 3086 3516 id
3130 3470 3234 3526 est,
3287 3463 3422 3520 nulli

1831 3541 1986 3587 erant
2008 3534 2059 3587 in
2092 3531 2609 3605 mansionibusequi
2654 3529 2851 3602 publici
2893 3532 3104 3588 cursuri
3126 3574 3142 3600 ,
3168 3534 3291 3605 quia
3321 3550 3420 3592 eos

1831 3605 2172 3659 mutilaverat
2205 3602 2609 3659 Constantinus.

1905 3673 1970 3728 Ei
2001 3675 2055 3730 In
2087 3691 2186 3730 ms.
2219 3676 2312 3738 eis,
2344 3674 2620 3729 mendose.

1907 3747 2016 3802 Εἰ..
2031 3747 2337 3816 ,ζὶηιρετίιιιη
2363 3761 2662 3819 per_ma_nus
2687 3744 2920 3819 tradidit.
2939 3744 3354 3819 Lactantiuslib.
3372 3765 3435 3819 ιι,

1835 3817 2006 3874 Divin.
2032 3815 2261 3874 Instituit.
2293 3815 2413 3887 cap.
2443 3816 2477 3870 4
2503 3834 2515 3869 :
2560 3815 2696 3871 Vixit
2728 3818 2860 3871 enim
2897 3834 3053 3888 usque
3081 3818 3151 3872 ad
3189 3815 3423 3876 senectué

1834 3900 1950 3951 tem,
1981 3905 2289 3960 regnumque
2310 3906 2398 3959 per
2424 3904 2607 3960 manus
2629 3888 2748 3960 ﬁlio
2772 3888 3008 3942 tradidit.

1909 3959 2158 4016 Militibus
2183 3961 2554 4016 commendato.
2597 3959 2729 4014 Nam
2781 3970 2836 4014 et
2880 3960 3047 4030 patris
3068 3960 3345 4016 voluntate
3372 3973 3432 4018 et

1837 4034 2063 4088 militum
2121 4049 2222 4088 una
2279 4048 2548 4088 consensu
2606 4032 2889 4101 imperium
2947 4043 3030 4087 est
3079 4043 3430 4158 cgnsecutns.

3161 4119 3282 4158 ειι..

3161 4119 3282 4159 ειι..

1911 4174 1976 4230 1η
2002 4175 2128 4230 lecto
2167 4192 2266 4247 suo
2311 4174 2546 4247 requiem
2577 4173 2692 4228 vitae
2739 4173 2952 4247 accepit.
3010 4171 3156 4247 Fasti
3201 4174 3430 4247 ldatiani

1836 4247 2153 4306 Constantio
2203 4246 2270 4302 VI
2318 4245 2386 4303 et'
2417 4246 2735 4302 Maximiano
2789 4245 2850 4299 Vl
2902 4245 3225 4301 Censulibus
3270 4265 3283 4300 :
3333 4246 3434 4302 His

213 4315 348 4390 [Vaut
394 4327 440 4373 et
476 4319 535 4372 in
562 4317 787 4374 insidiis.
833 4317 1279 4390 Praepositionem
1325 4319 1379 4372 in
1435 4317 1596 4374 habet
1627 4332 1729 4373 ms.
1838 4319 2142 4390 Consulibus
2173 4320 2306 4372 diem
2332 4318 2535 4390 functus
2566 4316 2916 4390 Constantius,
2941 4326 2986 4370 et
3026 4327 3199 4390 postea
3241 4319 3438 4375 levatus

145 4387 329 4456 codex.
958 4386 972 4390 ⁷
1760 4427 1814 4456 η
1839 4403 1912 4446 est
1933 4388 2294 4446 Constantinus
2314 4386 2405 4444 vin
2427 4387 2552 4442 Kal.
2578 4387 2813 4456 Augusti.
2836 4386 3140 4442 Chronicon
3171 4389 3384 4445 Eusebii
3412 4408 3430 4446 :

214 4455 305 4512 Dei
331 4475 522 4531 manus
551 4460 804 4515 hominem
856 4461 1168 4531 protegebat.
1223 4460 1371 4516 Idem
1404 4460 1580 4525 Lact.,
1613 4459 1731 4514 Div.
1760 4427 1814 4488 Β
1839 4427 2203 4523 δένδεαιιιὶιιε,
2225 4471 2372 4531 sexto
2403 4461 2596 4514 decimo
2639 4427 2842 4529 ii’nperii
2882 4477 3018 4514 anno
3059 4459 3192 4514 diem
3231 4427 3437 4516 obiitlin

147 4525 295 4595 lnst.,
327 4530 368 4604 _l.
402 4548 462 4599 ιι,
497 4547 547 4588 c.
575 4533 642 4588 15
673 4550 687 4587 :
719 4525 867 4599 Quos
887 4530 984 4586 Dei
1001 4525 1189 4588 manus
1234 4542 1415 4604 potens
1458 4541 1506 4586 et
1540 4530 1740 4587 excelsa
1842 4533 2130 4598 Britannia,
2153 4530 2385 4604 Eboraci
2403 4548 2421 4598 ;
2455 4525 2758 4599 ibidemque
2782 4532 3027 4603 sepultus
3056 4543 3174 4599 est,
3216 4535 3258 4587 si
3304 4549 3428 4588 vera

152 4601 382 4673 protegit.
571 4672 576 4673 ί
718 4671 732 4673 _
1235 4601 1243 4604 ⁷
1841 4613 1968 4659 sunt
1994 4619 2114 4673 qua:
2137 4602 2203 4658 de
2225 4605 2340 4672 ejus
2363 4604 2568 4658 tumulo
2594 4601 2877 4656 narrantur
2916 4618 2944 4657 a
2973 4603 3288 4658 doctissimo
3319 4605 3438 4659 viro

221 4669 422 4742 ln’ipso
451 4672 680 4729 cardine.
716 4671 772 4728 Id
799 4683 902 4742 est,
939 4675 991 4729 in
1024 4674 1140 4744 ipso
1164 4674 1393 4730 articulo
1423 4673 1508 4729 vel
1545 4673 1598 4727 in
1626 4673 1740 4743 ipsa
1843 4669 2128 4732 Guille'lmo
2157 4669 2449 4735 Catitdetto,
2477 4675 2663 4744 pagina
2703 4674 2808 4729 572
2847 4674 3156 4729 Britannim.
3190 4676 3432 4745 Contigit

158 4742 492 4800 liberationis
522 4747 960 4815 opportunitate;
1009 4742 1059 4800 iii
1110 4747 1296 4801 ultimo
1340 4755 1394 4801 et
1441 4742 1741 4800 decretorio
1845 4747 1986 4803 istud
2017 4762 2158 4801 anno
2184 4746 2376 4800 Christi
2404 4742 2575 4808 eccvf,
2610 4754 2665 4798 ut
2695 4754 2841 4801 recte
2868 4746 3124 4801 adversus
3152 4742 3432 4801 Patavium

155 4825 446 4888 momento.
478 4817 736 4872 Bauwm.
775 4819 854 4871 Ex
879 4817 1094 4888 Virgil.,
1124 4834 1141 4872 ι
1187 4817 1431 4880 Ᾱζιιθὶἀη
1459 4833 1512 4871 v.
1541 4817 1667 4871 676.
1846 4819 2122 4874 contendit
2163 4817 2408 4888 Valesius
2437 4820 2488 4870 in
2515 4818 2949 4888 annotationibus
2994 4817 3056 4870 ad
3108 4817 3434 4882 Eusebium;

226 4883 423 4958 lnjpso
444 4889 674 4941 cardine.
719 4887 808 4944 Sic
836 4883 1167 4956 Lactantius,
1200 4892 1317 4944 Div.
1350 4890 1502 4953 lnst.,
1532 4889 1570 4943 l.
1602 4905 1659 4953 ιι,
1691 4901 1741 4942 c.
1848 4903 1901 4946 et
1931 4891 2144 4958 quidem
2174 4890 2258 4944 die
2282 4904 2374 4943 vni
2395 4887 2610 4943 kalend.
2644 4890 2871 4957 augusti.
2907 4889 3108 4944 BALUZ.

162 4956 194 5006 8
216 4955 372 5030 Δτνιιὶε
397 4971 472 5013 est
497 4975 618 5029 ergo
647 4963 804 5013 cardo
828 4977 1018 5025 rerum,
1049 4961 1130 5015 hic
1151 4972 1409 5016 vertuntur
1432 4960 1622 5014 onmia.
1657 4961 1744 5014 Si-
1923 4955 2074 5015 Nihil
2094 4961 2189 5030 egit
2221 4961 2380 5030 prius,
2415 4976 2565 5029 quam
2597 4955 2911 5013 Christianos
2933 4960 3093 5013 cultui
3121 4976 3180 5013 ac
3207 4958 3314 5012 Deo
3343 4975 3440 5012 suo

163 5023 354 5106 mililcr
397 5030 492 5082 lib.
522 5023 601 5092 ui.
626 5045 677 5106 c.
702 5032 757 5099 7,
785 5040 842 5087 et
869 5023 1013 5106 libro.
1045 5034 1222 5106 delra
1254 5033 1370 5106 Dei,
1401 5046 1458 5106 c.
1485 5033 1518 5088 ϐ
1551 5049 1561 5088 ς
1593 5030 1661 5085 In
1689 5048 1747 5084 ea
1848 5033 2081 5088 reddere.
2107 5023 2180 5086 Ita
2209 5023 2312 5086 nis.
2333 5023 2855 5106 per'llellenismum.
2880 5031 3126 5106 Alioquin
3152 5029 3440 5106 legendum

161 5100 288 5150 enim
314 5113 516 5175 summa
540 5102 704 5152 omnis
731 5112 778 5154 et
806 5105 963 5157 cardo
987 5105 1252 5175 religionis
1284 5105 1586 5175 pietatisque
1631 5119 1746 5158 uer-
1851 5113 2017 5170 esset,
2045 5100 2346 5175 quantm":
2386 5101 2635 5175 redderet.
2670 5102 2980 5175 Lactantius
3022 5100 3090 5175 in
3122 5100 3439 5175 [tractatione

164 5176 315 5220 801W-
365 5167 606 5224 COLUMB.
1083 5167 1105 5175 ⁷
1284 5167 1294 5173 ’
1501 5167 1513 5175 ’
1851 5167 2012 5231 librit
2043 5167 2158 5229 Div.
2195 5173 2427 5228 lnstitut.
2459 5173 2524 5228 ad
2551 5172 2962 5230 Constantinum
2994 5187 3008 5227 :
3040 5167 3179 5225 Nam
3205 5189 3318 5225 cum
3347 5172 3438 5226 ille

236 5237 472 5312 Namque
497 5244 821 5319 swpiuscum
841 5242 1048 5319 jamdiu
1075 5259 1254 5319 necare
1272 5261 1377 5300 non
1399 5254 1582 5314 posset.
1614 5243 1778 5319 Nul-'
1853 5249 1960 5302 dies
2001 5247 2326 5319 felicissimus
2351 5245 2461 5300 orbi
2485 5254 2736 5319 terrarum
2758 5245 3172 5319 _illua:isset._quo
3209 5252 3257 5319 te
3304 5241 3446 5300 Deus

165 5308 522 5388 lum_autumo
546 5308 863 5388 vocabulum
919 5315 1267 5388 addendum;
1310 5308 1408 5388 nec
1437 5316 1751 5372 mutandum
1852 5308 2078 5376 summus
2107 5318 2174 5373 ad
2215 5317 2416 5372 beatum
2444 5318 2656 5388 Imperii
2684 5317 2882 5371 culmen
2921 5308 3116 5388 evexit,
3163 5313 3441 5388 salutarem

169 5380 253 5434 diu
275 5383 327 5436 in
376 5384 588 5460 diutius,
636 5401 814 5440 necare
851 5386 904 5441 in
933 5380 1407 5460 negare.r‘la'mdiu
1439 5389 1588 5442 illutn
1614 5388 1752 5460 clam
1855 5391 2102 5448 universis
2130 5399 2176 5445 et
2203 5388 2475 5459 optabilem
2513 5380 2858 5460 principatum
2901 5385 3149 5460 praeclaro
3172 5384 3320 5460 initio
3345 5401 3444 5460 au-

171 5467 347 5508 necare
369 5454 651 5532 voluisset2
685 5471 784 5512 nec
813 5454 1040 5532 poterat,
1072 5458 1214 5513 nulla
1259 5460 1438 5513 habita
1468 5458 1755 5515 occasione
1856 5464 2082 5532 spicatas
2107 5479 2180 5524 es,
2219 5454 2336 5515 cum
2375 5454 2605 5514 euersam
2648 5454 2993 5532 sublatumque
3011 5455 3266 5532 justitiam
3298 5455 3452 5508 redu-

171 5533 301 5600 ³1)ῑῇ
320 5542 350 5600 ὅ,
365 5527 544 5600 Palu"!
563 5527 708 5600 βηίῐη
772 5545 875 5600 ηοη
914 5531 1169 5595 ααάεῦαιὶ
1210 5545 1390 5600 Sllpl‘a-
1858 5527 1994 5600 cens,
2028 5532 2336 5586 teterrimum
2362 5533 2584 5586 aliorum
2615 5532 2815 5600 {acinus
2841 5527 3078 5600 expiasti.

212 5543 286 5593 pta
320 5543 539 5650 ;[mmm
567 5543 708 5582 enim
772 5545 875 5582 non
914 5543 1169 5595 audebat;
1210 5545 1390 5600 supra.
1858 5549 1994 5600 cens,
2028 5543 2336 5586 teterrimum
2362 5543 2584 5586 altorum
2615 5543 2815 5600 {acmus
2841 5543 3078 5593 expiasti.

212 5594 351 5677 LSigi
375 5597 502 5677 tum:
524 5597 588 5677 Id
607 5599 1022 5677 est,_ep_istol:im
1049 5600 1412 5657 dimissui-iam
1433 5599 1610 5673 sigillo
1639 5615 1758 5656 mu-
1919 5603 2092 5658 Prima
2107 5605 2216 5676 ejus
2231 5605 2444 5677 sanctio,
2462 5610 2653 5677 raucae
2670 5595 2946 5677 Religionis
2959 5600 3216 5677 restitutae.
3234 5596 3324 5677 Sic
3347 5611 3452 5677 ms.

175 5667 356 5746 uitam.
397 5668 527 5746 Vide
549 5667 1101 5746 Cangiiglossarinm.
1191 5742 1203 5746 _
1266 5741 1277 5746 _
1379 5741 1387 5746 _
1482 5667 1518 5746 '_
1859 5667 2141 5740 restitutae;
2179 5690 2274 5746 pro
2312 5672 2580 5746 restitutio.
2631 5667 2922 5746 [indicitur
2943 5667 3453 5746 niissa,pr_omissio;

242 5737 470 5818 Acceptis
516 5737 788 5818 mandatis:
825 5741 956 5810 Quae
986 5743 1068 5815 (ut
1121 5741 1398 5814 existimo)
1454 5742 1520 5800 ad
1550 5752 1758 5816 patrem
1861 5750 2044 5811 relata,
2065 5737 2161 5818 pro
2181 5737 2381 5811 relatio;
2398 5745 2640 5806 Ascensu,
2672 5756 2771 5818 pro
2803 5738 3076 5818 Ascensio;
3107 5739 3464 5818 defensa,_pro

176 5805 540 5870 Constantium
573 5811 760 5871 ferret.
836 5805 868 5810 θ’
993 5805 1005 5815 ’
1378 5805 1389 5814 ’
1550 5805 1567 5816 ”
1867 5805 2116 5893 defensio;
2143 5805 2375 5886 accessa,
2391 5831 2490 5890 pro
2515 5805 3042 5881 accessio;eacposita,
3067 5805 3472 5890 pro'ezpositio;

609 5906 1036 5984 PATROL.VH.
2721 5901 2763 5982 8
