3950 6368
533 355 640 414 239

1399 348 1586 407 FIRM.
1629 345 1997 406 LACTANTII
2036 345 2165 404 LIB.
2209 345 2298 404 DE
2337 343 2546 402 MORT.
2591 343 2974 404 PERSECUT.
3749 339 3820 398 iis

536 475 956 540 nutabant,cum
971 469 1078 538 ille,
1094 467 1257 524 fracta
1273 467 1896 538 superbia,dimissisque
1912 465 2125 530 animis,
2155 468 2211 530 Α
2237 462 2380 534 prior
2400 474 2455 519 ct
2476 463 2650 534 major
2671 463 2765 518 tilii
2790 474 3026 532 potestas
3047 467 3223 529 esset,
3248 458 3349 532 qui
3379 457 3553 515 etiam
3583 458 3714 529 patri
3731 425 3822 514 reii-

537 578 594 623 et
621 566 805 622 Severi
828 567 1027 622 exitum
1051 573 1316 629 metuens,
1342 561 1408 618 ad
1433 561 1596 633 pedes
1617 560 1846 616 militum
1863 559 2127 630 provolu-

538 672 625 718 tus
654 661 862 729 orabat,
891 675 958 716 ne
985 659 1126 715 hosti
1156 658 1481 723 traderetur,
1509 656 1683 712 donec
1725 654 2006 725 promissis
2048 654 2130 710 in-

535 755 786 826 gentibus
799 754 948 811 flexit
965 754 1174 809 animos
1190 751 1570 824 quorumdam,
1584 759 1640 807 et
1658 758 1808 806 retro
1829 750 1979 819 signa
2001 762 2131 803 con-

535 847 720 912 vertit,
741 860 805 901 ac
826 845 1004 917 fugam
1031 843 1274 914 trepidus
1309 843 1624 914 capessivit;
1668 842 1720 896 in
1749 855 1853 912 qua
1897 838 2131 910 opprimi

531 937 788 993 facillime
829 937 1022 1008 potuit,
1047 937 1093 991 si
1125 951 1249 992 cum
1275 935 1458 1006 paucis
1496 933 1761 1005 quispiam
1789 940 2128 1002 sequeretur.

529 1029 684 1097 Quod
724 1044 846 1085 cum
888 1030 1135 1096 timeret,
1179 1026 1328 1083 dedit
1371 1025 1627 1082 militibus
1673 1033 2030 1095 potestatem,
2073 1031 2134 1078 ut

528 1123 762 1192 dispersi
783 1137 946 1192 quam
970 1121 1234 1176 latissime
1253 1119 1549 1190 diriperent
1565 1121 1766 1183 omnia,
1792 1118 1874 1173 vel
1896 1131 2131 1172 corrum-

532 1224 759 1287 perent;
784 1223 844 1269 ut
879 1215 926 1269 si
957 1215 1079 1285 quis
1111 1213 1320 1284 insequi
1348 1213 1604 1268 voluisset
1626 1212 1872 1268 utensilia
1900 1229 2006 1267 non
2039 1212 2134 1266 ha-

528 1308 706 1362 beret.
748 1305 968 1362 Vastata
993 1315 1077 1361 est
1099 1306 1258 1375 igitur
1288 1320 1350 1361 ea
1377 1320 1500 1376 pars
1530 1305 1714 1371 ltaliw,
1759 1319 1866 1375 quo
1913 1304 2133 1374 pestife-

527 1416 652 1456 rum
692 1400 826 1456 illud
869 1416 1060 1471 agmen
1093 1399 1350 1456 incessit:
1377 1400 1607 1470 expilata
1636 1402 1840 1465 omnia,
1871 1401 2125 1456 mulieres

531 1503 828 1564 corruptaz,
857 1494 1096 1564 virgines
1126 1494 1359 1562 violatae,
1394 1496 1588 1550 extorti
1632 1506 1886 1565 parentes
1929 1504 1984 1551 et
2014 1511 2131 1550 ma-

529 1588 640 1652 riti,
665 1599 724 1642 ut
761 1588 917 1655 tilias,
961 1597 1020 1643 ut
1046 1589 1339 1659 conjuges,
1380 1599 1437 1644 ut
1472 1605 1604 1660 epes
1644 1607 1771 1646 suas
1820 1591 2130 1662 proderent.

527 1683 752 1738 Abactte
773 1691 1026 1752 tanquam
1063 1681 1130 1738 de
1154 1683 1396 1739 barbaris
1419 1686 1619 1756 praedae
1647 1700 1901 1756 pecorum
1939 1702 2003 1741 ac
2037 1688 2128 1756 jn-

526 1786 852 1831 mentorum.
889 1777 999 1832 Hoc
1019 1776 1182 1832 modo
1204 1792 1265 1833 se
1299 1778 1364 1832 ad
1403 1777 1558 1833 sedes
1580 1793 1706 1832 suas
1734 1779 1972 1850 recepit,
2003 1794 2127 1835 cum

527 1869 806 1926 Romanus
830 1870 1099 1941 quondam
1127 1870 1444 1941 Imperator,
1474 1886 1617 1926 nunc
1640 1871 2126 1942 populatorltaliaa,
2160 1880 2209 1941 Β

526 1963 798 2020 hostiliter
819 1965 1068 2020 universa
1089 1975 1357 2019 vexasset.
1384 1963 1524 2019 Olim
1549 1964 1769 2034 quidem
1799 1966 1910 2032 ille,
1947 1980 2003 2020 ut
2029 1981 2128 2021 no-

522 2073 650 2113 men
684 2057 1024 2128 imperatoris
1051 2065 1356 2126 acceperat,
1385 2058 1589 2112 hostem
1616 2073 1674 2112 se
1705 2057 1932 2112 Romani
1956 2059 2130 2112 norni-

527 2151 616 2204 nis
635 2160 752 2204 erat
795 2148 1090 2218 professus,
1121 2148 1277 2218 cujus
1319 2147 1530 2208 titulum
1573 2149 1841 2204 immutari
1881 2149 2124 2216 volebat;

527 2251 588 2296 ut
630 2257 741 2297 non
767 2257 1053 2297 romanum
1101 2241 1406 2312 imperium,
1460 2241 1555 2296 sed
1600 2240 1881 2296 Daciscum
1925 2257 2128 2312 cogno-

527 2333 847 2390 minaretur.

1225 2424 1464 2482 XXVIII.

602 2540 731 2597 Post
761 2539 923 2612 hujus
943 2540 1145 2613 fogam,
1169 2554 1291 2596 cum
1313 2556 1374 2596 se
1404 2541 1755 2597 Maximianus
1779 2541 1916 2598 alter
1935 2557 1966 2599 e
2005 2539 2135 2598 Gal-

534 2634 606 2689 lia
637 2636 955 2703 recepisset,
973 2633 1203 2688 habebat
1228 2633 1511 2704 imperium
1535 2649 1824 2689 commune
1849 2649 1976 2689 cum
2001 2635 2133 2690 lilio.

546 2727 654 2783 Sed
676 2726 864 2797 juveni
894 2727 1064 2796 magis
1096 2726 1400 2797 parebatur,
1435 2741 1594 2796 quam
1617 2727 1756 2794 seni,
1788 2726 1988 2798 quippe
2013 2742 2136 2781 cum

2231 555 2440 610 diderat
2469 556 2773 626 imperium.
2791 554 3024 610 Ferebat
3051 555 3245 625 iniquo
3277 553 3475 608 animo
3497 567 3687 616 senex,
3713 559 3818 621 quot

2232 664 2342 704 non
2372 657 2556 720 posset
2582 648 2752 704 libere
2778 646 2957 704 facere
2989 648 3133 720 quod
3171 647 3370 716 vellet,
3397 656 3460 702 et
3488 646 3604 701 filio
3621 661 3714 701 suo
3733 661 3819 715 pue-

2236 743 2324 799 rili
2354 742 2699 797 aemulatione
2741 740 3034 798 invidebat.
3077 741 3376 813 Cogitabat
3427 755 3568 811 ergo
3595 741 3824 810 expellere

2233 836 2666 903 adolescentem,
2702 847 2760 892 ut
2781 836 2884 892 sibi
2925 852 3023 892 sua
3046 835 3380 892 vindicaret.
3413 834 3582 904 Quod
3607 834 3750 891 facile
3772 838 3823 889 ri-

2233 929 2418 997 batur,
2446 931 2571 1000 quia
2600 928 2798 985 milites
2825 938 2980 985 erant
3006 927 3135 1004 [sui]
3176 931 3266 1001 qui
3309 930 3596 986 Severum
3640 931 3824 1000 relique-

2231 1032 2376 1078 rant.
2406 1021 2705 1078 Advocavit
2732 1021 2988 1092 populum
3015 1036 3080 1078 ac
3103 1021 3328 1086 milites,
3354 1023 3524 1091 quasi
3551 1021 3824 1076 conciam

2233 1115 2303 1171 de
2330 1115 2690 1186 presentibus
2741 1115 3048 1186 reipublicae
3076 1115 3232 1170 malis
3278 1115 3611 1171 habiturus.
3645 1114 3720 1170 De
3745 1116 3826 1183 qui—

2233 1209 2334 1266 bus
2360 1225 2484 1266 cum
2537 1211 2702 1265 multa
2747 1209 2994 1277 dixisset,
3016 1209 3289 1266 convertit
3317 1210 3391 1265 ad
3427 1210 3614 1265 tilium
3643 1225 3822 1273 manus;

2233 1316 2289 1362 et
2317 1306 2468 1360 illum
2490 1319 2612 1361 esse
2635 1304 2822 1359 dicens
2835 1312 3112 1361 auctorem
3139 1304 3440 1371 malorum,
3460 1303 3630 1359 illum
3663 1305 3820 1374 prince

2233 1411 2358 1468 pem
2385 1396 2774 1463 calamitatum,
2806 1410 2941 1465 quas
2989 1394 3296 1466 respublica
3352 1397 3693 1458 sustineret.
3723 1396 3818 1449 diri-

2235 1492 2352 1560 puit
2379 1489 2449 1544 ab
2478 1489 2719 1544 humeris
2749 1488 2866 1558 ejus
2892 1503 3205 1558 purpuram.
3233 1487 3453 1543 Exutus
3487 1488 3588 1542 ille
3622 1489 3823 1558 pracipi

2235 1592 2348 1640 tem
2369 1597 2429 1639 se
2459 1583 2528 1639 de
2559 1583 2814 1639 tribunali
2841 1583 3013 1650 dedit,
3047 1595 3104 1640 et
3126 1600 3156 1639 a
3177 1584 3451 1640 militibus
3470 1595 3822 1656 exceptusest

2232 1675 2476 1744 Quorum
2497 1677 2574 1730 ira
2589 1685 2644 1731 et
2667 1676 2905 1732 clamore
2933 1677 3280 1746 perturbatus
3307 1688 3399 1733 est
3442 1692 3631 1735 senex
3653 1681 3823 1750 impius,

2234 1781 2289 1825 et
2310 1769 2379 1824 ab
2399 1768 2531 1824 urbe
2548 1767 2744 1836 Roma,
2760 1777 3011 1840 tanquam
3023 1769 3303 1841 Superbus
3315 1771 3490 1838 alter,
3515 1784 3740 1829 exactus
3755 1781 3823 1826 est.

2930 1887 3123 1942 XXIX.

2308 1977 2545 2036 Rediens
2574 1993 2764 2036 rursus
2786 1979 2839 2036 in
2867 1979 3089 2046 Gallias,
3121 1979 3212 2036 ubi
3260 1979 3631 2052 aliquantum
3681 1995 3822 2036 mon-

2237 2083 2325 2130 tus
2349 2084 2448 2142 est,
2485 2073 2760 2146 profectus
2789 2074 2855 2130 ad
2911 2076 3119 2130 hostem
3167 2074 3266 2129 filii
3312 2077 3399 2130 sui
3432 2075 3815 2134 Maximianua.

2236 2168 2389 2238 quasi
2420 2176 2480 2222 ut
2505 2167 2572 2224 de
2597 2167 2976 2238 componendo
3032 2167 3344 2239 reipubliczn
3367 2177 3524 2223 statu
3561 2179 3622 2225 et
3647 2185 3758 2225 cum
3780 2183 3822 2224 eo

2239 2258 2578 2330 disputaret;
2623 2275 2682 2316 re
2710 2271 2887 2315 autem
2920 2273 3045 2316 vera
3095 2271 3152 2315 ut
3182 2261 3330 2314 illum
3361 2276 3469 2332 per
3520 2265 3826 2317 occasiones

2241 2355 2704 2410 reconciliationis
2731 2353 3024 2419 occideret,
3075 2366 3138 2408 ac
3185 2368 3417 2423 regnum
3463 2354 3599 2423 ejus
3631 2365 3822 2412 tenet-et.

2239 2448 2492 2503 exclusus
2517 2463 2546 2502 a
2579 2463 2699 2512 suo,
2724 2461 3064 2518 quocumque
3088 2447 3349 2502 venisset.
3383 2446 3610 2503 Aderat
3635 2449 3712 2504 ibi
3739 2449 3824 2502 Dio-

2241 2544 2376 2606 cles,
2401 2555 2429 2593 a
2460 2554 2662 2611 genero
2691 2554 2866 2610 nuper
2895 2539 3119 2605 accitus,
3150 2548 3206 2592 ut
3227 2538 3374 2610 quod
3401 2549 3544 2596 ante
3575 2556 3689 2596 non
3724 2541 3828 2594 fere

2240 2643 2344 2700 rat,
2376 2644 2646 2704 prmsente
2673 2633 2764 2688 illo
2796 2633 3080 2703 imperium
3110 2632 3322 2688 Licinio
3343 2632 3532 2701 daret,
3567 2635 3825 2690 substituto

2240 2725 2298 2781 in
2321 2725 2506 2781 Severi
2535 2725 2674 2780 loco.
2707 2724 2892 2796 Itaque
2940 2725 2998 2780 lit
3041 2733 3276 2795 utroque
3305 2735 3614 2794 praesente.
3649 2729 3736 2784 Sic
3759 2742 3830 2781 um

1894 2839 2257 2900 VARIORUM
2295 2839 2530 2897 NOTAE.

530 2983 765 3055 gendum
791 2981 1184 3055 Imperatorem.
1217 2977 1351 3034 Vide
1392 2977 1551 3045 infra,
1595 2977 1717 3049 quia
1743 2977 1930 3034 milites
1969 2985 2137 3045 erant,

531 3053 619 3126 qui
661 3053 903 3111 Seuerum
934 3053 1267 3126 reliquerant.

607 3126 898 3182 Nutabant.
926 3126 1049 3191 Ms.,
1081 3123 1429 3178 mutabantur.

603 3197 940 3268 Dimissisque
959 3197 1164 3268 animis.
1182 3194 1345 3268 Forte
1359 3193 1665 3264 legendum,
1681 3193 2009 3268 demissisque
2027 3193 2139 3248 ani-

535 3269 721 3333 mis,id
737 3279 839 3337 est,
858 3265 1102 3338 abjectis.
1129 3267 1204 3320 Ita
1216 3265 1408 3322 Cicero
1426 3268 1587 3338 variis
1618 3267 1670 3320 in
1685 3267 1838 3322 locis.
1853 3265 2134 3322 Atustov.

609 3339 699 3394 Et.
736 3339 817 3394 Ex
847 3337 950 3394 ms.
976 3338 1069 3394 sed
1093 3339 1352 3392 omissum
1379 3338 1432 3392 in
1456 3337 1634 3392 editis.

609 3409 786 3466 Flexit
807 3412 1004 3464 animos
1032 3408 1392 3478 quorumdam.
1425 3408 1550 3476 δίδη
1580 3409 1704 3474 felix
1746 3409 1949 3462 animus
2003 3423 2136 3479 quo-

536 3499 675 3537 runt.
703 3481 949 3536 Editores
974 3489 1331 3548 reposuerunt
1379 3481 1520 3548 flexit
1551 3481 1750 3533 animos
1799 3495 1997 3534 eorum.
2030 3481 2140 3550 Ego

580 3550 793 3608 onendo
813 3550 1168 3621 quorumdam,
1197 3552 1432 3621 iperstiti
1461 3553 1512 3604 in
1538 3550 1890 3620 nianuscripti
1934 3550 2141 3605 codicis

580 3570 793 3608 onenuo
813 3570 1168 3621 quorumdam,
1223 3570 1432 3619 pCI'Sllll
1462 3570 1512 3604 III
1538 3570 1890 3620 ntanuscrtptt
1934 3570 2140 3605 COUICIS

537 3570 778 3680 rectione
808 3637 968 3677 unam
998 3620 1246 3676 addendo
1273 3621 1534 3691 syllabam
1557 3639 1572 3687 ;
1600 3637 1829 3692 eamque
1862 3635 2049 3677 vocent
2077 3637 2140 3676 ac

540 3695 830 3752 lectionem
856 3692 1146 3763 genuinam
1181 3701 1335 3762 puto.

619 3761 1063 3837 Opprimi'potuit.
1096 3761 1199 3818 Pro
1249 3761 1534 3837 potuisset.
1565 3761 1655 3837 Sic
1701 3761 1796 3817 lib.
1847 3775 1911 3837 γι
1938 3761 2140 3837 Insti_t_._,

542 3833 761 3908 capiﬂ
789 3854 802 3890 :
834 3835 1006 3908 potuit
1052 3848 1190 3908 esse
1222 3849 1382 3888 verus
1440 3834 1531 3908 Dei
1561 3835 1765 3900 cultor,
1787 3905 1797 3908 _
1817 3833 1861 3888 si
1891 3833 2015 3908 quis
2065 3833 2143 3888 illi

541 3903 922 3966 monstrasset.
951 3904 1111 3961 Conf.
1138 3903 1230 3959 lib.
1269 3920 1326 3971 ιι,
1356 3918 1475 3971 cap.
1506 3907 1557 3969 4,
1589 3905 1838 3974 oportuit.
1933 3904 2066 3960 Bux.

622 3978 876 4036 Utensilia
906 3994 1008 4032 non
1032 3975 1253 4033 haberet.
1287 3975 1538 4030 Utensilia
1569 3985 1694 4030 sunt
1722 3975 1947 4043 cibaria,
1972 3976 2143 4048 cOpiae

543 4054 708 4108 vietui
740 4049 1103 4106 necessariae"

622 4123 758 4190 Quo.
787 4120 1088 4191 Qua,juxta
1118 4117 1432 4191 Tolliumet
1459 4117 1854 4191 Heumannum.

538 4227 548 4248 ι
617 4189 691 4249 Se
717 4194 784 4247 ad
803 4209 922 4247 suas
941 4189 1087 4247 sedes
1116 4193 1323 4261 recepit.
1357 4189 1710 4245 Maximianus
1736 4189 2006 4246 Galerius.

629 4263 889 4318 Vexasset.
920 4263 1166 4318 Balnzius
1216 4271 1365 4332 putat
1397 4261 1678 4332 legendum
1711 4276 1833 4316 esse
1875 4271 2140 4317 vastasset.

547 4337 799 4406 Attamen
829 4334 966 4388 infra
994 4351 1144 4390 num.
1180 4350 1311 4389 xxxi
1340 4333 1470 4389 dicit
1498 4345 1687 4388 auctor
1720 4335 2035 4389 vexationem
2057 4352 2145 4406 ge-

545 4407 682 4461 neris
702 4405 930 4458 humani.
2055 4451 2059 4456 .

623 4475 918 4547 Daciscum.
939 4473 1029 4547 Sic
1040 4475 1174 4547 lego
1202 4490 1322 4531 cum
1353 4477 1743 4545 manuscripto,
1776 4486 1834 4529 ut
1860 4475 2000 4547 apud
2027 4475 2142 4532 Vo-

527 4544 759 4618 'piscum
793 4547 844 4600 in
872 4544 1183 4618 Aureliano,
1217 4562 1337 4618 cap.
1365 4549 1456 4610 38,
1483 4565 1586 4601 non
1629 4544 1909 4612 Dacicum,
1943 4556 2000 4601 ut
2045 4550 2144 4602 ha-

553 4615 687 4674 bent
712 4618 892 4687 plures
917 4615 1066 4671 editi.
1097 4615 1392 4684 Daciscum,
1425 4619 1567 4688 quod
1597 4620 1710 4688 ipsc
1733 4629 1888 4672 natus
1916 4627 2061 4674 esset
2081 4635 2150 4674 ex

553 4689 981 4814 Ddﬁzazimianus
1003 4757 1156 4827 alter.
1177 4756 1412 4827 Scilicet,
1447 4759 1749 4814 Herculius.

627 4829 821 4885 Gallia.
845 4830 902 4884 In
932 4844 1034 4885 ms.
1062 4826 1228 4884 Gallie
1249 4846 1267 4884 :
1285 4831 1377 4885 sed
1399 4826 1681 4886 mendose.

625 4898 757 4958 Cum
779 4903 922 4972 prior
941 4910 989 4972 et
1014 4900 1203 4972 major.
1237 4900 1602 4958 Heumannus.
1634 4901 1760 4956 Cum
1782 4903 1923 4972 prior
1944 4910 2071 4960 esset
2100 4911 2148 4959 et

555 4975 742 5046 major.
777 4971 848 5046 At
875 4971 1004 5028 alibi
1033 4986 1245 5046 quoque
1266 4971 1790 5046 omisitLactantius’
1812 4977 2148 5044 prmcedentc

558 5044 674 5101 cum
705 5045 927 5116 verbum
979 5044 1389 5099 substantivum.
1416 5045 1575 5101 Conl.
1635 5045 1729 5101 lib.
1761 5062 1834 5101 vn
1885 5047 2142 5116 Institut.,

549 5134 675 5188 cap.
698 5115 756 5172 2.
1284 5185 1293 5188 _
1425 5185 1458 5188 μ
1619 5186 1629 5188 Α
1796 5117 1930 5172 Bun.

629 5187 758 5242 Filii
809 5193 1032 5258 potestas
1063 5194 1221 5259 esset.
1266 5185 1464 5259 Addidi
1518 5186 1957 5259 verbumresset,
2003 5189 2146 5259 quod

548 5257 702 5315 deest
724 5261 776 5314 in
805 5257 1193 5328 manuscripto,
1226 5258 1319 5313 sed
1345 5260 1650 5313 necessario
1675 5258 1999 5314 addendum.

629 5331 728 5396 Qui
747 5331 920 5386 etiam.
943 5329 1000 5384 In
1033 5344 1136 5384 ms.
1165 5329 1351 5386 codice
1379 5339 1462 5384 est
1486 5339 1532 5383 et
1553 5345 1633 5382 ea.

631 5402 801 5468 Quod.
835 5402 956 5466 Ms.,
985 5417 1128 5471 quos,
1154 5401 1446 5471 mendose;
1479 5399 1621 5455 forte
1644 5415 1759 5464 qua:
1777 5400 1942 5456 uellet.

628 5472 822 5528 Milites
844 5470 1107 5528 erantstti.
1157 5470 1394 5538 Scilicet,
1440 5471 1745 5526 Maximiani
1785 5471 2016 5528 llcrculii
2044 5472 2148 5529 Im-

554 5545 842 5610 peratoris.
872 5543 1005 5600 Cum
1027 5543 1249 5599 doctiss.
1279 5544 1406 5598 viris
1433 5543 1584 5599 Gisb.
1613 5543 1827 5611 Cupero
1880 5557 1932 5598 et
1980 5545 2147 5600 Paulo

554 5611 776 5684 Bauldri
820 5615 959 5670 addo
987 5617 1090 5681 sui,
1121 5623 1177 5670 et
1221 5629 1414 5671 sensus
1441 5615 1664 5669 omnino
1695 5615 1946 5684 postulat,
1983 5627 2039 5669 ut
2069 5617 2148 5673 sic

554 5683 795 5756 legatur;
815 5686 975 5756 idque
991 5702 1174 5742 verum
1198 5700 1319 5743 esse
1350 5695 1496 5756 patet
1525 5702 1595 5741 ex
1627 5683 1801 5756 capite
1827 5688 1894 5740 44
1916 5694 1970 5740 et
1999 5689 2148 5741 sitni-

555 5753 726 5829 litudo
753 5753 1045 5829 litterarum
1095 5759 1192 5824 sui,
1237 5769 1292 5814 ct
1337 5753 1444 5829 qui,
1482 5753 1840 5813 vocetn'cam
1883 5761 2147 5814 extricare

547 5827 745 5892 potuit.
775 5825 858 5881 Ea:
881 5827 1118 5884 CUPBBO.

626 5896 896 5956 Auctorem
941 5900 1214 5968 malorum,
1269 5903 1551 5976 principem
1580 5899 1951 5961 calamitatum.
2007 5899 2140 5963 Item

2244 2975 2554 3033 Lactantius
2579 2978 2814 3053 Epitom.
2845 2992 2968 3053 cap.
2993 2977 3094 3033 72:
3122 2977 3150 3032 1
3156 2995 3245 3049 pse
3267 2978 3579 3036 dir-manum
3611 2981 3830 3053 princeps

2245 3060 2426 3103 auctor
2447 3061 2494 3104 et
2517 3051 2839 3105 machinator
2866 3052 3142 3105 malorum.

2168 3088 2215 3152 (ἶ
2245 3088 2470 3194 ’Ὗὸἷίαὲ
2477 3088 2808 3194 ’ἑὲἔρἱὶῐὶἔὲ
2814 3088 2826 3104 ⁷
2846 3088 3142 3176 ιὶὶέῑὲἵιὶῖέἱῖ
3163 3121 3415 3179 Lactant.
3468 3123 3600 3178 Div.
3636 3125 3828 3180 Institut.

2244 3192 2335 3266 lib.
2367 3208 2438 3266 vt,
2467 3191 2603 3262 capI
2628 3195 2661 3250 8
2687 3209 2702 3247 :
2729 3191 2876 3247 Mala
2905 3195 3075 3247 omnia
3124 3197 3418 3266 sustinere;
3481 3206 3543 3250 et
3601 3212 3723 3266 cap.
3752 3195 3803 3251 l8

2243 3263 2608 3336 Sustineamus
2653 3267 2888 3333 inuicem,
2916 3276 2963 3319 et
2997 3266 3134 3319 mala
3161 3265 3317 3336 hujus
3341 3266 3466 3320 uitta
3497 3263 3699 3323 mutuis
3718 3271 3831 3336 adja-

2240 3335 2422 3406 ntentis
2449 3340 2787 3406 perferamus.
3227 3335 3233 3336 ί
3463 3336 3721 3394 Cowus.

2313 3405 2548 3476 Diripuit
2576 3408 2638 3479 ab
2664 3407 2885 3461 humeris
2914 3409 3023 3477 ejus
3066 3424 3376 3479 purpuram.
3417 3407 3500 3462 Ita
3535 3427 3644 3464 ms.
3682 3411 3829 3464 Dicet.»

2245 3478 2373 3533 dum
2408 3479 2546 3532 foret
2577 3478 2824 3547 deripuit,
2851 3479 2899 3532 id
2930 3487 3032 3546 est,
3067 3478 3134 3533 de
3170 3478 3421 3548 corpore
3475 3479 3578 3535 filii
3601 3482 3826 3536 detrax:~;

2243 3560 2576 3676 autiaconthria
2601 3552 2823 3619 diripere
2847 3550 3114 3620 signiticet
3160 3553 3213 3605 in
3241 3555 3412 3621 frusta
3462 3555 3755 3609 concidere.
3780 3552 3828 3605 lu

2293 3637 2340 3675 v1
2386 3661 2398 3674 .
2425 3636 2477 3675 tv
2555 3630 2653 3676 ct..

2243 3621 2398 3676 Ovid.
2425 3636 2477 3675 tv
2503 3621 2653 3689 Mct.,

2497 3738 2508 3748 .
2551 3739 2561 3749 .
2604 3738 2616 3749 .
2656 3735 2669 3750 .
2711 3739 2724 3753 .
2759 3698 2999 3763 velamina
3020 3697 3218 3763 Progne

2431 3762 2648 3828 Diripuit
2673 3775 2738 3814 ex
2762 3762 2998 3828 humeris.

2890 3825 2974 3880 Ex
3002 3825 3241 3882 Corano.

2318 3908 2540 3964 Exutus.
2577 3908 2635 3964 In
2656 3923 2788 3977 ms.,
2817 3919 3046 3964 exsutus.

2320 3979 2588 4052 Tanquam
2642 3979 2911 4048 Superbus
2949 3980 3102 4052 alter,
3132 3987 3339 4035 exactus
3385 3989 3487 4039 est.
3519 3983 3582 4040 Id
3614 3992 3698 4042 est
3725 3983 3830 4039 Tar-

2249 4053 2466 4123 quinius
2489 4052 2787 4122 Superbus,
2817 4052 2932 4106 ltex
2951 4051 3323 4108 Romanorum
3349 4053 3608 4111 ultimus.
3639 4057 3831 4112 lactan-

2246 4125 2352 4179 tius
2398 4123 2490 4178 lib.
2545 4139 2597 4178 tv
2647 4123 2908 4192 Institut.,
2954 4138 3074 4194 cap.
3111 4125 3210 4179 II:
3242 4123 3568 4196 Tarquinius
3616 4129 3830 4198 superbus

2246 4206 2454 4250 exactus
2474 4206 2568 4248 est.
3503 4198 3713 4254 Batus.

2325 4267 2404 4320 Ad
2456 4267 2650 4320 hostem
2675 4265 2776 4335 ﬁlii
2819 4266 2900 4320 sui
2940 4264 3340 4322 Maximianum.
3373 4267 3430 4322 Id
3456 4281 3545 4324 εει
3570 4269 3829 4326 Herculius

2247 4337 2612 4409 proficiscitur
2643 4338 2709 4392 ad
2741 4337 3013 4393 Galerium
3033 4337 3125 4392 lilii
3151 4339 3232 4392 sui
3256 4339 3490 4394 hostem.

2319 4407 2386 4462 Et
2409 4424 2523 4462 cum
2552 4425 2610 4463 eo
2635 4409 2936 4479 disputaret.
2965 4409 3056 4465 Sic
3079 4425 3181 4464 ms.
3211 4411 3338 4465 editi
3366 4411 3632 4466 omittunt
3663 4421 3708 4465 et
3726 4451 3741 4469 .
3768 4409 3828 4461 id-

2257 4495 2361 4550 que
2381 4480 2877 4551 bene._Disputaret,
2903 4479 2954 4535 id
2980 4481 3530 4546 est,conferret,cum
3555 4498 3626 4538 eo
3651 4492 3827 4551 ageret.

2173 4556 2228 4618 D
2259 4549 2356 4623 Sic;
2377 4552 2516 4621 apud
2533 4549 2850 4607 Ciceronem
2879 4567 2916 4606 ιι
2940 4551 3156 4621 Famil.,
3187 4553 3244 4618 8,
3272 4561 3326 4608 et
3346 4553 3500 4608 Orat.
3526 4569 3628 4623 pro
3661 4549 3826 4623 Catio.

2329 4621 2431 4676 Per
2463 4624 2776 4677 occasionem
2805 4625 3252 4679 reconciliationis.
3289 4621 3595 4692 Propositio
3649 4640 3735 4690 per
3761 4622 3827 4675 hic

2251 4693 2454 4765 aliquid
2485 4695 2718 4765 antiquae
2745 4694 3024 4765 elegantia!
3063 4696 3320 4760 continet,
3345 4697 3423 4749 uti
3471 4696 3616 4765 apud
3645 4695 3824 4750 Livium

2251 4776 2308 4821 et
2328 4764 2588 4821 Senecam
2617 4764 2716 4837 per
2745 4764 2918 4833 fidem,
2961 4766 3101 4832 quod
3140 4765 3341 4822 Caesari
3368 4768 3484 4822 sive
3515 4764 3690 4821 Hirtio
3715 4783 3823 4834 quo-

2250 4852 2357 4964 q.t:e
2385 4837 2576 4893 Davies
2601 4837 2668 4891 ad
2695 4837 2789 4892 lib.
2833 4853 2921 4893 vtn
2948 4837 3112 4905 Gall.,
3143 4852 3263 4908 cap.
3295 4837 3389 4905 48,
3521 4839 3576 4903 '5,
3607 4838 3820 4892 vindica-

2250 4924 2298 4964 γι
2330 4948 2344 4962 .
3475 4925 3564 4964 un.

2247 4911 2344 4964 vit.
3428 4911 3564 4964 Bon.

2325 4979 2657 5050 Quocumque
2685 4979 2919 5035 uenisset.
2945 4981 3159 5036 Aderat.
3185 4979 3571 5034 Bunemannus
3586 4992 3713 5033 vero
3735 4991 3822 5050 non

2324 5052 2403 5106 nit
2427 5049 2680 5120 punctum
2713 5063 2833 5121 post
2869 5055 3103 5117 uenisset,
3135 5060 3190 5106 et
3239 5052 3378 5105 hunc
3410 5052 3590 5104 locum
3646 5050 3717 5103 sic
3746 5049 3821 5102 ba-

2287 5133 2338 5178 et
2355 5123 2720 5195 :Quocumque
2729 5123 2941 5195 uenisset
2951 5125 3152 5195 aderat,
3166 5133 3296 5195 etc,
3317 5131 3821 5195 notamquesequen-

2250 5203 2358 5248 tem
2373 5190 2552 5250 addit.
2587 5190 2658 5234 -Ᾰ-
2681 5191 2912 5248 Criticus
2941 5209 3104 5249 anon.
3137 5194 3207 5247 ita
3238 5190 3562 5262 distinguit:
3585 5190 3817 5246 Eat-tusus

2249 5281 2281 5318 a
2314 5283 2427 5326 suo.
2491 5278 2821 5335 Quocumque
2849 5266 3086 5331 uenisset,
3141 5263 3318 5318 aderat
3362 5265 3437 5318 ibi
3467 5263 3815 5318 Diocletianus.

2251 5335 2434 5391 Placet
2459 5337 2779 5391 Heumanno
2793 5344 2849 5393 et
2866 5337 3018 5392 mihi.
3569 5335 3699 5390 BDN.

2322 5407 2512 5462 Aderat
2541 5408 2610 5462 ibi
2629 5406 2856 5464 Diocles.
2886 5407 3041 5479 Apud
3061 5405 3438 5479 Maximianum
3459 5403 3726 5461 Galerium
3742 5417 3817 5472 ge-

2249 5491 2441 5533 nerum
2466 5494 2642 5548 suum,
2663 5495 2692 5532 a
2723 5495 2830 5549 quo
2859 5477 3031 5549 nuper
3058 5477 3228 5533 fuerat
3258 5480 3483 5549 accitus.

2324 5545 2634 5622 substituto.
2660 5549 2722 5605 In
2741 5545 2845 5606 ins.
2877 5545 3056 5622 potest
3076 5551 3177 5620 legi
3216 5548 3513 5614 substituto,
3540 5556 3632 5602 aut
3677 5545 3813 5600 etiam

2248 5620 2603 5675 substitutum.

2323 5689 2388 5743 In
2419 5691 2592 5745 Severi
2619 5692 2750 5746 loco.
2793 5691 2883 5747 Sic
2904 5707 3006 5748 ms.
3041 5691 3190 5747 Docti
3239 5689 3446 5744 malunt
3491 5686 3812 5751 scriberem:

2252 5760 2425 5834 Seueri
2453 5762 2619 5816 locum
2642 5780 2660 5817 :
2689 5761 2783 5817 sed
2808 5772 3032 5834 utraque
3061 5764 3220 5818 lectio
3240 5761 3454 5834 defendi
3487 5771 3684 5832 potest.

2327 5831 2554 5902 Utroque
2595 5845 2861 5904 prwsente.
2909 5831 3239 5894 Diocletiano
3278 5831 3555 5902 nimirum,
3615 5840 3669 5890 et
3705 5836 3814 5886 scut

2251 5903 2573 5963 Maximiano
2598 5903 2874 5963 Herculio.
