3950 6368
45 290 50 294 '
88 268 226 331 241

1308 276 1398 332 AD
1437 274 1764 334 DONATUM
1800 275 2322 336 CONFESSOBEM.

3341 287 3453 346 242

104 394 399 458 tempore
429 402 526 444 sex
584 388 818 446 fuerunt.
863 390 1038 460 Quare
1083 388 1350 460 impeditis
1395 391 1636 446 consiliis
1666 407 1752 448 se-
1777 395 1832 456 Α
1856 393 1935 450 dit
1959 395 2164 452 scelera
2193 413 2313 468 quin
2356 399 2502 469 fecit,
2535 399 2834 460 detrahitur
2884 402 2936 462 ei
2966 403 3152 474 vestis,
3182 412 3238 464 et
3265 407 3446 466 incre-

96 494 232 534 ncx
260 479 634 536 Maximianus
662 482 869 538 tertiam
917 497 1128 554 quoque
1156 480 1332 553 fugam
1365 483 1688 540 moliebatur
1719 503 1736 542 :

97 572 273 628 redit
307 573 364 628 in
396 572 630 630 Galliam
663 577 852 646 plenus
883 576 1033 629 mala:
1059 575 1397 647 cogitationis
1457 593 1520 634 ac
1569 579 1742 636 scele-

41 681 44 684 '
98 667 223 734 ris,
265 675 328 720 ut
378 664 796 723 Constantinum
836 670 1216 739 imperatorem
1270 684 1528 739 generum
1558 686 1739 739 suum,

101 757 331 827 generi
367 756 562 825 lilium,
595 758 722 815 dolo
749 759 888 815 malo
913 760 1360 827 circumveniret;
1388 771 1444 816 et
1473 770 1530 818 ut
1560 770 1744 832 posset

110 851 362 919 fallere,
392 855 615 922 deponit
645 855 844 934 regiam
873 863 1096 909 vestem.
1129 853 1456 910 Francorum
1505 869 1654 926 gens.
1687 855 1743 913 in

108 949 308 1004 armis
339 957 479 1004 erat.
507 948 802 1004 Persuadet
827 948 956 1004 nihil
983 947 1297 1020 suspicanti,
1322 964 1390 1004 ne
1415 964 1631 1004 omnem
1654 963 1742 1006 se-

105 1055 253 1097 cum
285 1043 587 1098 exercitum
616 1041 858 1107 duceret,
885 1041 1068 1111 paucis
1122 1040 1382 1096 militibus
1408 1056 1569 1112 posse
1609 1042 1742 1098 bar-

110 1133 303 1190 baros
326 1133 620 1200 debellari;
654 1143 710 1187 ut
753 1141 805 1188 et
834 1132 948 1203 ipse
980 1133 1202 1190 haberet
1225 1133 1519 1188 exercitum
1538 1175 1552 1201 ,
1577 1148 1742 1205 quem

111 1236 456 1297 occuparet,
475 1236 530 1282 et
550 1225 646 1280 ille
664 1225 892 1296 opprimi
921 1236 1102 1297 posset
1128 1224 1198 1280 ob
1225 1223 1456 1280 militum
1496 1226 1741 1295 paucita-

118 1326 273 1373 tem.
301 1317 488 1373 Credit
509 1317 850 1384 adolescens,
882 1325 942 1372 ut
971 1317 1162 1388 perito,
1193 1331 1255 1372 ac
1294 1318 1409 1372 seni
1435 1333 1449 1381 ;
1485 1326 1652 1388 paret,
1683 1325 1742 1374 ut

126 1409 778 1481 socerozproticiscitur,
825 1409 1013 1465 relicta
1051 1409 1279 1464 militum
1309 1420 1460 1480 parte
1512 1410 1738 1479 majore.

117 1503 251 1572 Ille,
289 1505 475 1574 paucis
519 1503 710 1559 diebus
764 1503 1083 1574 expectatis,
1125 1519 1246 1559 cum
1273 1505 1384 1575 jam
1430 1503 1741 1561 Constanti-

119 1612 269 1652 num
302 1597 592 1652 testimaret
641 1597 874 1653 intrasse
924 1598 1060 1653 lines
1101 1598 1480 1663 barbarorum,
1515 1608 1742 1669 repente

126 1703 436 1758 purpuram
469 1690 652 1756 sumit,
689 1689 972 1744 thesauros
997 1690 1221 1758 invadit,
1267 1691 1453 1758 donat,
1486 1700 1544 1746 ut
1569 1694 1730 1756 solet,

1843 488 1958 559 pito
1988 489 2099 545 vita
2127 489 2377 549 donatur.

2560 585 2730 642 XXX.
2764 591 2772 618 ‘

1913 675 2003 731 Sic
2030 678 2230 732 amisso
2256 677 2594 747 imperatoris
2621 696 2685 736 ac
2718 684 2890 738 soceri
2919 683 3144 748 honore,
3177 682 3445 738 humilita-

1844 768 1912 826 tis
1942 768 2224 838 impatiens
2248 810 2262 835 ,
2307 770 2440 826 alias
2489 787 2675 828 rursus
2717 774 2938 832 insidias
2976 776 3312 832 machinatus
3335 785 3441 832 est.

1842 862 1977 931 Quia
2021 864 2187 919 semel
2240 863 2424 920 habuit
2469 866 2722 937 impune,
2764 877 2923 924 vocat
2949 867 3118 925 ﬁliam
3149 869 3434 932 Faustam,

1841 969 2071 1026 eamque
2110 969 2254 1010 nunc
2283 955 2530 1026 precibus
2549 999 2566 1024 ,
2607 973 2750 1014 nunc
2777 958 3155 1016 blandimentis
3179 961 3444 1017 sollicitat

1843 1049 1911 1104 ad
1944 1049 2302 1120 proditionem
2326 1052 2524 1118 mariti,
2553 1053 2715 1108 alium
2748 1053 3046 1126 digniorem
3079 1058 3254 1111 virum
3283 1056 3449 1128 polli-

1846 1149 2021 1208 cetur,
2052 1143 2186 1206 petit
2203 1143 2507 1198 cubiculum
2532 1154 2721 1215 patens
2743 1147 2994 1217 relinqui,
3014 1157 3069 1204 et
3091 1148 3452 1218 negligentius

1841 1234 2101 1291 custodiri
2119 1235 2278 1290 sinat.
2310 1237 2600 1293 Pollicetur
2629 1237 2715 1294 illa
2737 1238 3017 1306 facturam,
3037 1243 3104 1295 'et
3132 1241 3298 1296 refert
3325 1256 3452 1310 pro-

1843 1329 1986 1386 tinus
2015 1329 2082 1386 ad
2114 1330 2386 1386 maritum.
2417 1329 2772 1403 Componitur
2801 1348 2988 1402 scena,
3023 1349 3127 1405 qua
3158 1335 3446 1390 manifesto

1843 1419 2052 1478 facinus
2079 1430 2371 1478 teneretur.
2403 1422 2736 1494 Supponitur
2757 1424 2974 1495 quidam
2994 1425 3113 1480 vilis
3134 1425 3438 1490 eunuchus,

1841 1517 1930 1586 qui
1961 1531 2056 1586 pro
2072 1516 2401 1587 Imperatore
2426 1517 2706 1572 moriatur.
2727 1518 2908 1589 Surgit
2936 1518 3028 1576 ille
3056 1528 3214 1575 nocte
3247 1520 3434 1574 intem-

1843 1618 2030 1680 pesta:
2063 1609 2206 1664 videt
2231 1610 2411 1665 omnia
2438 1610 2646 1666 insidiis
2671 1619 2992 1680 opportuna.
3040 1611 3167 1666 Rari
3210 1613 3435 1668 excubi-

1840 1711 1986 1759 tores
2012 1712 2184 1770 erant,
2212 1711 2270 1759 et
2301 1704 2334 1758 ii
2359 1705 2575 1775 quidem
2607 1706 2852 1776 longius;
2884 1707 3077 1776 quibus
3107 1715 3286 1762 tamen
3317 1707 3452 1764 dicit

132 1781 331 1852 large;
365 1782 512 1852 ﬁngit
551 1781 617 1836 de
663 1779 1041 1849 Constantino.
1074 1799 1194 1852 quae
1220 1783 1271 1838 in
1297 1785 1470 1854 ipsum
1494 1785 1736 1853 ominus
1765 1793 1815 1854 B
1841 1796 2039 1851 vidisse
2081 1797 2393 1864 somnium,
2448 1798 2589 1866 quod
2623 1799 2732 1853 lilio
2762 1813 2860 1854 suo
2889 1815 3109 1855 narrare
3139 1801 3320 1856 vellet.
3353 1801 3446 1856 ιιι-

137 1872 480 1928 rcciderunt.
515 1871 825 1944 Imperatori
847 1887 1076 1945 propere
1097 1890 1216 1945 quae
1242 1887 1390 1946 gesta
1427 1885 1571 1943 sunt,
1603 1892 1740 1931 nun-

130 1965 368 2019 tiantur.
399 1965 712 2022 Admirabili
756 1966 1030 2023 celeritate
1072 1983 1192 2022 cum
1238 1970 1478 2024 exercitu
1501 1970 1730 2026 revolat.

126 2054 476 2127 Opprimitur
525 2057 688 2114 homo
730 2074 798 2114 ex
845 2058 1154 2128 improviso,
1203 2061 1439 2115 nonduin
1495 2063 1625 2116 satis
1656 2062 1740 2116 in-

124 2158 414 2215 structus;
443 2150 646 2211 milites
667 2149 732 2206 ad
755 2151 1139 2222 Imperatorem
1165 2167 1321 2206 suum
1349 2153 1594 2208 redeunt.
1625 2154 1736 2209 0c-

1840 1888 2086 1957 greditnr
2113 1897 2386 1957 armatus,
2436 1901 2492 1946 et
2531 1890 2770 1962 spadone
2813 1892 3164 1960 obtruncato,
3207 1893 3439 1962 prosiliit

1839 1980 2245 2052 gloriabundus,
2273 1998 2338 2039 ac
2360 1983 2640 2054 proﬁtetur
2665 1985 2808 2056 quod
2834 1983 3128 2040 admiserit.
3186 1986 3430 2056 Repente

1842 2087 1902 2128 se
1923 2089 1988 2129 ex
2011 2073 2178 2128 altera
2209 2085 2358 2144 parte
2382 2076 2765 2132 Constantinus
2816 2077 3053 2132 ostendit
3099 2094 3219 2133 cum
3275 2079 3442 2150 globo

1841 2175 2191 2220 armatorum.
2228 2166 2506 2222 Profertur
2523 2184 2556 2223 e
2578 2168 2824 2224 cubiculo
2854 2168 3082 2225 cadaver
3105 2171 3303 2227 occisi:
3328 2171 3438 2228 ha:-

125 2253 432 2314 cupaverat
463 2243 750 2300 Massiliam
782 2285 795 2308 ,
822 2253 877 2300 ct
901 2253 1084 2316 portas
1113 2245 1478 2301 obseraverat.
1519 2247 1744 2304 Accedit
1836 2266 1925 2316 τοι
1951 2257 2346 2315 manifestarius
2369 2259 2657 2328 homicida,
2688 2271 2743 2316 ει
2769 2271 2950 2318 minus
2977 2271 3191 2332 ειυρθιε

131 2337 363 2408 propius
391 2335 733 2408 Imperator;
761 2346 815 2392 et
841 2338 893 2392 in
915 2352 1069 2393 muro
1090 2337 1391 2394 adstantem
1424 2340 1737 2410 alloquitur,

130 2444 247 2485 non
275 2445 488 2500 aspere,
521 2445 621 2486 nec
671 2429 940 2485 hostiliter
965 2448 979 2484 :
1004 2429 1099 2486 sed
1147 2441 1300 2502 rogat
1334 2431 1460 2502 quid
1497 2431 1598 2486 sibi
1644 2446 1743 2486 vo-

127 2521 349 2590 luisset,
373 2522 499 2593 quid
513 2522 562 2578 ei
581 2521 864 2591 defuisset,
887 2537 984 2577 cur
1005 2521 1208 2578 faceret
1233 2523 1376 2593 quod
1400 2525 1572 2595 ipsum
1593 2539 1734 2595 prae-

126 2617 296 2683 cipue
324 2629 431 2670 non
461 2614 698 2670 deceret.
730 2615 827 2671 Ille
881 2631 1013 2671 vero
1045 2616 1322 2686 ingerebat
1368 2617 1651 2674 maledicta
1673 2618 1743 2675 de

125 2707 329 2762 muris.
356 2707 491 2762 Tum
523 2709 702 2764 subito
744 2723 777 2763 a
824 2717 974 2779 tergo
1023 2710 1139 2778 ejus
1187 2719 1356 2779 portae
1405 2721 1736 2777 reserantur,

129 2799 339 2856 milites
386 2801 741 2872 recipiuntur.
793 2801 1094 2857 Attrahitur
1135 2802 1201 2857 ad
1245 2803 1627 2873 Imperatorem
1658 2821 1744 2862 re-

131 2891 298 2951 bellis
325 2892 648 2965 Imperator,
684 2900 837 2965 pater
884 2892 1105 2965 impius,
1146 2908 1305 2952 socer
1331 2895 1594 2966 perﬁdus.
1627 2898 1743 2953 Au-
1781 2893 1784 2896 ’

2090 2378 2238 2437 Quasi
2261 2379 2381 2428 dura
2405 2377 2558 2441 silex,
2583 2385 2668 2428 aut
2689 2381 2789 2427 stet
2807 2376 3049 2440 Marpesia
3073 2386 3274 2441 cautes;

1841 2485 2135 2555 impietatis
2161 2498 2224 2539 ac
2250 2485 2471 2539 sceleris
2517 2485 2842 2556 increpatur.
2887 2484 3174 2543 Postremo
3199 2487 3361 2544 datur
3387 2489 3437 2544 ei

1847 2585 2086 2650 potestas
2118 2577 2302 2632 liberie
2331 2577 2520 2631 mortis
2546 2595 2557 2628 :

2101 2696 2170 2746 Ac
2195 2695 2373 2746 nodum
2396 2694 2612 2745 informis
2636 2695 2722 2744 leti
2743 2697 2887 2746 trahe
2911 2697 3066 2747 nectit
3091 2697 3286 2759 abfalta.

1921 2803 1994 2857 Ita
2030 2803 2117 2857 ille
2145 2801 2370 2857 Romani
2396 2800 2627 2855 nominis
2657 2801 2925 2856 maximus
2972 2799 3303 2871 Imperator,
3363 2811 3453 2875 qui

1852 2913 1948 2970 per
1973 2896 2190 2968 longum
2239 2895 2498 2967 temporis
2542 2895 2884 2952 intervallum
2907 2910 3028 2953 cum
3058 2897 3261 2969 ingenti
3284 2898 3453 2971 gloria

1500 3013 1863 3073 VARIORUM
1897 3014 2131 3073 NOTAE}.

214 3152 322 3206 Sex
349 3155 585 3222 fuerunt.
610 3149 680 3204 Ita
711 3165 815 3205 ms.
847 3149 1097 3222 Nonnulli
1127 3149 1348 3205 mallent
1390 3152 1728 3222 prazfueruut.
1762 3153 1809 3217 C
1841 3164 1966 3222 n_um
2024 3162 2128 3222 non
2177 3148 2447 3222 reperies;
2501 3155 2555 3202 et
2585 3145 2761 3222 hausit
2791 3161 2820 3198 a
2847 3146 3105 3222 Cicerone
3136 3157 3190 3204 et
3210 3147 3434 3218 Virgilio

132 3221 468 3292 Reipublicae
494 3221 720 3286 scilicet,
749 3237 843 3276 seu
872 3221 1250 3291 Imperatores,
1295 3236 1401 3292 seu
1438 3221 1679 3292 C:esares
1709 3237 1723 3286 ;

139 3291 341 3362 nempe
366 3293 667 3357 Herculius,
702 3292 976 3357 Galerius,
1032 3292 1349 3349 Maximinus
1379 3291 1540 3361 Daza,
1592 3291 1739 3348 Con-

133 3366 431 3431 stantinus,
463 3364 761 3421 Maxentius
787 3373 844 3419 et
872 3363 1132 3420 Licinius.

217 3459 410 3525 Quare.
442 3460 517 3514 Ex
547 3458 767 3514 Terent.
796 3458 963 3513 Andr.
1001 3458 1118 3512 Act.
1149 3474 1224 3525 nt,
1257 3456 1419 3514 Scen.
1449 3458 1503 3514 5.

228 3530 600 3587 Maximianus.
623 3530 840 3586 Scilicet
871 3528 1170 3584 Herculius.
1282 3537 1294 3542 '

217 3601 547 3655 Moliebalur.
571 3603 626 3656 Id
655 3612 756 3665 est,
784 3603 1025 3672 parabat.
1055 3599 1271 3657 AEneid.
1311 3617 1366 3665 ιι,
1389 3616 1443 3655 v.
1480 3599 1601 3656 108.

229 3673 581 3742 Cogitationis.
624 3673 698 3726 Ita
741 3687 870 3727 mss.
904 3673 975 3728 Et
1024 3683 1186 3728 recte.
1235 3672 1432 3727 Prisca:
1460 3672 1746 3737 editiones,

146 3745 508 3815 contagionis:
533 3743 759 3800 fortasse
783 3760 848 3798 eo
875 3742 1018 3814 quod
1050 3743 1140 3797 lib.
1179 3760 1208 3796 ν
1249 3743 1367 3798 Div.
1406 3742 1579 3798 Instit.
1608 3743 1745 3815 Lac-_

148 3813 324 3878 tantii,
355 3830 474 3885 cap.
509 3815 577 3869 12
625 3815 779 3870 initio
810 3815 1022 3885 legitur,
1060 3823 1234 3885 pectus
1288 3830 1474 3884 purum
1503 3815 1565 3868 ab
1602 3813 1744 3869 omni

145 3887 353 3958 sceleris
380 3887 682 3958 contagione
710 3899 970 3956 praestare.

223 3955 610 4013 Constantinum
635 3955 1002 4026 Imperatorem
1024 3971 1266 4027 generum
1292 3972 1459 4010 suum.
1491 3955 1742 4011 Faustam

151 4030 296 4084 enim
317 4029 620 4084 Maximiani
650 4029 882 4083 Herculii
911 4027 1072 4081 filiani
1118 4027 1365 4083 duxerat.
1390 4027 1648 4083 TOINARD.
1671 4057 1743 4068 —

151 4101 371 4168 Legitur
401 4101 657 4156 mendose
677 4099 1052 4154 Constantium
1083 4099 1220 4168 apud
1245 4099 1591 4153 'l‘oinartlnm.

228 4171 408 4228 Generi
439 4173 620 4240 filium.
651 4171 947 4227 Constantii
971 4169 1176 4232 Chlori,
1229 4171 1312 4225 eui
1358 4170 1538 4225 Flavia
1573 4170 1742 4224 Maxio

155 4245 327 4298 miana
349 4243 652 4314 Theodoro,
675 4243 918 4312 ejusdem
968 4241 1196 4314 Herculii
1250 4242 1508 4314 privigne,
1541 4257 1736 4314 nupscj

156 4325 258 4372 rat.
295 4315 416 4371 Ideo
459 4312 805 4371 Constantius
832 4315 993 4369 ducta
1032 4313 1271 4383 privigne
1320 4312 1546 4368 habetur
1570 4312 1744 4368 vitrici

154 4402 335 4458 gener.
582 4457 587 4458 ί
850 4456 859 4458 _
924 4456 931 4458 _
1266 4383 1528 4458 Tomiano.

1845 3218 2092 3290 Georgic.
2121 3235 2168 3290 ι,
2203 3234 2253 3272 v.
2284 3219 2406 3290 567i,
2438 3232 2623 3272 eorum
2655 3219 2890 3273 imitator
2912 3219 3212 3275 Firmianus
3239 3227 3441 3276 uoster.

1925 3289 2115 3345 Homo.
2143 3289 2318 3344 Senex
2355 3289 2653 3343 Herculius.

1924 3361 2046 3416 Non
2066 3362 2278 3431 deceret.
2323 3360 2456 3428 Quia
2485 3358 2870 3415 Constantinus
2897 3377 3060 3431 gener
3097 3371 3210 3417 erat
3238 3362 3442 3417 Hercu-

1850 3433 1930 3505 lii,
1959 3449 2116 3505 quem
2140 3430 2540 3505 quodammodo
2568 3446 2676 3488 non
2703 3430 2949 3498 decebat,
2971 3443 3026 3489 ut
3051 3434 3218 3491 Socer
3243 3449 3447 3505 genero

1848 3504 2051 3562 bellum
2086 3503 2326 3559 inferret.

1923 3577 1976 3702 id.
1989 3586 2128 3647 tergo
2149 3576 2280 3645 ejus.
2325 3573 2383 3630 Id
2417 3584 2532 3644 est,
2563 3585 2734 3648 porta:
2754 3590 2874 3646 qua:
2895 3591 2926 3630 a
2958 3586 3108 3648 tergo
3135 3587 3288 3634 crant
3310 3576 3450 3634 Iler-

1947 3665 2001 3702 II.

1850 3662 2001 3705 CIIIII.

1921 3719 2133 3774 Milites.
2163 3715 2523 3773 Constantini.

1922 3790 2079 3846 Pater
2109 3790 2315 3861 impius.
2344 3787 2522 3855 Pater,
2551 3789 2757 3845 scilicet
2778 3790 3010 3853 Faustae.
3035 3806 3193 3861 quam
3226 3807 3450 3849 uxorem

1857 3861 2086 3918 duxerat
2110 3859 2528 3919 Constantinus:
2564 3862 2778 3929 impius,
2812 3862 2935 3931 quia
2964 3859 3302 3917 inhumanus.

1922 3935 2078 3986 Audit
2115 3934 2305 3987 scelera
2327 3948 2440 4000 qua:
2467 3931 2934 4004 fecit._Eleganter
2955 3935 3022 3988 de
3053 3935 3304 3988 obnoxio.
3353 3934 3446 3988 Sic

1847 4003 2186 4075 Lactantius,
2220 4004 2310 4058 lib.
2342 4020 2375 4058 v
2408 4003 2580 4057 Divin.
2612 4002 2846 4061 Institut.
2873 4045 2889 4073 ,
2937 4019 3058 4075 cap.
3105 4005 3170 4060 19
3226 4024 3242 4057 -.
3290 4006 3451 4060 Audit

1847 4091 1963 4144 qua:
1987 4075 2065 4128 illi
2089 4073 2230 4130 Deus
2251 4075 2605 4130 committetur.
3008 4073 3020 4075 ”
3085 4075 3088 4077 “

1925 4146 2220 4202 Detraliitur
2244 4146 2291 4202 ei
2319 4146 2490 4203 uestis.
2513 4144 2860 4217 Imperatoria
2883 4145 3107 4212 scilicet,
3129 4145 3182 4201 id
3199 4155 3300 4214 est,
3327 4162 3453 4218 pur-

1850 4233 2002 4289 pura.

1926 4309 2243 4364 Humilitatis
2258 4311 2546 4379 impatiens.
2564 4309 2618 4363 Id
2646 4319 2748 4377 est,
2781 4309 3007 4379 alijeclic
3035 4319 3086 4364 et
3115 4310 3235 4366 vilis
3261 4313 3448 4367 condi-

1853 4381 2012 4435 tionis
2057 4382 2361 4450 impatiens.
2420 4380 2493 4434 lta
2542 4397 2692 4436 more
2743 4390 2984 4437 veterum
3030 4381 3181 4450 Cic.,
3211 4398 3328 4452 cap.
3363 4386 3453 4451 18,

230 4458 358 4513 Dolo
390 4457 542 4536 malo.
574 4457 688 4536 I)_oli
715 4456 974 4511 vocabulo
997 4471 1135 4536 nunc
1159 4455 1440 4536 tantumin
1465 4454 1621 4536 malis
1644 4454 1747 4536 uti-
1771 4475 1828 4536 Ι)
1851 4466 1977 4536 cap;
2001 4454 2100 4536 45...
2123 4462 2188 4536 et
2207 4451 2300 4507 lib.
2331 4468 2408 4536 vi,
2441 4466 2558 4535 cap.
2585 4453 2636 4507 4.
2665 4454 2796 4536 Ilua.

159 4546 276 4583 mur
302 4549 313 4582 :
336 4529 473 4597 apud
503 4528 752 4600 antiquos
780 4537 958 4600 autem
989 4526 1238 4600 etiamin
1260 4525 1416 4600 bonis
1442 4525 1604 4600 rebus
1627 4534 1745 4580 nte.

163 4603 376 4665 hamur;
435 4601 578 4656 unde
627 4597 804 4654 adhuc
853 4598 1083 4654 dicimus
1124 4597 1242 4653 sine
1289 4597 1418 4652 dolo
1463 4597 1745 4652 maximo:

161 4673 406 4726 nimirum
430 4672 553 4741 quia
583 4671 687 4725 dici
718 4670 928 4726 solebat
953 4678 997 4724 et
1024 4669 1228 4741 Bonus.
1357 4740 1365 4741 ί
1510 4669 1639 4741 Ijuu.

230 4739 547 4797 Francorum
572 4759 690 4812 gens
712 4743 762 4795 in
787 4743 941 4794 armis
964 4751 1090 4795 erat.
1121 4741 1192 4795 De
1218 4740 1321 4812 hoc
1347 4740 1482 4795 forte
1509 4739 1750 4812 Franco-

162 4831 275 4871 rum
303 4816 453 4941 ἓὲιιο
484 4810 720 4886 loquitur
753 4813 954 4869 Euseb.
981 4815 1034 4868 in
1066 4812 1175 4867 vita
1203 4810 1539 4868 Constantini
1570 4811 1664 4867 lib.
1693 4827 1746 4878 ι,

164 4901 274 4941 can.
379 4926 393 4939 .

164 4901 274 4954 cap.
303 4901 393 4941 τε.

235 4958 535 5021 Persuadet.
557 4956 614 5012 ld
638 4965 741 5026 est,
775 4955 1056 5014 Herculius
1082 4953 1374 5027 persuadet
1397 4951 1751 5011 Constantino

167 5029 295 5086 nihil
320 5029 631 5098 suspicanti.

234 5101 430 5154 Posset.
459 5103 510 5154 in
543 5116 668 5167 ins.,
701 5099 889 5156 Possit.

234 5171 571 5243 [{aucitateiii.
604 5173 660 5243 In
690 5188 817 5242 nis.,
851 5172 1142 5243 paucitate:
1170 5168 1306 5225 forte
1334 5170 1609 5239 paucitate.

237 5241 562 5297 .IEstimaret.
600 5242 803 5311 Legunt
831 5241 1020 5298 eruditi
1050 5243 1382 5298 existimaret.

201 5364 207 5368 .
237 5313 411 5385 Fingit
433 5314 495 5366 de
516 5310 844 5368 Constantino
866 5355 879 5378 ,
904 5327 995 5369 etc.
1037 5315 1090 5369 Id
1125 5323 1244 5381 est,
1276 5312 1427 5385 lingit
1452 5310 1756 5385 Constanti-

171 5402 288 5443 num
333 5381 654 5456 oppressum
708 5399 825 5439 esse
851 5387 918 5440 ab
947 5386 1188 5440 hostibus
1209 5426 1223 5452 ,
1253 5385 1390 5439 sicut
1405 5382 1530 5456 ipse
1549 5423 1562 5446 ,
1599 5381 1756 5456 paulo

170 5467 283 5529 post
306 5499 319 5523 ,
369 5452 651 5526 inopinato
679 5457 862 5526 generi
912 5471 1132 5512 recursu
1155 5453 1579 5529 opprimebatur.
1609 5452 1756 5509 CEL-

168 5544 565 5668 lminiilijsieratori.
601 5598 837 5664 Scilicet,
869 5597 1238 5652 Constantino.

241 5671 470 5726 Revolat.
506 5671 814 5724 Lactantius
845 5669 963 5722 Div.
990 5668 1240 5732 lnstitut.,
1264 5668 1356 5722 lib.
1387 5684 1480 5733 vn,
1505 5683 1620 5733 cap.
1654 5667 1716 5719 1‘2
1743 5684 1754 5720 :

179 5745 337 5799 Donec
382 5742 555 5796 anima
596 5743 774 5794 ent—issu
815 5740 1044 5807 cci-poris
1085 5739 1308 5792 claustro
1336 5739 1404 5791 ad
1424 5741 1592 5794 sedem
1614 5754 1760 5792 suam

177 5815 348 5874 revolet
384 5830 400 5870 :
435 5828 598 5885 quam
620 5826 806 5870 vocem
836 5808 975 5882 apud
1000 5809 1168 5867 ullum
1199 5818 1470 5869 auctorem
1496 5809 1757 5868 Christia-

1924 4523 2251 4578 Machinatus
2278 4533 2372 4588 est,
2405 4526 2525 4592 quia
2547 4525 2702 4579 semel
2728 4525 2904 4578 habuit
2931 4525 3139 4593 impune
3162 4536 3322 4580 vocat.
3376 4527 3451 4581 Ita

1852 4593 2070 4650 distinxi
2101 4610 2222 4651 cum
2252 4595 2403 4651 Gabo
2429 4637 2443 4661 ,
2486 4595 2794 4660 Boherello,
2825 4598 3013 4650 critico
3037 4612 3195 4652 anon.
3229 4605 3282 4650 et
3305 4597 3414 4653 lleu
3434 4629 3448 4637 -

1854 4682 2072 4739 manno.
2103 4667 2276 4723 Antea
2307 4666 2564 4722 edebatur
2594 4684 2607 4721 :
2641 4666 2970 4723 Machinatus
2992 4678 3104 4732 est;
3144 4670 3264 4739 quia
3294 4671 3450 4724 semel

1851 4738 1976 4792 abiit
2000 4740 2226 4807 impune,
2255 4747 2421 4794 uocat.
2453 4739 2580 4793 Ben.

1929 4809 2123 4864 Habuit
2159 4813 2386 4876 impune.
2441 4811 2552 4866 Nec
2579 4811 2733 4864 aliter
2764 4825 2866 4865 ms.
2899 4819 2951 4866 et
2980 4807 3288 4864 Laetantius
3319 4811 3448 4878 Epi-

1856 4891 2013 4948 tom.,
2045 4897 2162 4952 cap.
2198 4882 2307 4936 55:
2358 4880 2580 4949 Impune
2609 4880 2818 4948 (tabuit;
2848 4891 2904 4938 ct
2926 4879 3044 4950 cap.
3079 4880 3147 4935 55
3178 4898 3191 4937 :
3238 4879 3456 4949 Impune

1855 4953 2058 5007 habent.
2088 4953 2185 5008 Hii:
2217 4954 2267 5008 in
2290 4953 2449 5008 editis
2478 4963 2564 5008 est
2583 4955 2736 5010 abiit.

1930 5025 2116 5078 Scena.
2165 5024 2220 5078 Iit
2255 5040 2356 5079 ms.
2388 5026 2611 5090 scaeua;
2643 5025 2795 5094 quasi
2823 5021 3272 5095 pronuntiandum
3303 5032 3452 5076 esset

1855 5096 2038 5163 cltena,
2070 5110 2219 5151 more
2245 5097 2449 5150 scilicet
2481 5095 2754 5151 Italorum.

1933 5161 2070 5222 Filio
2100 5184 2210 5222 suo.
2237 5167 2292 5222 Id
2323 5179 2430 5234 est,
2458 5183 2659 5238 genero
2691 5181 2812 5231 suo,
2840 5163 3193 5238 Constantino
3220 5161 3446 5228 scilicet,

1856 5241 1979 5310 quia
2008 5235 2725 5310 eratMaxiiniani'ilerculii
2747 5239 2872 5292 filia:
2900 5235 3143 5292 maritus.

1931 5309 2184 5382 Prosiliit.
2209 5310 2401 5365 Melius
2430 5312 2566 5365 foret
2593 5309 2811 5382 prosilit.
2831 5379 2851 5382 _
3059 5373 3068 5382 .
3162 5372 3191 5382 η

1937 5380 2111 5456 Havet
2132 5383 2514 5456 manifestarius
2537 5372 3140 5456 Itonticida._Lactantius
3161 5372 3253 5456 lib.
3289 5389 3301 5425 I
3334 5374 3452 5456 Div.

1860 5453 2116 5519 lnstitut.,
2148 5450 2328 5521 cap.‘7
2361 5471 2373 5506 :
2406 5453 2566 5517 Quasi
2595 5450 2854 5523 subductis
2882 5450 3462 5523 e:_t_cortsuniptis_0i_itiii-

1863 5525 1953 5577 bus
1975 5513 2759 5591 viis,'subsistit,h&ret,deﬁcit.
2785 5523 2864 5575 Ex
2890 5518 3083 5575 Plauto
3109 5514 3160 5568 in
3190 5513 3460 5585 Aulular.,

1860 5604 1915 5650 et
1936 5595 2269 5649 Trinummo.

1939 5666 2118 5736 Quasi.
2159 5665 2345 5736 Virgil.
2370 5681 2443 5728 γι,
2475 5661 2686 5736 Ᾱῖιιιείιιζ
2719 5676 2775 5724 v,
2799 5660 2922 5715 471.

1937 5738 2032 5792 Ac.
2062 5735 2230 5801 Idem,
2261 5732 2353 5790 lib.
2391 5751 2484 5798 xu,
2511 5750 2561 5786 v.
2587 5732 2710 5785 605.

1940 5799 2296 5868 Intervallum.
2331 5806 2392 5865 In
2423 5820 2524 5863 ms.
2560 5799 2843 5857 intervallo.
2889 5815 2897 5822 ο
