3950 6368
486 209 595 268 245

1356 202 1541 265 FIRM.
1581 202 1951 264 LACTAN’I'II
1987 202 2119 264 LIB.
2160 204 2250 263 DE
2287 202 2502 264 MORT.
2541 204 2920 267 PERSECUT.

3691 208 3796 271 2M

401 400 407 407 .
484 322 674 395 viginti
701 336 966 379 annorum
995 328 1119 379 vota
1139 320 1448 389 celebravit,
1466 320 1602 377 eliso
1622 327 1676 377 et
1695 316 1867 377 fracto
1891 333 2080 391 super-

2197 319 2441 378 acultas:
2472 319 2616 377 nullo
2647 327 2891 391 tempore
2916 320 3045 379 anni
3067 321 3159 380 vel
3178 321 3386 395 exigua
3419 322 3668 396 requies;
3694 323 3795 383 ire-

488 418 717 475 bissimo
745 427 982 490 gutture,
1017 417 1178 472 vitam
1206 415 1578 473 detestabilem
1602 414 1745 486 turpi
1774 422 1829 470 et
1858 412 2085 485 ignomi-

482 516 641 572 niosa
661 524 835 571 morte
864 513 1055 569 ﬁnivit.

1170 602 1365 661 XXXI.

557 700 641 755 Ab
671 699 773 755 hoc
796 698 963 763 Deus,
994 696 1270 769 religionis
1296 710 1360 751 ac
1385 695 1573 767 populi
1602 696 1695 752 sui.
1708 696 1925 766 vindex,
1948 712 2078 753 οων

484 793 569 850 los
587 792 656 848 ad
683 791 1059 847 Maximianum
1090 792 1323 846 alterum
1352 790 1648 858 transtulit,
1682 790 1925 847 nefandae
1952 807 2079 864 per-

480 883 773 941 secutionis
787 893 1088 952 auctorem,
1105 893 1163 937 ut
1178 884 1234 937 in
1251 896 1317 939 eo
1327 883 1490 938 etiam
1513 883 1762 939 virtutem
1785 885 2080 956 maiestatis

478 977 807 1035 ostenderet.
842 975 967 1031 1am
997 975 1069 1032 de
1097 977 1321 1048 agendis
1347 976 1543 1046 etipse
1573 977 1947 1034 vicennalibus
1980 990 2078 1034 co-

476 1069 715 1142 gitabat;
740 1079 793 1125 et
810 1076 871 1124 ut
889 1069 977 1138 qui
995 1068 1310 1140 jamdudum
1345 1070 1645 1139 provincias
1671 1069 1933 1127 aldixerat
1962 1071 2078 1126 auri

469 1163 789 1234 argentique
817 1160 1202 1217 tudietionibus
1238 1160 1423 1229 factis,
1452 1178 1569 1233 quae
1599 1164 1924 1233 promiserat
1948 1164 2077 1219 red-

471 1254 647 1323 deret,
678 1254 843 1310 etiam
872 1254 926 1309 in
949 1255 1167 1310 nomine
1190 1254 1549 1311 vieennalinm
1577 1270 1821 1313 securem
1854 1258 2076 1313 alteram

471 1346 687 1403 afflixit.
718 1347 836 1416 Qua
861 1347 1151 1403 vexatione
1184 1349 1397 1418 generis
1438 1350 1655 1405 humani
1684 1351 1896 1406 exactio
1931 1352 2078 1407 Cele-

405 1426 408 1430 λ
468 1440 628 1497 bruta
645 1441 737 1507 sit,
754 1440 986 1495 maxime
1000 1440 1075 1496 rei
1090 1443 1420 1509 annonariae,
1435 1444 1623 1514 ecquis
1645 1458 1900 1499 enarrare
1919 1443 2079 1513 digne

473 1533 691 1603 potest?
735 1532 1049 1590 Ofﬁciorum
1088 1536 1327 1591 omnium
1376 1536 1592 1605 milites,
1640 1537 1728 1593 vel
1760 1540 1937 1608 potius
1962 1552 2079 1593 car-

468 1625 682 1693 niﬁces,
707 1627 932 1699 singulis
961 1627 1340 1695 adhaerebant;
1373 1630 1459 1684 cui
1486 1631 1634 1701 prius
1658 1630 1969 1701 satisﬁeret,
1996 1632 2078 1687 in-

466 1730 675 1778 certum
695 1740 709 1776 :
726 1723 886 1779 venia
913 1737 1021 1781 non
1045 1722 1364 1780 habentibus
1394 1724 1579 1787 nulla;
1601 1725 1897 1781 sustinendi
1920 1725 2060 1780 mul-

2184 427 2357 482 quens
2401 427 2563 483 super
2608 411 2817 468 hisdem
2874 412 3210 482 hominibus,
3241 413 3336 472 vel
3361 414 3790 487 ipsisjudicibus,

2184 506 2268 563 vel
2309 505 2571 562 militibus
2613 504 2854 577 judicum
2908 523 3086 580 pugna
3113 525 3129 563 :
3158 508 3315 564 nulla
3342 524 3478 565 area
3506 509 3624 566 sine
3647 526 3795 566 exac-

2184 608 2338 667 tore,
2390 598 2535 654 nulla
2575 597 2843 656 vindemia
2889 601 3007 657 sine
3046 601 3317 668 custode,
3346 602 3489 657 nihil
3514 603 3584 658 ad
3612 604 3795 659 victam

2183 693 2551 751 laborantibus
2599 694 2867 751 relictum.
2920 694 3056 764 Qum
3096 712 3417 768 quanquam
3448 697 3795 755 intolerabilia

2184 789 2320 858 sint,
2357 788 2497 859 eripi
2522 788 2588 843 ab
2615 803 2711 845 ore
2743 788 3021 845 hominum
3070 789 3225 847 cibos
3269 791 3469 848 labore
3516 793 3796 863 quaesitos,

2184 890 2362 936 tamen
2412 881 2765 937 sustentabile
2809 882 2992 953 aliquo
3040 882 3205 938 modo
3231 883 3319 940 vel
3345 898 3450 954 spe
3476 883 3796 939 futurorum.

2181 973 2319 1042 Quid
2347 974 2515 1030 vestis
2542 974 2718 1030 omnis
2742 975 2998 1047 generis?
3021 975 3150 1047 quid
3185 976 3427 1033 aurum?
3454 977 3587 1048 quid
3613 994 3798 1048 argen-

2183 1066 2337 1123 tum?
2384 1066 2578 1123 Nonne
2627 1067 2745 1123 haec
2790 1082 3013 1123 necesse
3039 1078 3213 1124 estex
3245 1070 3492 1125 venditis
3550 1069 3800 1125 fructibus

2180 1160 2523 1233 comparari?
2544 1160 2700 1219 Unde
2726 1162 2885 1233 igitur
2912 1162 3032 1230 hoc,
3050 1163 3085 1218 ὀ
3106 1163 3531 1221 dementissime
3560 1174 3796 1238 tyranne,

2180 1253 2470 1325 praestabo,
2502 1269 2623 1309 cum
2656 1269 2847 1310 omnes
2870 1253 3081 1311 fructus
3106 1255 3351 1323 auferas,
3385 1258 3649 1314 universa
3681 1275 3797 1313 uas-

2180 1347 2358 1403 centia
2407 1348 2676 1403 violenter
2723 1348 2966 1421 eripias?
3018 1346 3151 1419 Quis
3196 1366 3333 1422 ergo
3364 1369 3474 1407 non
3506 1352 3672 1408 bonis
3697 1355 3799 1409 suis

2180 1454 2400 1496 eversus
2425 1451 2525 1507 est,
2557 1448 2617 1496 ut
2644 1456 2796 1512 opes,
2826 1457 2946 1514 qua:
2976 1440 3077 1498 sub
3101 1443 3338 1514 imperio
3384 1446 3506 1516 ejus
3556 1444 3794 1511 luerunt,

2180 1539 2607 1596 conraderentur
2647 1539 2716 1595 ad
2759 1550 2975 1606 votum,
3025 1539 3169 1610 quod
3201 1556 3310 1598 non
3344 1550 3469 1597 erat
3495 1538 3796 1598 celebratu-

2180 1649 2293 1691 rus.

2898 1724 3116 1782 XXXII.

467 1814 679 1885 tiplices
703 1816 1003 1884 cruciatus,
1040 1816 1145 1873 nisi
1171 1816 1521 1873 exhiberetur
1548 1818 1753 1886 statim,
1778 1802 1922 1889 quod
1970 1833 2077 1875 non
2108 1800 2165 1861 Β
2259 1818 2580 1890 Nuncupato
2620 1817 2782 1890 igitur
2825 1816 3032 1874 Licinio
3074 1819 3428 1891 imperatore,
3473 1819 3795 1876 Maximinus

464 1918 619 1966 erat:
672 1910 854 1966 multis
901 1910 1164 1968 custodiis
1203 1910 1570 1999 circumsepto
1601 1912 1749 1969 nulla
1775 1912 2081 1985 respirandi

2185 1913 2383 1981 iratus,
2406 1926 2509 1969 nec
2533 1912 2805 1968 Cazsarem
2834 1926 2895 1968 se
2914 1954 2929 1980 ,
2959 1925 3061 1967 nec
3085 1911 3242 1968 tertio
3267 1912 3392 1969 loco
3418 1914 3699 1969 nominari
3718 1930 3798 1967 vo-

1841 2051 2207 2121 VARIORUM
2242 2051 2477 2112 NOTIE.

542 2169 741 2237 Viginti
766 2185 1022 2225 annorum
1046 2177 1184 2224 uota.
1217 2167 1273 2224 Id
1303 2176 1408 2235 est,
1436 2168 1765 2234 vicennalia,
1792 2184 1918 2237 quat
1944 2184 2069 2225 cunt

466 2238 806 2297 Diocletiano
833 2241 1019 2295 Roma:
1031 2240 1346 2299 celebravit.
1368 2238 1782 2299 BALUZ.—Vide
1798 2241 2074 2297 Valesium

464 2314 521 2369 in
547 2311 841 2367 Eusebium
863 2311 928 2366 de
948 2309 1071 2367 Vita
1094 2309 1458 2380 Constantini,
1493 2312 1588 2367 lib.
1613 2329 1684 2378 tv,
1717 2329 1836 2382 cap.
1870 2316 1961 2369 47.

541 2382 724 2453 Turpi.
752 2384 812 2439 In
838 2398 941 2438 ms.
970 2383 1127 2451 turbi,
1162 2401 1216 2453 p,
1242 2384 1296 2438 in
1322 2384 1352 2437 b
1382 2390 1609 2453 mutato,
1641 2384 1785 2455 quod
1814 2384 2073 2442 scribenti

466 2468 617 2513 satae
640 2456 854 2513 accidit.

573 2527 898 2600 gnominiosa
919 2537 1099 2600 morte.
1127 2528 1328 2600 Deque
1362 2526 1562 2600 Euseb.
1592 2526 1798 2584 Histor.
1831 2526 2069 2597 Eccles.,

465 2598 701 2665 libivut,
734 2614 856 2671 cap.
887 2598 976 2654 l5.
1018 2598 1269 2655 Massiliae
1317 2598 1523 2656 scilicet
1578 2601 1942 2671 strangulatus
1967 2611 2071 2656 est.

462 2670 672 2728 Euseb.
704 2672 758 2726 iu
788 2670 1080 2729 Chronico.

543 2742 921 2798 Maximianum
946 2742 1182 2797 alterunt.
1208 2742 1264 2797 Id
1294 2752 1443 2808 est,a
1469 2740 1793 2798 Maximiano
1821 2742 2075 2799 Herculio

467 2812 541 2897 ad
585 2813 971 2870 Maximianum
1023 2813 1335 2881 Galerium,
1387 2824 1750 2886 cognomento
1776 2816 2071 2872 Armenta-

463 2902 631 2943 Ilum.

546 2956 841 3015 Auctorem.
859 2957 915 3014 Id
929 2965 1034 3025 est,
1051 2973 1212 3014 unum
1226 2974 1295 3014 ex
1316 2957 1629 3016 auctoribus
1656 2959 2071 3028 persecutionis;

468 3030 540 3086 de
569 3031 764 3101 quibus
788 3031 1100 3104 videsupra
1127 3045 1249 3102 cap.
1264 3032 1321 3101 2,
1344 3040 1727 3104 persecutores:
1747 3047 1854 3087 non
1883 3032 2074 3087 unicus

470 3112 591 3159 erat
618 3112 819 3167 (iactor,
847 3102 942 3158 sed
966 3104 1170 3172 plures.

545 3171 720 3227 Etiam
749 3171 1003 3228 virtutem.
1025 3175 1117 3247 Sic
1134 3175 1253 3247 lego
1279 3190 1347 3247 ex
1374 3188 1478 3230 ms.
1507 3173 1563 3229 in
1585 3189 1694 3245 quo
1723 3182 1807 3229 est
1837 3183 1952 3228 et...
1974 3191 2075 3247 cm,

471 3260 607 3315 cum
621 3259 792 3300 vacuo
821 3247 995 3315 spatio
1028 3246 1060 3300 7
1102 3259 1195 3302 aut
1228 3246 1262 3302 8
1316 3246 1650 3312 litterarum;
1687 3260 1788 3302 nec
1816 3247 1971 3301 aliter
2002 3246 2079 3300 le-

472 3314 709 3384 gendum
740 3314 865 3371 esse
883 3318 1135 3373 arbitror.
1168 3318 1223 3373 In
1246 3318 1496 3373 omnibus
1524 3317 1898 3388 cditislcgitur
1928 3319 2079 3371 etiam

472 3388 597 3453 uim,
626 3387 771 3458 quod
788 3402 910 3460 cum
936 3389 1141 3458 reliqua
1170 3388 1372 3445 codicis
1391 3390 1662 3460 scriptura
1685 3387 1833 3445 stare
1854 3404 1960 3441 non
1987 3406 2082 3458 pu—

472 3469 622 3523 test;
652 3466 708 3513 et
731 3457 947 3527 quidem
970 3461 1023 3515 in
1048 3457 1152 3516 boc
1180 3475 1308 3526 ms.,
1340 3457 1678 3530 etiam—vulgo
1702 3460 1957 3516 scribitur
1987 3457 2082 3529 per

474 3539 709 3602 quatuor
730 3530 937 3602 litteras
962 3531 1134 3585 etiam.
1153 3532 1337 3588 Lectio
1364 3542 1548 3586 nostra
1571 3530 1762 3587 eadem
1790 3530 2080 3585 continua.

477 3614 569 3657 tur
592 3601 864 3656 locutione
892 3616 1011 3671 cap.
1042 3618 1060 3657 ι
1085 3620 1097 3655 :
1134 3604 1397 3667 Quatenus
1424 3603 1659 3657 uirtutem
1686 3619 1747 3656 ac
1766 3603 2084 3672 majestatem

479 3688 628 3728 suam
652 3673 707 3745 in
733 3673 1090 3745 exscindendis
1111 3674 1438 3745 delendisque
1487 3675 1711 3728 nominis
1746 3676 1826 3728 sui
1857 3674 2086 3728 hostibus

479 3743 787 3798 ostenderet.
825 3744 895 3797 Ita
925 3752 978 3799 et
1000 3743 1465 3811 Laclantius,'lib.
1495 3759 1549 3798 tv
1582 3745 1760 3801 Divin.
1809 3745 2043 3801 lnstitut.
2069 3787 2084 3811 ,

479 3829 603 3886 cap.
636 3813 741 3869 26:
784 3813 1032 3889 Virtutem
1069 3816 1483 3889 majestatentque
1503 3816 1600 3871 Dei
1624 3817 1900 3889 singularis
1924 3817 2085 3870 inter-

482 3890 716 3959 pretari;
758 3895 814 3942 et
849 3886 944 3943 lib.
972 3903 1045 3953 Vl,
1078 3886 1201 3958 cap.
1226 3892 1261 3945 9
1288 3906 1305 3959 ς
1349 3887 1598 3944 Virtutem
1644 3886 1724 3942 ac'
1769 3889 2089 3959 majestatem

480 3958 581 4014 Dei
604 3958 883 4029 singularis
909 3970 1136 4013 enarrat.

553 4029 623 4085 Et
642 4040 716 4084 ut.
738 4031 868 4104 Post
888 4030 1233 4104 cogitabat,in
1260 4044 1363 4087 ms.
1382 4038 1617 4104 quatuor
1647 4030 1846 4088 desunt
1866 4031 2083 4099 litterae,

484 4117 619 4175 quas
648 4102 980 4175 supplendas
1000 4118 1123 4159 esse
1149 4103 1280 4158 duxi
1310 4102 1415 4175 per
1433 4112 1575 4159 etut.

556 4172 832 4245 Bedderet.
865 4173 921 4229 In
953 4189 1081 4245 ms.,
1107 4172 1325 4241 rediret,
1342 4175 1624 4231 mendose.

556 4244 732 4299 Etiam
756 4251 811 4299 in
826 4248 1033 4301 nomine
1077 4247 1420 4303 vicenitalium
1463 4264 1689 4311 securem
1716 4247 1951 4302 alteram.
1998 4245 2089 4301 ln-

485 4316 854 4391 quinatissima
907 4318 1073 4375 verba
1120 4320 1194 4374 ita
1244 4319 1488 4376 Grazvitts
1540 4319 1815 4391 purganda
1858 4329 2086 4391 censet:

2175 2170 2265 2225 nia
2302 2169 2448 2224 nulla
2484 2184 2588 2224 non
2626 2168 2931 2223 habentibus
2954 2169 3098 2237 quod
3128 2167 3426 2225 solverent.
3464 2168 3573 2225 Ms.
3608 2170 3789 2237 habet,

2177 2242 2376 2298 ueniam
2394 2258 2498 2296 non
2524 2240 2823 2296 habentibus
2847 2242 3018 2296 nullas
3044 2240 3333 2301 abstinendi
3351 2243 3667 2313 multiplicis
3686 2263 3796 2299 mt—

2179 2314 2369 2387 ciatus.
2425 2313 2601 2369 Locus
2628 2324 2938 2387 corruptus,
2989 2315 3317 2387 qui_tamen_
3358 2315 3469 2369 levi
3501 2315 3792 2387 admodum

2179 2385 2480 2440 mutatione
2520 2384 2796 2440 emendari
2857 2384 3051 2454 potest.
3093 2385 3150 2439 In
3192 2385 3433 2440 dictione
3466 2386 3675 2440 veniant
3723 2394 3797 2443 cst

2180 2458 2461 2530 mendum,
2488 2472 2538 2509 m
2564 2456 2868 2530 redundat:
2892 2456 3023 2530 item
3060 2474 3086 2511 s
3130 2457 3183 2511 in
3213 2471 3373 2530 voce,
3400 2458 3619 2524 nullas,
3642 2475 3793 2530 quam

2179 2529 2416 2584 litteram
2463 2526 2710 2596 suspicor
2737 2543 2859 2583 esse
2888 2528 3100 2583 initium
3131 2529 3413 2599 sequentis
3438 2531 3603 2585 verbi
3644 2526 3796 2587 ἁόδιίρ

2176 2601 2369 2666 nendi;
2400 2602 2471 2655 ita
2500 2610 2560 2654 ut
2580 2600 2650 2654 sit
2679 2598 2825 2654 nulla
2843 2600 3161 2655 substinendi
3181 2640 3196 2664 ,
3216 2598 3310 2654 vel
3340 2601 3640 2656 sustinendi
3672 2603 3794 2657 inal-

2177 2672 2374 2799 gglices
2396 2673 2688 2739 cruciatus;
2718 2687 2838 2743 qua:
2864 2673 3044 2727 omnia
3065 2673 3324 2727 eximium
3363 2687 3601 2730 sensum
3643 2673 3792 2729 cxlti-

2252 2753 2329 2798 nt.

2252 2753 2329 2798 nt.

2252 2815 2613 2871 Exhibmtar.
2660 2813 2816 2871 Adde
2845 2814 3103 2887 vectigal,
3126 2814 3283 2886 cujus
3307 2814 3587 2872 solvendo
3634 2831 3787 2887 pares

2184 2903 2294 2944 non
2321 2897 2496 2943 erant.

2256 2960 2385 3027 Quae
2403 2974 2695 3029 quanquam
2717 2957 3058 3017 intolerabilia
3070 2958 3192 3023 sint,
3208 2958 3340 3029 eripi
3349 2959 3417 3012 ab
3433 2975 3524 3013 ore
3536 2960 3797 3013 norninant

2179 3032 2317 3087 cibos
2354 3029 2527 3085 labore
2569 3031 2826 3095 quaesitos.
2856 3029 2934 3085 Ita
2954 3029 3273 3099 quibusdam
3318 3031 3456 3085 viris
3486 3031 3672 3085 doctis
3703 3051 3789 3099 πρ-

2181 3103 2545 3176 probantibus
2568 3102 2736 3176 hunc
2754 3103 2929 3157 locum
2959 3102 3265 3176 emendavi.
3288 3102 3349 3176 in
3381 3118 3488 3156 ms.
3511 3114 3600 3158 est
3630 3121 3645 3158 :
3680 3104 3796 3169 Qum

2180 3173 2336 3246 quam
2365 3174 2652 3246 tolerabilia
2693 3174 2815 3239 sint,
2843 3189 3007 3243 pravo
3036 3189 3230 3239 sensu;
3258 3173 3310 3246 id
3337 3176 3490 3229 enim
3521 3189 3636 3229 non
3670 3178 3797 3230 tole-

2183 3244 2370 3301 rabile.
2401 3244 2711 3316 Legendum
2740 3248 2902 3300 etiam
2951 3259 3075 3300 cum
3111 3245 3335 3300 eruditis
3365 3247 3431 3299 ab
3454 3262 3549 3299 ore
3594 3262 3696 3316 pro
3726 3248 3796 3300 la-

2182 3316 2323 3384 bore,
2354 3318 2498 3387 quod
2528 3319 2581 3371 in
2602 3332 2704 3371 ms.
2730 3325 3013 3386 exceptum
3027 3325 3187 3372 estex
3202 3332 3333 3372 voce
3352 3317 3536 3372 labore
3559 3334 3689 3372 mox
3717 3334 3793 3372 se-

2183 3398 2404 3459 quente.
2434 3387 2700 3444 Caeterum
2723 3388 2944 3444 verbum
2966 3390 3205 3456 quasitos
3229 3388 3318 3444 hic
3341 3396 3429 3443 est
3451 3404 3553 3457 pro
3576 3392 3797 3459 acquisi-

2184 3458 2284 3525 tos,
2318 3469 2376 3514 ut
2404 3470 2564 3529 supra
2594 3460 2805 3517 ostendi
2856 3461 2911 3514 in
2939 3458 3064 3515 Not.
3116 3459 3185 3515 ad
3223 3469 3389 3529 caput
3436 3462 3525 3527 18,
3554 3458 3795 3529 illudque

2185 3532 2408 3586 verbum
2436 3531 2663 3601 simplex
2689 3545 2789 3603 pro
2811 3531 3114 3603 composito
3147 3547 3177 3585 a
3201 3530 3488 3588 Lactantio
3521 3532 3794 3603 tnuilotics

2186 3612 2532 3672 usurpatum;
2562 3603 2739 3657 Divin.
2759 3602 2959 3669 lnstit.,
3004 3603 3098 3657 lib.
3140 3618 3215 3666 vt,
3240 3618 3360 3672 cap.
3388 3603 3490 3659 13:
3509 3602 3797 3658 Perdunt:

2185 3689 2293 3748 rem
2331 3675 2637 3748 familiarem
2656 3690 2765 3748 tneo
2782 3685 2881 3748 aut
2923 3677 3178 3748 majorum
3206 3674 3382 3748 labare
3409 3677 3725 3742 qua'sitam;
3752 3685 3798 3729 et

2188 3744 2233 3818 l.
2246 3744 2317 3818 de
2336 3745 2563 3818 Opiﬁcio
2579 3744 2694 3810 Dei,
2708 3747 2826 3818 c.75.
2847 3748 2987 3818 circa
3000 3744 3153 3801 'mcd.
3178 3746 3446 3813 τοκεῦσι
3465 3763 3561 3818 per
3581 3747 3798 3802 laborant

2188 3816 2346 3943 gius;
2367 3816 2423 3873 et
2440 3818 2538 3873 lib.
2566 3817 2635 3875 de
2659 3818 2739 3873 Ira
2760 3817 2877 3886 Dei,
2893 3833 2945 3874 c.
2964 3817 3038 3874 εὖ
3061 3836 3074 3872 :
3101 3818 3405 3886 Quterendis
3434 3816 3797 3890 temporalibus

2228 3905 2361 3943 onis.

2228 3905 2361 3944 oms.

2260 3959 2625 4017 Sustentabils.
2676 3962 2750 4017 lta
2790 3977 2894 4018 ms.
2946 3962 3146 4018 Priscae
3191 3961 3460 4019 editiones
3508 3962 3793 4023 tolerabile,

2190 4032 2343 4102 quod
2388 4033 2530 4089 idem
2559 4043 2678 4099 est;
2718 4035 2857 4089 sicut
2900 4034 3246 4097 Lactantius,
3301 4032 3478 4089 Divin.
3532 4034 3792 4097 Iastium,

2192 4104 2284 4158 lib.
2319 4120 2410 4168 vn,
2438 4120 2557 4174 cap.
2593 4105 2681 4171 16,
2714 4105 2856 4161 dixit
2882 4105 3258 4161 insustcntabili
3294 4105 3670 4169 dominatione,
3704 4119 3796 4175 pro

2190 4176 2521 4232 intolerabili.
2555 4177 2922 4243 Sustentabilc,
2946 4177 3086 4233 forte
3115 4176 3399 4245 legendum
3425 4186 3513 4233 est
3541 4187 3795 4233 sustenta-

2192 4246 2398 4303 bantur.
2433 4249 2662 4304 Pluralis
2692 4264 2949 4305 numerus
2970 4249 3250 4319 praecedit.

2267 4320 2377 4388 Spe
2402 4324 2718 4391 futurorum.
2750 4321 2919 4379 Erud.
2974 4318 3175 4377 Paulus
3218 4319 3438 4376 Bauldri
3460 4318 3683 4376 volebat
3710 4319 3795 4391 Alea

491 4389 622 4457 Qua:
641 4389 939 4475 promiserat
976 4389 1712 4475 redderehetjnaniunomine
1745 4390 2091 4475 uicennalium
2113 4408 2167 4470 D
2192 4405 2321 4462 gere
2348 4389 2438 4475 spe
2463 4396 2786 4475 futurarum:
2833 4409 2931 4475 seu
2957 4402 3219 4463 protentu
3251 4392 3611 4475 animantium
3637 4409 3653 4455 ;
3676 4389 3792 4471 tceo

483 4475 716 4515 securem
726 4460 949 4531 alteram
974 4461 1185 4531 inﬂixit.
1208 4462 1434 4520 Videtur
1453 4463 1583 4529 dici,
1610 4479 1746 4519 nova
1769 4463 2088 4531 indictione,

484 4529 855 4586 vicennalium
900 4529 1146 4600 proxime
1191 4534 1642 4591 eelobrandorum
1697 4536 1917 4591 nomine
1965 4529 2090 4602 pro-

400 4602 403 4604 ’
486 4602 696 4658 vincias
723 4615 970 4675 vexasse,
1000 4613 1060 4657 ut
1082 4606 1362 4674 apparatui
1387 4614 1443 4660 et
1469 4620 1664 4675 pompa
1692 4606 1944 4661 ludorum
1992 4622 2088 4661 nec

486 4676 722 4730 cessaris
765 4673 1488 4744 conquirerentur.—-Etiani
1514 4678 1567 4729 in
1601 4673 1808 4731 notitiae
1848 4677 2092 4731 vicenna-

489 4747 643 4801 lium.
686 4744 863 4816 Lego,
907 4745 1066 4799 etiam
1105 4746 1310 4801 nomine
1355 4746 1727 4812 viconnalium,
1757 4748 1810 4801 id
1836 4756 1950 4813 est,
1991 4748 2097 4803 sub

486 4824 793 4887 praetextu,
846 4816 946 4872 sub
1003 4818 1225 4873 obtentu
1275 4818 1655 4874 vicennalium.
1699 4819 1919 4875 Videtur
1944 4821 1999 4874 in
2025 4834 2093 4876 ex

488 4898 768 5014 postrelma
798 4887 978 5014 liétera
1002 4891 1155 4945 vocis
1180 4890 1355 4958 etiam,
1387 4900 1480 4945 aut
1501 4891 1671 4961 prima
1695 4892 1975 4964 sequentis
1998 4905 2094 4948 vo-

490 4975 570 5014 CIS
597 4974 659 5014 Ol‘
688 4976 796 5014 um.
870 4975 957 5014 UN.

490 4963 570 5016 cis
597 4968 796 5016 ortum.
824 4963 957 5014 Bun.

564 5031 811 5109 Securem
830 5031 1047 5109 alterum
1067 5032 1281 5109 afﬂixit.
1314 5033 1395 5109 lt_a
1420 5048 1525 5109 ηιξ,
1546 5034 1689 5091 idem
1714 5035 1857 5109 quod
1878 5036 2091 5107 inﬂixit.

488 5104 561 5161 Et
599 5118 731 5159 sane
760 5102 891 5158 illud
926 5103 1210 5180 Ciceronis
1224 5118 1319 5173 pro
1339 5103 1441 5180 Cn.
1462 5106 1705 5180 Plancio,
1722 5102 1841 5180 cap.
1866 5102 2095 5165 9_'Auc.

490 5186 581 5231 tor
606 5184 790 5231 noster
808 5174 1062 5252 respexit
1087 5191 1100 5228 :
1125 5173 1291 5252 Quam
1316 5178 1453 5231 enim
1482 5178 1559 5232 illi
1572 5173 1773 5251 judices
1792 5173 2097 5252 "graviorem

491 5256 766 5320 potuerunt
792 5244 1112 5320 Reipublicae
1130 5247 1364 5318 inﬂigere
1394 5244 1628 5315 securim,
1657 5261 1762 5307 etc.

564 5316 760 5391 Ecquis
781 5332 1023 5391 enarrare
1044 5316 1198 5391 digne
1221 5316 1424 5391 potest?
1452 5320 1552 5375 Ms.
1573 5330 1621 5375 et
1638 5325 1768 5391 quis.
1795 5323 2097 5380 Levissima

492 5390 583 5463 vel
620 5404 758 5457 pene
788 5389 897 5443 ulla
924 5390 1223 5463 mutatione
1267 5390 1420 5457 posui
1471 5389 1676 5463 ecquis;
1703 5409 1826 5451 cum
1857 5405 1877 5450 t
1904 5406 1959 5452 et
1985 5413 2013 5451 o
2041 5399 2095 5452 in

493 5462 767 5533 plerisque
795 5473 926 5514 mss.
952 5460 1061 5518 sint
1086 5461 1312 5527 similes,
1338 5474 1430 5520 aut
1454 5460 1593 5533 pene
1621 5467 1851 5524 similes.

572 5532 883 5603 Ofﬁciorum
911 5533 1137 5604 omnium
1176 5535 1377 5591 milites.
1413 5532 1473 5590 Id
1496 5546 1599 5604 est,
1645 5540 1832 5595 milites
1871 5540 2097 5595 omnium

495 5606 915 5675 magistratuum,
963 5603 1050 5659 vel
1097 5606 1283 5661 milites
1315 5608 1403 5678 qui
1430 5603 1808 5680 magistratibus
1847 5612 2099 5668 auxilium

498 5681 831 5745 praestabant.

580 5745 742 5804 Yenia
769 5763 871 5803 non
899 5746 1194 5808 habentibus
1221 5751 1387 5809 nulla.
1420 5750 1513 5809 Sic
1541 5750 1683 5824 lego,
1716 5750 1790 5809 ita
1815 5759 1879 5809 ut
1901 5751 1993 5820 sit,
2015 5768 2100 5809 ve-

2198 4473 2316 4518 tura
2335 4462 2480 4518 enim
2506 4462 2725 4537 (inquit)
2755 4462 2967 4537 Latinis
2990 4472 3284 4536 proventus
3301 4464 3662 4520 animantium
3676 4468 3785 4528 εει,

2193 4542 2248 4591 et
2272 4539 2503 4603 ipsemet
2520 4536 2713 4601 luctus,
2742 4536 2964 4604 {actui-ce.

2271 4606 2413 4679 Quid
2460 4610 2611 4662 uestis
2641 4608 2806 4663 omnis
2826 4609 3026 4679 generis
3040 4607 3066 4661 ?
3090 4605 3245 4663 Adde
3267 4605 3536 4679 Exigitur,
3557 4605 3646 4661 vel
3694 4604 3787 4659 cri-

2194 4678 2353 4748 pitur.
2385 4678 2537 4733 Paul.
2572 4678 2788 4733 Bauldri
2814 4678 3033 4750 aliquod
3058 4679 3283 4735 verbum
3319 4678 3592 4734 excidisse
3633 4686 3784 4748 puta-

2194 4750 2307 4814 bat,
2338 4750 2501 4820 quale
2526 4759 2611 4807 est
2643 4750 2773 4805 illud
2801 4751 2947 4821 quod
2972 4751 3185 4806 damus.

2267 4820 2349 4874 Ad
2368 4830 2561 4877 votum.
2587 4823 2676 4877 Sic
2701 4820 2965 4877 vocabant
2987 4822 3148 4891 festa,
3180 4822 3236 4877 in
3280 4820 3479 4891 quibus
3517 4829 3641 4875 vota
3667 4834 3785 4874 con—

2196 4893 2533 4962 cipiebantur
2558 4910 2655 4966 pro
2684 4893 3054 4966 incolumitate
3090 4902 3161 4966 et,
3190 4894 3440 4948 diuturna
3468 4892 3784 4966 principum

2196 4966 2336 5031 vita;
2367 4975 2531 5036 atque
2547 4964 2689 5021 sicut
2714 4965 3015 5021 vicennalia
3033 4965 3403 5036 celebrabant,
3437 4964 3515 5021 sic
3541 4964 3673 5019 deos
3699 4977 3783 5036 ex-

2197 5035 2503 5164 grabanéut
2527 5037 2825 5093 tribuerent
2845 5038 3049 5108 pariter
3092 5049 3281 5093 eorum
3310 5035 3633 5093 tricennalia
3657 5035 3785 5091 cele-

2236 5122 2367 5162 rari.
2441 5125 2601 5164 ALUZ.

2236 5122 2367 5162 rart.
2397 5122 2601 5166 UALUZ.

2272 5178 2425 5246 Quod
2461 5198 2563 5236 non
2589 5189 2697 5236 erat
2735 5180 3103 5235 celebraturus.
3144 5177 3247 5235 llic
3288 5176 3442 5233 locus
3489 5186 3575 5233 est
3616 5177 3778 5246 magni

2197 5252 2479 5317 momenti,
2508 5269 2631 5309 cum
2653 5268 2721 5309 ex
2739 5267 2807 5307 eo
2827 5259 2980 5307 certo
3003 5251 3293 5321 colligatur
3320 5249 3595 5306 Galerium
3626 5248 3777 5321 blaxif

2198 5322 2566 5408 mianumnun
2590 5324 2903 5408 pervenisse
2928 5322 3008 5408 ad
3021 5319 3339 5405 vigesimum
3365 5336 3569 5408 annum
3591 5319 3777 5408 imperii

2199 5394 2316 5462 sui;
2350 5394 2494 5454 {mdo
2521 5394 2665 5452 enim
2704 5394 2899 5451 morbo
2922 5402 3081 5451 antea
3103 5395 3373 5450 extinctus
3400 5402 3519 5461 est,
3547 5404 3607 5449 ut
3643 5398 3774 5448 notat

2200 5465 2436 5524 Doctiss.
2487 5469 2692 5524 BALDZ.

2271 5540 2611 5595 Maximinus.
2659 5539 2756 5596 Ms.
2788 5553 2888 5610 pro
2916 5552 3088 5604 more,
3124 5535 3497 5592 Maximianus.
3525 5537 3777 5592 Caeterum

2198 5629 2267 5670 ex
2297 5612 2519 5668 Eusebii
2560 5611 2699 5686 llist.
2729 5611 2890 5686 eccl.,
2922 5611 3015 5665 lib.
3039 5625 3307 5686 vut,__c_ap.
3337 5610 3426 5674 i5,
3452 5618 3639 5686 noster
3661 5622 3776 5686 con:

2198 5686 2481 5749 ﬁrmatur;
2509 5692 2565 5737 et
2586 5684 2781 5738 iterum
2810 5682 2913 5737 hoc
2933 5689 3121 5736 nostro
3169 5680 3308 5736 libro
3327 5722 3341 5746 ,
3365 5695 3487 5751 cap.
3512 5680 3608 5745 Η.
3637 5678 3774 5747 primi

2201 5753 2439 5815 nominis
2460 5754 2677 5813 titulum
2705 5754 2810 5815 sibi
2851 5753 3169 5813 Maximinus
3193 5752 3520 5811 vindicabat.
3552 5752 3680 5809 Bon.
