3950 6368
523 347 636 405 247

1391 345 1578 402 FIRM.
1617 339 1985 399 LACTANTII
2024 339 2154 396 LIB.
2195 338 2287 396 DE
2327 339 2536 398 MORT.
2578 339 2966 401 PERSECUT.
3755 337 3837 397 ω

529 478 725 520 manus
764 469 1102 534 promovent.
1150 460 1469 532 Confugitur
1519 460 1588 516 ad
1637 460 1800 518 idola.
1853 459 2045 532 Apollo
2075 466 2129 514 et
2154 459 2210 522 A
2235 459 2658 531 Apponebantur
2683 460 2751 516 ad
2772 460 2956 517 sedem
2985 459 3259 517 ﬂuentem
3289 466 3454 517 cocta
3476 467 3535 516 et
3553 459 3726 517 calida
3746 463 3837 516 ani-

526 554 812 627 Asclepins
843 562 1092 620 orantur;
1141 551 1441 610 remedium
1472 551 1762 623 ﬂagitatur.
1797 552 1899 608 Dat
1926 551 2124 621 Apollo

528 665 738 706 curam.
780 649 972 704 Malum
1005 647 1172 704 multo
1203 646 1353 717 pejus
1383 654 1626 716 augetur.
1659 645 1778 701 Jam
1829 659 1934 700 non
1965 645 2127 715 longe

2234 553 2413 619 malia,
2447 561 2505 608 ut
2531 554 2859 609 vermiculos
2897 554 3125 610 eliceret
3154 553 3339 613 calor.
3379 552 3552 620 Quies
3578 552 3834 621 resolutis,

2236 647 2611 703 ina-stimabile
2639 646 2884 704 scatebat
2911 661 3182 713 examen;
3233 656 3290 702 et
3335 655 3532 702 tamen
3562 646 3731 702 multo
3747 662 3838 701 ma-

523 744 795 816 pcrnicies
815 743 1020 809 aberat,
1045 752 1100 797 et
1120 740 1374 797 inferiora
1395 739 1575 796 omnia
1592 739 1948 808 corripuerat.
1967 739 2136 794 Coma
2227 737 2404 809 jorem
2445 740 2652 809 copiam
2677 739 3128 797 tabescendorum
3151 741 3446 797 viscerum
3470 740 3741 810 pernicies
3769 739 3840 796 fe-

526 845 842 908 putrescunt
896 835 1201 891 forinsecus
1240 835 1472 900 viscera,
1527 841 1581 887 et
1637 832 1687 888 in
1743 832 1920 888 tabem
1968 832 2128 888 sedes

522 938 635 984 tota
680 928 950 984 dilabitur.
984 925 1100 983 Non
1128 926 1386 982 desinunt
1416 934 1592 981 tamen
1620 924 1863 981 infelices
1889 923 2120 991 Medici,

521 1023 608 1079 vel
642 1023 759 1078 sine
788 1036 885 1092 spe
938 1019 1192 1076 vincendi
1223 1018 1372 1084 mali,
1408 1017 1612 1083 fovere,
1652 1032 1863 1073 curare.
1917 1017 2123 1084 Reper-

514 1114 693 1172 cassis
721 1113 996 1180 medullis,
1027 1113 1226 1168 malum
1253 1111 1446 1167 recidit
1489 1111 1778 1172 introrsus.
1827 1118 1880 1165 et
1911 1111 2123 1166 interna

519 1205 964 1277 comprehendit;
993 1219 1208 1260 vermes
1227 1202 1370 1259 intus
1409 1212 1681 1260 creantur.
1707 1201 1854 1257 Odor
1877 1203 1916 1256 it
1941 1211 2123 1258 autem

517 1311 629 1353 non
662 1296 825 1352 modo
855 1311 951 1367 per
1000 1295 1296 1368 palatium:
1327 1294 1420 1350 sed
1474 1301 1638 1349 totam
1695 1293 1968 1347 civitatem
1996 1308 2119 1364 per-

513 1388 684 1445 vadit.
712 1389 825 1447 Nec
851 1389 1071 1455 mirum,
1090 1403 1212 1444 cum
1235 1387 1344 1459 jam
1361 1386 1572 1444 confusi
1593 1396 1774 1444 essent
1789 1385 1966 1443 exitus
1985 1395 2125 1442 ster-

523 1481 672 1538 coris
698 1491 754 1538 et
798 1482 987 1539 urinae.
1015 1480 1328 1538 Comestum
1348 1496 1378 1535 a
1400 1479 1678 1537 vermibus
1713 1488 1768 1536 et
1795 1479 1847 1534 in
1881 1478 2123 1549 putredi-

523 1587 653 1632 nem
681 1588 884 1645 corpus
908 1587 1033 1629 cum
1063 1572 1418 1629 intolerandis
1452 1571 1729 1627 doloribus
1761 1571 2009 1628 solvitur.

770 1673 1022 1737 Clamores
1036 1673 1182 1724 simul
1200 1672 1549 1737 borrrendosad
1568 1673 1734 1722 sidera
1758 1671 1903 1737 tollit,

773 1735 957 1800 Quales
975 1738 1193 1803 mugitus
1207 1736 1348 1802 ﬁngit
1359 1736 1552 1789 saucius
1570 1743 1755 1788 taurus.

2156 1748 2206 1810 B

2231 831 2407 887 cunda
2437 840 2810 904 generaverat.
2841 831 2960 888 Jam
2989 831 3213 890 diverso
3261 832 3426 890 malo
3455 842 3651 904 partes
3678 848 3836 902 corpo-

2232 924 2310 980 ris
2334 925 2628 982 amiserant
2681 926 2937 996 speciem.
2987 925 3254 997 Superior
3311 942 3505 998 usque
3557 926 3627 982 ad
3680 929 3839 982 vulnus

2231 1026 2466 1082 aruerat,
2504 1027 2558 1073 et
2597 1018 2887 1074 miserabili
2920 1020 3096 1074 macie
3125 1019 3270 1076 cutis
3302 1019 3496 1074 lurida
3528 1019 3698 1088 longe
3722 1020 3833 1075 inter

2230 1124 2352 1165 ossa
2383 1109 2720 1166 consederat.
2755 1109 2982 1166 Inferior
3009 1113 3129 1166 sine
3171 1111 3285 1166 ulla
3333 1111 3554 1180 pedum
3593 1111 3781 1177 forma,
3803 1113 3840 1166 is

2230 1202 2428 1259 utrium
2477 1202 2692 1258 modum
2716 1202 2900 1258 inﬂata
2924 1203 3283 1261 discreverat.
3312 1203 3389 1260 Et
3418 1203 3550 1260 haec
3582 1202 3725 1258 facta
3745 1217 3836 1258 sunt

2229 1311 2328 1368 per
2353 1312 2551 1352 annum
2583 1307 2892 1368 perpetem;
2933 1312 3054 1353 cum
3103 1297 3330 1354 tandem
3395 1299 3572 1354 malis
3627 1299 3834 1353 domitis

2233 1391 2402 1448 Deum
2450 1399 2670 1449 coactus
2717 1398 2803 1446 est
2853 1391 3100 1447 confiteri
3134 1407 3147 1443 :
3180 1390 3313 1446 novi
3350 1390 3583 1446 doloris
3635 1393 3836 1460 urgente

2228 1497 2326 1554 per
2357 1482 2641 1539 intervalla
2671 1482 2962 1549 exclamat,
3017 1497 3078 1539 se
3125 1483 3558 1538 restituturum”
3591 1481 3694 1537 Dei
3739 1492 3839 1536 tem-

2230 1576 2400 1646 plum,
2437 1576 2677 1646 satisque
2724 1589 2822 1644 pro
2843 1575 3050 1631 scelere
3098 1575 3407 1634 facturum.
3439 1574 3520 1633 Et
3565 1575 3692 1648 jam
3731 1573 3835 1632 deﬁ-

2230 1671 2386 1729 ciens
2432 1669 2669 1728 edictum
2711 1669 2858 1728 misit
2892 1668 3228 1743 huiusmodi.

1890 1865 2253 1929 VARIORUM
2281 1873 2516 1932 NOT/E.

529 1967 728 2039 quippe
759 1967 812 2023 in
829 1981 942 2092 ἓιο
961 1964 1250 2047 videamus.
1265 1977 1452 2019 vocem
1481 1962 1626 2018 illam
1651 1962 1919 2033 Asclepius
1935 1977 2125 2019 recur-

529 2055 671 2092 rere.
701 2053 800 2092 nro
907 2036 1194 2092 acalauius.
1216 2035 1314 2091 lib.
1345 2051 1386 2092 I.
1412 2049 1532 2092 can.
1571 2035 1660 2088 t7.

526 2035 679 2106 rere,
701 2053 800 2109 pro
829 2035 1194 2104 zEscttlapt'us,
1216 2035 1314 2091 lib.
1345 2051 1386 2101 ι,
1412 2049 1532 2102 cap.
1571 2035 1660 2088 t7.

595 2130 1002 2205 Confugitur_ad
1031 2131 1244 2205 idola...
1278 2137 1527 2205 arantur.
1560 2127 1673 2184 Sic.
1715 2127 1811 2181 lib.
1854 2126 2125 2205 ll,_lll€_l.,

526 2219 652 2275 cap.
683 2198 865 2275 {z'Ad
886 2201 1056 2275 Deum
1081 2198 1901 2275 confugitur..._l_)eus_...oratur.
1928 2198 2006 2254 De
2034 2198 2136 2275 its-

535 2269 702 2346 clepio
730 2273 1054 2344 conf..lib.,t
1089 2269 1256 2341 lnsL,
1284 2285 1404 2342 cap.
1437 2272 1502 2324 l7
1537 2288 1551 2325 :
1581 2269 1942 2340 Asclepium...
1975 2271 2135 2324 advo-

534 2348 685 2403 cavit.
719 2346 852 2402 Bon.

610 2440 715 2494 Dat
735 2438 923 2506 Apollo
954 2453 1150 2492 curam.
1200 2435 1258 2491 ld
1300 2443 1403 2501 est,
1444 2435 1604 2490 docet
1633 2434 1963 2506 remedium.
1987 2432 2131 2506 Dare

538 2511 721 2574 alicui,
757 2503 856 2581 pro
883 2509 1051 2565 dicere
1075 2508 1266 2581 alicui,
1289 2507 1469 2581 docere
1497 2507 1728 2581 aliquem
1749 2548 1762 2571 ,
1793 2503 1934 2581 apud
1957 2504 2136 2581 Virgi-

549 2584 680 2639 lium
708 2576 893 2652 Eclog.
920 2582 974 2647 1,
1004 2595 1057 2634 v.
1090 2580 1196 2652 ως
1231 2578 1334 2644 Da,
1369 2577 1564 2649 Tityre,
1592 2576 1767 2652 nobis,
1793 2578 1842 2632 id
1874 2576 2137 2652 estrdoee

545 2669 667 2709 nos.
692 2652 778 2708 Ex
801 2647 1125 2708 Gimmo.—
1143 2647 1676 2715 Heumannftamcn,
1700 2649 1821 2703 loco
1853 2647 1998 2704 verbi
2021 2647 2132 2715 dat,

541 2735 697 2798 putat
728 2723 1012 2795 legendum
1039 2737 1162 2778 esse
1189 2731 1363 2794 negat,
1395 2722 1479 2777 vel
1511 2723 1687 2791 potius
1713 2736 1815 2774 non
1844 2719 1952 2773 dut.

610 2816 735 2882 lam
786 2832 890 2870 non
933 2815 1082 2886 longe
1128 2814 1372 2886 pernicies
1428 2815 1670 2868 aberat...
1725 2821 2141 2886 contputrescttnt

543 2889 827 2960 forinsecus
857 2884 1071 2960 viscera,
1103 2884 1150 2942 et
1176 2886 1230 2940 in
1252 2885 1416 2960 tabem
1442 2886 1586 2960 sedes
1615 2884 2018 2960 totadilabitur.
2037 2884 2141 2960 Eo-

543 2955 667 3017 dem
695 2973 857 3016 sensu
901 2958 1126 3028 legimus
1154 2955 1296 3027 apud
1342 2957 1676 3028 Lactantinm
1724 2956 1816 3028 lib.
1862 2971 1930 3028 vi
1965 2956 2136 3028 Divin.

543 3032 777 3089 Institut.
801 3045 851 3086 c.
869 3025 1258 3095 25,'perniciem
1282 3025 1512 3084 rescissis
1530 3027 1826 3083 vulneribus
1854 3025 2136 3092 effundere.

2235 1979 2423 2038 postea
2455 1967 2632 2024 fascia:
2670 1969 3121 2035 removebantnr,
3162 1968 3280 2037 ipsa
3320 1983 3564 2039 quoque
3605 1967 3827 2020 animali:

2233 2040 2660 2096 resolvebantur.
2712 2040 2806 2095 Est
2843 2042 2988 2096 enim
3022 2040 3074 2094 in
3120 2041 3272 2095 mille
3303 2038 3446 2094 locis
3477 2042 3764 2104 resoluere,
3801 2038 3837 2092 itl

2234 2114 2378 2181 quod
2411 2111 2631 2182 ligatum
2661 2110 2834 2167 fuerat
2858 2111 3183 2167 disStilvere.
3218 2111 3424 2167 Noster
3460 2126 3598 2179 cap.
3632 2112 3704 2166 46
3736 2109 3836 2166 :Li-

2237 2184 2429 2237 ciniani
2457 2194 2600 2237 scuta
2643 2184 2941 2247 deponunt,
2973 2183 3146 2254 galeas
3191 2182 3489 2238 resolvunt.
3545 2182 3834 2236 Lactantius

2239 2254 2473 2324 Epitom.
2507 2270 2626 2322 cap.
2673 2254 2751 2309 72
2783 2273 2796 2310 :
2831 2254 2936 2309 Sed
2964 2265 3008 2309 et
3050 2255 3160 2325 ipse
3201 2255 3509 2308 dtemonum
3555 2255 3833 2322 princeps...

2239 2329 2430 2381 catenis
2459 2326 2618 2395 igneis
2644 2326 2912 2398 alligatus,
2957 2335 3075 2398 etc.
3107 2325 3346 2398 Peractis
3378 2341 3504 2378 vero
3543 2326 3694 2398 inille
3721 2326 3837 2377 mis

2240 2413 2300 2450 ac
2329 2399 2550 2467 resoluto
2579 2397 2867 2452 da’monutn
2913 2397 3161 2466 principe.
3203 2397 3744 2463 Damalin—Quam
3771 2412 3840 2448 ro-

2242 2483 2358 2522 cem
2373 2470 2463 2540 psic
2488 2479 2764 2538 acceptam
2797 2469 2849 2522 in
2880 2471 2989 2526 alio
3014 2467 3204 2540 quovis
3228 2468 3562 2524 Christiano
3605 2469 3837 2540 scriptore

2241 2540 2345 2612 vix‘
2360 2538 2440 2612 (ut
2472 2539 2629 2612 puto),
2646 2540 2904 2609 reperies.

2316 2609 2682 2665 Intestimabile
2710 2612 2927 2667 scatebat
2955 2628 3185 2667 examen.
3229 2609 3694 2666 Vermiculorunt
3731 2612 3839 2666 scili-

2247 2691 2353 2737 cet.
2397 2682 2796 2748 Intestintabile,
2842 2699 2938 2753 pro
2976 2682 3381 2746 innumerabile,
3431 2699 3547 2753 vox
3589 2683 3837 2738 Lacaena

2251 2753 2575 2822 peculiaris;
2605 2755 2641 2808 l.
2674 2769 2689 2809 ι
2723 2752 3100 2809 Οἰνζιιιειίιυι.
3133 2769 3252 2825 cap.
3279 2770 3369 2808 XVI
3399 2771 3413 2808 :
3449 2752 3606 2808 Nam
3637 2772 3749 2808 cum
3775 2754 3838 2806 lte-

2249 2827 2444 2878 minum
2489 2826 2574 2880 via:
2604 2825 2915 2881 incredibilis
2956 2842 3197 2880 numerus
3240 2826 3305 2879 sit
3345 2837 3392 2880 et
3440 2827 3837 2886 inaestimabilis,

2248 2895 2453 2952 Gallice
2479 2939 2494 2962 ,
2558 2913 2656 2952 une
2683 2898 2906 2967 quantité
2935 2896 3319 2962 innombrable;
3363 2898 3462 2951 lib.
3505 2897 3586 2951 de
3619 2897 3703 2952 Ira
3735 2897 3835 2956 Dei.

2247 2982 2367 3035 cap.
2414 2967 2515 3024 l0:
2547 2967 2842 3022 Atomorum
2884 2969 3042 3025 moles
3081 2980 3184 3023 tam
3223 2967 3625 3023 inaestimabiles
3667 2987 3730 3023 ex
3763 2981 3837 3020 tas

2247 3040 2456 3112 minutis
2485 3039 2930 3112 conglobarentur;
2959 3051 3016 3097 et
3043 3040 3277 3112 Epitom.
3307 3055 3434 3112 cap.
3467 3038 3571 3108 72,
3608 3042 3686 3096 vis
3715 3042 3837 3094 inas-

622 3097 1095 3187 Farinsectts..ﬂa‘c
1120 3100 1336 3187 insolita
1381 3113 1515 3187 v‘oce
1547 3113 1683 3187 Pstis
1709 3107 1792 3154 est
1831 3097 2142 3187 Lactantius
2170 3121 2218 3187 ο
2249 3111 2488 3165 ambitis
2519 3097 2849 3182 Ανῖθειοναηι,

549 3174 649 3230 lib.
676 3174 746 3230 de
783 3171 1008 3242 Opiﬁcio
1038 3172 1159 3242 Dei,
1185 3186 1238 3229 c.
1279 3171 1316 3226 2
1345 3187 1360 3226 :
1395 3168 1518 3226 Non
1540 3171 1824 3242 forinsecus
1851 3179 1907 3224 ut
1925 3176 2142 3240 etatem,

550 3245 643 3303 sed
669 3246 883 3300 interius
909 3244 1144 3299 armauit.

625 3336 786 3392 Sedes
813 3345 939 3390 tota.
969 3335 1104 3392 Pars
1124 3335 1370 3406 corporis
1395 3349 1501 3405 qua
1527 3332 1769 3391 sedetur.
1803 3331 1861 3389 ln
1897 3346 2030 3390 mss.
2063 3341 2150 3389 est

550 3407 710 3473 sedis,
743 3406 1020 3462 mendose.

633 3478 965 3547 Repercussis
991 3476 1251 3547 medullis.
1291 3475 1350 3532 ld
1401 3484 1516 3547 est,
1567 3475 1817 3547 inquiunt
1862 3474 2147 3540 nonnulli,

555 3546 765 3604 affectis
788 3547 1062 3602 medullis.
1090 3546 1253 3603 Forte
1279 3546 1563 3618 legendum
1582 3589 1596 3612 ,
1640 3546 2017 3618 Repercussum
2042 3561 2152 3598 me-

558 3619 738 3680 dullis.
755 3618 1083 3674 autmcdelis.
1113 3620 1244 3683 Quis
1266 3616 1410 3673 enim
1436 3633 1670 3688 unquam
1697 3627 1788 3672 aut
1807 3616 2032 3680 audivit,
2057 3624 2152 3670 aut

558 3691 688 3762 legit
718 3689 992 3762 Repercuti
1032 3689 1323 3762 medullas?
1364 3688 1933 3762 Additaitaquepost
1956 3688 2154 3762 malum

557 3758 994 3832 virgula-scribe
1020 3779 1032 3814 :
1057 3759 1431 3832 Repercussum
1458 3759 1667 3832 medelis
1695 3760 1890 3814 malum
1915 3799 1930 3824 ,
1962 3758 2154 3832 recidit

558 3829 830 3888 introrsus.
864 3832 1102 3888 Positum
1133 3829 1215 3885 est
1244 3831 1385 3886 enim
1427 3831 1634 3884 medelis
1655 3871 1672 3896 ,
1712 3846 1812 3900 pro
1857 3829 2150 3883 medecinis.

557 3905 634 3961 Ita
665 3919 825 3974 supra
845 3947 857 3966 ,
904 3903 1092 3972 Incipit
1119 3900 1306 3958 vulnus
1341 3919 1443 3958 non
1472 3902 1657 3956 sentire
1683 3901 2007 3956 medicinam.
2023 3901 2154 3957 Par-

557 3978 654 4036 tim
682 3993 746 4032 ea:
766 3975 1062 4032 TOINARDO.

633 4069 832 4124 Malum
861 4067 1041 4122 recidit
1068 4067 1340 4121 introrsus.
1385 4065 1482 4121 Hic
1512 4063 1736 4120 recidere
1775 4074 1856 4119 est
1876 4106 1889 4130 ,
1921 4063 2152 4130 reverti,

561 4141 760 4204 redire;
793 4140 1036 4196 recidere
1068 4139 1353 4204 introrsus,
1381 4147 1576 4191 rentrer
1603 4155 1670 4190 au
1699 4136 2157 4190 dedans.l..actan-

559 4214 688 4275 tius,
719 4212 808 4268 lib.
829 4227 883 4266 γι
911 4212 1026 4266 Div.
1050 4209 1280 4264 Institut.
1313 4225 1432 4278 cap.
1459 4209 1525 4262 Π
1560 4225 1572 4259 :
1600 4207 1778 4278 Neque
1805 4208 1940 4262 enim
1971 4222 2152 4279 capere

559 4284 756 4338 videtur
784 4293 998 4349 natura,
1043 4292 1100 4337 ut
1127 4281 1324 4352 aliquid
1351 4277 1405 4336 in
1433 4283 1749 4336 contrarium
1789 4277 2043 4335 malum.
2070 4277 2157 4333 Ea:

560 4355 844 4479 “bimi
865 4435 1052 4479 autem.
1078 4423 1168 4480 Sic
1197 4425 1318 4494 lego
1344 4439 1464 4479 cum
1504 4422 1830 4478 doctissimis
1859 4421 1995 4494 viris_
2010 4420 2154 4494 Vos-

565 4497 645 4581 sio
671 4504 726 4551 et
745 4495 1050 4581 Bolterello,
1083 4495 1240 4551 unius
1253 4491 1462 4552 litterae
1482 4494 1807 4565 adjectione,
1832 4508 1929 4564 pro
1958 4491 2150 4548 Odori-
2177 4521 2234 4581 D

562 4577 732 4630 tatem,
759 4566 900 4637 quod
931 4566 1090 4621 estin
1122 4581 1224 4622 ms.

635 4662 928 4719 Comestum
954 4676 986 4713 a
1017 4658 1268 4714 vermibus
1300 4668 1347 4714 et
1375 4659 1428 4711 in
1461 4658 1776 4726 putredinem
1799 4672 2004 4724 corpus.
2032 4656 2158 4711 llmc

563 4747 690 4791 vera
724 4732 877 4788 nobis
900 4731 1111 4787 videtur
1141 4730 1322 4795 lectio,
1349 4739 1627 4783 comestum
1650 4727 1934 4782 referendo
1958 4727 2021 4782 ad
2043 4743 2158 4780 cor-

563 4824 695 4880 pus,
716 4801 860 4880 quod
887 4818 1009 4880 me}
1042 4800 1457 4880 sequitur._Ms.,
1493 4798 1775 4880 Qumesfus,
1807 4798 1968 4854 male.
2011 4798 2158 4853 Non-

563 4868 698 4936 bulli
727 4868 933 4930 malunt
959 4868 1245 4939 Comestur,
1274 4871 1325 4926 id
1349 4880 1460 4936 est,
1491 4868 1804 4925 Comeditur.

635 4949 916 5005 Clamores.
949 4943 1111 4998 Forte
1147 4943 1234 4998 liic
1260 4941 1562 4997 addendum
1588 4957 1753 5010 aram,
1783 4951 1842 4999 ut
1865 4939 2007 5013 apud
2027 4939 2156 4998 Vir-

560 5022 766 5095 gilium;
795 5028 850 5074 et
874 5017 955 5072 sic
985 5013 1193 5084 legendi
1224 5013 1279 5069 hi
1302 5014 1408 5068 duo
1433 5027 1659 5067 versus:

687 5137 935 5187 Clamores
958 5130 1100 5182 simul
1123 5129 1397 5195 horrendos
1417 5128 1476 5177 ad
1491 5127 1656 5195 sidera
1681 5128 1824 5195 tollit,

683 5199 870 5313 guales
891 5198 1128 5260 mugitus,
1153 5191 1278 5258 fugit
1296 5205 1408 5244 cum
1429 5192 1623 5243 saucius
1642 5203 1779 5242 aram

727 5274 892 5313 auras.

563 5369 751 5434 Virgil.
775 5384 812 5423 tt
837 5364 1056 5424 IEneid.
1078 5379 1131 5416 ν.
1165 5360 1270 5416 29.2
1294 5371 1349 5417 et
1366 5376 1520 5432 seqq.

639 5432 826 5495 Coacta
837 5448 884 5494 et
899 5437 1069 5492 calida
1092 5434 1355 5490 animalia.
1386 5434 1463 5489 lta
1484 5432 1687 5490 ms.Vir
1704 5432 1947 5492 eruditus
1970 5433 2159 5492 mallet

564 5513 783 5573 incocta,
819 5523 914 5577 pro
941 5509 1073 5562 viva.

637 5576 875 5637 Eliceret.
911 5579 964 5632 ln
996 5593 1123 5641 ms.,
1154 5576 1394 5645 eligeret;
1424 5576 1701 5631 mendose.

641 5653 797 5722 Queis
828 5649 1093 5722 resolutis:
1117 5647 1379 5722 Animalia
1407 5647 1494 5700 illa
1529 5662 1634 5701 non
1658 5648 1901 5722 apposita
1936 5647 2156 5722 fuerunt

563 5718 877 5780 vulneribus
911 5721 1028 5776 sine
1067 5718 1266 5786 fasciis,
1305 5734 1528 5788 quarum
1551 5734 1654 5787 ope
1679 5718 1871 5774 melius
1899 5720 2155 5774 ulceratis

562 5795 804 5870 partibus
824 5792 1470 5870 applicarentur,_suogue
1495 5789 1618 5870 loco
1644 5789 1978 5870 insisterent.
2008 5789 2153 5870 0bl_i~

560 5861 822 5940 gabautur
852 5861 978 5935 ergo
1015 5878 1138 5921 cum
1168 5861 1475 5921 vulneribus
1514 5862 1804 5931 animalia;
1855 5870 1907 5917 et
1937 5861 2152 5934 quando

2328 3200 2766 3273 Tabescendorum
2792 3203 3042 3257 uiscerum
3061 3204 3328 3273 pernicies.
3358 3201 3437 3257 Ita
3459 3218 3570 3257 ms.
3610 3202 3835 3258 Nonnulli

2254 3272 2461 3328 malunt
2486 3273 2878 3340 tabescentium;
2906 3272 3145 3344 quidam,
3174 3276 3287 3330 tabe
3304 3290 3607 3337 caesorum.
3638 3274 3834 3335 Galeire.

2256 3362 2327 3398 un
2355 3344 2526 3400 ulcere
2553 3345 2682 3398 dans
2705 3345 2776 3400 les
2805 3345 3083 3401 entrailles.
3111 3346 3312 3401 Eodem
3343 3361 3513 3401 sensu
3549 3346 3835 3400 Lactantius

2254 3415 2347 3472 lib.
2376 3432 2451 3480 vt,
2491 3413 2605 3470 Div.
2636 3415 2868 3472 Institut.
2897 3432 3016 3487 cap.
3051 3417 3113 3470 Ξῖ
3143 3435 3155 3470 :
3187 3417 3470 3486 perniciem
3495 3419 3736 3474 rescissis
3750 3418 3834 3472 etil-

2255 3488 2459 3543 neribus
2489 3487 2772 3554 e/fundere.
2804 3499 2862 3543 ut
2891 3504 3014 3542 mox
3038 3489 3362 3544 notavimus.

2329 3558 2617 3613 Facunda.
2642 3559 2843 3614 Priscze
2871 3559 3155 3622 editiones,
3187 3559 3438 3614 secunda.

2255 3630 2565 3758 adbiuerso.
2593 3629 2896 3688 Heumann.
2925 3631 3055 3703 legit
3079 3630 3332 3703 disperso.
3368 3631 3538 3688 Forte
3570 3631 3832 3704 legendum

2329 3719 2486 3757 verso.

2329 3719 2486 3757 υετδο.

2328 3794 2636 3854 Amiserant,
2666 3791 2722 3846 ln
2750 3807 2877 3858 ms.,
2901 3792 3244 3848 Admiserant.

2330 3864 2524 3918 Lurida
2552 3863 2754 3934 Longe.
2778 3863 2836 3918 ln
2864 3864 3183 3934 ms.,luride
3212 3866 3381 3932 longe.

2333 3933 2675 3990 Discreverat.
2709 3935 2783 3988 Ita
2815 3951 2916 3990 ms.
2937 3977 2952 4000 ,
2986 3933 3299 3990 Discreverat
3339 3951 3368 3989 a
3413 3937 3702 4000 discresco,
3751 3952 3830 3990 non

2259 4017 2436 4063 autem
2467 4021 2496 4059 a
2525 4007 2775 4061 discerno.
2795 4006 2996 4062 [larum
3021 4009 3266 4061 verbum.
3293 4007 3591 4072 Discresco,
3627 4023 3724 4075 pro
3745 4010 3827 4060 dis-

2259 4078 2434 4145 tendo;
2460 4078 2795 4143 discrescere,
2841 4079 2927 4133 vel
2956 4078 3240 4133 distendere
3264 4089 3355 4133 aut
3389 4079 3572 4146 petitis
3600 4079 3828 4138 distendi,

2260 4149 2483 4218 Gallice,
2509 4149 2715 4206 etendre
2739 4150 3038 4222 davantage.
3083 4150 3274 4208 Plures
3310 4151 3502 4208 volunt
3546 4152 3653 4223 legi
3692 4153 3829 4204 incre-

2258 4231 2417 4277 uerat.
3531 4227 3536 4232 ’

2331 4314 2437 4370 Per
2466 4331 2658 4368 annum
2689 4325 2960 4384 perpetem.
2986 4313 3046 4368 Id
3088 4322 3192 4378 cst,
3226 4313 3521 4384 integrum,
3548 4323 3739 4368 totum.
3766 4314 3830 4367 Sic

2261 4395 2316 4442 et
2338 4387 2644 4441 Lactantius
2676 4385 2764 4439 lib.
2801 4401 2896 4449 vn,
2922 4401 3040 4452 cap.
3073 4384 3338 4440 26zTunc
3361 4401 3452 4455 per
3481 4394 3673 4454 septem
3693 4400 3827 4439 ansas

2261 4467 2488 4528 perpetes
2514 4459 2718 4511 intactm
2747 4467 2896 4511 erunt
2924 4457 3097 4527 sylvis.

2330 4527 2498 4582 Deum
2539 4537 2743 4582 coactus
2783 4538 2854 4582 cst
2881 4523 3132 4596 conﬁteri.
3168 4526 3304 4583 Vide
3333 4523 3569 4582 siinilcm
3604 4527 3828 4582 Antiochi

2265 4600 2565 4667 historiam,
2589 4600 2682 4653 lib.
2717 4614 2754 4652 ll
2783 4599 3023 4654 Macltab.
3051 4615 3100 4656 c.
3127 4599 3182 4655 9.
3206 4598 3410 4654 Rullin.
3435 4598 3530 4655 lib.
3557 4615 3683 4669 vui,
3731 4613 3825 4667 cap.

2264 4670 2536 4746 18.‘_Orns.
2574 4670 2667 4746 lib.
2699 4686 2787 4725 vni
2827 4669 3045 4746 c.28.__
3336 4743 3348 4746 _
3429 4742 3439 4746 _
3585 4730 3604 4746 ,

2338 4741 2474 4796 Novi
2501 4742 2694 4797 doloris
2721 4743 2968 4814 urgentis.
3000 4741 3303 4798 Heumann.
3335 4742 3503 4814 legit,
3535 4741 3656 4799 nam
3694 4741 3827 4796 rida-

2261 4814 2386 4886 loris
2409 4822 2636 4886 urgente.

2334 4885 2432 4939 Dei
2456 4883 2718 4956 templum.
2745 4883 2963 4940 Scilicet
2991 4883 3336 4941 Nicomediae.

2336 4977 2575 5046 Satisque
2621 4993 2715 5044 pro
2761 4975 2946 5030 scelere
2991 4977 3273 5045 facturum.
3318 4975 3395 5030 Ita
3443 4984 3500 5032 et
3548 4975 3824 5032 Lactantius

2263 5050 2357 5107 lib.
2393 5064 2426 5102 v
2459 5049 2574 5102 Div.
2609 5047 2843 5102 Institut.
2874 5061 2996 5115 cap.
3023 5048 3125 5102 l5:
3157 5046 3225 5103 Ut
3255 5064 3347 5116 pro
3377 5046 3612 5117 facinore
3636 5066 3725 5102 suo
3758 5066 3822 5100 sd-

2262 5121 2537 5190 tisfaceret;
2553 5119 2646 5175 lib.
2675 5134 2771 5182 vlt,
2795 5134 2914 5191 c_ap.
2941 5119 2966 5171 1
2996 5136 3008 5171 :
3036 5118 3176 5173 Satis
3199 5127 3246 5172 ct
3267 5119 3386 5172 huic
3409 5121 3547 5189 parti
3572 5121 3820 5191 faciamus.

2262 5199 2317 5245 et
2346 5191 2440 5245 lib.
2469 5206 2542 5258 tv,
2575 5206 2624 5243 c.
2660 5191 2724 5242 l7
2754 5207 2767 5242 :
2803 5189 3090 5259 Sipeccata
3117 5199 3288 5245 nostra
3317 5189 3580 5260 confessi,
3605 5193 3722 5247 satis
3740 5189 3825 5244 Dea

2263 5262 2552 5332 fecerimus.
2584 5261 2720 5316 Nota
2749 5260 2920 5316 divisa
2952 5261 3209 5332 bipartito
3243 5262 3431 5318 verba.

2333 5354 2575 5410 Edictum
2601 5355 2757 5408 misit.
2787 5355 2844 5410 ld
2865 5365 2981 5418 est,
3009 5355 3191 5409 emisit.
3221 5355 3377 5409 Extat
3396 5354 3541 5424 apud
3573 5355 3820 5412 Eusebium

2263 5426 2355 5482 lib.
2391 5443 2504 5487 vni.
2536 5441 2655 5496 cap.
2694 5427 2777 5495 l7,
2807 5440 2875 5480 ex
2916 5426 3101 5496 latina
3128 5425 3308 5496 lingua
3350 5426 3672 5496 translatum
3696 5429 3821 5482 abeo

2263 5499 2316 5552 in
2347 5494 2935 5555 Grmcunt‘sermonem
2956 5538 2970 5560 ,
3002 5505 3058 5552 et
3077 5494 3293 5552 dein'ex
3333 5494 3526 5552 Gnaeo
3557 5513 3756 5552 versum
3782 5499 3819 5549 in

2262 5569 2484 5624 latinum
2516 5584 2544 5621 a
2575 5567 2790 5622 Rullino
2811 5609 2826 5634 ,
2853 5577 2912 5622 ut
2939 5568 3056 5638 ipse
3080 5567 3241 5624 docet
3292 5585 3305 5621 :
3339 5567 3468 5621 Haec
3493 5568 3562 5622 de
3588 5570 3739 5623 latino
3781 5569 3818 5620 in

2261 5656 2485 5710 graecum
2511 5655 2655 5693 versa
2691 5655 2783 5692 nos
2837 5655 3047 5694 rursum
3092 5639 3466 5710 transfudimus
3513 5641 3570 5693 in
3621 5640 3817 5694 latim.

2261 5711 2414 5780 Quod
2451 5711 2612 5781 igitur
2656 5710 2815 5764 hodie
2858 5711 3084 5781 legimus
3135 5712 3363 5780 primum
3407 5710 3608 5774 latine,
3655 5711 3821 5781 benetig

2259 5784 2400 5853 cium
2431 5793 2514 5835 est
2538 5780 2821 5853 Lactantii.
2856 5780 3209 5853 BsLuz.—-De
3239 5789 3482 5853 tempore
3501 5781 3659 5853 miSSi
3685 5780 3812 5841 edidi

2260 5852 2382 5913 vide
2407 5853 2526 5914 Not.
2552 5852 2619 5912 ad
2651 5851 2862 5912 initium
2892 5868 2940 5910 c.
2976 5852 3066 5909 '55.
3351 5851 3366 5862 "
3433 5881 3447 5886 -
3551 5851 3556 5858 ”
3615 5877 3624 5880 -
