3950 6368
59 305 193 374 849

789 443 1030 505 XXXIV.

661 554 890 597 BDlC'wl
925 553 1155 596 ρλιειιιι.
1171 533 1198 542 κ

161 625 329 684 Inter
372 637 561 686 uetera
587 647 706 704 quia
741 649 835 704 pro
861 631 1177 701 Reipublicae
1201 646 1400 703 semper
1429 632 1709 688 commodis

54 730 259 803 .atque
284 722 510 779 utilitate
534 724 851 796 disponimus
870 765 884 791 ,
908 741 1003 780 nos
1026 724 1230 796 quidem
1251 724 1576 789 volueramus
1612 741 1712 780 an-

86 815 253 871 tehac
278 856 295 878 ,
314 817 477 887 juxta
506 818 641 889 leges
662 828 848 874 veteres
873 828 923 874 et
944 818 1201 890 publicam
1220 818 1544 891 disciplinam
1563 860 1578 886 ,
1598 818 1710 876 Hoc

87 924 385 963 manorum
430 919 617 966 cuncta
661 912 911 983 corrigere
930 952 946 978 ,
991 920 1144 982 atque
1201 911 1258 967 id
1305 912 1569 983 providere
1588 952 1604 977 ,
1653 921 1711 967 ut

86 1001 263 1055 etiam
289 1000 602 1071 Christiani,
628 1003 721 1075 qui
745 1014 1013 1074 parentum
1033 1021 1248 1060 suorum
1273 1005 1582 1077 reliquerant
1601 1022 1710 1062 sec-

87 1099 233 1160 tam,
262 1091 335 1146 ad
358 1092 522 1148 bonas
570 1104 758 1151 mentes
800 1097 1043 1152 redirent.
1094 1097 1362 1167 Siquidem
1406 1097 1581 1154 eadem
1620 1115 1710 1154 ra-

87 1183 244 1240 tione
271 1192 416 1240 tanta
451 1186 657 1241 eosdem
686 1186 1006 1245 Christianos
1028 1171 1263 1244 voluntas
1304 1191 1571 1247 invasisset
1590 1232 1606 1256 ,
1659 1200 1710 1247 et

86 1287 248 1333 tanta
287 1279 505 1335 stultitia
553 1291 886 1352 occupasset,
936 1292 993 1339 ut
1030 1301 1135 1339 non
1169 1284 1263 1339 illa
1290 1295 1515 1341 veterum
1562 1286 1712 1341 insti-

87 1381 218 1428 tuta
240 1383 597 1442 sequerentur,
622 1392 738 1448 qua:
760 1378 977 1449 forsitan
1006 1379 1226 1447 primum
1247 1388 1480 1451 parentes
1507 1396 1713 1436 eorum-

89 1467 224 1523 dem
249 1468 620 1526 constituerant
646 1486 663 1527 :
689 1472 782 1526 sed
808 1488 904 1541 pro
927 1472 1141 1528 arbitrio
1166 1490 1294 1540 suo,
1322 1484 1479 1547 atque.
1508 1485 1564 1531 ut
1605 1476 1712 1530 Itis-

99 1557 229 1613 dem
259 1569 369 1615 erat
394 1559 634 1630 libitum,
666 1563 739 1617 ita
764 1562 962 1619 sibimet
990 1564 1125 1638 leges
1167 1566 1422 1635 Iacerent,
1462 1584 1590 1639 quas
1620 1569 1713 1624 ob-

99 1663 377 1709 servarent
399 1693 421 1721 ,
446 1664 494 1710 et
520 1671 613 1727 per
639 1656 840 1713 diversa
862 1658 1031 1713 varios
1061 1659 1283 1729 populos
1325 1671 1705 1733 congregarent.

101 1742 352 1816 Denique
396 1761 513 1801 cum
546 1748 802 1817 ejusmodi
847 1759 1025 1805 nostra
1043 1752 1218 1824 jussio
1250 1753 1495 1808 extitisset
1516 1794 1530 1820 ,
1560 1764 1616 1810 ut
1642 1754 1712 1811 ad

1254 323 1347 384 AD
1385 322 1716 388 DONATUM
1749 327 2273 393 CONFESSOREM.

1733 448 1790 511 Α
1813 449 2033 507 solemus
2061 454 2256 509 cunctis
2294 453 2582 513 hominibus
2619 456 2820 514 veniam
2847 455 3118 532 indulgere
3142 502 3157 529 ,
3192 476 3408 531 promp-

3297 334 3411 400 250

1809 541 2059 598 tissimam
2077 545 2131 599 in
2156 546 2237 600 liis
2273 562 2478 619 quoque
2502 550 2874 624 indulgentiam
2910 564 3140 613 nostram
3179 553 3406 611 credidi-

1809 651 1924 690 mus
1950 638 2313 709 porrigendum
2334 656 2355 706 ;
2375 650 2432 697 ut
2461 640 2629 698 denuo
2650 644 2751 700 sint
2780 643 3098 713 Christiani,
3121 656 3167 703 et
3190 663 3409 703 conven-

1811 726 1969 784 ticula
2010 746 2106 786 sua
2144 741 2487 803 componant,
2515 735 2590 789 ita
2615 745 2671 790 ut
2702 752 2765 792 ne
2792 738 2918 809 quid
2946 748 3125 811 contra
3165 739 3403 811 discipli-

1809 837 1933 878 nam
1952 831 2130 894 agant.
2163 825 2280 880 Alia
2308 837 2478 882 autem
2521 828 2738 898 epistola
2778 830 3034 897 iudicibus
3062 834 3411 906 signiﬁcaturi

1810 930 2020 983 sumus,
2049 918 2175 986 quid
2201 918 2379 975 debent
2406 920 2693 977 observare.
2720 920 2869 977 Unde
2888 926 3044 995 juxta
3073 927 3208 982 hanc
3232 925 3412 982 indul-

1809 1007 2032 1077 gentiam
2075 1019 2301 1064 nostram
2343 1010 2591 1067 debebunt
2620 1011 2789 1068 Deum
2827 1031 2980 1071 suum
3010 1032 3158 1072 orare
3198 1035 3297 1088 pro
3325 1035 3413 1073 sa-

1810 1098 1916 1154 lute
1940 1110 2143 1169 nostra,
2174 1112 2224 1159 et
2251 1102 2599 1175 Reipublicae,
2628 1121 2691 1162 ac
2719 1122 2815 1162 sua
2832 1147 2849 1175 ,
2894 1116 2951 1164 ut
2985 1109 3413 1181 undiqueversum

1810 1191 2124 1264 Respublica
2149 1206 2339 1268 perstet
2366 1199 2671 1272 incolumis,
2700 1208 2751 1259 et
2773 1202 2942 1259 securi
2966 1203 3133 1263 vivere
3176 1206 3235 1262 in
3276 1205 3414 1262 sedi-

1812 1284 1905 1344 bus
1931 1287 2042 1345 suis
2067 1290 2287 1361 possint.
2356 1364 2365 1367 _

2495 1388 2714 1447 XXXV.

1886 1473 2001 1532 Hoc
2037 1475 2275 1534 edictum
2324 1482 2645 1551 proponitur
2665 1482 2991 1542 Nicomedia:
3018 1485 3191 1558 pridie
3220 1487 3415 1544 Kalen-

1811 1568 1909 1625 das
1936 1570 2128 1641 Maias,
2184 1573 2303 1645 ipso
2327 1577 2498 1634 octies
2518 1620 2532 1644 ,
2562 1589 2615 1635 et
2653 1579 2946 1639 Maximino
2972 1584 3172 1640 iterum
3202 1584 3416 1643 Consu-

1813 1660 1972 1719 libus.
2024 1664 2176 1723 Tunc
2222 1669 2426 1738 apertis
2456 1671 2796 1740 carceribus,
2850 1674 3060 1731 Donate
3099 1676 3414 1747 carissime,

1813 1770 1938 1813 cum
1967 1759 2179 1816 czeteris
2220 1760 2626 1822 confessoribus
2664 1782 2697 1822 e
2738 1767 2979 1825 custodia
3010 1770 3273 1828 liberatus
3314 1787 3407 1840 es,

102 1845 341 1892 veterum
369 1855 424 1893 se
465 1839 694 1896 instituta
731 1847 1055 1914 conferrent,
1096 1845 1246 1899 multi
1273 1846 1504 1917 periculo
1531 1847 1713 1919 subju-
1737 1856 1789 1919 Β
1814 1865 1937 1907 cum
1969 1852 2063 1909 tibi
2102 1869 2289 1912 carcer
2313 1871 2410 1913 sex
2452 1860 2610 1915 annis
2657 1876 2755 1932 pro
2783 1862 3057 1919 domicilio
3089 1863 3269 1921 fuerit.
3300 1839 3413 1923 Nec

102 1932 253 2000 gati,
286 1932 435 1988 multi
460 1934 612 1990 etiam
635 1934 889 1991 deturbati
916 1947 1067 2003 sunt;
1094 1948 1245 2010 atque
1268 1956 1386 1994 cum
1422 1941 1632 2012 plurimi
1658 1942 1714 1998 in
1816 1951 1993 2000 tamen
2026 1944 2117 2002 ille
2144 1948 2246 2003 hoc
2272 1947 2417 2005 facto
2444 1951 2658 2007 veniam
2682 1953 2905 2011 sceleris
2937 1956 3146 2027 accepit
3173 1971 3202 2011 a
3250 1958 3362 2013 Deo
3396 1975 3413 2013 :

101 2025 383 2095 proposito
411 2039 791 2098 perseverarent
812 2071 829 2098 ,
858 2048 918 2086 ac
942 2032 1226 2088 videremus
1247 2049 1341 2110 nec
1364 2034 1464 2091 diis
1501 2036 1709 2091 eosdem
1811 2035 1909 2092 sed
1938 2045 2060 2107 post
2087 2038 2204 2095 dies
2231 2054 2467 2110 paucos,
2500 2044 2895 2101 commendatis
2928 2025 3145 2103 Licinio
3185 2049 3419 2121 conjuge

99 2117 311 2174 cultum
333 2137 395 2175 ac
420 2119 721 2194 religionem
748 2124 968 2181 debitam
987 2124 1252 2190 exhibere,
1275 2142 1370 2183 nec
1398 2127 1710 2183 ehristiano-
1810 2142 1910 2185 sua
1941 2139 1994 2186 et
2022 2131 2163 2199 lilio,
2191 2140 2354 2203 atque
2393 2134 2446 2190 in
2473 2150 2638 2192 manu
2666 2137 2881 2195 traditis
2900 2180 2916 2206 ,
2948 2154 3071 2197 cum
3095 2141 3208 2212 jam
3251 2117 3417 2199 totius

99 2229 225 2269 rum
251 2213 415 2270 Deum
440 2218 738 2285 observare,
766 2220 1191 2287 contemplatione
1211 2221 1492 2278 mitissith
1517 2234 1708 2279 nostra:
1804 2225 2049 2296 corporis
2103 2227 2345 2284 membra
2391 2227 2722 2298 deﬂuerent,
2775 2231 3041 2289 horrenda
3100 2234 3224 2290 tabe
3283 2249 3415 2290 con-

102 2304 388 2367 clementius
414 2310 668 2369 intuentes
685 2321 735 2370 et
760 2314 1178 2374 consuetudinem
1196 2316 1582 2388 sempiternam,
1604 2334 1708 2389 qua
1808 2329 2056 2390 sumptus
2107 2330 2211 2379 est.
2262 2320 2429 2396 quue
2480 2322 2756 2398 cognitum
2799 2324 3130 2385 Nicomediae
3154 2326 3236 2385 Id.
3258 2342 3416 2387 men-

1435 2433 1799 2495 VABIORUM
1834 2436 2066 2496 ΝΟΤιΕ.

180 2565 445 2642 Edictum.
500 2568 576 2625 De
620 2569 724 2626 hoc
762 2570 940 2628 edicto
977 2572 1102 2629 vide
1144 2571 1463 2642 Eusebium,
1489 2572 1581 2631 lib.
1607 2589 1703 2631 vut

180 2576 445 2622 Edictum.
503 2576 576 2625 De
620 2576 724 2626 hoc
762 2576 940 2628 edicto
977 2576 1102 2629 vide
1144 2576 1463 2642 Eusebium,
1489 2576 1581 2631 lib.
1607 2589 1703 2631 Vllt
1808 2587 2026 2648 perstet,
2057 2579 2303 2638 conterat
2327 2595 2448 2653 cap.
2482 2582 2583 2651 18,
2613 2580 2708 2639 lin.
2741 2576 3243 2654 Respublica’staret
3266 2583 3414 2641 inco-

100 2636 262 2714 liis_t._
280 2639 455 2714 Eccl.,
483 2654 602 2714 cap.
633 2643 721 2697 l7.
780 2713 784 2714 ν
968 2713 979 2714 7
1807 2650 1982 2706 tumis.
2007 2651 2143 2708 Bun.

1807 2650 1982 2706 tumis.
2007 2651 2143 2708 Bun.

179 2708 263 2764 Ad
292 2710 453 2785 bonas
479 2708 673 2785 utentes
697 2713 936 2769 redirent.
965 2713 1261 2785 Ejurandd
1276 2715 1484 2772 scilicet
1517 2714 1703 2773 Chris-

103 2779 309 2859 tia_na_m
338 2781 651 2859 religionem
680 2785 730 2838 in
763 2779 1059 2859 paganismi
1078 2788 1336 2859 gratiam,
1363 2788 1453 2859 qui
1484 2788 1700 2844 Galerio

98 2852 223 2908 Sola
255 2853 393 2907 bona
423 2852 609 2919 religio
634 2852 780 2911 erat:
799 2852 1225 2913 Bitiam—Lact.
1262 2858 1299 2912 Ι.
1323 2852 1463 2923 ⁷ν,ὀ.
1498 2860 1596 2921 l9,
1632 2860 1700 2916 ad

104 2924 215 3003 hoc
250 2923 497 3003 for-lassis
524 2927 760 3003 edictum
789 2929 1121 3003 respiciens:
1156 2929 1264 3003 Sed
1275 2930 1395 3003 _I_uec
1414 2932 1529 3002 ipsa
1554 2931 1702 3003 ῑᾳηοο

100 2994 239 3068 ratio
282 2995 461 3068 efficit,
492 3008 550 3052 ut
587 2999 642 3052 in
674 2994 1030 3068 persequendis
1066 2999 1382 3068 sapientibus
1429 2994 1531 3055 iam
1573 2994 1703 3057 mali

100 3066 242 3127 sint.
270 3066 567 3138 ﬁnguntque
593 3084 648 3125 se
670 3071 778 3125 illis
803 3066 1097 3138 consulere,
1120 3066 1240 3127 illos
1260 3071 1330 3128 ad
1357 3072 1542 3131 bonam
1561 3090 1703 3130 men-

100 3146 207 3194 tem
233 3138 361 3193 velle
377 3154 633 3195 revocare.

179 3208 672 3284 {rituumi’risca
692 3211 959 3269 editiones
982 3256 997 3280 ,
1028 3214 1202 3284 primi.

186 3278 419 3356 Hisdem.
450 3283 550 3356 vel
578 3283 770 3356 eisdem
797 3300 811 3338 :
839 3278 991 3355 apud
1026 3278 1603 3356 Eusebium'Euaoroc;
1627 3299 1709 3346 at-

103 3352 367 3437 queideo
394 3352 591 3437 legisse
615 3354 847 3437 videtur,

194 3425 417 3480 Diversa.
446 3425 601 3482 Adde
619 3467 635 3494 ,
665 3427 803 3483 loca.
974 3425 985 3429 ⁷

194 3495 455 3585 Ιὶειηὶιμηεἰ
472 3496 774 3554 Heumann.
809 3497 939 3570 legit
964 3500 1182 3570 proinde
1202 3541 1218 3567 ,
1242 3501 1367 3572 quia
1389 3502 1444 3558 in
1475 3500 1715 3560 Eusebio

106 3575 520 3729 63:02:23???"
540 3639 704 3729 Apud
752 3640 1043 3729 Eusebium
1086 3644 1304 3729 .legititl‘
1349 3644 1712 3729 Δτοιρριχθένιιτςτςδ

108 3712 385 3790 εταντοξοιρς
405 3712 651 3790 ᾅανὰτους
680 3713 948 3790 ῥπέφιρον.
980 3712 1209 3790 Proinde
1237 3712 1547 3790 μαθητιμῶ
1572 3719 1713 3771 scri-

108 3782 242 3838 bere
265 3781 479 3851 debuit,
509 3781 799 3854 perturbati
830 3781 880 3840 et
905 3785 1075 3842 variis
1100 3787 1348 3842 mortibus
1372 3784 1545 3853 aﬁ'ecti
1571 3796 1709 3843 sunt.

1212 3858 1566 3916 ueniamus.

189 3923 488 3998 Qbservare.
523 3925 765 3983 Subaudi
793 3926 985 3998 palam.

186 3994 645 4065 Contemplatione.
669 3998 748 4055 Ita
774 3994 1082 4068 legendum.
1114 4000 1173 4058 In
1199 4014 1304 4059 ms.
1333 4010 1419 4059 est
1438 4015 1570 4060 vero
1590 4017 1716 4071 con-

114 4067 467 4123 templatione.
1439 4114 1449 4123 .

164 4083 467 4135 mptauone.
1439 4114 1449 4125 .

185 4136 255 4212 l__n
281 4139 394 4212 his.
416 4139 569 4212 Docti
590 4139 783 4212 legunt
813 4150 1020 4199 tantum
1043 4143 1146 4200 his.

188 4209 533 4266 Credidimus.
556 4209 680 4276 Μελ
714 4214 991 4269 credimus.

187 4280 550 4353 Conventicula
576 4300 669 4337 sua
696 4294 1021 4353 componant.
1059 4286 1183 4343 llaec
1219 4286 1286 4342 de
1326 4286 1717 4344 resedillcandis

117 4352 549 4441 Christianoer
578 4352 824 4441 ecciesiis
866 4357 1107 4441 nonnulli
1149 4357 1617 4441 intelligunt-,alii
1648 4359 1719 4441 de

120 4440 303 4500 eorum
348 4425 579 4500 coitibus
617 4426 988 4500 celebrandis,
1020 4428 1165 4500 quod
1212 4425 1415 4485 rectius
1444 4437 1528 4485 est
1571 4447 1585 4484 :
1634 4430 1715 4486 sic

120 4495 318 4553 Gallice
335 4538 349 4560 ,
379 4496 511 4551 tenir
535 4496 671 4552 leurs
696 4496 1016 4553 assemblées.

192 4565 616 4654 N‘enquidnqon‘t‘ra
633 4569 962 4654 disciplinam
988 4570 1397 4654 agant.”Plinius
1427 4588 1465 4639 ι,
1513 4571 1608 4654 lib.
1640 4588 1711 4654 ξε

121 4651 205 4708 ep.
234 4638 302 4695 82
358 4637 495 4716 (i9).
516 4638 589 4716 βε
627 4641 714 4711 qui
760 4637 940 4697 contra
978 4637 1308 4713 disciplinam
1349 4637 1627 4716 gesserint,
1658 4637 1715 4701 id

104 4718 203 4779 est
224 4752 237 4773 ,
262 4712 482 4782 egerint.
514 4711 645 4767 Buu.

195 4782 307 4834 Alia
334 4791 501 4835 autem
529 4783 768 4857 epistola.
802 4783 927 4852 Ms.,
969 4784 1141 4839 Aliam
1184 4794 1355 4842 autem
1391 4786 1661 4857 epistolam
1693 4801 1712 4840 :

123 4853 657 4978 antlpraleponendum
685 4870 807 4926 per;
848 4865 943 4912 aut
971 4857 1270 4928 legendum
1310 4868 1371 4915 ut
1412 4853 1711 4929 repositum

123 4938 183 4978 es
232 4940 282 4978 In
336 4934 483 4978 extu.

122 4934 205 4982 εει
232 4934 282 4978 In
315 4934 483 4979 textu.

196 4995 547 5067 Signiﬁcaturi
584 5012 782 5053 sumus.
830 4997 967 5054 Male
1005 4997 1286 5066 Bullinus,
1335 5000 1707 5063 indicavimus,

125 5081 233 5137 rem
259 5066 410 5135 Quasi
433 5066 544 5136 jam
573 5077 844 5136 peractam
889 5084 1148 5137 narrans,
1190 5085 1312 5127 cum
1356 5071 1422 5126 ad
1469 5070 1711 5127 futurum

126 5136 403 5215 referatur.
446 5136 633 5208 Neque
665 5140 844 5215 istud
865 5136 1203 5215 tribuendum
1233 5151 1317 5215 est
1353 5145 1527 5198 errori
1556 5151 1751 5215 typo-‘

122 5209 446 5281 grapborum
465 5251 489 5276 ,
515 5225 636 5267 cum
665 5208 802 5266 hanc
831 5212 1118 5268 lectionem
1148 5213 1439 5270 exhibeant
1482 5208 1595 5269 tres
1617 5208 1708 5269 ve-

126 5279 249 5336 tusti
296 5279 514 5336 codices
572 5283 924 5350 manuscripti
972 5283 1310 5341 bibliotheca:
1360 5283 1706 5342 Colbertiutc.

122 5351 643 5426 Citristopho_rsonus
685 5362 742 5410 et
764 5353 1015 5413 Valesius
1052 5365 1204 5413 recte
1227 5364 1508 5414 verterunt
1547 5356 1710 5426 signi-

124 5424 407 5493 ficabimus.
430 5422 633 5480 BALUZ.

194 5493 411 5551 Perstet.
454 5494 578 5559 Ms.,
626 5492 912 5564 Perstetur,
954 5497 1310 5554 mendose.-—
1327 5496 1578 5555 Attamen
1606 5498 1710 5554 Bu-

128 5580 421 5622 nemannus
459 5565 650 5632 habet,
689 5576 957 5637 prigstetur
984 5568 1258 5625 incolumis
1294 5580 1350 5627 et
1395 5579 1575 5625 nolam
1625 5585 1712 5627 se-

126 5644 372 5708 quentem
401 5637 643 5694 exhibet.
670 5635 741 5683 4—
759 5635 1039 5693 Prtestetur
1059 5641 1350 5695 incolumis.
1383 5642 1524 5695 Editi
1550 5682 1565 5705 ,
1592 5656 1713 5709 per-

134 5717 256 5769 stet;
284 5718 341 5763 at
369 5723 471 5764 ms.
518 5719 829 5778 perstetur:
879 5709 1020 5764 unde
1063 5711 1369 5776 commodo,
1405 5711 1476 5765 uti
1507 5710 1711 5767 Critico

133 5795 335 5849 otioque
357 5792 687 5851 anonytnoct
716 5781 1027 5836 llcumanno
1047 5782 1242 5845 visum,
1266 5791 1551 5851 pra’sletur.
1576 5783 1709 5838 Nam

133 5851 399 5914 Eusebius
437 5854 596 5912 vertit
633 5853 987 5930 ﬂammeos.
1048 5851 1110 5912 Si
1149 5852 1238 5912 cui
1282 5862 1461 5911 tamen
1504 5854 1711 5928 placeat

1731 3095 1779 3161 C
1884 3122 1998 3177 Hoc
2036 3123 2257 3179 edictum
2284 3124 2589 3193 proponitur
2622 3123 2939 3180 Nicomedia!

1877 2742 1947 2819 In
1976 2744 2182 2819 sedibus
2202 2745 2329 2819 suis.
2354 2744 2604 2802 Rufﬂnus
2623 2747 2784 2819 vertit
2805 2747 2857 2819 in
2884 2747 3081 2802 laribus
3102 2790 3116 2813 ,
3145 2748 3412 2819 quemad-

1807 2815 2028 2871 modum
2072 2817 2267 2887 legitur
2310 2818 2363 2873 in
2410 2833 2519 2873 uno
2569 2818 2757 2874 codice
2799 2818 3133 2874 Colbertino.
3162 2815 3287 2875 'Sed
3315 2820 3409 2877 alii

1808 2901 1939 2942 mss.
1971 2897 2027 2943 et
2053 2887 2319 2945 editiones
2364 2888 2560 2945 habent
2606 2890 2661 2943 in
2712 2890 2992 2945 laboribus.
3022 2889 3410 2959 Christopbor-

1806 2971 1975 3085 minus
1991 2959 2164 3087 l\3tertit
2191 2960 2245 3014 in
2273 2963 2383 3015 suis
2408 2960 2663 3032 familiis;
2698 2960 2941 3017 Valesius
2958 3002 2976 3032 ,
3003 2962 3058 3017 in
3083 2963 3193 3018 suis
3239 2961 3414 3018 domi-

1894 3047 1957 3084 is.
2036 3047 2189 3087 ALUZ.

1894 3047 1957 3084 18.
1991 3047 2189 3087 ὕΑιυΖ.

3062 3124 3161 3179 idie
3203 3124 3412 3180 kalend.

1884 3142 1998 3177 uoc
2036 3142 2257 3179 eaictum
2284 3142 2589 3206 proponitur
2622 3142 2939 3209 meomeatgr
2989 3142 3161 3211 pnaie
3203 3142 3412 3210 eatena.

1810 3196 1993 3250 maias.
2042 3194 2174 3251 Cum
2227 3199 2282 3251 in
2313 3196 2469 3250 titulo
2513 3195 2717 3265 przcl'att
2748 3197 2909 3251 edictt
2958 3195 3195 3251 Galerius
3242 3196 3419 3252 Matu-

1810 3267 2013 3321 mianus
2058 3266 2267 3322 dicatur
2295 3266 2607 3338 tribunitiae
2628 3268 2908 3338 potestatis
2936 3283 3013 3323 xx
3043 3275 3256 3324 constat
3280 3267 3416 3325 illud

1810 3338 2069 3409 emissum
2103 3352 2224 3393 esse
2254 3348 2373 3409 post
2418 3337 2678 3395 kalendas
2706 3338 2930 3394 martias
2974 3341 3249 3396 conantis
3285 3340 3418 3397 anni

1811 3407 1969 3481 (5H)
1989 3450 2007 3477 ,
2038 3409 2232 3481 quibus
2257 3407 2618 3481 ftribunitiam
2657 3418 2977 3481 potestatem
3005 3427 3075 3466 xx
3100 3412 3413 3480 auspicatus

1810 3488 1897 3535 est
1923 3479 2065 3535 idem
2095 3480 2364 3537 Galerius.
2399 3481 2528 3535 Post
2551 3479 2704 3536 illum
2731 3480 2876 3538 diem
2901 3482 3122 3549 datum,
3158 3479 3223 3538 es
3254 3499 3410 3539 num-

1813 3551 1917 3623 mis
1941 3552 2106 3607 etiam
2152 3551 2346 3623 graecis
2388 3551 2529 3623 apud
2566 3550 2836 3608 Goltzium
2887 3562 3099 3610 certum
3140 3553 3406 3611 redditur.

1818 3621 2048 3678 Ultimus
2074 3623 2253 3695 enim.
2282 3622 2344 3695 in
2381 3621 2490 3694 quo
2535 3638 2711 3679 annus
2751 3623 2979 3695 Augusti
3035 3624 3154 3695 ejus
3200 3624 3415 3695 imperii

1813 3702 2052 3762 notatur,
2084 3694 2305 3751 exhibet
2334 3693 2432 3750 hos
2474 3703 2781 3752 caracteres
2820 3693 2884 3751 L.
2919 3695 2979 3750 Ζ.
3013 3693 3215 3761 idest,
3246 3693 3416 3751 annus

1813 3766 2076 3837 septimus.
2117 3764 2253 3821 Nam
2287 3782 2448 3833 cum,
2480 3765 2761 3822 Lactantio
2803 3777 2940 3822 teste
2962 3807 2977 3833 ,
3016 3766 3261 3823 kalendis
3289 3768 3418 3824 maii

1813 3836 1941 3892 anni
1964 3850 2097 3893 cccv
2121 3837 2392 3909 Augustus
2418 3838 2755 3909 renuntiatus
2786 3837 2978 3904 fuerit,
3008 3836 3253 3893 kalendis
3285 3837 3415 3893 mali

1813 3909 2082 3964 currentis
2132 3908 2330 3965 Christi
2376 3908 2503 3964 anni
2562 3908 2850 3979 septimum
2896 3909 3109 3978 imperii
3152 3908 3414 3978 Augustei

1814 3995 2015 4035 annum
2049 3982 2291 4050 incespit.
2311 3979 2495 4049 Quare
2521 3995 2643 4035 cum
2670 3980 2812 4036 idem
2842 3981 3160 4050 imperator,
3171 3980 3280 4047 jam
3311 3979 3413 4050 dea

1816 4049 2265 4135 ﬁciensedictuni
2293 4051 2445 4135 iliud.
2472 4052 2859 4135 promulgarit,
2894 4049 3118 4133 apparet
3142 4049 3414 4135 bacta_utii

1816 4123 2138 4179 sententiam
2170 4122 2369 4179 Galerii
2397 4120 2712 4179 Maximiani
2749 4124 2982 4178 nummis
3007 4120 3414 4177 corroboratam

1817 4209 1938 4276 esse
1956 4235 1974 4262 ,
2006 4209 2396 4276 perperamque
2421 4194 2707 4276 scripsisse
2726 4193 2999 4276 Valesium
3040 4193 3093 4247 in
3114 4192 3280 4276 "notis
3307 4190 3415 4276 Eu-

1818 4262 2368 4334 sebiauis,'aliosque
2395 4262 2546 4319 viros
2587 4264 2810 4334 doctos,
2838 4265 3072 4320 edictum
3113 4262 3241 4334 illud
3290 4271 3417 4334 ante

1817 4352 2060 4408 mensem
2092 4332 2342 4408 mai'tium
2387 4335 2571 4391 datum
2601 4350 2723 4408 esse
2753 4333 2977 4408 (Pagina
3019 4335 3074 4390 in
3105 4332 3283 4391 Critic.
3310 4332 3418 4390 Ba-

1816 4425 1933 4462 ron.
1964 4407 2032 4461 ad
2057 4423 2143 4461 an.
2169 4404 2294 4464 Chr.
2319 4407 2418 4463 5H
2444 4449 2460 4469 ,
2491 4423 2634 4463 num.
2663 4406 2728 4464 12
2755 4404 2800 4461 et
2829 4406 2938 4477 15).

1738 4489 1827 4551 1)
1888 4478 2096 4535 Prodiit
2124 4477 2340 4551 tandem
2388 4477 2641 4551 absoluto
2683 4493 2825 4533 anno
2856 4475 3248 4551 persecutionis
3275 4491 3411 4551 vni,

1818 4550 2036 4631 ineunte
2082 4566 2167 4631 tx_,
2201 4550 2437 4631 edictum
2465 4548 2696 4631 Galerii,
2728 4565 2833 4631 qup
2863 4548 3168 4631 persecutio
3199 4548 3412 4631 penitus

1816 4623 2084 4690 extincta,
2129 4621 2267 4692 inter
2309 4619 2417 4677 kal.
2459 4621 2683 4677 martias
2707 4621 2898 4692 quibus
2955 4636 3028 4675 xx
3083 4619 3416 4692 tribunitiam

1817 4702 2137 4763 potestatem
2167 4691 2545 4759 inchoaverat,
2590 4701 2646 4749 et
2682 4690 2849 4762 pridie
2877 4690 2984 4746 kal.
3026 4693 3228 4756 maias,
3271 4690 3418 4763 quod

1814 4760 2140 4822 Nicomedia:
2166 4764 2295 4819 dicit
2321 4764 2652 4835 propositum
2682 4760 2850 4819 fuisse
2892 4762 3224 4834 Lactantius)
3261 4760 3409 4817 Dod-

1814 4836 1990 4893 wellus
2021 4836 2160 4894 Diss.
2188 4834 2544 4908 Cypriale
2562 4881 2587 4908 ,ί
2608 4852 2751 4908 num.
2784 4835 2901 4905 82).

1887 4908 2035 4977 Ipso.
2077 4906 2279 4978 Nempe
2301 4906 2523 4963 Galerio
2545 4906 2976 4978 Maximiano._ln
3009 4922 3136 4970 ms.,
3165 4906 3300 4978 ipsa.

1888 4974 2013 5047 Ipso
2044 4974 2229 5043 octies,
2256 4988 2303 5033 et
2330 4978 2615 5033 Maximino
2649 4980 2829 5033 iterum
2869 4974 3197 5032 Consulibus.
3248 4974 3411 5034 Anno

1813 5051 2019 5108 scilicet
2041 5051 2134 5105 511
2164 5090 2180 5114 ,
2212 5048 2531 5117 Maximino;
2561 5051 2612 5105 in
2641 5064 2768 5113 ms.,
2801 5048 3139 5107 Maximiano.

1888 5121 1937 5176 Ε
1959 5121 2214 5176 custodia.
2248 5120 2305 5175 In
2342 5136 2469 5190 ms.,
2500 5131 2549 5178 et
2568 5122 2823 5178 custodia.
2868 5130 2880 5143 '

1888 5191 2088 5248 Fuerit.
2114 5192 2214 5249 Vel
2245 5193 2443 5265 fuisset.

1885 5285 1953 5339 In
1981 5300 2157 5339 manu.
2189 5284 2293 5339 Pro
2312 5284 2367 5338 in
2392 5301 2624 5351 manum,
2655 5286 2709 5339 in
2736 5294 2889 5338 sexto
2908 5296 3035 5336 casu
3065 5296 3161 5349 pro
3183 5288 3410 5350 quarto:

1814 5356 1950 5412 infra
1981 5371 2099 5426 cap.
2131 5355 2201 5412 59
2220 5398 2235 5421 ,
2267 5356 2369 5411 sub
2400 5356 2608 5411 initium
2631 5396 2647 5419 ,
2693 5355 2746 5426 in
2786 5353 3113 5426 matrimonio
3143 5351 3372 5426 postulat
3392 5366 3417 5418 ,'

1812 5438 1868 5484 et
1896 5423 2208 5498 saepe'apud
2235 5426 2484 5484 eumdem
2512 5425 2880 5507 Lactant'ium;
2910 5423 3005 5478 lib.
3050 5438 3131 5486 tn,
3164 5438 3283 5546 ea)».
3333 5423 3367 5477 5
3395 5440 3409 5476 :

1816 5499 1947 5546 011m
1970 5500 2023 5546 in
2044 5515 2215 5546 rerum
2235 5506 2419 5546 natura
2454 5498 2677 5546 cadunt:
2708 5495 2798 5546 Itb.
2836 5510 2908 5546 Iv.
2929 5506 3045 5546 can.
3083 5494 3149 5546 17
3174 5510 3188 5546 :
3256 5509 3290 5546 tt
3311 5501 3409 5546 ter-

1816 5499 1947 5565 Qua:
1970 5494 2023 5554 in
2044 5494 2215 5553 rerum
2235 5506 2419 5552 natura
2454 5498 2677 5575 eadunt_;
2708 5495 2798 5549 lib.
2836 5506 3048 5575 “keep:
3083 5494 3290 5575 quin
3311 5501 3414 5547 ter-

1814 5561 1874 5625 ra
1901 5582 2007 5626 toto
2027 5580 2075 5624 et
2100 5585 2316 5640 corpore
2349 5578 2395 5623 et
2422 5585 2511 5624 ore
2538 5568 2860 5638 projectum;
2888 5563 2983 5618 lib.
3016 5561 3086 5619 de
3113 5562 3256 5634 Opif.
3285 5578 3407 5634 cap.

1811 5641 1877 5708 2,
1901 5644 1954 5696 in
1980 5659 2037 5695 ea
2064 5649 2181 5694 sunt
2205 5641 2428 5709 relegata
2450 5640 2676 5709 regione.

1887 5714 2117 5768 Membra
2143 5702 2443 5779 deﬂuerent.
2488 5702 2737 5764 Nonnulli
2776 5702 3031 5779 mallent.
3078 5704 3361 5774 difﬂuerent
3389 5746 3405 5770 ,

1818 5794 1875 5839 nt
1904 5795 1987 5838 est
2015 5784 2108 5839 lib.
2154 5773 2217 5837 ni
2241 5781 2354 5835 Div.
2384 5781 2614 5841 Institut.
2647 5792 2765 5841 cup.
2800 5773 2862 5840 l,
2895 5773 3197 5843 corruptum
3230 5791 3409 5830 vanes~

1811 5857 1914 5927 cit,
1952 5872 2011 5911 ac
2035 5853 2248 5925 diﬂluit;
2276 5862 2327 5907 ct
2352 5867 2468 5922 cap.
2502 5849 2572 5907 20
2601 5865 2613 5903 :
2646 5843 2843 5915 Corpus
2872 5844 3105 5902 relictum
3135 5846 3195 5902 ab
3218 5846 3391 5903 anima
