3950 6368
3 160 153 224 εδδ
1235 172 1329 230 AD
1370 171 1701 232 nonarum
1739 145 2261 241 conressdnsn.
3291 201 3402 261 est

3 277 465 344 )issimulavit
485 303 632 361 ergo.
667 289 733 345 Et
771 297 946 350 tamen
993 287 1042 344 si
1078 287 1195 357 quis
1221 286 1511 354 inciderat,
1559 288 1692 344 mari
1719 293 1774 351 Α
1797 289 1918 348 sine
1937 290 2184 363 delectu,
2217 297 2335 354 sine
2361 299 2557 372 modo;
2587 318 2752 377 quum
2780 307 3043 368 satellites
3072 311 3394 386 universos,

3 378 297 435 icculte
349 383 717 451 mergebatur.
764 381 1216 438 Consuetudinem
1277 396 1491 452 quoque
1537 397 1690 440 suam
1793 396 2024 452 quorum
2064 401 2322 444 numerus
2349 389 2538 463 ingens
2585 405 2742 466 erat,
2789 401 3043 466 pretiosis
3074 407 3316 464 vesﬁlurs
3342 378 3400 466 et

9 482 153 524 non
201 470 545 539 intermisit,
572 485 627 528 ut
655 473 708 528 in
742 474 938 545 palatio
965 488 1060 543 per
1083 471 1320 543 singulos
1349 471 1464 528 dies
1489 472 1691 528 sacriﬁ-

3 575 179 617 :are
193 575 324 621 tur.
352 567 420 621 Et
443 567 547 623 hoc
568 568 771 637 primus
791 567 1098 632 invenerat,
1126 575 1183 620 ut
1209 565 1462 622 animalia
1485 567 1687 634 anmia,

4 658 275 725 [uibus
306 661 650 724 vescebatur,
677 675 781 714 non
825 676 854 716 a
886 660 1088 729 coquis,
1131 659 1224 715 sed
1253 675 1282 713 a
1311 659 1688 714 sacerdotibus

3 747 83 802 Id
127 767 300 807 aras
324 754 755 818 immolarentur,
775 752 1013 823 nihilque
1035 767 1254 823 prorsus
1280 769 1480 807 mensa:
1512 769 1682 824 appo-

4 855 324 914 Icretur,
353 847 458 902 nisi
485 856 576 902 aut
593 845 908 910 delibatum,
933 855 1024 908 aut
1045 844 1428 912 sacrificatum,
1453 855 1542 900 aut
1563 862 1687 917 per-

4 937 255 996 'usum
292 957 480 1006 mero;
517 951 572 997 ut
601 941 845 1012 quisquis
879 939 947 994 ad
995 955 1204 996 emnam
1251 949 1472 996 vocatus
1501 949 1682 1008 esset,

4 1035 395 1104 .nquinatus
451 1033 575 1090 inde
618 1041 779 1103 atque
834 1033 1078 1106 impurus
1133 1032 1326 1089 exiret.
1375 1032 1432 1086 In
1472 1032 1684 1087 ceteris

3 1139 296 1198 luoque
373 1126 616 1196 magistri
675 1125 760 1182 sui
825 1125 1034 1180 similis.
1106 1124 1239 1180 Nam
1286 1125 1332 1179 si
1373 1123 1501 1195 quid
1553 1126 1682 1180 reli-

3 1221 130 1289 qui
160 1262 180 1284 ,
246 1221 335 1275 vel
369 1219 616 1284 Diocles,
666 1218 750 1276 vel
799 1218 1150 1282 Maximianus
1193 1218 1565 1288 reliquerunt,
1597 1219 1682 1275 bit:

3 1309 308 1378 abrasit,
353 1312 473 1368 sine
535 1311 648 1367 ullo
691 1310 894 1381 pudere
942 1311 1194 1368 auferens
1243 1311 1442 1368 omnia.
1497 1311 1681 1383 Itaque

3 1403 269 1460 horrea
300 1406 628 1475 privatorum
658 1404 1068 1471 claudebantur,
1101 1405 1380 1475 apotheca:
1427 1404 1680 1478 obsigna-

3 1495 298 1562 bantur,
328 1498 509 1556 deum
559 1499 609 1553 ει,
662 1497 870 1554 futuros
899 1513 1074 1555 annos
1120 1498 1491 1568 exigebantur,
1545 1499 1682 1556 ιιίηο
1780 1493 1835 1539 et
1865 1483 2173 1551 elfrzenata,
2206 1497 2260 1541 et
2308 1497 2486 1554 tamen
2520 1489 2601 1544 bis
2636 1494 2817 1552 verbis
2845 1497 3073 1566 exprimi
3120 1514 3214 1572 pro
3241 1500 3384 1554 indi-

5 1589 244 1646 fames
264 1633 280 1658 ,
327 1592 470 1663 agris
514 1592 839 1658 ferentibus;
871 1592 995 1656 hinc
1025 1593 1258 1655 Charitas
1290 1592 1546 1648 inaudita.
1579 1594 1680 1648 Δι’·
1779 1579 2033 1650 ﬁmum”
2061 1597 2156 1635 5”“
2182 1597 2287 1638 "0“
2330 1595 2526 1658 Ροιθέδ·
2569 1585 2750 1642 Vim“
2780 1590 3014 1646 οΠίείιιηι
3044 1593 3237 1668 ίίιιειιθυ
3265 1610 3384 1652 δεε-

10 1698 388 1741 mentorum
415 1703 476 1741 ac
518 1702 770 1756 pecorum
799 1703 990 1758 greges
1040 1705 1107 1744 ex
1154 1689 1297 1756 agris
1327 1689 1648 1758 rapicbaultt‘

1783 1673 1909 1730 leris
1938 1674 2268 1746 n'iagnitudo,
2299 1675 2565 1745 Eunuchi,
2601 1679 2823 1738 lenones
2850 1685 3235 1754 scrutabantur.
3262 1703 3380 1756 orn-

16 1781 114 1836 ad
153 1781 434 1837 sacriﬁcia
460 1782 757 1853 quotidiana
778 1825 790 1846 ν
823 1784 1017 1854 quibus
1044 1799 1138 1840 eos
1166 1784 1302 1839 adeo
1330 1792 1664 1852 corruperat,
1772 1767 2520 1840 nia.Ubicnmqneliberalior
2536 1771 2697 1830 facies
2711 1777 3211 1840 erat,s,ccedendum
3229 1780 3383 1848 νιιιῑί-

17 1882 100 1929 ut
163 1882 597 1946 aspernarentur
637 1888 906 1931 annorum
933 1917 948 1942 ,
994 1884 1050 1932 et
1078 1874 1426 1932 ell'undebant
1468 1875 1668 1945 passim
1776 1865 1876 1930 bus
1901 1880 1964 1921 ac
1995 1863 2202 1922 maritis
2231 1862 2342 1920 fuit.
2375 1864 2809 1934 Detrabebautur
2837 1870 3108 1936 nobilibus
3147 1874 3380 1950 [muttinis

1407 2011 1495 2068 VA
1505 2008 1771 2068 RIORUM
1801 2005 2032 2064 NOTAE.

1848 2144 1976 2199 Eos.
2005 2142 2101 2198 Vel
2128 2158 2250 2196 suos
2272 2184 2287 2208 ,
2320 2141 2371 2196 id
2399 2151 2481 2210 est
2500 2185 2514 2208 ,
2545 2143 2763 2198 aulicos.

1841 2217 2168 2283 Corruperat.
2202 2213 2463 2282 Quiajam
2491 2229 2607 2269 mos
2640 2215 2955 2282 invaluerat,
2996 2227 3055 2275 ut
3103 2221 3154 2276 in
3186 2225 3374 2280 convi-

1769 2288 1872 2343 viis
1902 2302 2093 2342 carnes
2125 2288 2514 2354 praeberentur,
2545 2302 2664 2355 qua:
2693 2287 2855 2344 [dolis
2896 2291 3092 2347 oblata:
3115 2294 3347 2352 fuerant.

1843 2357 2208 2426 E/fundebant.
2243 2357 2344 2411 Alii
2366 2399 2381 2421 ,
2408 2357 2718 2425 eiundebat.

1851 2431 2132 2487 Satellites.
2167 2430 2222 2483 In
2265 2444 2365 2482 ms.
2401 2429 2546 2495 lites,
2579 2432 2696 2484 sine
2729 2430 2832 2484 ulla
2885 2432 3071 2488 lacuna
3126 2453 3141 2491 :
3189 2454 3374 2496 verum

1775 2518 1894 2559 cum
1949 2502 2170 2556 doctiss.
2223 2500 2574 2578 'I‘oinurdo_et
2604 2502 2780 2556 'l‘ollio
2823 2505 3035 2574 reposui
3082 2509 3372 2578 satellites;

1769 2573 2356 2648 nostraqne‘correctio
2385 2572 2737 2648 confirmatur
2771 2572 2978 2648 tum‘ex
3010 2572 3368 2648 sequentibus

1770 2647 1906 2721 dono
1925 2647 2034 2699 suis
2055 2644 2206 2697 dabat
2228 2685 2241 2706 ,
2274 2653 2385 2721 tum
2415 2645 2761 2721 cxiiullinn,
2797 2646 2888 2700 lib.
2926 2663 3050 2714 vni,
3090 2644 3220 2721 ‘rap.
3255 2655 3320 2708 l7
3354 2673 3366 2709 ;

1773 2718 1923 2774 Unde
1942 2726 1986 2771 et
2007 2725 2200 2791 montes
2229 2716 2343 2768 auri
2365 2723 2473 2791 ,__ut
2488 2717 2566 2791 ita
2595 2715 2830 2791 dixerint,
2861 2715 3190 2790 congregatos
3220 2727 3373 2791 [arni-

1767 2791 1983 2845 liaribus
2021 2789 2129 2843 suis
2178 2803 2238 2841 ac
2268 2789 2570 2844 satellitibus
2601 2787 3373 2859 largiebatur{et'Lactantins

1766 2861 1903 2937 infra
1924 2905 1938 2928 ,
1967 2877 2087 2937 cap.
2114 2859 2183 2914 58
2204 2899 2218 2925 ,
2249 2859 2350 2914 sub
2392 2861 2554 2916 linem
2590 2876 2602 2911 :
2635 2859 2736 2916 His
2764 2862 3068 2919 satellitibus
3097 2875 3144 2920 et
3171 2879 3370 2937 proteco

1767 2935 1963 2988 toribus
1990 2933 2204 2986 cinctus.

1843 3006 2185 3077 Expungeret.
2247 3001 2370 3077 bis”
2420 3003 3099 3077 Expmigerent.e-Aureis
3146 3013 3367 3065 numinis

1764 3073 2092 3147 expungeret.
2123 3073 2284 3147 Quod
2309 3085 2391 3129 est
2412 3116 2426 3138 ,
2451 3073 2694 3128 satellites
2718 3076 2948 3140 pretiosis
2969 3079 3187 3134 vestibus
3207 3092 3254 3136 et
3272 3099 3368 3136 au-

1769 3149 1868 3201 reis
1896 3146 2136 3201 nummis.
2163 3146 2448 3212 Reiiciendi
2477 3163 2634 3215 genus
2662 3156 2766 3209 est,
2799 3149 3031 3214 protinus
3054 3152 3196 3205 aliud
3239 3154 3369 3211 invi-

1763 3236 1918 3286 cem.,
1943 3220 2157 3275 Seneca
2178 3261 2193 3286 ,
2219 3219 2312 3272 lib.
2343 3234 2418 3290 tv,
2447 3217 2606 3284 Ben.,
2638 3233 2689 3272 c.
2721 3220 2792 3273 40
2822 3236 2834 3269 :
2863 3218 3082 3290 Mittere,
3113 3233 3160 3276 et
3180 3241 3366 3279 munus

1762 3307 1970 3345 timuere
1996 3305 2302 3361 expungere.
2340 3289 2471 3343 Ben.

1834 3361 2092 3416 Barbaros
2109 3363 2246 3415 omni
2264 3377 2442 3431 genere
2459 3361 2742 3430 largitionis
2763 3361 3050 3419 lionoraret.
3076 3365 3200 3433 Ms,
3223 3369 3365 3422 omni

1760 3450 1942 3506 genere
1969 3433 2341 3505 largitionibus.

1837 3505 2028 3581 μνοιιι.⁸
2057 3504 2135 3581 '_In
2162 3519 2284 3581 gms.
2329 3504 2994 3581 desideratur.—_Dabat,
3028 3519 3083 3566 ut
3123 3510 3356 3581 quisque.

1761 3576 1917 3632 Prius
1946 3578 2104 3642 editi,
2137 3576 2291 3631 dabat
2321 3588 2469 3646 prout
2497 3580 2725 3647 quisque.
2769 3577 2824 3633 In
2854 3594 2954 3634 nis.
2996 3576 3144 3636 teste
3172 3576 3361 3638 critico

1759 3663 2028 3721 anonymo
2049 3691 2062 3713 ,
2115 3649 2336 3704 dabatur
2363 3652 2575 3720 quisque
2599 3667 2616 3704 :
2651 3651 2774 3704 hinc
2803 3651 2890 3705 ille
2918 3651 3138 3706 criticus
3164 3657 3361 3711 rectius

1761 3721 1892 3786 luit,
1935 3721 2173 3784 dabatur,
2216 3733 2271 3776 ut
2316 3723 2548 3793 quisque,
2606 3721 2743 3777 addo
2769 3765 2783 3785 ,
2829 3721 3059 3777 aliorum
3091 3737 3240 3792 prout
3274 3743 3362 3782 ine

1760 3806 2020 3857 Imsqumn
2051 3794 2177 3846 alibi
2214 3794 2263 3847 in
2295 3794 2576 3848 Lactantio
2602 3793 2940 3850 observasse.
2974 3793 3101 3849 Bus.

1834 3863 2021 3918 Nescio
2061 3883 2127 3939 an
2170 3863 2344 3938 [non]
2375 3864 2602 3937 agendas
2642 3864 2719 3939 illi
2753 3866 2912 3939 fuisse
2938 3871 3130 3939 gratias
3158 3879 3352 3939 putem.

1759 3933 1902 4015 Lego
1927 3951 2046 3991 cum
2072 3933 2283 4006 (Supero
2311 3933 2378 3994 (in
2401 3933 2537 4004 non,
2567 3937 2712 4008 quod
2732 3933 2815 3991 est
2845 3933 3033 3994 ironia.
3061 3933 3181 3993 Non
3204 3942 3360 3998 deest

1755 4021 1809 4060 Ill
1838 4023 1940 4061 HIS.

1830 4078 1976 4134 More
1995 4079 2313 4136 clementiam
2337 4081 2614 4136 latronum.
2643 4077 2733 4133 Sic
2757 4077 3041 4136 Salvianus
3067 4099 3079 4132 :
3109 4081 3357 4137 Latrones

1757 4151 1855 4224 lioc
1883 4153 2142 4224 proverbio
2174 4155 2245 4206 uti
2268 4155 2430 4208 solent
2453 4195 2467 4219 ,
2499 4163 2560 4207 ut
2581 4149 2765 4223 quibus
2795 4167 2896 4204 non
2915 4153 3150 4221 auferunt
3180 4156 3356 4224 vitam,

1757 4223 1957 4278 dedisse
1982 4239 2036 4275 se
2065 4223 2259 4277 dicant.
2491 4274 2495 4276 _

1829 4294 2076 4368 (Itipitale.
2105 4294 2160 4347 In
2190 4310 2313 4368 t_ns.,
2345 4292 2591 4368 capitali.

1834 4363 1917 4417 Et.
1951 4364 2023 4418 Ita
2051 4380 2152 4417 ins.
2188 4365 2318 4418 Aliis
2345 4367 2389 4417 ei
2406 4363 2428 4427 ,’
2453 4381 2547 4432 pro
2572 4374 2640 4418 et.

1790 479 1970 535 aureis
2015 485 2252 540 nummis
2299 502 2670 560 expungeret.
2704 497 2963 568 gregariis
3016 511 3071 558 et
3118 507 3398 573 tyronibus

1790 581 2071 668 argentum
2125 577 2310 648 daret,
2343 579 2600 642 barbaros
2645 589 2790 644 οιηιιὶ
2845 606 3045 668 genere
3093 595 3400 667 largitionis

1791 665 2102 726 honoraret.
2136 671 2266 726 Nam
2299 678 2445 744 quod
2474 678 2767 738 viventium
2799 665 2936 740 bona
2968 688 3048 744 vel
3076 665 3392 760 auferebat,

1791 761 1874 818 vel
1899 761 2042 820 done
2067 765 2182 822 suis
2207 765 2390 837 dabat,
2421 768 2626 845 [proutj
2653 776 2881 847 qnisque
2924 782 3154 850 petierat
3177 786 3350 840 aliena
3375 828 3391 850 ,

1789 856 1972 914 nescio
1997 856 2234 931 an[non]
2248 863 2482 931 agendas
2510 865 2587 922 illi
2609 867 2774 924 luisse
2801 873 3001 939 gratias
3027 877 3392 948 putem,q_uod

1789 964 1938 1010 ntere
1968 951 2312 1014 clementiam
2338 955 2606 1016 latronum
2637 959 2918 1024 incruenta
2941 967 3393 1037 Spoliadetcnbe‘

1787 1041 1896 1100 bat.

2446 1167 2736 1226 XXXVIII.

1854 1297 1991 1353 Illud
2016 1313 2145 1354 vero
2175 1300 2433 1374 capitale,
2477 1313 2531 1358 et
2557 1320 2716 1375 supra
2742 1321 2966 1376 omnes,
3001 1311 3090 1381 qui
3120 1311 3335 1378 luerunt
3361 1356 3379 1382 ,

1781 1392 2165 1462 corrumpendi
2197 1393 2479 1464 cupiditas,
2506 1397 2633 1467 quid
2665 1398 2842 1462 dicam
2872 1402 3074 1474 nescio,
3105 1406 3206 1468 nisi
3235 1423 3380 1482 cat-ca

121 2151 494 2226 yergebatur.
521 2154 579 2209 In
608 2169 710 2226 ms.
735 2155 1111 2226 mergebantur.

119 2224 372 2279 Palatio.
414 2225 472 2280 In
505 2241 605 2281 uis.
643 2224 922 2282 Palatium.

21 2296 29 2319 ⁷
121 2296 452 2368 Delibatum.
482 2298 604 2368 Erat
645 2299 901 2368 particula
932 2312 1101 2354 etanta
1125 2304 1346 2368 paratre,
1375 2311 1534 2367 quam
1565 2293 1662 2368 de-

24 2376 307 2436 cerptam
340 2367 440 2421 (liis
471 2367 790 2424 offerebant.
829 2369 1088 2424 Solebant
1117 2380 1296 2424 autem
1327 2367 1478 2423 cibos
1503 2367 1666 2421 etiam

22 2438 255 2493 libare.
289 2440 387 2495 Sil.
422 2440 678 2502 Ital.,lib.
705 2444 768 2496 7:

405 2530 621 2579 Primum
643 2532 807 2581 Vesta:
831 2532 1044 2582 detersit
1063 2533 1320 2594 honorem,

217 2592 450 2656 Undique
475 2602 528 2643 et
554 2596 602 2643 in
626 2595 1206 2659 mediamjecitlibauiina
1231 2592 1489 2646 ﬂairimant.

15 2696 207 2771 Quod
246 2699 536 2769 Dionysius
565 2701 859 2767 Halicarn.,
893 2717 947 2756 rv
998 2700 1259 2771 Antiquit.
1300 2701 1484 2766 Rom.,
1508 2699 1658 2766 dicit,

19 2768 338 2824 (Iacuerunt
371 2768 622 2840 primitias
652 2774 832 2828 libare.
860 2773 1136 2829 GRBVIUS.

112 2842 524 2915 Sacriﬁcatunt.
553 2844 666 2911 Est,
695 2845 834 2915 quod
857 2861 924 2908 ex
956 2845 1166 2900 victima
1198 2843 1301 2898 (liis
1320 2843 1499 2899 oblala
1523 2859 1662 2913 prae-

14 2912 226 2967 cisum
259 2922 382 2968 erat
412 2914 468 2969 in
495 2912 788 2982 epulasjut
811 2917 1057 2972 solebant
1087 2925 1294 2985 partem
1319 2912 1657 2970 victimarum

20 2999 351 3058 prosecare
376 2996 432 3038 ct
460 2986 701 3054 adolere,
753 2999 956 3058 partem
1009 2989 1350 3047 sacerdotum
1374 2996 1430 3043 et
1449 2987 1661 3042 saerili-
1688 2986 1733 3047 C

22 3057 300 3110 cantium
327 3058 502 3126 epulis
531 3075 827 3114 reservare.
858 3061 1133 3115 Gngvrus.

110 3127 602 3201 Perfusumntero.
640 3131 858 3186 Scilicet
885 3148 993 3201 quo
1032 3131 1283 3186 solebant
1333 3130 1659 3200 supplicare,

20 3207 92 3254 ut
120 3199 182 3252 lii
219 3200 330 3254 cibi
363 3201 515 3266 quasi
546 3199 1058 3270 sacrarentur,'Quis
1088 3203 1232 3259 eitim
1265 3199 1476 3270 ignorat
1505 3201 1661 3258 thure

19 3279 86 3344 et
119 3272 261 3325 vino
284 3271 476 3327 solitos
493 3283 700 3328 veteres
722 3275 1043 3344 supplicare,
1067 3276 1226 3338 etiam
1255 3275 1396 3331 inter
1423 3274 1612 3344 epulas
1637 3274 1660 3327 ?

24 3340 268 3410 ιιοιηιι.³
306 3360 357 3398 tv
380 3343 646 3411 Carinin.,
677 3345 731 3411 5,
763 3340 837 3400 de
859 3346 1102 3415 Augusto
1128 3362 1138 3396 :

308 3434 383 3484 Te
399 3438 584 3485 mensis
604 3437 805 3486 adhibet
825 3436 992 3485 delun.

310 3497 558 3562 :I'ejnulta
585 3512 756 3562 prece,
784 3508 834 3548 te
855 3499 1164 3561 prosequitur
1189 3512 1329 3548 mero

305 3559 496 3610 Delusa
519 3559 720 3622 pateris,
743 3559 809 3612 et.
822 3559 1004 3612 laribus
1021 3559 1178 3612 tuum

305 3622 480 3673 Misect
500 3637 702 3673 numen.

1305 3686 1576 3744 Calavius.

113 3776 371 3846 Magistri
391 3779 468 3833 sui
492 3779 691 3832 similis.
723 3778 940 3835 Scilicet
964 3779 1159 3836 Galerii
1214 3779 1541 3837 Maximiani.
1579 3778 1651 3834 Ita

35 3862 244 3916 supra,
274 3865 392 3918 cap.
422 3850 487 3903 2i
517 3851 886 3919 magnitudinis
908 3867 1018 3906 sua:
1039 3852 1344 3907 simillimos.

110 3919 350 3990 Reliqui.
385 3920 730 3976 lleumannus
752 3923 898 3978 delet
929 3922 1030 3978 hoc
1053 3924 1294 3977 verbum.

112 3992 421 4066 Apol-licere.
454 3992 510 4066 Id
541 4001 644 4066 est,
670 3993 821 4054 cellae
850 3993 1094 4063 vinariaa,
1118 3993 1185 4050 de
1212 4010 1318 4066 qua
1337 4010 1476 4051 voce
1499 3995 1652 4051 Phre-

33 4061 216 4126 drus,
250 4063 344 4124 lib.
378 4080 450 4130 tv,
483 4063 592 4119 fab.
626 4066 679 4121 4.

111 4133 328 4189 Debita.
365 4136 624 4190 lleuman.
655 4136 804 4192 addit
831 4136 1039 4191 tributa.

121 4205 174 4258 ll
185 4206 276 4279 inc
305 4210 464 4276 fartres
485 4249 501 4273 ,
545 4210 685 4277 agris
715 4210 1010 4279 ferentibus.
1042 4208 1116 4262 lta
1143 4223 1247 4263 ms.
1277 4209 1408 4263 nihil
1437 4221 1651 4264 mutan-

40 4276 209 4332 dum.
245 4276 728 4405 Agrisdferenttbus,
765 4281 818 4335 id
867 4289 988 4342 est,
1041 4280 1156 4334 licet
1184 4283 1324 4350 agris
1353 4282 1646 4350 ferentibus.

40 4348 190 4404 Vide
225 4365 397 4405 ιιι-ηερε
440 4351 582 4405 entia
609 4351 870 4405 abrasit...
896 4353 1077 4405 horrea
1107 4353 1417 4405 privatorum
1444 4353 1646 4405 claude-

40 4348 190 4445 Υἱός
225 4348 870 4445 praicedg‘t't-tialabrasit...
896 4353 1090 4445 ltgrrea‘
1103 4348 1417 4445 girirbtorum
1444 4353 1651 4445 cllaude-
1670 4385 1728 4445 Β

42 4421 264 4492 bantur,
287 4431 392 4476 etc.
419 4422 560 4477 Editi
588 4422 772 4491 legunt
798 4439 899 4476 non
931 4424 1209 4492 ferentibus
1233 4465 1246 4489 ,
1281 4424 1456 4477 minus
1487 4425 1642 4479 bene.

43 4522 115 4530 -—
137 4491 284 4546 Hinc
314 4495 476 4566 fames-
495 4533 510 4558 ,
544 4496 680 4563 agris
703 4491 995 4564 ferentibus.
1028 4496 1130 4552 Alii
1159 4496 1468 4563 corrigunt,
1513 4498 1648 4566 agris

44 4580 148 4638 non
176 4565 455 4638 [arentibus
476 4583 493 4630 ;
515 4566 603 4618 alii
626 4607 638 4630 ,
667 4567 907 4636 agricolis
936 4582 1036 4620 non
1081 4567 1376 4638 ferentibus.
1410 4569 1477 4621 Et
1501 4565 1648 4624 recte
1676 4599 1685 4605 -

41 4633 280 4708 Nux-rius
311 4654 322 4688 :
360 4637 635 4702 Quamvis,
665 4633 868 4706 inquit,
904 4640 1016 4708 agri
1051 4633 1251 4694 multos
1292 4639 1501 4694 fructus
1533 4640 1646 4695 l‘er-

44 4718 212 4782 re_nt_,
244 4706 491 4782 homines
524 4720 699 4764 tamen
733 4713 870 4764 fame
899 4706 1297 4775 enecabantur;
1326 4713 1447 4782 quia
1480 4713 1648 4767 Maxi-

45 4778 182 4831 mini
228 4781 487 4834 satellites
527 4791 580 4837 et
609 4782 730 4836 vina
760 4791 981 4847 cuncta,
1014 4791 1072 4838 et
1103 4783 1280 4850 fruges
1326 4778 1515 4838 omnes
1539 4825 1554 4849 ,
1585 4800 1646 4840 ac

45 4863 403 4922 qumcumque
430 4853 542 4922 agri
571 4853 806 4919 ferrent,
837 4855 1055 4908 immani
1084 4853 1404 4909 crudelitate
1431 4854 1647 4910 aufere-

48 4918 214 4985 bant,
245 4918 396 4997 ut'ea
427 4918 486 4977 in
509 4925 622 4997 ηβοὶ
655 4918 802 4995 publ.
834 4926 1061 4997 gratiora
1087 4925 1209 4982 aliis
1252 4925 1305 4980 in
1337 4927 1642 4996 regionibus

50 4995 510 5051 venundarcnlur.
543 4996 675 5051 BUN.

123 5064 485 5139 Arnientorum
504 5108 522 5132 .
561 5079 666 5124 etc.
699 5067 827 5124 Haec
853 5068 1032 5128 omnia
1061 5068 1217 5124 valde
1237 5078 1492 5139 corrupta
1523 5081 1648 5127 sunt

54 5142 166 5211 tum
199 5137 251 5189 in
283 5151 384 5211 ms.
419 5146 529 5211 tum
561 5139 611 5193 in
641 5140 832 5202 editis,
867 5141 940 5197 ita
969 5150 1026 5196 ut
1054 5141 1140 5196 vix
1169 5137 1642 5211 intelligi'queant.

54 5204 127 5260 Ea
154 5222 283 5261 vero
311 5208 390 5263 sic
421 5209 642 5278 legenda
668 5226 788 5266 esse
816 5213 1017 5284 credidi
1047 5230 1059 5265 :
1090 5204 1452 5266 Ανηιθητοῆιηί
1466 5231 1526 5266 ac
1556 5233 1645 5284 pe-

56 5294 226 5354 corum
249 5296 424 5352 greges
467 5296 530 5334 ea:
565 5284 701 5352 agris
730 5283 1058 5352 rapiebantur
1087 5284 1153 5336 ad
1183 5286 1438 5352 sacriﬁcia
1475 5288 1646 5354 quoti-

58 5351 238 5415 diana,
271 5353 453 5420 quibus
473 5351 667 5426 aulicas
687 5351 813 5426 adeo
843 5365 1135 5426 corruperat
1157 5395 1171 5420 ,
1218 5363 1270 5408 ut
1311 5351 1646 5425 aspernaren-

57 5430 137 5473 tur
163 5438 458 5496 annonam;
500 5432 545 5475 et
568 5422 900 5496 qia/fundebant
929 5422 1117 5496 passim
1147 5429 1254 5481 sine
1282 5422 1508 5494 delectu,
1540 5429 1648 5485 sine

59 5494 203 5548 modo
226 5536 239 5559 ,
289 5510 404 5547 cum
445 5495 687 5549 satellites
727 5494 987 5551 universos
1007 5538 1020 5561 ,
1051 5513 1266 5566 quorum
1295 5514 1534 5554 numerus
1564 5501 1646 5554 in—

59 5580 176 5630 gens
204 5575 343 5630 erat,
389 5567 619 5631 pretiosis
656 5567 871 5620 vestibus
901 5577 944 5621 et
967 5569 1135 5622 aureis
1159 5569 1374 5621 nunnnis
1403 5573 1648 5627 excoleret

61 5634 147 5712 (id
177 5647 289 5712 est,
321 5637 687 5712 demulcet-et),
728 5640 974 5712 gregariis
1021 5649 1070 5712 et
1096 5641 1341 5712 tironibus
1382 5656 1648 5712 argentum

66 5706 229 5777 daret,
255 5708 502 5763 barbaros
528 5711 663 5764 omni
693 5706 874 5780 genere
904 5711 1185 5780 largitionis
1208 5706 1492 5768 honorarit.

1830 4436 1964 4507 Quid
1988 4437 2154 4507 diram
2173 4437 2357 4489 nescio.
2385 4436 2719 4500 Lactantius,
2742 4435 2836 4490 lib.
2867 4452 2904 4500 ι.
2928 4451 3047 4507 cap.
3077 4438 3140 4502 21
3167 4457 3178 4492 :
3215 4440 3356 4497 Nam

1751 4506 1814 4583 de
1844 4506 2253 4583 infantibus,in
2279 4507 2505 4583 Saturno
2528 4508 2923 4564 innnolabantur
2944 4506 3151 4583 prapter
3173 4514 3352 4570 odium

1750 4576 1924 4642 lovis,
1959 4579 2081 4647 quid
2112 4576 2277 4632 dicam
2307 4581 2494 4633 nescio.

1825 4648 2589 4726 Erprimi__pro_indignatione
2616 4669 2709 4706 sua
2754 4669 2856 4726 non
2900 4661 3080 4726 potest.
3118 4655 3172 4726 In
3222 4672 3352 4722 ms.,

1749 4723 2047 4794 exprimere.
2073 4721 2224 4787 Quod
2253 4723 2297 4777 si
2324 4724 2487 4790 legas,
2523 4724 2711 4779 deesse
2739 4721 2948 4780 videtur
2973 4725 3023 4777 Μ
3033 4744 3120 4779 ens
3141 4721 3166 4791 ;’
3189 4721 3352 4794 atque

1750 4794 1828 4846 sic
1858 4802 2000 4846 esset
2026 4793 2311 4869 legendum
2336 4837 2350 4859 ,
2381 4804 2425 4848 et
2455 4805 2621 4848 tamen
2651 4794 2728 4847 Itis
2758 4797 2920 4869 verbis
2943 4795 3142 4869 [ruens]
3167 4793 3348 4866 erpri-

1748 4879 1883 4916 ntere
1911 4880 2001 4933 pro
2031 4865 2379 4936 indignatione
2406 4882 2501 4919 sua
2531 4883 2631 4919 non
2663 4875 2839 4932 potest.
2867 4865 2962 4921 Sic
2987 4865 3296 4924 Lactantius
3324 4911 3339 4936 ,

1748 4936 1840 4990 lib.
1875 4952 1923 4989 γι
1969 4937 2140 4988 Divin.
2197 4937 2454 5001 lnstitut.,
2489 4954 2610 5008 cap.
2642 4937 2713 4991 23
2747 4956 2757 4990 :
2791 4938 2985 5002 Quibus
3029 4942 3122 4994 hoc
3145 4943 3306 4994 verbis
3331 4983 3344 5006 ,

1748 5016 1836 5084 aut
1865 5024 1965 5084 qua
1989 5009 2334 5084 indignatione
2362 5017 2558 5084 tantum
2583 5008 2726 5084 nefas
2755 5011 3075 5082 prosequar?
3096 5011 3245 5065 vincit
3269 5016 3350 5084 of—

1749 5079 1923 5152 ﬁcium
1949 5080 2136 5149 lingua:
2156 5079 2360 5152 sceleris
2384 5081 2700 5152 magnitudo.

1825 5149 2096 5224 Nobilibus
2128 5151 2368 5224 fertilitas.
2402 5149 2650 5224 Augebat
2677 5152 3048 5224 indignitatem
3080 5153 3180 5217 rei,
3205 5155 3351 5222 quod

1748 5223 1940 5275 nobiles
1994 5233 2192 5277 essent.
2247 5221 2380 5277 Nam
2409 5221 2603 5279 ser't'ile
2645 5221 2865 5292 prorsus
2884 5266 2898 5289 ,
2927 5232 2980 5280 et
3009 5224 3193 5278 liberis
3219 5242 3349 5279 cor-

1749 5293 1968 5362 poribus
1997 5293 2311 5349 detestabilc
2342 5303 2458 5348 erat
2478 5338 2490 5360 ,
2524 5297 2603 5349 sic
2627 5295 2981 5354 considerari.
3011 5295 3236 5348 Servitia
3266 5298 3348 5353 sic

1749 5364 1995 5435 solebant
2036 5381 2064 5420 a
2098 5367 2452 5433 mangonibus
2480 5365 2816 5435 inspicienda
2845 5367 2958 5435 sisti
2991 5365 3342 5435 licitantibus.

1749 5432 2356 5490 C01.uun.—llnl'llirius
2379 5479 2393 5503 ,
2443 5436 2536 5491 lib.
2569 5432 2678 5489 ’νιιι
2702 5479 2715 5502 ,
2767 5451 2886 5504 cap.
2934 5434 3001 5489 17
3034 5451 3046 5487 :
3077 5433 3170 5488 Cui
3200 5439 3348 5496 etiam

1749 5507 1880 5560 inter
1907 5517 2090 5562 cratera
2114 5509 2207 5560 hoc
2229 5508 2377 5560 etiam
2409 5508 2672 5577 singulare
2700 5505 2924 5560 studium
2952 5513 3080 5571 erat,
3105 5523 3166 5560 ne
3188 5511 3348 5564 ullam

1749 5594 1852 5632 non
1881 5578 1995 5631 dico
2024 5580 2195 5632 urbem
2214 5621 2230 5643 ,
2274 5579 2361 5631 sed
2384 5579 2460 5632 vel
2490 5581 2633 5632 breve
2660 5578 2904 5646 oppidum
2923 5617 2936 5640 ,
2968 5577 3155 5644 absque
3197 5580 3348 5635 adul—

1750 5651 1874 5703 terio
1910 5650 2155 5704 nobilium
2185 5659 2536 5703 matronarum
2556 5691 2569 5713 ,
2600 5645 2843 5718 qnw'per
2872 5645 2983 5718 loca
3024 5648 3235 5718 fuissent
3264 5669 3348 5706 re-

1751 5730 1936 5794 perta},
1972 5721 2048 5776 rel
2077 5722 2394 5792 corruptione
2423 5715 2675 5790 virginum
2705 5717 2998 5786 prtt'ttrirct.
3030 5715 3234 5776 Latinis
3255 5727 3349 5794 fu:-
