3950 6368
576 295 686 360 955

579 428 794 486 vestes,
847 418 1083 492 itemque
1151 417 1463 491 virginibus,
1511 427 1567 474 et
1618 433 1716 490 per
1768 417 2006 489 singulos
2087 433 2176 473 ar-

577 517 661 566 tus
688 511 1122 583 inspiciebantur,
1153 526 1219 579 ne
1249 527 1350 582 qua
1396 524 1520 580 pars
1548 511 1795 582 corporis
1822 510 1972 580 regio
2001 509 2170 565 cubili

577 615 726 661 esset
751 605 984 676 indigna.
1023 603 1080 661 Si
1103 619 1206 676 qua
1234 603 1665 671 detrectavcrat,
1694 604 1748 658 in
1779 618 1914 674 aqua
1942 602 2172 658 necaba-

1438 300 1626 360 FIBM.
1664 299 2030 360 LACTANTll
2067 300 2198 358 LIB.
2242 301 2330 359 DE
2370 302 2580 360 MORT.
2621 301 3008 363 PERSECUT.

3775 304 3851 366 9.58

2199 417 2598 480 AMaximiano
2643 435 2704 476 se
2735 420 3104 486 tradiderunt,
3153 419 3304 476 malo
3360 420 3585 491 generis
3641 419 3845 480 humani.

2280 517 2338 565 ut
2369 510 2444 565 illi
2479 511 2760 568 barbaram
2812 513 3129 568 servitutem
3175 512 3476 584 fugientes,
3537 513 3593 568 in
3627 514 3848 570 Romanas

2277 602 2701 660 dominarentur.
2728 604 2820 660 llis
2848 605 3168 661 satellitibus
3194 614 3253 664 et
3280 607 3694 678 protectoribus
3743 609 3848 665 cint-

580 706 697 762 tur;
732 707 1000 767 tamquam
1028 697 1327 764 majestatls
1372 696 1577 750 crimen
1610 704 1753 750 esset
1779 694 1878 748 sub
1904 694 1995 749 illo
2022 693 2176 748 adul-
2276 702 2362 751 tus
2383 737 2399 765 ,
2431 694 2708 754 Orientem
2730 697 2962 755 ludibrio
2992 699 3197 752 habuit.

575 797 692 846 tero
722 787 1241 860 pudicitia.’Aliqui,
1292 787 1658 857 constupratis
1703 787 1993 852 uxoribus,
2041 800 2173 854 quas

573 883 641 938 ob
670 883 973 937 castitatem
1022 896 1084 936 ac
1131 880 1292 936 fidem
1335 879 1647 935 carissimas
1676 879 1975 940 habebant,
2005 893 2171 949 quum

572 973 813 1030 dolorem
839 973 982 1030 ferre
1006 990 1112 1028 non
1136 982 1380 1044 possent.
1398 989 1456 1028 se
1475 974 1618 1044 ipsos
1640 974 1798 1029 etiam
1824 981 2168 1028 necaverunt.

569 1066 680 1123 Sub
703 1066 805 1122 hoc
833 1075 1096 1128 monstro,
1122 1066 1395 1137 pudicitia:
1425 1067 1703 1136 integritas
1735 1067 1913 1134 nulla,
1949 1067 2046 1120 nisi
2079 1066 2169 1121 ubi

570 1162 852 1216 barbaram
921 1159 1202 1216 libidinem
1268 1160 1583 1216 deformitas
1639 1161 1864 1232 insignis
1929 1160 2164 1217 arcebat.

570 1255 856 1311 Postremo
886 1254 1030 1311 hunc
1055 1255 1166 1326 jam
1195 1255 1481 1310 induxerat
1510 1271 1736 1321 morem,
1763 1263 1820 1310 ut
1850 1271 2008 1311 nemo
2035 1271 2168 1311 uxo-

569 1361 684 1404 rem
725 1348 842 1403 sine
872 1349 1134 1418 permissu
1165 1347 1284 1417 ejus
1311 1347 1569 1414 duceret,
1600 1358 1655 1403 ut
1692 1348 1805 1418 ipse
1835 1349 1886 1401 in
1919 1347 2168 1403 omnibus

570 1440 770 1511 nuptiis
801 1448 1161 1511 prmgustator
1184 1449 1350 1496 esset.
1375 1439 1640 1509 Ingenuas
1662 1440 1896 1512 virgines
1919 1442 2169 1496 imminu-

570 1540 652 1586 tas
695 1532 866 1588 servis
907 1531 1020 1587 suis
1060 1532 1296 1587 donabat
1326 1547 1542 1588 uxores.
1569 1530 1673 1588 Sed
1702 1543 1753 1588 et
1779 1532 2019 1590 Comites
2050 1535 2167 1604 ejus

573 1626 673 1681 sub
704 1626 797 1681 tali
824 1625 1078 1696 Principe
1104 1625 1450 1680 imitabantur
1479 1625 1618 1699 [hoc
1640 1626 1978 1698 exemplum,
2009 1635 2064 1681 ct
2089 1627 2166 1682 ci-

570 1715 755 1788 vium]
799 1732 1018 1772 suorum
1049 1716 1243 1772 cubilia
1273 1719 1492 1788 impune
1536 1719 1829 1774 violabant.
1860 1719 1992 1785 Quis
2019 1719 2163 1776 enim

566 1808 897 1868 vindicaret?
936 1810 1281 1867 Mediocrium
1330 1811 1501 1876 ﬁlias,
1553 1820 1609 1867 ut
1652 1813 1847 1884 cuique
1893 1812 2160 1880 libuerat,

565 1904 825 1975 rapiebat.
874 1903 1182 1971 Primarize,
1235 1921 1353 1976 qua:
1399 1906 1514 1977 rapi
1541 1920 1647 1962 non
1680 1915 1960 1976 poterant,
1989 1910 2040 1962 in
2067 1907 2163 1964 be-

565 1997 772 2054 neﬁciis
805 2003 1157 2068 petebantur;
1210 2014 1312 2055 nec
1357 2001 1592 2055 recusari
1638 2000 1871 2072 licebat,
1927 2001 2164 2057 subscri-

565 2090 1113 2162 bentelmperatore,
1164 2092 1292 2162 quin
1341 2101 1430 2145 aut
1459 2092 1792 2159 pereundum
1841 2103 2026 2160 esset,
2069 2103 2164 2179 aut

561 2185 846 2241 habendus
900 2200 1068 2256 gener
1118 2184 1313 2256 aliquis
1345 2186 1624 2242 barbarus.
1677 2185 1809 2243 Nam
1835 2187 1949 2243 fere
1979 2189 2160 2244 nullus

563 2277 791 2346 stipator
849 2275 902 2331 in
955 2276 1123 2332 latere
1169 2279 1259 2342 ei,
1290 2279 1394 2333 nisi
1435 2293 1504 2332 ex
1554 2287 1714 2350 gente
1774 2280 2002 2346 borum,
2067 2282 2159 2351 qui

561 2382 596 2426 a
647 2367 839 2427 Gothis
887 2377 1132 2442 tempore
1177 2369 1538 2428 vicennalium
1588 2372 1748 2430 terris
1800 2373 1914 2430 suis
1979 2374 2152 2446 pulsi,

2954 789 3202 846 XXXIX.

2347 884 2584 955 Denique
2607 900 2768 954 quum
2800 884 3108 941 libidinibus
3133 886 3246 941 suis
3267 886 3610 957 banclegem
3639 887 3846 944 dedisset.

2274 985 2332 1031 ut
2379 978 2456 1031 fas
2498 987 2707 1047 putaret
2744 976 3000 1048 quidquid
3031 979 3400 1048 concupisset,
3437 995 3515 1034 ne
3546 979 3618 1032 ab
3663 981 3847 1050 Auges:

2273 1069 2510 1140 quidem,
2566 1085 2725 1141 quam
2772 1086 2944 1140 nuper
2991 1071 3369 1142 appellaverat
3422 1084 3692 1140 matrem,
3729 1079 3849 1144 pomi:

2275 1171 2593 1232 temperare.
2628 1161 2863 1217 Venerat
2906 1171 3025 1232 post
3053 1164 3256 1218 obitum
3298 1164 3632 1220 Maximiani
3679 1166 3744 1220 ad
3769 1182 3846 1220 eet:

2272 1254 2506 1321 Valeria,
2542 1271 2705 1326 quum
2743 1271 2801 1312 se
2832 1265 3044 1328 putaret
3074 1258 3125 1312 in
3168 1260 3413 1327 patribus
3442 1259 3571 1330 ejus
3600 1263 3760 1316 tutius
3778 1279 3850 1315 me

2271 1359 2532 1416 raturam,
2565 1365 2630 1404 eo
2671 1350 2903 1406 maxime
2930 1350 3072 1422 quod
3095 1352 3326 1407 habebat
3363 1369 3631 1409 uxorem.
3668 1355 3763 1410 Sed
3786 1359 3848 1409 asia

2269 1442 2376 1497 mal
2409 1442 2672 1497 nefarium
2701 1443 2942 1512 protinus
2967 1443 3274 1500 inardescit.
3309 1446 3511 1500 Adhuc
3537 1447 3595 1501 in
3628 1448 3755 1502 atris
3772 1465 3849 1503 re-

2270 1533 2410 1589 tibus
2440 1543 2555 1589 erat
2599 1534 2809 1600 mulier,
2853 1533 3088 1590 nondum
3133 1536 3307 1593 luctus
3335 1545 3602 1607 tempore
3650 1539 3840 1608 implete

2269 1626 2482 1699 Legatis
2510 1627 2799 1698 praemissis
2831 1626 2885 1682 in
2927 1628 3270 1684 matrimonio
3313 1631 3592 1697 postulat,
3623 1631 3844 1701 ejectum

2268 1734 2510 1786 uxorem,
2558 1718 2604 1774 si
2650 1719 3010 1790 impetrasset.
3061 1720 3359 1792 Respondit
3409 1722 3512 1778 illa
3543 1723 3739 1789 libere,
3769 1742 3840 1794 qs:

2194 1825 2242 1886 Β
2269 1813 2382 1867 sola
2436 1821 2648 1883 poterat
2695 1829 2709 1867 :
2756 1813 2928 1881 primo
2971 1827 3077 1868 non
3129 1829 3287 1885 posse
3327 1813 3398 1870 de
3453 1817 3676 1886 nuptiis
3712 1818 3758 1871 in
3787 1817 3840 1869 iiiis

2271 1906 2422 1961 ferali
2472 1905 2654 1961 habitu
2689 1921 2871 1977 agere,
2913 1906 3104 1978 tepidis
3151 1907 3327 1962 adhuc
3377 1909 3672 1966 cineribus
3712 1913 3837 1964 maria

2269 2001 2373 2064 sui,
2404 2000 2570 2072 patris
2598 1999 2747 2071 ejus;
2774 2000 2969 2055 deinde
3002 2001 3147 2056 illum
3181 2002 3345 2074 impie
3375 2003 3592 2071 facere,
3628 2006 3761 2076 quod
3779 2006 3839 2059 sizé

2269 2093 2428 2149 ﬁdam
2457 2093 2756 2165 'coujugem
2797 2093 3064 2162 repudiet,
3116 2094 3256 2150 idem
3297 2096 3490 2167 utique
3551 2098 3778 2154 tacturus
3811 2111 3839 2150 et

2267 2188 2407 2254 sibi;
2451 2198 2758 2257 postremo,
2811 2185 2963 2242 nefas
3015 2202 3138 2243 esse
3185 2188 3332 2243 illius
3380 2191 3635 2244 nominis
3672 2207 3730 2244 ac
3773 2193 3836 2244 lari

2266 2277 2520 2335 feminam
2564 2279 2680 2335 sine
2710 2294 2880 2345 more,
2909 2279 3024 2333 sine
3055 2281 3328 2350 exemplo,
3359 2282 3630 2338 maritum
3659 2284 3836 2338 altera!

2262 2373 2514 2445 experiri.
2561 2371 2846 2430 Nuntiatur
2889 2371 3106 2445 homini.
3137 2371 3266 2446 quid
3295 2384 3449 2433 esset
3493 2391 3659 2434 ausa.
3690 2375 3834 2432 ωιξὲ

1912 2515 2274 2575 VARIORUM
2312 2517 2546 2574 NOTE.

561 2653 716 2705 mina:
736 2665 841 2705 non
873 2650 1003 2706 solae
1031 2659 1191 2717 sunt,
1222 2666 1342 2721 qute
1383 2651 1514 2706 viris
1535 2651 1735 2721 juncta":
1781 2661 1904 2708 sunt
1933 2696 1946 2720 ,
1977 2655 2070 2710 sed
2100 2663 2156 2711 et

561 2722 816 2796 virgines.
845 2720 1367 2796 GlossariaiLabbei,
1403 2720 1653 2796 Flemina,
1683 2725 1854 2784 θήλεια
1875 2742 2033 2796 quam
2057 2741 2155 2782 vo-

561 2807 678 2866 cem
705 2794 865 2864 vulgo
887 2809 981 2862 per
1008 2795 1276 2866 fwniinea,
1306 2809 1402 2866 seu
1428 2811 1545 2864 qua:
1569 2795 1808 2851 fmminei
1837 2794 1999 2853 sexus
2029 2808 2114 2853 est
2137 2839 2152 2864 ,

562 2864 1172 2936 interpretantur,quod
1193 2865 1492 2936 virginibus
1510 2882 1724 2939 quoque
1752 2870 2025 2936 proprium
2050 2878 2154 2927 eSt.

1756 2939 2017 2997 BAULDRI.

647 3007 838 3063 Vestes.
864 3007 920 3063 In
952 3022 1079 3072 ms.,
1115 3006 1260 3074 Vris,
1292 3009 1452 3064 male.

637 3077 738 3133 Per
765 3080 995 3149 singulos
1039 3089 1184 3134 artus
1213 3079 1633 3150 inspiciebantur.
1677 3079 2030 3138 Casaubonus
2057 3098 2154 3138 no-

559 3159 666 3223 tat,
701 3158 764 3223 ut
803 3166 988 3206 servos
1011 3193 1027 3217 ,
1076 3151 1154 3223 sic
1184 3159 1240 3206 et
1282 3167 1467 3206 servas
1493 3153 1664 3208 nudas
1707 3153 1775 3209 ab
1820 3155 2155 3223 emptoribus

559 3221 726 3298 [uisse
756 3222 1188 3298 inspe_clas._Non
1219 3223 1486 3298 absimilis
1515 3224 1721 3296 (inquit
1745 3221 1994 3298 Tollius)
2023 3227 2152 3298 olim

562 3292 850 3419 1l;ersarum
879 3294 1093 3352 licentia
1116 3335 1131 3361 ,
1161 3303 1218 3352 et
1258 3293 1421 3352 bodie
1445 3292 1738 3354 Turcarum
1761 3337 1777 3365 ,
1827 3292 1988 3369 atque
2025 3297 2156 3356 item

605 3378 866 3419 ersarum.

605 3378 866 3419 ersarum.

635 3455 1029 3530 Qetrectaverat.
1061 3457 1159 3514 Ms.
1193 3459 1318 3530 legit
1343 3461 1726 3517 detractaverat.

634 3526 905 3600 Tanquam
933 3530 1211 3600 majestatis
1248 3526 1449 3587 crimen
1495 3544 1618 3588 esset
1647 3533 1740 3588 sub
1787 3534 1878 3589 illo
1923 3536 2158 3590 adultero

565 3599 831 3669 pudicitia.
864 3599 1098 3678 lta_ms._
1125 3600 1325 3678 ‘Nescio
1351 3618 1458 3678 quo
1485 3614 1639 3678 pacto
1682 3605 1844 3678 dictio
1870 3608 2115 3678 pudicitia
2140 3648 2154 3672 ,

566 3671 1006 3747 tamnecessaria
1035 3671 1098 3725 ad
1125 3671 1283 3743 hujus
1312 3671 1416 3730 ιοοί
1446 3671 1888 3747 intelligentiam,
1917 3679 1972 3734 iu
2003 3678 2153 3734 nulla

565 3741 803 3798 editione
830 3742 1150 3810 reperiatur.

635 3812 929 3887 castitatem
951 3829 1010 3866 ac
1040 3816 1213 3887 ﬁdem.
1243 3815 1460 3887 lnms.,
1489 3819 1714 3874 castitate
1744 3836 1804 3874 ac
1835 3821 1954 3887 ﬁde.

637 3884 872 3960 Monstro
892 3925 909 3960 ,
939 3885 1220 3960 pudicitiae.
1266 3886 1507 3942 Ministro
1533 3884 1842 3946 constanter
1868 3893 2060 3960 legitur
2103 3892 2158 3949 in

564 3971 666 4012 ms.
696 3955 1012 4028 quod_ferri
1047 3973 1150 4013 non
1182 3967 1394 4028 potest;
1425 3960 1590 4016 dictio
1631 3963 1774 4017 enim
1803 3955 2020 4018 ministri
2047 3981 2157 4020 non

560 4029 813 4101 convenit
845 4026 1100 4100 Principi.
1135 4026 1466 4101 Legendum,
1503 4033 1611 4087 Sub
1640 4034 1734 4088 hoc
1756 4048 2010 4101 monstro,
2057 4055 2154 4100 pn-

561 4099 760 4178 disicite
773 4099 1037 4178 integritas
1057 4099 1357 4178 nullajaut
1378 4145 1390 4164 ,
1429 4103 1538 4158 Sub
1569 4105 1664 4178 hac
1685 4116 1910 4163 monstro
1930 4099 2157 4178 impudi-

557 4170 719 4234 citiae,
742 4171 1006 4244 integritas
1036 4173 1201 4228 nulla.
1227 4175 1510 4230 Λωειον.
1541 4186 1585 4230 et
1607 4177 1866 4233 BAULDRI.

637 4259 705 4314 Ut
731 4261 840 4331 ipse
864 4262 918 4316 in
938 4265 1171 4341 omnibus
1201 4269 1394 4337 nuptiis
1418 4279 1760 4341 prargustator
1785 4281 1931 4326 esset.
1962 4271 2016 4328 Id
2049 4280 2153 4341 est,

557 4346 756 4406 novam
790 4342 1007 4402 nuptam
1032 4336 1336 4406 deﬂoraret;
1384 4340 1428 4394 si
1457 4336 1557 4395 hoc
1587 4343 1755 4398 verbo
1782 4345 1854 4398 uti
1887 4343 2032 4401 licet.

630 4401 891 4478 Ingenuas
917 4401 1133 4478 virgines
1161 4401 1476 4466 imminutus.
1502 4412 1830 4478 Imntinutas,
1858 4416 1905 4470 id
1929 4426 2012 4472 est
2036 4431 2156 4472 cor-

558 4483 782 4556 ruptas,
813 4476 901 4556 vel
941 4476 1186 4556 violatas.
1216 4481 1418 4556 Proba_
1437 4499 1537 4537 ms.
1567 4487 1768 4541 codicis
1815 4476 2002 4552 lectio;
2053 4503 2151 4544 nec

557 4543 836 4626 mutanda,
860 4543 1122 4626 siquidem
1149 4552 1376 4626 ipsemet
1397 4553 1726 4622 Lactantius,
1753 4555 1869 4611 Div.
1890 4543 2143 4626 lnslituti,

556 4613 652 4695 Eb.
687 4631 734 4679 ι.
765 4632 883 4686 cap.
918 4613 985 4695 ll)
1006 4659 1021 4684 ,
1050 4613 1210 4695 paulo
1233 4634 1358 4678 ante
1383 4626 1564 4688 linem,
1596 4627 1663 4679 de
1683 4613 1880 4695 spurco
1903 4613 2150 4688 illoilnve

553 4685 890 4769 Pais-auorum
922 4691 995 4742 ait
1027 4685 1346 4770 {Reliquam
1368 4712 1519 4770 suam
1537 4685 1686 4750 uitam
1706 4685 1760 4752 in
1788 4703 1978 4770 stupris
2005 4685 2152 4770 adul-

551 4760 794 4837 (uinisque
813 4763 1144 4837 consumpsit.
1178 4762 1365 4837 Omitto
1394 4766 1609 4834 virgines
1637 4785 1764 4837 quas
1792 4760 2062 4829 intininuit.
2119 4760 2128 4770 ἶ

603 4828 864 4956 bCoilnitcs.
888 4831 946 4887 Id
982 4828 1087 4901 eet,
1115 4835 1252 4891 auls:
1284 4828 1557 4907 proceres,
1590 4828 1681 4909 qui
1714 4841 2008 4914 principem
2029 4828 2151 4904 rsee-

641 4918 707 4956 an
739 4919 820 4956 lll'.

547 4909 820 4956 tabanlur.

624 4971 972 5056 Imitab‘an‘tur
1000 4971 1117 5046 [hoc
1139 4980 1446 5056 exemplum,
1478 4989 1529 5056 et
1552 4981 1760 5056 civium]
1783 5002 2015 5056 suorum,
2039 4998 2143 5046 etc.

551 5041 678 5123 Ms.,
715 5041 1041 5127 Imitabatuf,
1072 5041 1346 5127 mendose.
1383 5041 1482 5127 Per
1511 5055 1606 5107 hoc
1644 5041 2151 5126 exemplumetvci;

553 5115 724 5200 nium,
753 5115 1386 5200 quindecimlitterarum
1416 5125 1661 5200 lacunam
1688 5115 2036 5200 manuscripti
2067 5147 2152 5188 co-

710 5187 979 5273 supplevi.
1014 5188 1388 5273 Aliter_tamen
1412 5195 1518 5273 legi
1539 5185 1904 5273 _posset,__cuni
1920 5185 2147 5273 flii-inpius

555 5264 866 5346 iuguletis-nili.
878 5272 1175 5346 appareant
1193 5264 1257 5346 iu.
1271 5279 1369 5346 mis.
1395 5264 1513 5346 dure
1536 5264 1847 5328 litterteTr.
1864 5264 1985 5346 qua:
2009 5264 2154 5346 prio-

553 5340 640 5381 res
664 5338 788 5382 suut
812 5328 1006 5384 littera:
1033 5334 1181 5387 vocis
1215 5333 1448 5392 Tribuni.

636 5395 706 5485 in
727 5397 1016 5468 Beneﬁciis.
1045 5401 1358 5485 Beneﬁcium
1387 5424 1452 5485 eo
1477 5411 1596 5468 loco
1621 5414 1888 5485 signiﬁcat
1912 5434 2150 5473 remune-

551 5467 1140 5606 gtﬁﬁgzcgmcessam
1159 5467 1493 5551 o'bquaidam
1517 5467 1887 5548 munditia;
1897 5467 2156 5564 suscepta

627 5609 877 5666 Recusari
912 5614 1105 5671 licebat.
1154 5618 1229 5676 Ita
1257 5637 1358 5680 ms.
1388 5623 1598 5684 Mallem

553 5692 698 5734 metu
729 5688 1133 5743 sulnnersionis.

550 5821 558 5840 ε
585 5839 590 5840 γ
619 5752 861 5840 ‘Stipator
885 5756 936 5810 in
967 5757 1118 5840 lat-ere
1147 5764 1211 5840 ei.
1234 5765 1321 5822 Sic
1352 5782 1712 5840 reposuerunt

542 5823 721 5882 inlata
749 5825 853 5897 rei,
906 5831 1048 5901 quod
1073 5835 1366 5915 est_in_ms.

1619 5672 1634 5694 ,
1662 5646 1900 5688 recusare
1927 5634 2146 5700 licebat,

1757 5775 2020 5847 editores,
2049 5793 2148 5847 pro

2329 2655 2374 2709 A
2397 2655 2640 2730 Gothis...
2675 2659 2828 2730 pulsi.
2855 2657 2935 2716 Ad
2967 2659 3237 2716 Galerium
3272 2660 3669 2716 Maximianum

2261 2741 2374 2804 rem
2405 2729 2779 2804 confugerunt,
2811 2740 2865 2787 et
2902 2742 3091 2804 postea
3120 2747 3180 2787 se
3218 2731 3540 2798 Maximino,
3575 2749 3733 2804 quem
3766 2733 3837 2786 Gi-

2261 2799 2424 2872 lerius
2450 2799 2817 2872 adoptaverat,
2849 2803 3229 2872 adjunxerunt,
3273 2813 3330 2857 et
3361 2805 3416 2858 in
3463 2799 3836 2860 num—erumSe-

2262 2869 2488 2944 tellitum
2525 2869 2587 2926 ac
2616 2869 2974 2940 protectorum
3015 2873 3130 2944 ejus
3151 2874 3331 2929 allecti
3356 2885 3510 2930 sunt.
3545 2877 3747 2932 Buuz.

2340 2941 2738 2998 Protectoribus.
2765 2945 2820 2999 ld
2844 2954 2944 3011 est,
2977 2941 3218 3014 corporis
3246 2946 3596 3001 custodibus.

2340 3014 2595 3069 Orientem
2637 3015 2855 3071 ludibrio
2898 3016 3093 3070 habuit.
3138 3016 3236 3071 Ms.
3283 3032 3379 3085 pro
3421 3018 3679 3082 ludibrio,
3722 3019 3838 3072 hate:

2180 3098 2226 3165 ρ
2262 3086 2506 3165 indibria,
2522 3097 2792 3165 corrupte.
2808 3088 2934 3165 llaec
2956 3089 3089 3144 mire
3109 3089 3440 3165 conveniunt
3461 3105 3593 3165 cum
3626 3091 3838 3165 extremis

2259 3157 2435 3230 verbis
2461 3159 2648 3227 capitis
2673 3159 2769 3214 l9:
2799 3157 2934 3212 Daia
2956 3175 3139 3215 vero...
3161 3160 3356 3230 accepit
3384 3159 3661 3216 Orientem
3676 3164 3839 3217 calcen-

2259 3228 2383 3284 dum
2411 3241 2559 3300 atque
2584 3231 2974 3285 conterendum.

2327 3320 2676 3390 Concupisset.
2705 3323 2795 3378 Sic
2819 3333 2873 3377 et
2900 3323 3226 3387 Lactantius,
3258 3323 3510 3391 audisset,
3536 3326 3804 3392 quiuisset.

2332 3393 2571 3449 Matrem.
2599 3394 2822 3464 Propter
2837 3394 3105 3450 Maximini
3121 3394 3469 3462 adoptionem
3492 3412 3522 3446 a
3550 3396 3839 3452 Maximiani

2257 3464 2477 3523 Galerio
2509 3467 2722 3530 factam,
2745 3466 2898 3536 cujus
2929 3481 3064 3520 uxor
3083 3475 3138 3520 et
3165 3465 3323 3520 vidua
3351 3475 3474 3520 erat
3502 3467 3754 3522 Valeria.

2332 3538 2410 3591 Ad
2456 3554 2593 3591 eum.
2647 3538 2864 3592 Scilicet
2925 3537 3273 3592 Maximinum
3349 3537 3569 3603 Daiam,
3628 3539 3685 3593 in
3727 3538 3837 3604 cujss

2257 3609 2434 3663 aulam
2464 3609 2550 3662 illa
2578 3617 2698 3678 post
2726 3609 2902 3664 mariti
2934 3617 3159 3664 mortem
3192 3617 3571 3674 concesserat,
3604 3610 3678 3664 ibi
3709 3625 3763 3663 se
3788 3622 3837 3661 tr.-

2257 3682 2363 3734 tius
2394 3689 2721 3735 moraturam
2751 3695 2870 3735 esse
2904 3691 3117 3749 putans,
3159 3689 3343 3749 spreto
3368 3678 3609 3751 Licinio,
3638 3683 3728 3737 cui
3755 3697 3835 3737 ω)

2256 3751 2502 3810 GaleriUS
2530 3751 3024 3810 commendaverat.
3058 3753 3260 3807 BALUZ.

2331 3847 2639 3902 Prcemissis.
2683 3847 2809 3913 Ms.,
2845 3847 3043 3913 primis.
3065 3845 3450 3900 —Buneman.
3477 3845 3733 3915 sequitur

2257 3928 2312 3974 et
2339 3919 2516 3983 habet,
2561 3917 2765 3990 Legatis
2797 3920 2994 3988 primis,
3043 3925 3334 3986 notamque
3365 3927 3700 3990 sequentem
3725 3917 3838 3972 eihi

2257 3987 2677 4062 betz—Legatis
2705 3987 3080 4062 primisuEditi
3105 4003 3315 4062 omnes,
3355 3987 3540 4062 legatis
3573 3990 3834 4062 praemissis

2257 4062 2328 4118 At
2361 4079 2461 4117 ms.
2491 4059 2687 4133 primis.
2707 4059 2794 4116 ’Ad
2834 4060 3173 4133 indicandam
3227 4059 3630 4133 impudentiam
3663 4061 3837 4133 videtur

2255 4134 2457 4192 dixisse
2482 4131 2671 4206 legatis
2701 4132 2908 4205 primis,
2956 4133 3010 4188 id
3039 4140 3124 4189 est
3162 4147 3250 4202 per
3289 4131 3483 4202 primos
3501 4131 3832 4256 Ῑαηῇέῗὲσιω.

3643 4218 3730 4258 σε.

2333 4299 2462 4367 Quae
2493 4298 2605 4354 sola
2637 4307 2852 4368 poterat.
2886 4297 3144 4361 Subaudi,
3194 4296 3348 4350 libere
3390 4297 3724 4368 respondere.
3755 4294 3836 4349 Non

2257 4371 2545 4426 verebatur
2574 4373 2740 4442 enim,
2787 4385 2855 4426 ne
2885 4370 3055 4442 ipsam
3089 4369 3141 4442 vi
3171 4376 3482 4442 stuprarct,
3524 4369 3615 4423 vel
3657 4375 3836 4442 necaret

2257 4443 2598 4498 Maximinus.
2616 4440 2844 4496 Tantum
2859 4437 3064 4496 scilicet
3091 4440 3144 4494 in
3170 4437 3518 4506 Imperatoris
3537 4454 3760 4496 uxorem
3783 4438 3837 4490 Vr

2176 4515 2232 4578 D
2256 4514 2415 4572 duam
2448 4529 2553 4569 non
2581 4513 2815 4568 audebat
2842 4521 3122 4583 tyrannus.
3153 4510 3510 4567 “unusunus.

2329 4584 2527 4639 Ferali.
2556 4585 2653 4640 Ms.
2690 4583 2870 4652 fedali,
2905 4593 3180 4652 corrupte.

2331 4656 2510 4711 Patris
2538 4659 2666 4720 eius.
2696 4656 2912 4713 Scilicet
2932 4653 3134 4710 Galerii
3152 4652 3481 4719 Maximiani,
3514 4653 3610 4722 qui
3635 4664 3748 4709 erat
3771 4665 3836 4720 per

2253 4728 2598 4804 admotionem
2623 4737 2773 4797 pater
2812 4726 3103 4804 Maximini.
3256 4794 3317 4804 Δ.
3354 4794 3366 4804 ,
3495 4794 3508 4804 _
3635 4794 3645 4804 .
3691 4796 3718 4804 ν.
3774 4794 3799 4804 ν

2328 4799 2536 4855 Fidum.
2569 4794 2640 4854 ln‘
2669 4815 2772 4855 ms.
2805 4797 2980 4868 ﬁdem.
3024 4796 3210 4864 Forte,
3243 4794 3472 4865 fidelem,
3495 4794 3751 4851 breviatis
3774 4794 3834 4846 lil-

2255 4873 2406 4930 teris.

2330 4964 2571 5039 Nominis
2606 4981 2666 5039 ac
2703 4962 2912 5039 loc_i_._‘ld
2948 4969 3050 5039 est,
3077 4959 3374 5039 dignitatis.
3407 4958 3573 5039 libsv
3608 4957 3832 5039 institui.

2257 5053 2376 5104 cap.
2410 5038 2437 5092 1
2462 5055 2475 5090 :
2505 5035 2623 5090 Non
2648 5035 2978 5108 ignobilis....
3009 5033 3126 5086 loci.
3144 5030 3481 5110 Spartianus
3510 5030 3560 5081 in
3597 5030 3835 5110 Antonino

2259 5107 2412 5154 Gala.
2448 5123 2565 5154 mn-
2597 5109 2663 5154 3:
2700 5107 2805 5154 Sed
2826 5107 2932 5154 iam
2967 5104 3145 5154 antimi
3174 5104 3230 5154 in
3271 5101 3541 5154 republica
3568 5100 3685 5153 locu.
3717 5101 3834 5154 Lam-
3890 5125 3891 5154 ι

2259 5101 2414 5174 Gela,
2448 5123 2566 5177 cap.
2597 5109 2630 5162 5
2651 5101 2805 5161 {Sed
2822 5107 2932 5175 iant
2967 5104 3145 5175 optimi
3174 5104 3230 5156 in
3271 5101 3541 5171 republica
3568 5101 3685 5181 loci.
3717 5101 3834 5174 [πηξ-
3890 5101 3891 5158 l

2257 5180 2462 5252 pridius
2506 5182 2559 5235 in
2586 5178 2743 5235 Alex.
2774 5179 2984 5243 Seven,
3017 5191 3138 5248 cap.
3161 5175 3230 5231 5:
3264 5173 3391 5229 Non
3408 5175 3726 5297 magna
3747 5172 3833 5226 lea.

3645 5258 3704 5300 l’.‘
3712 5282 3726 5297 ο
3890 5257 3891 5300 ξ

2331 5322 2622 5377 Feminam.
2656 5321 2712 5376 In
2741 5336 2843 5376 nis.
2873 5319 3085 5390 femina.

2334 5413 2460 5470 Sine
2489 5410 2738 5481 exemplo.
2772 5411 2869 5466 Via
2900 5409 3204 5481 exemplum
3258 5409 3624 5464 secundarum
3660 5407 3832 5481 nuptiae
3890 5463 3891 5466 η

2262 5503 2380 5543 rum
2427 5486 2480 5557 iu
2527 5478 2815 5557 Augusteis
2858 5481 3060 5555 feminis
3100 5480 3382 5557 habemus,
3426 5491 3625 5550 praeter
3654 5478 3832 5557 Lucius

2262 5557 2409 5614 Lucii
2434 5555 2559 5610 Veri
2589 5551 2802 5622 u'soris,
2827 5551 2984 5623 quam
3013 5562 3132 5623 post
3164 5551 3266 5607 viri
3289 5561 3522 5609 mortem
3556 5563 3701 5622 pater
3729 5551 3830 5623 iisr-

2265 5645 2362 5683 cus
2389 5626 2689 5682 Antoninus
2717 5621 2939 5683 Claudio
2970 5621 3298 5698 Pompeiano
3332 5624 3477 5698 seni,
3515 5621 3715 5698 equitis
3752 5621 3832 5698 Ro-

2265 5697 2408 5754 mani
2442 5697 2570 5762 lilio,
2601 5699 2818 5754 invitam
2848 5709 3026 5753 tamen
3055 5695 3290 5751 tradidit.
3332 5695 3469 5752 Vide
3501 5694 3758 5770 Capitolia.
3794 5694 3828 5738 is

2266 5769 2470 5830 Marco,
2503 5783 2620 5838 cap.
2644 5770 2736 5824 20.

2341 5836 2583 5899 Homini.
2601 5840 2704 5898 Pro
2732 5841 2827 5913 illi,
2853 5839 3058 5900 scilicet
3080 5836 3389 5898 Maximino.
