3950 6368
93 296 209 355 269

1269 297 1471 356 LIBER
1513 297 1605 355 DE
1647 294 1857 354 MORT.
1892 295 2277 358 PERSECUT.

3320 302 3428 358 270

94 428 163 467 ac
196 414 520 471 molestiam
546 415 628 471 sui
656 414 885 488 idipsum
910 416 1199 472 observare
1220 416 1568 471 contendant.
1585 417 1717 484 Quae
1747 413 1801 476 Α
1825 427 1933 468 non
1962 414 2238 469 hominum
2265 412 2980 485 singulorum,pertinentia,
2997 429 3057 472 ea
3083 415 3262 472 omnia
3286 418 3427 487 lege,

96 505 471 562 sollicitudini
506 517 611 563 tuae
644 509 955 587 plenissime
1010 506 1360 578 signiﬁcanda
1389 523 1511 563 esse
1540 508 1718 564 credi-

96 597 322 666 dimus,
357 614 471 668 quo
514 601 681 657 scires
720 616 820 655 nos
859 600 1079 655 liberam
1111 608 1273 670 atque
1298 596 1596 655 absolutam
1626 615 1719 655 co-

102 688 286 745 lenda:
336 690 619 761 religionis
664 706 777 748 suae
820 691 1120 747 facultatem
1170 691 1382 747 hisdem
1414 692 1720 748 christiauis

102 781 527 850 dedisse.Qnod
548 799 670 841 cum
700 783 909 840 hisdem
935 800 964 838 a
989 785 1143 839 nobis
1169 784 1430 840 indultum
1456 800 1576 841 esse
1598 801 1722 856 per-

109 876 319 942 videas,
348 877 820 950 intelligitDicatio
848 888 958 945 tua,
977 879 1138 934 etiam
1166 880 1287 935 aliis
1314 880 1585 952 religionis
1609 896 1721 937 sua:

104 969 195 1024 vel
220 969 588 1025 observantiae
617 979 936 1041 potestatem
962 972 1213 1028 similiter
1242 982 1482 1043 apertam
1501 1015 1517 1041 ,
1557 982 1612 1028 et
1651 973 1720 1028 li-

105 1062 301 1118 beram
333 1078 436 1133 pro
452 1065 636 1134 quiete
662 1065 922 1134 temporis
948 1065 1119 1121 nostri
1144 1081 1266 1122 esse
1291 1081 1637 1133 concessam;
1667 1076 1723 1122 ut

105 1155 163 1210 in
188 1156 426 1212 colendo
451 1156 596 1227 quod
626 1157 852 1228 quisque
877 1157 1138 1230 delegerit
1179 1158 1373 1214 habent
1401 1158 1621 1213 liberam
1654 1156 1724 1212 fa-

108 1247 535 1318 cultatem,quia
568 1247 846 1319 (nolumus
873 1250 1108 1322 detrahi)
1140 1249 1332 1305 honori
1355 1292 1369 1316 ,
1402 1264 1577 1319 neque
1603 1249 1720 1303 cui-

107 1355 274 1409 quam
308 1339 555 1419 religioni
588 1339 789 1411 aliquid
817 1357 844 1394 a
873 1342 1048 1397 nobis.
1082 1343 1255 1412 Atque
1286 1340 1389 1396 hoc
1416 1341 1638 1411 insuper
1668 1341 1721 1394 in

108 1448 348 1504 persona
393 1433 815 1491 christianorum
864 1436 1209 1492 statuendum
1239 1450 1360 1491 esse
1385 1436 1719 1503 censuimus,

100 1526 258 1596 quod
284 1526 333 1582 si
361 1526 554 1582 eadem
580 1526 722 1593 ioca,
751 1526 821 1582 ad
848 1543 968 1598 quae
990 1537 1147 1583 antea
1180 1529 1471 1584 convenire
1496 1541 1723 1582 consue-

112 1631 327 1687 verant,
361 1619 430 1676 de
456 1620 654 1691 auibus
682 1619 846 1677 etiam
872 1620 1012 1675 datis
1039 1621 1105 1675 ad
1135 1620 1373 1676 ofﬁcium
1403 1629 1551 1675 tuum
1582 1621 1725 1673 litte-

113 1711 197 1771 ris
221 1722 370 1771 certe
398 1711 626 1768 antehac
650 1712 821 1767 forma
866 1712 1041 1767 fuerat
1090 1714 1478 1784 comprehensa
1498 1754 1511 1777 ,
1544 1713 1724 1782 priore

1823 521 1924 577 qua
1953 506 2204 576 superius
2224 549 2239 573 ,
2270 506 2813 578 comprehendimus,
2847 510 2979 563 citra
3014 508 3176 564 ullam
3203 523 3428 580 prorsus

1822 599 2221 670 ambiguitatem
2245 599 2332 655 vel
2363 603 2788 657 controversiam
2830 602 3035 659 hisdem
3078 603 3392 658 christianis
3413 643 3427 665 ,

1810 693 1874 749 ‘ld
1896 704 1978 749 est
2003 737 2017 762 ,
2049 695 2260 766 corpori
2304 703 2357 749 et
2385 696 2772 752 conventiculis
2805 713 2991 756 eorum
3021 697 3171 752 reddi
3192 696 3429 766 jubebis,

1821 788 2127 857 supradicta
2176 788 2378 843 scilicet
2424 790 2634 845 ratione
2678 800 2923 858 servata,
2981 798 3038 844 ut
3068 789 3101 842 ii
3126 790 3215 859 qui
3244 788 3431 844 eadem

1816 880 1940 936 sine
1965 881 2160 949 pretio,
2192 880 2334 934 sicut
2357 878 2613 946 diximus,
2636 882 2993 945 restituerint,
3019 880 3430 935 indemnitatem

1823 973 1892 1030 de
1922 984 2103 1029 nostra
2134 973 2508 1029 benevolentia
2556 986 2796 1043 sperent.
2838 975 2896 1029 ln
2941 976 3137 1045 quibus
3179 974 3434 1030 omnibus

1820 1069 2134 1138 supradicto
2207 1068 2420 1138 corpori
2490 1068 2909 1126 christianorum
2984 1070 3438 1127 intercessionem

1822 1169 1971 1218 tuam
1998 1161 2430 1219 efﬁcacissimam
2453 1161 2712 1219 exhibere
2744 1163 2965 1220 debebis
2988 1206 3002 1232 ,
3028 1174 3086 1218 ut
3112 1174 3439 1234 prmceptum

1824 1266 2069 1312 nostrum
2108 1257 2427 1326 quantocius
2475 1256 2840 1326 compleatur,
2890 1271 2998 1328 quo
3045 1256 3208 1310 etiam
3243 1259 3293 1309 in
3334 1254 3436 1310 hoc

1824 1365 1924 1421 per
1954 1349 2298 1405 clementiam
2350 1358 2590 1404 nostram
2642 1349 2811 1419 quieti
2840 1348 3068 1420 publica:
3099 1348 3436 1403 consulatur.

1824 1442 2099 1499 llactcnus
2128 1441 2239 1509 flet,
2266 1451 2324 1496 ut
2352 1440 2493 1496 sicut
2535 1442 2785 1512 superius
2836 1442 3272 1512 conprehensum
3322 1449 3441 1504 est,

1827 1534 2043 1592 divinus
2066 1535 2217 1607 juxta
2262 1550 2360 1590 nos
2390 1534 2558 1602 favor,
2590 1552 2751 1606 quem
2782 1537 2835 1591 in
2872 1536 3035 1589 tantis
3062 1549 3251 1589 sumus
3281 1533 3443 1589 rebus

1828 1629 2062 1698 experti,
2095 1643 2193 1699 per
2223 1641 2383 1681 omne
2407 1635 2622 1697 tempus
2648 1642 2910 1698 prospere
2940 1625 3284 1681 successibus
3314 1640 3445 1680 nos-

1827 1719 1925 1773 tris
1951 1732 2071 1773 cum
2110 1715 2443 1773 beatitudine
2499 1725 2679 1771 nostra
2736 1718 2943 1787 publica
2992 1724 3328 1786 perseveret.
3372 1713 3446 1771 Ut

114 1815 372 1875 ιωῳοινθ
404 1806 566 1876 aliqui
591 1805 674 1861 vel
701 1820 731 1859 a
760 1806 899 1862 ﬁsco
926 1815 1112 1863 nostro
1140 1848 1154 1873 ,
1202 1807 1286 1861 vel
1337 1807 1405 1860 ab
1433 1806 1540 1861 alio
1582 1820 1715 1877 quO-
1749 1806 1800 1869 B
1828 1820 2009 1868 autem
2036 1811 2199 1881 hujus
2225 1809 2517 1865 sanctionis
2533 1809 2923 1865 benevolentia:
2951 1822 3150 1865 nostra:
3176 1807 3349 1863 forma
3375 1808 3444 1863 ad

121 1914 362 1969 eumque
378 1897 625 1954 videntur
648 1914 770 1956 esse
798 1901 1043 1965 mercati,
1064 1900 1251 1956 eadem
1274 1899 1583 1956 christianis
1610 1901 1728 1956 sine

113 1994 377 2065 pecunia,
408 2004 463 2050 et
486 1994 603 2050 sine
626 1994 733 2050 ulla
761 1995 919 2065 pretii
952 1994 1233 2065 petitione,
1258 1995 1554 2066 postposita
1583 1993 1730 2050 omni

113 2084 472 2142 frustratione
526 2096 689 2158 atque
740 2086 1133 2160 ambiguitate,
1188 2089 1564 2143 restituantur.
1629 2085 1730 2154 Qui

114 2179 283 2235 etiam
305 2179 452 2236 dono
477 2179 698 2237 fuerunt
720 2181 1226 2247 cons'ecuti,eade
1247 2180 1501 2236 similiter
1521 2179 1733 2236 hisdem

122 2272 441 2331 ebristianis
508 2275 831 2345 quantocius
877 2274 1151 2331 reddant:
1201 2275 1363 2330 etiam
1407 2275 1493 2330 vel
1538 2272 1591 2328 hi
1638 2273 1730 2343 qui

118 2375 391 2433 emerunt,
413 2367 501 2423 vel
521 2368 612 2439 qui
633 2366 779 2423 dono
800 2366 1016 2424 fuerunt
1035 2368 1310 2425 consecuti
1329 2409 1345 2437 ,
1367 2368 1414 2424 si
1441 2365 1730 2439 petiverint

120 2460 193 2518 de
222 2470 406 2517 nostra
436 2462 809 2519 benevolentia
836 2462 1039 2533 aliquid
1058 2504 1077 2532 ,
1108 2461 1384 2520 Vicarium
1415 2462 1725 2533 postulent,

118 2567 231 2624 quo
252 2561 309 2610 et.
332 2553 468 2625 ipsis
487 2570 583 2625 per
612 2564 850 2611 nostrain
877 2555 1220 2612 clementiam
1243 2555 1575 2611 consulatur.
1595 2554 1729 2624 Quae

116 2645 304 2701 omnia
352 2648 569 2718 corpori
623 2648 1038 2704 christianorum
1068 2648 1312 2719 protinus
1339 2665 1438 2720 per
1464 2648 1727 2707 interces-

118 2740 337 2798 sionem
365 2749 531 2810 tuam,
559 2757 624 2798 ac
651 2741 769 2798 sine
795 2759 946 2799 mora
978 2744 1115 2801 tradi
1142 2743 1430 2816 oportebit.
1481 2745 1549 2801 Et
1592 2761 1727 2817 quo-

120 2836 274 2891 niam
325 2836 488 2892 iidem
539 2837 820 2893 christiani
870 2854 978 2895 non
1006 2853 1069 2895 ea
1099 2838 1214 2896 loca
1245 2847 1483 2905 tantum,
1518 2838 1588 2894 ad
1617 2853 1738 2908 quae

119 2928 425 2986 convenire
449 2939 874 2999 consueverunt,
904 2930 999 2987 sed
1020 2930 1124 2986 alia
1148 2931 1311 2987 etiam
1335 2930 1589 2986 habuisse
1616 2946 1743 2986 nos-

118 3030 343 3091 cuntur,
374 3022 442 3091 ad
476 3022 566 3093 jus
590 3024 832 3095 corporis
862 3038 1081 3091 eorum,
1107 3021 1158 3080 id
1186 3031 1300 3091 est,
1333 3021 1734 3092 Ecclesiarum,
1764 3010 1812 3075 Ο
1844 3016 1999 3091 petiit
2048 3033 2059 3068 :

1831 1902 2073 1958 omnium
2110 1900 2278 1972 possit
2305 1901 2589 1971 pervenire
2617 1900 2886 1968 notitiam,
2918 1901 3126 1971 perlata
3157 1915 3442 1972 program-

1832 2004 1978 2051 mate
2004 2001 2097 2048 tuo
2123 1991 2239 2049 haec
2261 1993 2463 2062 scripta
2487 2001 2541 2047 et
2568 1992 2768 2064 ubique
2792 2008 3097 2064 proponere
3116 2035 3130 2059 ,
3157 2002 3211 2047 ct
3233 1992 3302 2048 ad
3331 2009 3447 2048 om-

1834 2087 1983 2141 nium
2014 2085 2292 2141 scientiam
2319 2094 2370 2140 te
2393 2082 2635 2155 perferre
2658 2086 2966 2149 conveniet,
2999 2096 3056 2141 ut
3089 2084 3249 2152 hujus
3280 2085 3445 2141 bene—

1836 2179 2087 2236 volentiae
2116 2186 2314 2233 nostra:
2342 2178 2551 2233 sanctio
2572 2179 2741 2233 latere
2769 2193 2874 2234 non
2905 2180 3093 2249 possit.
3134 2199 3152 2231 ι

1914 2272 2013 2331 llis
2039 2271 2235 2327 litteris
2261 2271 2574 2343 prepositis,
2603 2272 2765 2327 etiam
2794 2272 2961 2328 verbo
2990 2273 3235 2330 hortatus
3258 2282 3364 2339 est,
3397 2286 3456 2328 ut

1834 2363 2214 2421 conventicula
2236 2364 2290 2419 in
2321 2372 2523 2419 statum
2552 2364 2835 2435 pristinum
2860 2365 3235 2423 redderentur.
3261 2366 3352 2424 Sic
3378 2367 3449 2422 ab

1834 2473 2025 2521 eversa
2057 2458 2299 2514 Ecclesia
2328 2473 2502 2528 usque
2528 2458 2595 2513 ad
2626 2458 2928 2515 restitutam
2959 2459 3177 2517 fuerunt
3204 2462 3333 2518 anni
3354 2459 3450 2517 dc-

1835 2568 1979 2623 eem,
2011 2568 2224 2612 menses
2254 2554 2373 2625 plus
2394 2554 2572 2611 minus
2601 2564 2852 2625 quatuor.

2550 2690 2737 2748 XLIX.

1912 2824 2172 2897 Sequenti
2216 2832 2396 2881 autem
2444 2824 2656 2881 Licinio
2696 2839 2819 2880 cum
2852 2824 3098 2880 exercitu
3128 2835 3442 2896 tyrannum,

1842 2920 2106 2994 profugus
2134 2922 2430 2989 concessit,
2464 2930 2519 2977 et
2545 2933 2733 2975 rursus
2760 2918 2921 2975 Tauri
2946 2920 3143 2976 montis
3164 2923 3444 2993 angustias

2106 3014 2458 3071 munimentis
2497 3013 2699 3071 ibidem
2745 3028 2809 3071 ac
2865 3014 3104 3073 turribus
3152 3013 3449 3085 fabricatis,

1474 3155 1842 3215 VARIORUM
1880 3150 2115 3212 ΝΟΤᾹΞ.

204 3273 537 3331 Planissime.
564 3274 624 3331 In
652 3289 758 3331 ms.
788 3275 1103 3342 plenissima.

208 3346 447 3402 Hisdem.
471 3346 529 3403 In
551 3363 653 3402 ms.
682 3347 863 3402 isdem.

206 3418 417 3489 Dicatio
442 3428 552 3474 tua.
581 3419 736 3489 Apud
764 3418 1077 3483 Eusebium,
1101 3418 1300 3474 devotio
1326 3427 1437 3472 tua.

207 3488 280 3563 Ut
297 3492 351 3563 in
370 3490 583 3563 colendo
610 3488 757 3563 quod,
776 3491 989 3563 quisque
1008 3491 1269 3563 delegerit.
1318 3490 1579 3563 Sic__lcgo
1613 3503 1738 3563 eum

120 3562 452 3618 doctissimo
480 3562 713 3628 Graevio,
748 3562 851 3617 levi
882 3561 1016 3617 facta
1050 3561 1368 3617 mutatione.
1418 3561 1518 3616 Ms.
1552 3561 1735 3627 habet,

124 3645 185 3689 ut
212 3635 271 3688 in
293 3634 509 3689 colenda
534 3633 671 3705 quod
695 3634 906 3705 quisque
921 3635 1171 3706 diligeret,
1201 3632 1383 3690 habent
1410 3633 1625 3687 liberum
1652 3639 1738 3704 fa-

120 3706 393 3763 cultatem.
425 3706 532 3763 aui.

220 3714 393 3771 tatem,
425 3706 532 3771 qui.

209 3722 640 3844 ῗιῒὲιήῗιῒηιω
684 3777 910 3835 detrahi.
957 3775 1016 3831 In
1059 3792 1168 3831 ms.
1191 3786 1274 3832 est
1296 3777 1409 3847 qui,
1441 3776 1599 3844 cuius
1626 3775 1742 3831 vice

122 3850 294 3923 posui
323 3848 464 3918 quia,
496 3859 551 3923 et
569 3849 675 3907 duo
705 3849 1015 3923 verbaque
1034 3849 1253 3916 desum,
1275 3864 1343 3904 ex
1364 3848 1599 3923 Eusebio
1613 3863 1741 3918 sup-

127 3919 285 3995 ωεξνὶ
309 3936 404 3992 per
428 3922 665 3995 nolumus
687 3919 925 3975 detrulu'.‘
1039 3992 1078 3995 μ
1186 3992 1231 3995 __
1317 3992 1331 3995 _
1405 3989 1418 3995 _
1480 3992 1490 3995 _
1552 3928 1553 3931 “

206 3991 281 4046 In
311 3989 561 4062 persona.
608 3991 909 4048 Heumann.
944 4008 1009 4049 ex
1039 3992 1273 4049 Eusebio
1316 3989 1446 4063 legit
1472 3992 1526 4046 in
1557 4006 1734 4061 perso-

128 4081 261 4121 nam
270 4106 281 4115 .

206 4133 435 4189 Eadem.
468 4133 687 4201 Eorum,
708 4133 863 4205 juxta
891 4134 1284 4191 Heuuaimum.

212 4205 298 4278 Art
314 4221 431 4274 qua:
457 4217 624 4261 antea.
651 4208 708 4278 in
737 4223 840 4265 ms.
862 4208 932 4262 ad
950 4223 1064 4278 qua:
1089 4224 1142 4278 ᾳ.
1166 4217 1335 4262 antea.

202 4277 613 4349 Conseruarum.
645 4277 850 4335 Tollius
872 4277 1022 4349 legit,
1043 4277 1432 4334 causarium.

210 4347 411 4419 Aliqui.
434 4348 511 4403 ita
543 4351 752 4405 restitui
782 4367 851 4406 ex
867 4347 971 4406 ms.
1003 4351 1161 4419 Apud
1206 4350 1499 4405 Eusebium
1541 4356 1661 4415 est,
1701 4349 1745 4401 si

124 4421 396 4496 qui_aut_a
416 4420 539 4488 fisco
560 4431 753 4496 nostra.
776 4421 978 4496 0m_nes
1006 4420 1140 4496 editi
1177 4420 1356 4496 ierunt
1388 4420 1606 4496 aliquid.

213 4490 597 4548 Restituautur.
628 4493 716 4549 Sic
739 4509 838 4549 ms.
866 4493 1036 4547 Prisci
1059 4493 1187 4547 editi
1220 4492 1418 4549 habent
1452 4490 1742 4547 restituant.

212 4563 474 4639 fuerunt.
502 4562 881 4639 Legefueriut,
906 4580 972 4639 es
994 4564 1187 4620 GM
1212 4565 1445 4621 Eusebii.

213 4634 375 4691 Dono
401 4639 628 4706 fueratet.
655 4634 732 4691 Ita
762 4651 864 4691 ms.
893 4636 1227 4692 donaverunt.

216 4707 283 4762 Si
311 4707 595 4777 petiuerint.
638 4707 715 4764 ita
743 4708 1025 4777 scripsisse
1053 4708 1386 4764 Lactantium
1416 4722 1482 4762 ex
1512 4708 1748 4762 Eusebio

135 4794 251 4853 pro
277 4788 432 4837 certo
456 4778 654 4846 habeo,
688 4796 793 4834 non
821 4782 1111 4853 potiuerint,
1152 4781 1294 4851 quod
1323 4792 1407 4834 est
1440 4782 1490 4833 in
1524 4794 1751 4853 manus-

135 4852 631 4925 criptoeorrupte,
653 4865 717 4905 ac
749 4852 951 4925 milium
982 4866 1199 4925 sensum
1224 4858 1473 4925 praestat.
1514 4852 1579 4925 Et
1624 4865 1749 4925 mox

135 4924 297 4981 idem
340 4921 604 4998 Eusebius
617 4961 645 4998 _,
685 4923 1001 4998 προσέλρωσι
1020 4931 1092 4996 τῷ
1115 4924 1199 4978 ἐπὶ
1220 4920 1386 4998 intra”
1407 4920 1656 4998 ᾚςπᾴρχῳ
1677 4920 1751 4976 δι-

138 4998 379 5067 κὰζογτι,
397 4993 585 5067 adeant
610 4992 839 5067 locoi'um
857 4992 1163 5067 Praefectum
1190 4996 1277 5067 qui
1292 4995 1385 5067 j_i_ts
1410 4992 1551 5046 dicit.
1573 4992 1754 5067 Itaque

140 5068 241 5123 hic
290 5062 576 5133 legendum
624 5062 862 5131 profecto
908 5062 1351 5136 VicariumperiV
1374 5062 1753 5135 majusculum.

138 5138 208 5195 In
232 5136 412 5209 editis
428 5144 510 5189 est
527 5138 832 5209 putaverint,
855 5146 1127 5209 corrupte.

238 5205 501 5261 Vicarium
528 5208 801 5275 postulent.
852 5207 907 5263 ld
943 5205 1063 5276 est,
1111 5208 1179 5262 ad
1225 5207 1483 5263 Vicorium
1525 5215 1758 5260 nostrum

142 5289 297 5346 eam,
323 5294 391 5334 ex
418 5276 608 5349 Graeco
636 5276 875 5333 Eusebii.
901 5280 1001 5333 Alii
1033 5289 1220 5347 putant
1240 5278 1523 5349 legendum
1554 5292 1693 5341 esse,
1715 5278 1760 5329 si

144 5350 428 5440 potiuerint
455 5348 724 5440 {ostra
738 5349 1096 5440 Διςςηεενβιεηιριι
1115 5348 1313 5440 aliquid
1329 5350 1759 5440 pictai-iunium?

148 5418 346 5488 tutent,
362 5437 465 5491 quo
488 5418 709 5491 et’ipsis.
728 5429 836 5476 etc.
878 5420 1157 5486 Vicarium,
1179 5418 1231 5475 id
1261 5431 1366 5488 est,
1388 5436 1499 5474 rem
1520 5418 1760 5491 ejusdem

146 5486 447 5567 pretiiL_'-j-
484 5486 759 5567 Vicurium'
776 5494 1046 5567 postulent.
1080 5493 1308 5567 ibiazius
1352 5486 1514 5562 amne
1554 5486 1764 5567 Toliius

148 5561 357 5635 aliquid
383 5561 785 5629 vicarium,rem
805 5564 1053 5619 vicariam
1078 5565 1403 5631 intelligunt,
1432 5561 1525 5629 pro
1549 5561 1767 5635 restiiu-

150 5631 343 5702 tione;
373 5643 430 5690 et
452 5637 555 5705 iSte
583 5634 745 5705 etiam
767 5636 1065 5705 optaverint,
1097 5650 1194 5705 pro
1221 5635 1531 5705 putauerint.
1574 5631 1645 5685 At
1665 5633 1769 5687 Cu-

149 5722 324 5779 perus
353 5714 409 5762 et
435 5704 684 5779 Baluaius
701 5704 969 5779 Vicarium
1002 5704 1290 5779 provinciae
1311 5706 1763 5779 interpretantur,

150 5775 350 5848 itotum
368 5793 437 5848 es
467 5777 677 5846 imperii
703 5775 889 5834 notitia
919 5777 1303 5848 magistratum.
1330 5776 1481 5833 Cum.
1500 5814 1513 5826 .

234 5847 377 5919 Quo.
405 5847 468 5907 In
491 5862 624 5917 ms.,
653 5864 745 5904 co.

1919 3270 2154 3341 Corpori.
2172 3268 2244 3341 71d
2265 3276 2368 3341 est.
2397 3268 2646 3324 societati.

1922 3339 2111 3398 Iidem.
2139 3340 2260 3407 Ms.,
2292 3339 2446 3394 idem.

1922 3413 2043 3468 Non
2072 3429 2132 3467 ea
2158 3410 2289 3465 loca.
2323 3410 2446 3478 Ms.,
2482 3409 2605 3466 Non
2634 3413 2687 3467 in
2717 3430 2776 3467 ea
2798 3415 2929 3469 loca.

1918 3485 2317 3559 Consueveruut.
2343 3482 2439 3539 Ms.
2461 3526 2476 3551 ,
2506 3496 2810 3540 certauerunt
2826 3505 2847 3554 ;
2884 3486 3021 3542 sicut
3048 3488 3105 3542 n°
3134 3490 3187 3559 7,
3237 3506 3450 3546 consue-

1846 3568 1984 3611 rant.
2013 3556 2297 3611 Hl-IUIANN.

1924 3629 2039 3696 Qua
2062 3626 2337 3701 superius,
2378 3628 2871 3701 comprehendimus.
2908 3629 3000 3686 Vel
3023 3631 3171 3701 juxta
3202 3633 3449 3690 Grmcunt

1851 3699 2091 3782 Eusebii,
2120 3700 2252 3782 sicut
2282 3700 2516 3782 superius
2536 3702 2955 3772 comprehensum
2986 3699 3080 3759 est.
3111 3703 3391 3762 Haemum.

1924 3770 2159 3826 Hisdem.
2188 3769 2312 3835 M5,,
2335 3769 2489 3825 idem.

1918 3841 2269 3898 Restituerint.
2294 3842 2417 3908 Ms.,
2454 3843 2740 3898 restituant.

1918 3914 1988 3968 In
2016 3916 2261 3969 tantis....
2303 3914 2471 3969 rebus.
2504 3914 2559 3969 Id
2586 3926 2687 3983 est,
2712 3915 2764 3970 in
2799 3923 2904 3970 tam
2928 3916 3129 3972 multis.
3166 3917 3361 3974 Euseb.
3400 3922 3447 3973 ἐν

1845 3987 2068 4049 πολλοῖς.
2091 3987 2226 4041 BDN.

1927 4057 2154 4113 Perlata.
2179 4057 2237 4112 In
2268 4056 2391 4125 Ms,
2424 4053 2624 4124 P'lata,
2652 4058 2795 4129 quod
2826 4067 2905 4113 est
2937 4060 3154 4129 perlaIa,
3189 4076 3292 4115 non
3325 4078 3444 4129 pro-

1853 4131 1978 4197 latu,
2012 4132 2139 4203 utin
2161 4129 2350 4203 editis;
2385 4144 2477 4196 pro
2496 4129 2640 4183 enim
2667 4128 2719 4203 in
2751 4129 2851 4183 hoc
2873 4128 2975 4183 ms.
3006 4128 3333 4203 exprimitur
3354 4148 3449 4203 per

1851 4220 1906 4272 ρ,
1938 4217 2060 4257 cum
2086 4202 2284 4256 lineola
2310 4208 2617 4255 transversa
2648 4200 2715 4255 ad
2749 4210 2955 4270 partem
3007 4202 3316 4259 inferiorem
3354 4200 3465 4260 'lit-t

1853 4283 1986 4329 terat
1995 4314 2006 4325 .

1906 4344 2101 4417 ~Ad..,.
2121 4342 2381 4398 scientiam
2402 4340 2647 4417 perferre.
2667 4339 2834 4417 Plin.,_
2863 4341 2954 4417 lib.
2983 4359 3040 4409 χ,
3066 4359 3151 4417 ep.
3186 4345 3251 4402 15
3282 4362 3296 4402 :
3330 4344 3452 4402 ch

1852 4416 1908 4470 in
1933 4415 2163 4470 notitiam
2196 4425 2337 4487 tua_m
2370 4412 2593 4487 perferre
2622 4428 2722 4466 non
2752 4414 3055 4487 existimavi.
3097 4412 3413 4485 'Cyprianus
3434 4463 3448 4487 ,

1854 4487 1950 4543 lib.
1977 4502 2015 4549 ι,
2044 4500 2130 4555 cp.
2156 4487 2192 4539 ³5
2220 4503 2233 4538 :
2267 4483 2332 4537 In
2356 4482 2588 4536 notitiam
2617 4493 2758 4555 tuum
2784 4486 3106 4555 perferenda.
3137 4482 3271 4544 BuN.

1774 4529 1830 4591 Β
1854 4529 2190 4613 "nigrant:
2206 4529 2581 4610 est-."Licinius.
2606 4553 2698 4610 Est
2725 4529 2888 4613 ue’e's't'
2899 4529 3089 4615 ita;

1927 4629 2015 4686 1η.
2048 4630 2205 4684 Deest
2233 4628 2285 4682 in
2311 4641 2413 4682 ms.

1927 4702 2063 4758 Anni
2090 4700 2283 4767 decem,
2308 4710 2411 4754 etc.
2436 4697 2492 4752 Id
2513 4706 2618 4764 est,
2640 4712 2671 4751 a
2700 4697 2978 4767 Kalendis,
3009 4714 3103 4757 seu
3130 4701 3217 4758 die
3241 4718 3256 4757 ι
3278 4703 3449 4757 Martii

1854 4778 1980 4831 anni
2012 4773 2139 4839 505,
2166 4770 2233 4827 ad
2260 4770 2401 4827 diem
2428 4770 2496 4824 15
2523 4770 2726 4824 mensis
2742 4769 3031 4845 iunii3l3.
3073 4774 3208 4829 Sunt
3229 4775 3454 4845 proinde

1859 4848 1984 4901 anui
2016 4844 2228 4912 decem,
2261 4856 2477 4899 menses
2502 4851 2616 4896 tres
2642 4851 2693 4896 et
2725 4842 2840 4897 dies
2869 4843 3150 4899 tredecim.

1934 4917 2197 4987 Sequenti,
2231 4926 2345 4987 etc.
2464 4914 2921 4987 perrumpentibus.
2990 4918 3234 4982 Quatuor
3262 4914 3451 4987 basii-

1862 5003 1993 5043 neas
2021 4983 2098 5041 sic
2146 4987 2270 5055 legit
2304 4985 2651 5055 lleumannus
2688 5002 2700 5036 :
2752 4985 3008 5055 Sequente
3049 4996 3219 5041 autem
3259 4983 3456 5039 Licinio

1863 5076 1978 5114 cum
2004 5053 2227 5127 exercitii
2254 5097 2268 5119 ,
2305 5055 2579 5127 Tyrannus
2606 5053 2927 5112 Maximinus
2957 5057 3203 5127 profugus
3230 5057 3455 5119 recessit,

1863 5140 1910 5186 et
1939 5146 2117 5185 rursus
2163 5120 2323 5198 Tauri
2349 5120 2556 5179 ⁷ηιοηιὶε
2606 5128 2870 5196 angustius
2915 5120 3078 5198 petiit,
3110 5120 3457 5180 'munimentis

1860 5202 2050 5257 ibidem
2073 5216 2133 5254 ac
2160 5197 2382 5252 turribus
2415 5197 2676 5265 fabricatis
2705 5199 2801 5251 iter
2829 5197 3085 5253 obstruere
3122 5209 3333 5253 conatus
3363 5211 3458 5251 est.

1869 5274 1975 5329 Sed
1995 5272 2217 5341 undique
2239 5285 2437 5324 versum
2472 5268 2919 5341 perrumpentibus
2964 5270 3135 5321 omnia
3174 5268 3459 5341 uictoribus,

1868 5354 1972 5400 etc.
2024 5339 2189 5414 Igitur
2224 5356 2291 5414 ex
2334 5339 2611 5394 vocabulis
2662 5339 3127 5414 indedextrorsum
3171 5339 3293 5391 facit
3326 5339 3463 5414 [leu-

1867 5408 2098 5471 mannus
2126 5413 2596 5483 undiquegversum.
2645 5424 2747 5536 ﬂua
2779 5409 3046 5485 locutione
3071 5423 3196 5463 usus
3225 5418 3308 5463 est
3330 5408 3464 5465 Lac-

1870 5487 2074 5536 tantius
2104 5500 2288 5536 supra.
2319 5497 2467 5536 num.
2497 5482 2587 5536 54.
2613 5495 2640 5532 a
2712 5482 2894 5535 finem.

1870 5487 2074 5541 latitius
2104 5482 2288 5554 supra,
2319 5482 2467 5554 num.
2497 5482 2587 5546 54,
2613 5482 2681 5536 ad
2712 5482 2894 5535 linem.

1943 5557 1988 5612 Τ
1993 5553 2266 5628 yrannum.
2289 5553 2680 5628 Maximinum.

1949 5620 2226 5683 Concessit.
2288 5626 2344 5681 ld
2370 5632 2473 5689 est,
2505 5624 2625 5677 loco
2660 5620 2856 5686 cessit,
2900 5620 2984 5676 vel
3009 5620 3258 5677 abeundo
3293 5621 3468 5677 locum

1877 5701 1953 5757 illi
1981 5700 2147 5755 dedit.
2183 5768 2206 5771 _
2507 5762 2554 5771 __
2733 5760 2761 5771 Α

1951 5770 2127 5843 Petitt.
2183 5768 2259 5843 Ita
2287 5775 2453 5843 recte.
2506 5762 2630 5829 Ms.,
2662 5762 2803 5832 petit,
2835 5762 3003 5843 male.

1953 5839 2303 5899 ﬂammantis.
2360 5836 2421 5897 In
2447 5849 2576 5905 mm,
2600 5836 2961 5890 monumentis.
