3950 6368
62 361 195 423 ²73
1255 367 1459 427 LIBER
1499 367 1588 426 DE
1625 369 1719 428 ΜΟ

1879 372 2259 434 PERSECUT.
3311 389 3418 446 gn

65 495 210 550 gam
245 479 500 553 quidem,
553 497 682 540 cum
712 484 813 542 sibi
843 482 1042 540 videret
1067 499 1187 540 esse
1213 485 1568 555 pereundum,
1599 485 1714 541 fue-
1739 487 1792 547 Α
1820 500 2004 556 poenas
2026 487 2194 544 dedit.
2230 491 2409 548 Doctae
2431 494 2593 563 igitur
2613 498 2867 555 mulieres
2888 513 3010 556 cum
3036 502 3238 574 ingenti
3259 519 3419 575 spec-

67 583 169 675 rat
203 589 389 628 ausus
429 577 724 675 occidere;
766 580 888 675 item
931 576 1526 675 (iandidianummucm
1559 577 1719 633 Vale-
1820 579 1997 634 tacqu
2023 588 2077 634 et
2103 581 2452 640 miseratione
2480 588 2612 641 tanti
2655 591 2913 661 casusTad
2960 595 3308 665 supplicium,
3337 609 3416 663 et,

73 666 168 720 ria
203 680 281 720 ex
314 668 628 762 concubina
659 669 893 740 genitum
922 669 990 723 ob
1031 670 1374 725 sterilitatem
1423 669 1717 740 adoptave-
1819 674 2109 742 amputatis
2135 675 2432 744 capitibus,
2465 693 2693 750 corpora
2723 655 2908 740 earum
2949 687 3002 742 in
3031 655 3184 746 mare
3209 655 3423 762 ahjecta

78 768 216 825 rat,
271 761 461 814 necari
503 761 688 830 jussit.
757 761 942 817 Mulier
983 772 1194 828 tamen,
1251 771 1308 816 ut
1355 777 1477 818 eum
1521 763 1720 818 vixisse
1819 773 1964 820 sunt.
1997 765 2069 822 Ita
2095 766 2199 822 illis
2227 770 2479 838 pudicitia
2507 782 2564 828 et
2596 776 2834 832 conditio
2860 780 3026 837 exitio
3057 781 3174 838 fuit,

83 854 392 922 cognovit,
443 863 654 908 mutato
683 854 890 919 habitu,
936 854 1213 910 comitatui
1246 853 1363 925 ejus
1389 869 1450 911 se
1480 855 1718 921 miscuit,

86 958 155 1000 ut
181 947 468 1001 fortunam
501 947 820 1003 Candidiani
841 948 1247 1019 specularetur;
1277 948 1369 1018 qui
1399 948 1525 1018 quia
1557 946 1719 1003 Nico-

88 1039 310 1095 media:
343 1055 404 1094 se
426 1039 722 1114 obtulerat,
765 1040 902 1096 etin
948 1041 1156 1095 honore
1195 1039 1384 1095 haberi
1417 1039 1718 1108 videbatur,

87 1135 242 1190 nihil
291 1135 402 1190 tale
444 1143 733 1199 metuens,
776 1135 987 1190 occisus
1033 1143 1135 1189 est.
1183 1133 1256 1188 Et
1281 1133 1396 1197 illa,
1427 1133 1578 1188 exitu
1605 1133 1722 1203 ejus

87 1230 321 1291 audito.
367 1230 616 1301 protinus
660 1228 813 1300 fugit.
886 1229 1029 1285 Idem
1058 1228 1244 1286 Severi
1277 1227 1444 1284 lilium
1466 1227 1721 1283 Severia-

91 1339 263 1389 num,
286 1322 404 1394 jam
428 1333 589 1378 actate
611 1321 912 1388 robustum,
945 1322 1034 1392 qui
1058 1320 1350 1394 fugientem
1371 1319 1721 1376 Maximinum

92 1415 290 1470 fuerat
337 1430 404 1469 ex
443 1413 558 1470 acie
585 1425 880 1484 sequutus,
925 1421 1192 1483 tamquam
1233 1421 1355 1481 post
1376 1411 1582 1466 obitum
1604 1411 1722 1480 ejus

94 1507 174 1564 de
219 1506 491 1563 sumenda
533 1522 770 1578 purpura
814 1506 1127 1577 cogitasset,
1179 1505 1397 1574 capitali
1437 1503 1723 1559 sententia:

95 1601 421 1672 subjectum
457 1599 749 1656 interemit.
809 1599 910 1668 Qui
953 1613 1143 1653 omnes
1178 1597 1439 1652 Licinium
1467 1597 1576 1666 jam
1609 1597 1722 1668 pri-

103 1694 270 1757 dem,
315 1693 469 1763 quasi
510 1693 712 1749 malum
744 1701 1070 1756 metuentes,
1111 1707 1232 1747 cum
1272 1690 1563 1746 Maximino
1602 1705 1725 1746 esse

116 1789 456 1851 maluerant,
501 1797 692 1857 przeter
730 1787 1024 1853 Valeriam,
1077 1802 1198 1857 qua:
1219 1787 1406 1841 volens
1432 1785 1640 1840 Licinio
1668 1785 1722 1839 in

2565 866 2676 922 LII.

1892 949 2022 1019 Quae
2047 953 2222 1008 omnia
2246 955 2546 1011 secundum
2577 958 2736 1014 fidem
2767 959 2981 1035 (scienti
3009 966 3152 1022 enim
3176 968 3420 1042 loquor),

1821 1045 1894 1101 ita
1924 1054 1982 1101 ut
2002 1055 2154 1117 gesta
2193 1059 2319 1104 sunt
2359 1050 2660 1106 mandanda
2719 1052 2914 1110 litteris
2939 1058 3181 1125 credidi;
3232 1076 3302 1116 ne
3327 1071 3424 1117 aut

1821 1139 2084 1195 memoria
2117 1149 2385 1196 tantarum
2414 1158 2594 1198 rerum
2620 1145 2884 1212 interiret,
2903 1157 3016 1212 aut,
3041 1149 3087 1204 si
3114 1151 3233 1220 quis
3255 1153 3430 1208 histo-

1823 1230 1960 1285 riam
2000 1231 2241 1288 scribere
2270 1233 2550 1300 voluisset,
2575 1248 2952 1307 corrumperet
2998 1241 3305 1308 veritatem,
3340 1245 3429 1299 vel

1825 1330 2042 1392 peccata
2073 1322 2290 1380 illorum
2338 1325 2599 1382 adversus
2655 1328 2844 1395 Deum,
2878 1331 2964 1386 vel
3007 1331 3270 1402 judicium
3327 1335 3422 1391 Dei

1824 1413 2084 1471 adversus
2114 1417 2236 1472 illos
2271 1417 2566 1474 reticendo.
2608 1420 2775 1490 Cujus
2819 1432 3040 1477 aeterna:
3094 1424 3276 1492 pietati
3304 1441 3427 1495 gra-

1827 1511 1928 1566 tias
1951 1526 2114 1582 agere
2147 1512 2430 1596 debemus,
2485 1515 2574 1584 qui
2607 1515 2824 1571 tandem
2855 1518 3094 1588 respexit
3119 1519 3169 1572 in
3203 1526 3426 1584 terram,

1827 1604 1971 1675 quod
1999 1620 2216 1674 gregem
2249 1620 2404 1660 suum
2437 1607 2629 1676 partim
2663 1616 2932 1664 vastatum
2969 1624 3000 1664 a
3028 1610 3169 1680 lupis
3216 1613 3426 1681 rapaci-

1828 1698 1949 1764 bus,
1985 1697 2176 1767 partim
2207 1713 2337 1752 vero
2365 1698 2692 1768 dispersum,
2727 1702 2952 1757 reﬁcere
3001 1715 3066 1756 ac
3107 1703 3428 1772 recolligere

1829 1789 2082 1860 dignatus
2109 1799 2216 1857 est,
2240 1800 2294 1847 et
2321 1791 2524 1847 bestias
2551 1795 2720 1848 malas
2748 1795 3041 1865 extirpare,
3085 1811 3205 1865 quae
3255 1796 3428 1851 divini

109 1897 318 1937 omnes
349 1881 646 1935 Maximiani
679 1880 1020 1936 haereditates
1057 1881 1179 1950 jure
1209 1895 1308 1935 suo
1333 1879 1548 1945 cedere,
1582 1879 1722 1933 idem
1753 1880 1802 1941 B
1827 1885 2007 1955 gregis
2027 1899 2223 1955 pascua
2253 1884 2632 1955 protriverant,
2657 1886 2853 1941 cubilia
2877 1887 3295 1957 dissipaverant.
3323 1889 3429 1944 Ubi

107 1977 417 2031 Maximino
438 1986 744 2048 negaverat.
792 1977 964 2046 Ipsius
992 1992 1205 2048 quoque
1227 1977 1497 2031 Maximini
1528 1975 1719 2045 filium,

106 2083 227 2127 tum
265 2072 583 2139 maximum,
606 2081 856 2143 agentem
889 2071 939 2125 in
963 2072 1119 2126 annis
1139 2080 1282 2136 octo,
1327 2080 1380 2126 et
1404 2070 1563 2124 filiam
1591 2085 1718 2139 sep-

102 2177 357 2232 tenncm,
397 2182 518 2238 qua:
537 2165 808 2236 desponsa
848 2165 1022 2222 fuerat
1062 2163 1420 2229 Candidiano,
1464 2163 1716 2219 extinxit.

105 2263 220 2320 Sed
257 2265 408 2333 prius
431 2271 604 2319 mater
631 2277 819 2319 eorum
851 2262 903 2317 in
931 2261 1207 2316 Orientem
1253 2259 1582 2330 praecipitata
1611 2265 1715 2312 est.

108 2357 189 2410 Ibi
241 2371 390 2426 smpe
436 2355 528 2412 illa
569 2363 746 2410 castas
787 2353 1035 2410 fmminas
1082 2353 1249 2422 mergi
1290 2352 1549 2420 jusserat.
1623 2349 1753 2404 Sic'

106 2465 304 2504 omnes
338 2449 487 2519 impii
516 2463 644 2504 vero
696 2456 752 2504 et
785 2448 931 2519 justo
965 2444 1172 2517 judicio
1219 2443 1310 2500 Dei
1358 2442 1549 2499 eadem
1595 2457 1718 2513 quas

104 2540 359 2597 fecerant
380 2547 724 2609 receperunt.

873 2631 959 2687 LI.

181 2725 402 2782 Valeria
433 2741 647 2797 quoque
683 2741 780 2796 per
829 2727 1006 2781 varias
1061 2724 1364 2794 provincias
1409 2723 1715 2795 quindecim

107 2819 399 2876 mensibus
430 2821 644 2890 plebeio
693 2819 840 2875 cultu
871 2827 1185 2891 pervagata,
1249 2827 1522 2888 postremo
1575 2818 1717 2887 apud

107 2916 556 2974 Thessalonicam
614 2917 849 2989 cognita,
907 2916 1297 2996 comprehensa
1363 2931 1486 2972 cum
1541 2926 1715 2973 matre

1824 1988 1950 2033 sunt
1996 1978 2158 2034 modo
2187 1979 2490 2050 magnifica.
2515 1980 2602 2034 illa
2630 1989 2687 2035 et
2711 1981 2853 2035 clara
2901 1996 2996 2051 per
3021 1991 3208 2051 gentes
3242 1981 3429 2036 Jovio-

1823 2087 1940 2126 rum
1969 2081 2020 2126 et
2043 2070 2417 2125 Herculiorum
2454 2072 2798 2141 cognomina,
2827 2087 2948 2143 qua:
2980 2073 3212 2142 primum
3238 2088 3268 2127 a
3302 2073 3431 2128 Dio-

1822 2161 1963 2217 ciete
1988 2176 2051 2216 ac
2082 2161 2407 2218 Maximiano
2439 2163 2736 2219 insolenter
2763 2177 3059 2234 assumpta,
3090 2181 3154 2220 ac
3184 2173 3428 2235 postmo-

1822 2252 1950 2308 dum
2007 2253 2072 2308 ad
2123 2268 2467 2310 successores
2507 2270 2695 2311 eorum
2751 2257 3052 2323 translata,
3115 2257 3428 2314 viluerunt?

1821 2346 2027 2418 Nempe
2047 2347 2330 2404 delevitea
2363 2349 2620 2404 Dominus
2642 2392 2656 2416 ,
2687 2359 2742 2405 et
2769 2353 2933 2406 erasit
2963 2352 3030 2407 de
3063 2362 3228 2408 terra.

1895 2442 2246 2499 Celebremus
2268 2445 2428 2516 igitur
2450 2444 2779 2515 triumphum
2814 2445 2908 2501 Dei
2927 2461 3047 2500 eum
3064 2447 3422 2512 exultatione,

1823 2537 2104 2592 victoriam
2135 2537 2345 2591 Domini
2371 2553 2496 2592 cum
2526 2537 2772 2592 laudibus
2801 2538 3209 2609 frequentemus
3228 2581 3242 2606 ,
3276 2538 3427 2594 diur-

1823 2633 1908 2688 nis
1946 2631 2352 2702 nocturnisque
2379 2629 2630 2700 precibus
2655 2631 3030 2698 celebremus;
3059 2631 3425 2692 celebremus,

1824 2738 1884 2784 ut
1928 2742 2115 2800 pacem
2171 2735 2290 2796 post
2321 2741 2494 2780 annos
2534 2723 2723 2780 decem
2758 2725 2900 2795 plebi
2939 2739 3051 2780 suae
3081 2724 3261 2779 datam
3291 2739 3425 2778 con-

1822 2823 2004 2879 firmet
2025 2822 2076 2877 in
2105 2819 2384 2875 saeculum.
2416 2817 2496 2873 Tu
2527 2819 2815 2888 prazcipue,
2847 2817 3053 2872 Donate
3081 2817 3419 2883 charissime,

1817 2917 1908 2988 qui
1949 2932 1978 2971 a
2023 2917 2135 2971 Deo
2158 2914 2386 2970 mereris
2416 2913 2612 2978 audiri,
2667 2909 2950 2966 Dominum
2992 2909 3326 2980 deprecare,
3361 2921 3424 2965 ut

1431 3011 1792 3091 vantoauu
1829 3033 2064 3091 nom.

187 3133 318 3190 Item
340 3131 736 3190 Candidianum.
763 3129 888 3198 Ms.,
918 3131 1054 3186 idem
1075 3127 1473 3184 Candidianum.

191 3207 383 3260 Mulier
408 3216 605 3265 tamen.
632 3215 687 3258 ut
717 3220 834 3258 eum
853 3197 1038 3257 uixisse
1065 3201 1314 3270 cognovit.
1349 3199 1426 3254 Ita
1458 3213 1558 3253 ms.
1580 3197 1716 3270 Vide

113 3277 438 3404 folumhum
477 3285 534 3332 et
571 3275 796 3331 Paulum
848 3274 1087 3330 Bauldri.
1122 3268 1332 3338 Mulier,
1367 3270 1416 3326 id
1462 3278 1566 3336 est,
1613 3268 1715 3324 Va-

139 3367 269 3404 erm.

139 3367 269 3405 (για.

191 3423 294 3486 Qui
313 3423 454 3493 quia.
480 3422 539 3478 In
566 3436 666 3477 ms.
691 3421 842 3478 deest
863 3419 968 3491 qui.

192 3493 372 3549 Exitu.
403 3494 457 3550 Id
484 3503 587 3555 est,
619 3504 814 3549 morte.

191 3567 388 3622 Prwter
420 3566 695 3620 Valeriam.
721 3566 846 3630 Ms.,
879 3579 987 3633 pra:
1025 3561 1250 3633 Valeria.

205 3637 409 3693 Valens.
457 3638 689 3692 Doctiss.
720 3631 966 3703 Cuperus
1016 3631 1303 3704 legendum
1326 3643 1477 3704 gesse
1527 3635 1717 3684 censet

118 3713 319 3766 nolens.
346 3709 469 3775 Ms.,
496 3709 700 3764 volenti.
731 3702 1034 3775 —Cupero
1059 3702 1284 3759 assentit
1324 3702 1628 3775 Buneman.
1643 3710 1716 3775 Aet

121 3782 407 3842 lectionem
427 3771 740 3850 sequentem
767 3771 1144 3844 exhibetﬂme
1166 3775 1342 3828 nolens
1365 3772 1587 3850 licinio.
1614 3771 1710 3828 Ms.

118 3871 235 3922 qua:
255 3854 441 3908 volenti
471 3845 690 3907 Licinio.
719 3851 834 3906 Non
875 3849 1034 3916 male,
1064 3859 1126 3922 _u_t
1155 3855 1343 3922 censet
1386 3845 1633 3922 Nurrius,
1658 3859 1714 3922 p.

119 3915 251 3992 972,
284 3925 424 3981 hunc
465 3939 684 3979 sensum
729 3923 952 3977 eliciens
1001 3915 1026 3975 :7
1061 3919 1323 3992 Licinium
1371 3915 1611 3992 voluisse
1661 3917 1715 3969 in

121 3987 313 4054 omnes
352 3994 606 4052 invadere
652 3995 852 4050 Galerii
905 3991 1269 4053 Inereditates,
1317 3995 1480 4058 atque
1511 3987 1716 4041 idcirco

123 4069 394 4125 Valeriam
418 4066 703 4125 confestim
730 4066 798 4120 ab
826 4080 891 4120 eo
923 4061 1148 4129 fugisse,
1173 4068 1232 4113 ut
1251 4058 1316 4114 ad
1343 4059 1715 4122 Maximinum,

123 4142 228 4214 qui
243 4155 463 4196 uxorem
487 4138 739 4214 habebat,
766 4151 886 4214 sese
907 4136 1076 4189 tutius
1092 4132 1380 4200 reciperet.
1431 4131 1715 4186 BDNEIAN.

199 4211 266 4266 In
295 4229 487 4266 omnes.
509 4211 633 4274 Ms.,
656 4211 710 4264 in
735 4209 928 4262 omnia.

201 4284 474 4338 Maximini
501 4284 690 4351 ﬁlium,
717 4291 824 4335 tum
847 4277 1156 4332 Maximum.
1182 4274 1287 4329 Pro
1307 4282 1416 4328 tum
1461 4281 1544 4328 est
1565 4286 1718 4325 suum

127 4359 182 4412 in
213 4371 312 4410 ms.
346 4354 650 4409 Maximum.
685 4351 834 4407 Adde
855 4359 1000 4403 natu.

205 4427 370 4482 Mater
388 4442 583 4481 eorum.
617 4424 764 4481 Uxor
791 4420 1088 4487 Maximini,
1119 4416 1276 4487 cujus
1322 4429 1520 4471 nomen
1568 4413 1719 4482 ign0«

129 4510 244 4555 tum
261 4508 360 4554 CSI.

1746 3129 1792 3192 C
1825 3129 2037 3184 interim
2069 3170 2084 3193 ,
2133 3126 2476 3181 conditionem
2529 3135 2706 3193 quam?
2746 3120 2833 3174 hic
2884 3126 3068 3172 noster
3099 3130 3380 3193 memorat
3406 3162 3421 3182 .

1823 3189 2103 3268 aequaliter
2132 3197 2346 3261 quidem
2380 3189 2784 3268 matri—etliliae,
2825 3206 2942 3254 seu,
2969 3190 3121 3268 quod
3141 3189 3283 3244 idem
3313 3201 3417 3268 est,

1821 3259 2020 3326 Prisca:
2065 3279 2121 3325 et
2153 3259 2377 3323 Valeriae
2399 3264 2693 3319 convenire
2723 3281 2738 3318 ε
2771 3277 2956 3316 verum
2999 3259 3178 3315 addita
3217 3262 3422 3329 pudici-

1817 3344 1903 3398 tiae
1925 3343 2126 3398 mentio
2149 3339 2458 3412 specialiter
2483 3336 2714 3406 pertinet
2733 3335 2821 3412 _ad_
2840 3332 3134 3412 Valeriam.
3158 3332 3414 3412 Baetem.

1816 3445 1887 3456 —
1945 3413 2108 3468 Miror
2160 3402 2497 3466 Lactantium
2553 3422 2658 3462 non
2714 3405 2918 3460 dixisse
2982 3403 3143 3472 fuisse
3199 3402 3419 3456 Valeria:

1816 3486 1972 3540 exitio
2001 3485 2274 3552 sacriﬁcia,
2303 3483 2486 3548 quibus
2517 3487 2724 3551 cogente
2771 3475 3092 3529 Diocletiano
3133 3484 3274 3552 patre
3287 3491 3418 3552 _suo

1818 3559 2016 3628 polluta
2047 3545 2232 3628 fuerat,
2261 3545 2597 3608 'Christiana'
2633 3564 2755 3604 cum
2803 3554 2965 3612 esset,
3009 3559 3132 3617 cap.
3169 3546 3254 3600 15.
3287 3545 3414 3600 Tut-

1815 3645 1978 3686 NARD.

1890 3699 2094 3766 Fidem,
2119 3699 2295 3753 scienti
2323 3696 2460 3751 enim
2488 3695 2691 3766 loquor,
2734 3695 2850 3766 ita,_
2872 3698 2978 3744 etc.
3008 3687 3303 3766 Ms._h_a_b_et
3331 3705 3414 3742 se-

1817 3774 2044 3828 cundant
2084 3759 2245 3841 'ﬁnem
2267 3767 2446 3841 scienti
2471 3759 2604 3841 enim
2633 3762 2940 3841 loquor-ita,
2973 3770 3078 3841 etc.
3112 3759 3254 3813 Editi
3289 3774 3418 3841 vero

1818 3845 2017 3901 habent
2046 3830 2323 3897 secundum
2345 3839 2497 3906 fidem
2516 3830 2789 3906 scientiam;
2805 3834 3007 3901 loquor,
3028 3831 3123 3906 ita,
3141 3839 3274 3906 _etc.,
3320 3830 3418 3906 sed

1819 3918 1980 3972 male.
2008 3915 2092 3970 Nil
2118 3901 2430 3969 mutandum
2461 3920 2608 3978 puto,
2635 3908 2735 3961 nisi
2759 3905 2938 3978 ﬁnem,
2964 3901 3118 3978 cujus
3139 3903 3258 3955 loco
3282 3901 3420 3966 seri-

1819 3988 1996 4043 bimus
2027 3986 2197 4054 fidem.
2226 3983 2418 4039 Scienti
2441 3973 2575 4035 enim
2604 3978 2805 4054 loquor,
2851 3973 2986 4054 duas
3036 3974 3177 4054 inter
3217 3985 3416 4054 paren-

1821 4047 2148 4116 tltesesJI-Iic
2173 4064 2352 4111 autem
2399 4047 2980 4117 Donatumalluquitur
3010 4053 3197 4098 auctor
3229 4050 3419 4096 noster

1820 4133 1922 4187 sub
1963 4131 2125 4185 finem
2155 4128 2298 4192 libri,
2333 4125 2466 4179 sicut
2495 4123 2649 4178 initio
2676 4116 2836 4195 fecit;
2865 4127 2918 4172 et
2940 4116 3009 4170 ita
3041 4121 3189 4195 recte
3221 4129 3417 4195 proce-

1820 4184 1915 4258 dit
1929 4184 2121 4257 oratio.
2157 4184 2393 4254 Donatus
2420 4196 2563 4251 enim
2593 4207 2716 4262 pars
2741 4191 2856 4259 ipse
2885 4185 3276 4267 persecutionis
3300 4184 3415 4240 fue-

1822 4283 1927 4340 rat,
1958 4289 2080 4327 cum
2110 4272 2161 4325 in
2191 4286 2314 4326 eum
2346 4283 2440 4340 per
2473 4267 2655 4340 plures
2697 4275 2876 4340 annos
2923 4265 3196 4340 smviﬂert'nt
3233 4272 3416 4326 perse-

1821 4330 2055 4401 cutores.
2085 4341 2249 4396 Miror
2275 4330 2404 4407 ergo
2425 4330 2563 4391 hanc
2589 4334 2876 4407 lectionem
2907 4340 3013 4383 tam
3044 4330 3274 4407 facilem,
3306 4337 3414 4407 t_am

1822 4397 2148 4484 promptam,
2185 4427 2290 4465 non
2322 4397 2489 4484 fuisse
2515 4405 2898 4462 subodoratam
2930 4420 2958 4454 tt
3012 4398 3284 4471 prioribus
3317 4397 3414 4453 Im-

1817 4480 1970 4559 jusce
1984 4480 2120 4540 libri
2148 4480 2465 4539 editoribus.

203 4571 267 4624 Ῑη
299 4567 899 4655 θήεηιεηξιρνωςίρίεαια
923 4571 1020 4655 9³9
1051 4555 1558 4655 93]Ἶῇ
1571 4570 1712 4655 f3}:
1743 4594 1794 4655 ι)
1818 4555 1833 4559 ἠ
1889 4577 2146 4637 lnteriret.
2180 4573 2237 4628 In
2264 4588 2392 4635 ms.,
2418 4571 2639 4625 interire.

127 4644 372 4712 jecerunt
395 4630 795 4712 rescribendum
826 4649 948 4712 esse
976 4636 1029 4712 in
1060 4633 1326 4712 Orontem,
1355 4630 1479 4712 quia
1500 4636 1714 4682 constat

133 4700 348 4769 Iluvium
376 4714 429 4767 in
468 4713 570 4766 hoc
597 4711 718 4764 loco
741 4707 1012 4778 designari
1043 4704 1228 4778 {quod
1277 4700 1524 4778 pluribus
1540 4714 1713 4778 argu-

134 4786 327 4839 mentis
362 4783 572 4838 erudite
603 4781 845 4852 profecto
862 4770 1116 4852 ostendit
1159 4770 1494 4852 clarissimus
1533 4770 1715 4838 Cupe-

134 4871 248 4911 rus.
293 4855 424 4923 Quia
462 4844 640 4918 tamen
690 4861 746 4907 et
797 4852 911 4920 ipse
949 4847 1124 4923 tradit
1177 4844 1467 4923 nonnullos
1489 4853 1716 4923 .veteres

137 4912 390 4981 Orientein
417 4913 640 4981 vocasse
669 4939 790 4979 eum
821 4912 1076 4986 'lluvium,
1121 4934 1279 4988 quem
1314 4914 1504 4986 reliqui
1558 4912 1718 4982 vulgo

133 5001 316 5055 dicunt
344 4999 608 5062 Orontem,
633 4996 777 5051 nolui
803 5003 1005 5050 textum
1029 4993 1335 5046 immutare.

207 5071 318 5126 Est.
346 5071 504 5125 Deest
534 5071 585 5123 in
617 5083 720 5123 ms.

135 5154 142 5160 ‘
208 5143 288 5197 Ibi
308 5159 444 5211 saepe
470 5141 583 5194 illa.
614 5140 688 5194 Ita
713 5151 840 5204 ms.,
870 5151 1001 5211 non,
1032 5134 1138 5211 ille.

210 5205 412 5269 Plebeia
427 5213 589 5268 cultu.
624 5211 678 5266 Id
705 5219 808 5274 est,
842 5209 1035 5282 plebeio
1063 5205 1280 5282 habitu;
1354 5271 1368 5282 θ
1412 5270 1442 5282 Α.
1525 5271 1536 5282 ⁸

138 5316 141 5319 ·
212 5286 336 5341 Cum
363 5295 541 5338 matre.
567 5283 748 5337 Prisca
771 5271 1000 5346 scilicet,
1028 5293 1200 5333 uxore
1225 5271 1560 5330 Diocletiani.

212 5357 349 5412 Illis.
382 5356 438 5410 In
465 5359 568 5409 'ms.
593 5353 732 5408 Illic.

220 5429 304 5484 Ita
329 5428 437 5482 illis
463 5426 711 5492 pudicitia
739 5433 784 5478 et
811 5421 1036 5477 conditio
1065 5419 1218 5475 exitio
1242 5418 1362 5492 fuit.
1393 5414 1517 5492 Ms.,
1548 5413 1728 5492 condi-

154 5500 296 5567 tioni,
339 5485 614 5553 mendose.
650 5495 826 5550 Exitio
874 5492 1144 5567 fuit,_qui_a
1174 5501 1228 5545 et
1243 5485 1460 5542 Licinio
1474 5497 1534 5567 et
1559 5485 1727 5567 Maxi-

153 5556 296 5628 mino
325 5570 537 5624 Valeria
558 5567 760 5622 nubere
783 5556 1070 5622 recusavit.
1095 5563 1344 5617 Tomos.
1372 5590 1444 5601 —
1474 5557 1604 5611 Pars
1635 5556 1731 5628 igig

155 5627 236 5698 tur
280 5640 905 5712 pudicitiaeﬂeorquoque
949 5633 1149 5689 saecqu
1206 5631 1542 5712 habebatur,
1579 5627 1732 5682 verbi

151 5701 333 5786 gratia,
367 5713 418 5765 in
452 5701 1002 5786 mulieribus,_imius__
1025 5713 1231 5757 tantum
1277 5702 1375 5754 viri
1397 5701 1570 5786 finisse
1598 5712 1731 5778 uxo-

154 5769 256 5841 ies.
287 5769 400 5840 S'uo
445 5781 590 5835 enim
622 5795 738 5834 navo
781 5777 1172 5833 'I‘ertullianum
1226 5789 1348 5826 cum
1397 5769 1733 5841 Monlattislis

157 5840 542 5925 monogamiam
573 5850 624 5925 in
672 5865 897 5925 utroque
941 5863 1072 5925 sexu
1108 5844 1455 5925 requisivisse
1485 5840 1733 5925 omnibus

158 5909 338 5986 iiut-itm,
350 5933 435 5981 est
459 5938 525 5978 ex
548 5921 665 5992 ejus
687 5909 825 5977 libro
845 5919 912 5976 de
942 5909 1295 5986 Monugatitia.
1323 5909 1730 5968 Observandum

1890 4655 2245 4718 Corrumperet
2272 4645 2550 4700 veritatem.
2587 4642 2644 4697 In
2707 4656 2834 4705 ms.,
2884 4639 3226 4710 prmmittitur
3276 4653 3419 4700 non;

1817 4725 1912 4784 sed
1944 4722 2102 4780 male.

1891 4797 2131 4852 Peccata.
2161 4792 2218 4848 In
2252 4806 2382 4858 ms.,
2415 4798 2606 4860 specta.

1892 4869 2170 4924 Adversus.
2202 4865 2259 4919 Itt
2289 4879 2416 4928 ms.,
2449 4861 2712 4916 adversos.

1891 4965 2146 5020 zEterme.
2170 4960 2433 5016 Heuman.
2461 4956 2589 5026 legit
2609 4964 2848 5026 pateram.

1899 5057 2102 5118 Pietati,
2134 5053 2190 5107 In
2220 5069 2346 5116 ms.,
2375 5051 2595 5121 pietatis.
2629 5045 2817 5102 Pietati
2837 5059 2987 5107 vero,
3021 5039 3070 5094 id
3117 5048 3220 5102 est,
3256 5037 3411 5092 hetti~

1822 5129 1966 5202 gnita
1976 5130 2036 5202 ti,
2066 5124 2390 5202 clementiae.
2698 5188 2710 5202 _
2764 5187 2795 5202 ,γ
2814 5185 2846 5202 Δ,

1836 5187 1854 5260 .J
1894 5187 2093 5254 Bestiae
2113 5197 2296 5250 malas.
2329 5193 2632 5265 Tyrannos,
2663 5187 3076 5265 clleistianormn
3104 5187 3414 5265 persecuti)-

1823 5249 2259 5339 regﬁd'enquibus
2280 5249 2517 5339 supi‘ain
2549 5249 2661 5339 not.
2705 5258 2771 5312 ad
2803 5255 2961 5324 hujus
3010 5250 3129 5305 libri
3153 5258 3313 5313 caput
3341 5249 3374 5301 ’Ξ
3409 5266 3422 5301 :

1827 5346 1894 5400 Et
1921 5332 2105 5398 bestias
2126 5341 2311 5394 malas.
2341 5332 2406 5389 Et
2430 5335 2584 5388 deest
2613 5332 2667 5385 in
2691 5343 2792 5383 ms.

1901 5434 2203 5506 Magniﬁca.
2237 5415 3059 5506 Μεηεηιαςιιῄβεεηιὶιιε
3103 5482 3194 5506 Μ..

1913 5482 2201 5561 "v'iii'éiiiiii.
2229 5482 2274 5556 Ᾰ
2299 5482 2508 5554 ὺὶἶεεεοῖ
2533 5482 2590 5549 In
2620 5509 2724 5548 ms.
2748 5491 3016 5560 viguerunt
3041 5498 3059 5536 :
3103 5482 3195 5536 sed
3249 5483 3425 5537 minus

1830 5580 1992 5636 bene.

1913 5671 2008 5725 Ea.
2043 5668 2098 5724 In
2125 5681 2251 5730 ms.,
2278 5680 2411 5718 eam.

1907 5761 2246 5817 Celebremus.
2290 5755 2382 5810 Bis
2425 5752 2478 5804 in
2512 5764 2613 5802 tns.
2656 5741 2923 5817 repetitur
2973 5737 3194 5791 verbum
3245 5737 3381 5817 istud
3416 5756 3428 5792 :

2239 5808 2540 5881 scribimus
2563 5837 2575 5882 ;
2604 5829 2656 5872 et
2686 5808 2751 5870 eo
2773 5811 2877 5868 loci
2902 5824 3004 5864 non
3031 5823 3218 5878 parum
3235 5808 3301 5864 ad
3325 5812 3435 5866 ale.

1834 5905 2071 5976 gantiam
2085 5905 2087 5907 ’
2101 5902 2327 5955 confert.
