3950 6368
219 534 475 590 Protinus
506 533 562 588 in
591 541 764 588 strato
791 544 984 601 corpus
1018 526 1275 583 mutabile
1301 525 1460 592 nido,

45 630 114 686 90
293 628 353 682 ln
385 627 591 697 talique
621 625 778 680 thoro
807 623 1050 682 membra
1071 621 1250 692 quieta
1273 619 1436 676 locat.

219 718 327 775 Ore
340 717 540 774 dehinc
557 732 751 773 succos
771 716 1024 772 membris
1040 715 1356 786 circumque
1371 726 1646 785 supraque

291 809 494 880 lnjicit,
527 809 775 879 exequiis
801 809 1138 864 immoritura
1159 808 1294 864 suis.

227 902 383 960 Tunc
409 907 556 960 inter
584 903 765 958 varios
795 903 1027 958 animam
1056 900 1402 959 commendat
1427 898 1646 966 odores;

301 995 542 1068 Depositi
572 996 704 1050 tanti
735 1009 835 1051 nec
861 995 1016 1051 timet
1042 995 1131 1050 illa
1159 995 1342 1050 fidem.

89 1087 158 1143 95
231 1087 443 1143 Interea
473 1102 675 1158 corpus
701 1088 920 1160 genitali
951 1099 1125 1145 morte
1155 1098 1492 1161 peremptum

299 1180 520 1237 Estuat
537 1222 553 1248 ,
583 1189 639 1236 et
663 1182 936 1237 ﬂammam
960 1184 1190 1252 parturit
1218 1185 1334 1254 ipse
1359 1183 1543 1249 calor;

232 1273 604 1344 [Ethereoque
629 1275 819 1345 procul
851 1275 918 1330 de
939 1276 1141 1332 lumine
1169 1277 1405 1346 concipit
1432 1276 1609 1347 ignem
1637 1291 1651 1330 :

305 1368 554 1439 Flagrat,
583 1377 637 1423 et
663 1369 966 1424 ambustum
996 1371 1221 1426 solvitur
1247 1371 1300 1426 in
1322 1371 1579 1428 cinerem.

233 1460 381 1530 Quos
420 1461 569 1516 velut
611 1459 666 1516 in
705 1476 940 1517 massam
972 1461 1182 1518 cineres
1211 1462 1264 1517 in
1295 1472 1470 1520 morte
1499 1478 1658 1520 coac-

1363 1555 1512 1628 llos]

307 1644 516 1701 Conﬂat
538 1686 554 1711 ,
582 1651 638 1700 et
662 1643 912 1702 eﬂectum
938 1646 1161 1702 seminis
1187 1647 1355 1702 instar
1382 1647 1560 1703 habet.

246 1741 381 1799 Hinc
442 1741 639 1797 animal
695 1742 930 1812 primum
990 1744 1110 1800 sine
1174 1747 1430 1802 membris
1489 1746 1662 1804 fertur

1288 1838 1458 1924 [oriri
1492 1859 1506 1895 =
1532 1842 1554 1917 1

326 1923 432 1982 Sed
459 1925 629 1983 fertur
654 1929 825 1984 vermi
859 1929 1063 1986 lactens
1093 1946 1214 1988 esse
1237 1933 1405 1989 color.

243 2017 424 2074 Crevit
451 2019 504 2074 in
532 2019 854 2076 immensum
881 2023 1059 2078 subito
1079 2039 1200 2079 cuin
1227 2037 1466 2097 tempore
1485 2035 1658 2096 certo,

312 2116 488 2185 Seque
511 2116 599 2170 ovi
625 2119 810 2174 teretis
841 2117 1047 2189 colligit
1073 2117 1125 2172 in
1155 2120 1391 2190 speciem
1420 2139 1436 2174 :

73 2206 173 2262 105
244 2206 370 2262 Inde
399 2206 750 2276 reformatur,
778 2211 953 2281 qualis
981 2212 1075 2266 fuit
1103 2221 1228 2267 ante
1259 2212 1461 2282 ligura,

311 2302 382 2358 Et
406 2304 637 2360 Phoenix
664 2307 834 2376 ruptis
867 2307 1091 2376 pullulat
1115 2307 1344 2362 exuviis.

242 2397 318 2456 Ac
364 2399 517 2454 velut
544 2407 785 2469 agrestes
803 2441 817 2464 ,
845 2415 967 2455 cum
998 2398 1091 2455 illo
1119 2397 1189 2454 ad
1229 2414 1358 2456 saxa
1387 2409 1658 2471 tenentur,

316 2490 508 2547 Mutari
539 2493 696 2547 tinea:
726 2492 1000 2562 papilione
1029 2493 1228 2548 solent.
1325 2481 1338 2492 ’

241 2585 354 2642 Νοη
387 2586 465 2641 illi
492 2587 648 2642 cibus
675 2595 758 2641 est
781 2595 968 2642 nostro
1009 2603 1306 2645 concessus
1333 2587 1388 2643 in
1409 2587 1575 2655 orbe;

309 2677 427 2733 Nec
452 2678 698 2748 cuiquam
722 2677 1036 2748 iluplumcm
1064 2694 1283 2748 pascere
1304 2694 1435 2736 cura
1457 2682 1666 2736 subest.

242 2770 343 2826 Am
357 2771 567 2825 brosios
595 2771 722 2825 libat
746 2771 955 2838 caelesti
988 2781 1207 2828 nectare
1227 2787 1382 2828 rores
1399 2814 1415 2839 ,

313 2862 593 2920 Stellifero
619 2872 808 2919 tenues
833 2864 923 2935 qui
949 2865 1198 2922 cecidere
1225 2867 1371 2937 polo.

70 1647 168 1703 100

76 2677 172 2734 110

1512 310 1823 372 ΡηαεΝιι.

289 441 355 497 Et
385 439 566 496 sociat
585 437 820 513 myrrha:
847 447 1040 508 pascua
1070 440 1221 504 grata
1249 429 1429 486 nimis.
1673 433 1727 493 Α

1762 1283 1868 1342 120

1691 1839 1741 1900 Β

3237 315 3348 374 282

1927 435 2035 494 Hos
2062 435 2220 510 legit;
2255 436 2339 494 his
2365 437 2526 495 alitur
2549 435 2744 496 mediis
2769 435 2823 494 in
2850 434 3107 493 odoribus
3134 433 3272 503 ales,

2005 531 2184 587 Donec
2213 543 2478 589 maturam
2513 532 2748 604 perferat
2770 531 3021 605 effigiem.

1758 621 1858 680 115
1931 624 2028 679 Ast
2054 623 2143 678 ubi
2171 624 2427 693 primaeva
2451 626 2615 695 coepit
2643 623 2838 681 ﬂorere
2861 627 3080 696 juventa
3103 665 3118 690 ,

2011 716 2203 772 Evolat
2230 716 2298 772 ad
2326 719 2527 788 patrias
2548 717 2661 789 jam
2691 719 2932 775 reditura
2959 717 3171 773 domos.

1935 809 2076 866 Ante
2109 820 2284 867 tamen
2303 851 2318 877 ,
2349 811 2567 882 proprio
2587 811 2842 884 quicquid
2871 811 2940 867 de
2979 825 3208 882 corpore
3240 823 3355 864 res-

3135 901 3282 976 [tam

2007 997 2251 1070 Ossaque
2269 1041 2285 1064 ,
2317 999 2402 1055 vel
2429 998 2671 1064 cineres,
2701 999 3028 1070 exuviasque
3054 1011 3208 1060 suas;

1938 1093 2188 1165 Unguine
2214 1091 2526 1162 balsameo,
2555 1095 2916 1166 myrrhaque,
2962 1102 3019 1147 et
3064 1091 3221 1146 thure
3263 1104 3357 1145 so-

3089 1182 3252 1257 [luto]

2011 1281 2242 1350 Condit,
2271 1293 2327 1339 et
2351 1283 2405 1338 in
2435 1281 2662 1338 formam
2688 1278 2977 1351 conglobat
3004 1292 3100 1334 ore
3126 1277 3234 1347 pio.

1941 1378 2113 1448 Quam
2144 1377 2366 1448 pedibus
2391 1385 2606 1448 gestans
2632 1373 2910 1430 contendit
2938 1371 3068 1428 solis
3088 1370 3155 1426 ad
3182 1377 3356 1436 ortus,

2014 1470 2179 1541 Inque
2204 1484 2293 1523 ara
2321 1468 2566 1524 residens
2587 1509 2603 1535 ,
2636 1465 2785 1536 ponit
2811 1465 2864 1518 in
2893 1463 3011 1518 :ede
3041 1476 3219 1518 sacra.

1947 1561 2248 1619 Mirandum
2275 1575 2396 1616 sese
2426 1569 2645 1630 praestat
2669 1557 2983 1629 praebetque
3012 1553 3250 1617 videnti;

2019 1655 2225 1711 Tantus
2251 1653 2324 1709 ibi
2355 1654 2520 1708 decor
2551 1663 2662 1715 est,
2693 1659 2872 1705 tantus
2902 1647 3139 1704 abundat
3169 1646 3359 1700 honor.

1775 1750 1878 1809 125
1951 1749 2223 1820 Principio
2246 1747 2398 1804 color
2424 1755 2542 1811 est,
2571 1744 2745 1816 qualis
2773 1742 2874 1798 sub
2900 1742 3102 1797 cortice
3129 1740 3248 1795 lmvi
3266 1779 3281 1804 ,

2020 1841 2166 1896 Mitia
2193 1854 2351 1911 quem
2376 1853 2630 1894 croceum
2661 1837 2855 1907 punica
2882 1849 3046 1906 grana
3075 1833 3275 1902 legunt.

1947 1935 2135 2004 Qualis
2165 1933 2305 1988 inest
2343 1930 2487 1986 foliis
2507 1973 2521 1998 ,
2568 1945 2688 2001 qua:
2717 1928 2822 1984 fert
2865 1935 3078 1997 agreste
3105 1937 3361 1995 papaver,

2017 2025 2151 2081 Cum
2180 2023 2367 2095 pandit
2391 2030 2571 2078 vestes
2599 2022 2756 2076 Flora
2788 2020 3016 2076 rubente
3041 2017 3186 2087 polo.

1948 2120 2064 2177 Hoc
2112 2118 2327 2175 humeri
2375 2125 2672 2188 pectusque
2718 2113 2922 2169 decens
2965 2109 3236 2167 velamine
3264 2107 3369 2162 ful-

3125 2203 3274 2276 [sem
3292 2200 3333 2274 ;]

2028 2305 2141 2364 Hoc
2162 2312 2355 2377 caput,
2391 2303 2494 2360 hoc
2515 2302 2732 2370 cervix,
2764 2312 3085 2370 summaque
3114 2307 3259 2366 terga
3287 2295 3372 2349 ni-

3129 2385 3312 2462 [tent.]

1950 2491 2246 2562 Caudaque
2292 2489 2588 2562 porrigitur
2633 2485 2776 2541 fulvo
2819 2483 3070 2538 distincta
3116 2479 3374 2545 metallo,

2027 2589 2084 2643 In
2113 2585 2270 2658 cujus
2300 2584 2525 2640 maculis
2551 2594 2788 2652 purpura
2821 2579 2985 2634 mixta
3016 2576 3190 2632 rubet.

1951 2681 2169 2743 Clarum
2212 2679 2352 2734 inter
2382 2690 2588 2748 pennas
2638 2674 2849 2744 insigne
2889 2679 2970 2724 est
2996 2669 3250 2737 desuper,
3278 2664 3380 2722 Iris

2024 2773 2253 2843 Pingere
2277 2786 2372 2826 seu
2402 2767 2596 2824 nubem
2622 2765 2856 2833 desuper
2885 2761 2990 2815 alta
3017 2759 3176 2814 solet.

1776 2309 1884 2368 150

1777 2866 1882 2925 155
1955 2865 2168 2922 Albicat
2193 2863 2422 2932 insignis
2446 2860 2614 2916 mixto
2641 2856 2907 2912 viridante
2927 2849 3242 2923 smaragdo;

1420 3000 1978 3060 ANNOTATIONES.

145 3117 295 3176 Vers.
327 3118 428 3176 88.
461 3118 528 3174 Et
549 3119 706 3174 sociat
733 3119 976 3191 myrrhw.
1006 3116 1104 3173 Ms.
1128 3117 1434 3190 Sangerm.:

255 3235 318 3288 Et
340 3237 531 3288 sociam
553 3235 764 3300 myrrhea
787 3235 888 3286 vim
909 3235 1171 3286 Banachea
1188 3241 1337 3285 tuam.

79 3321 199 3378 alii:

771 3436 1024 3488 Panathea
1048 3436 1211 3488 thure.

149 3521 301 3578 Vers.
334 3523 431 3580 89.
465 3523 737 3580 Mutabile.
767 3523 864 3578 Ms.
897 3525 1206 3594 Sangerm.,
1239 3522 1496 3579 motabile.

151 3595 308 3668 Vera.
350 3596 448 3652 90.
491 3595 561 3651 In
592 3597 784 3668 talique
822 3599 990 3652 thoro.
1033 3597 1124 3653 Sic
1171 3613 1273 3652 ms.
1319 3595 1677 3666 Sangerman.

83 3665 221 3722 Editi
243 3667 479 3724 habent:

170 3780 429 3846 Vitalique
446 3782 588 3834 thoro
611 3784 836 3834 membra
855 3784 1027 3845 quieta
1053 3781 1195 3833 locat.
1231 3769 1238 3774 ’

155 3888 310 3945 Vers.
339 3889 437 3945 95.
468 3887 692 3944 Genitali
721 3898 901 3944 morte.
935 3887 1254 3944 Antithesis.

157 3960 307 4016 Vers.
339 3959 435 4017 96.
468 3960 705 4016 dictum.
751 3961 954 4017 Verum
999 3976 1105 4015 non
1145 3969 1227 4014 est
1282 3971 1480 4027 corpus
1537 3973 1683 4012 mor-

89 4040 232 4086 tuum
260 4033 331 4087 ita
357 4040 613 4098 aestuare,
641 4043 694 4087 ut
721 4033 988 4088 ﬂammam
1009 4041 1267 4102 generet;
1293 4033 1485 4086 melius
1507 4030 1689 4101 itaque

89 4102 446 4170 Claudianus,
479 4107 566 4175 qui
593 4103 859 4159 ﬂammam
888 4104 952 4158 ad
982 4101 1114 4160 selis
1142 4103 1323 4159 radios
1347 4101 1532 4158 refert.

184 4221 368 4286 Fervet
393 4223 628 4272 odoratus
651 4220 765 4272 telis
786 4219 859 4286 (id
883 4226 952 4272 est
975 4217 1154 4282 radiis)
1170 4217 1457 4270 caelestibus
1482 4229 1656 4281 agger,

182 4284 534 4349 (lonsumltque
558 4298 756 4339 senem.

163 4387 319 4445 Vers.
370 4390 461 4445 97.
507 4389 877 4459 Ethereoque.
941 4388 1031 4445 Sic
1077 4402 1180 4442 ms.
1231 4385 1538 4455 Sangerm.;
1561 4381 1692 4439 editi

96 4473 224 4532 vero
250 4461 453 4517 habent
480 4461 748 4532 Aerioqne.

171 4531 322 4588 Vers.
353 4533 444 4590 99.
479 4523 655 4599 οπως
677 4534 751 4587 lta
781 4545 880 4586 ms.
909 4530 1287 4599 Sangerman.;
1320 4525 1448 4582 editi
1483 4523 1615 4579 Hos.

165 4601 320 4658 Vers.
351 4604 473 4660 100.
505 4604 728 4674 Conﬂat.
774 4605 832 4658 In
861 4617 955 4657 ωε.
998 4602 1620 4674 δαηερτηιειηηηερῃριαι.

172 4674 326 4728 Vers.
364 4677 487 4731 102.
525 4667 714 4729 Vermi.
743 4675 832 4730 Sic
855 4690 956 4728 ms.
987 4667 1294 4743 Sangermg
1315 4670 1443 4743 editi
1475 4667 1691 4724 Verulis.

102 4744 175 4799 De
201 4744 385 4800 Vermi
417 4747 651 4816 loquitur
678 4746 883 4801 Plinius
902 4786 916 4811 ,
949 4762 1052 4799 non
1084 4741 1212 4798 vero
1237 4741 1588 4798 Claudianus.

174 4816 328 4870 Vers.
358 4815 700 4872 105.7Crevit.
738 4817 898 4872 Forte
928 4817 1125 4871 crescit.

174 4885 326 4942 Vers.
363 4887 487 4944 104.
517 4887 630 4943 Uni.
664 4887 746 4942 Nil
777 4890 845 4943 de
871 4904 974 4943 ovo
1004 4886 1346 4942 Claudianus.

167 4959 324 5013 νει-ε.
360 4961 480 5016 10⁸7.
531 4960 606 5014 Ac
653 4961 789 5013 velut
827 4969 1080 5029 agrestes,
1112 4975 1226 5012 cum
1253 4956 1343 5025 ﬁlo
1371 4957 1440 5010 ad
1469 4963 1700 5029 suate-

105 5041 308 5097 nentur,
340 5030 538 5085 Mutari
565 5031 714 5084 tinea:
736 5024 996 5100 papilione
1023 5033 1204 5084 solent.
1236 5024 1528 5083 Admonuit
1555 5024 1704 5079 Tho-

105 5103 334 5157 masiuut
366 5103 450 5157 vir
480 5103 705 5157 doctiss.
745 5102 972 5156 Didacus
997 5101 1385 5164 Covarruvias,
1417 5099 1705 5168 episcopus

1702 3121 1753 3185 C
1779 3119 1860 3176 Ac
1887 3133 2018 3174 sane
2043 3131 2151 3172 non
2186 3114 2374 3170 dubito
2409 3115 2556 3185 quin
2579 3126 2678 3181 pro
2697 3110 2804 3185 illo
2852 3104 3106 3185 nomine,

3152 3114 3336 3171 penna:
3362 3140 3379 3164 .

1783 3173 2066 3262 legendum
2098 3189 2200 3254 sit,
2231 3188 2399 3262 tineae,
2423 3173 2517 3240 sed
2547 3173 2794 3262 inpriori
2826 3193 3006 3262 versu,
3037 3175 3127 3262 illa
3151 3173 3382 3262 :r/iloarl

1781 3256 1908 3317 δαῖτα
1952 3271 2205 3323 tenentur.
2237 3258 2485 3313 videntur
2531 3256 2657 3310 mihi
2693 3269 2799 3308 non
2841 3256 2974 3323 satis
3016 3261 3139 3323 cum
3165 3260 3226 3300 re
3266 3258 3382 3323 ipsa

1783 3314 2112 3396 convenire,
2141 3314 2262 3386 cum
2309 3329 2397 3383 ﬂla
2439 3328 2526 3382 illa
2575 3325 2753 3397 potius
2795 3324 2863 3378 ad
2910 3318 3166 3383 frondes,
3197 3315 3284 3370 vel
3312 3314 3383 3370 ad

1783 3420 1966 3460 ramos
1994 3404 2282 3474 ducantur,
2310 3416 2469 3470 quam
2500 3399 2567 3452 ad
2607 3401 3092 3474 aaxa;_propterea
3125 3398 3259 3474 puto
3281 3400 3383 3474 po—

1785 3477 1894 3533 tius
1921 3473 2204 3547 legendum
2233 3461 2570 3547 taxa,gquam
2600 3461 2757 3547 saga.
2782 3461 2910 3547 llaec
2937 3464 3013 3547 ait
3049 3461 3379 3547 Tuottasttts.

1856 3529 2171 3605 velimne.
2220 3543 2342 3598 Non
2369 3529 2447 3597 illi
2471 3543 2635 3596 cibus.
2671 3541 2744 3594 De
2773 3534 2894 3593 cibo
2937 3534 3217 3605 Phtenicis
3261 3529 3412 3584 vide'~

1783 3603 2137 3676 Claudianum
2167 3618 2220 3672 in
2247 3612 2618 3688 Epigram._de
2641 3609 2930 3688 Phoenice,
2948 3622 3106 3688 versu
3139 3603 3380 3688 ,ῆι-εις.

1861 3673 1997 3747 vers
2028 3691 2151 3744 llt.
2175 3673 2490 3742 Amb'ro'sios.
2517 3682 2672 3753 Apud
2698 3692 2882 3753 poetas
2903 3675 3187 3735 Ambrosia
3209 3673 3384 3739 cibus,

1787 3774 1973 3821 nectar
1997 3771 2155 3834 potus
2177 3760 2402 3817 deorum
2427 3765 2510 3813 est
2532 3774 2545 3810 :
2569 3752 2646 3812 Sic
2667 3752 2956 3809 Martialis:

1879 3877 2077 3942 Jupiter
2096 3875 2353 3926 Ambrosia
2374 3881 2506 3924 satur
2531 3874 2628 3931 est,
2655 3873 2710 3918 et
2727 3873 2932 3917 nectare
2949 3863 3087 3914 vivit.

1862 4005 2014 4062 Vers.
2046 4001 2412 4060 ll2.‘Tenues.
2445 3999 2500 4055 ld
2530 4007 2647 4062 est,
2688 4011 2827 4050 rores
2869 4003 3060 4047 tenues.
3108 3989 3184 4062 Ita
3225 4001 3327 4062 ms.
3359 4002 3391 4042 a

1793 4060 1998 4138 Gallico
2021 4077 2288 4133 laudatus.
2330 4072 2472 4130 Editi
2505 4060 2703 4124 habent
2742 4067 2938 4138 teneri,
2965 4061 3121 4138 _qu_od
3162 4060 3395 4138 refertur

1793 4131 2067 4215 rores
2095 4157 2150 4204 et
2177 4163 2392 4202 sensum
2421 4146 2719 4213 elegantem
2760 4136 2907 4192 facit.
2952 4131 3126 4199 Polo,
3176 4131 3228 4186 id
3271 4139 3354 4185 est
3377 4169 3395 4194 ,

1794 4223 2004 4348 ταφάς
2032 4289 2156 4344 115.
2203 4288 2374 4344 Alimr
2406 4286 2604 4341 mediis.
2652 4283 2742 4339 Sic
2784 4293 2886 4334 ms.
2936 4277 3294 4348 Sangerman.
3342 4280 3400 4348 et.

1795 4342 2116 4486 ciiiilius
2138 4342 2381 4417 arma.
2417 4356 2625 4428 Vulgati
2674 4357 2858 4425 legunt
2890 4342 3074 4405 mediis
3096 4346 3272 4413 alitur,
3301 4342 3401 4398 sed

1796 4451 1881 4486 ma
1907 4450 1958 4486 Θ.

1796 4450 1958 4490 male.

1715 4506 1769 4568 D
1796 4485 2022 4562 “Veis.
2058 4505 2183 4560 111.
2229 4503 2477 4576 Perferat.
2524 4499 2599 4554 ita
2640 4496 2810 4576 codex
2837 4485 3320 4576 Sangermanensis
3345 4492 3405 4542 et

1797 4579 1911 4636 alii.
1945 4579 2002 4634 In
2030 4577 2189 4634 editis
2209 4565 2341 4630 vero
2362 4577 2626 4646 proferat,
2656 4569 2750 4646 sed
2781 4568 2959 4646 minus
2981 4565 3137 4617 bene.
3314 4627 3398 4646 ’ω

1871 4627 2008 4706 "vei-2
2034 4627 2396 4706 lilii—Patria}
2418 4627 2625 4700 domos:
2652 4641 2744 4697 Sic
2773 4653 2875 4694 ms.
2904 4636 3285 4702 Saugerman.,
3309 4627 3402 4683 alii

1801 4724 1996 4794 primas
2027 4722 2247 4794 dentos._
2755 4781 2800 4794 η
2913 4779 2953 4794 ,ί
3085 4772 3206 4794 __,_,._
3238 4771 3275 4794 ,η

1879 4771 2344 4850 ἦξιίεῖᾖίληιε
2381 4800 2548 4846 tamen
2572 4829 2586 4849 ,
2622 4795 2727 4840 etc.
2755 4781 2866 4838 Hac
2897 4779 2966 4833 de
2991 4791 3054 4850 re
3085 4772 3210 4850 vide
3238 4771 3403 4824 Clau-

1801 4845 2022 4922 diano-tn
2052 4845 2106 4919 in
2130 4845 2403 4935 Epigr-am.
2431 4863 2496 4935 de
2510 4845 2779 4920 Phoenice,
2797 4867 2937 4908 vers.
2959 4848 3046 4914 72,
3063 4845 3157 4918 qui
3182 4854 3408 4898 concor-

1803 4938 1896 4993 dat
1917 4953 2040 4992 cum
2080 4937 2146 4992 iis
2170 4933 2290 5007 quae
2323 4936 2410 4988 hic
2439 4933 2714 5007 dicuntur.

2703 4979 2851 5050 Milia
2876 5008 3025 5066 quem
3051 4999 3302 5066 croceam.
3327 4979 3406 5035 Ita

1805 5056 2164 5138 ueiiﬁiniﬁis'
2187 5056 2664 5134 Si‘éiiiéa'dimone
2681 5067 2861 5125 Nicol.
2889 5056 3080 5120 Beius.
3112 5056 3256 5112 Editi
3277 5066 3407 5107 vero

104 5173 485 5242 Segobiensis,
510 5182 568 5228 ut
613 5175 664 5227 in
695 5173 934 5228 secundo
976 5188 1132 5227 versu
1167 5173 1286 5227 loco
1332 5144 1542 5242 pendis,
1572 5144 1708 5242 seri-
1809 5154 2013 5242 habent
2035 5151 2200 5242 qia-alis
2223 5144 2678 5242 δερ-ἔμιξεὲ

107 5239 325 5300 berctur
352 5247 519 5309 tineaz,
550 5245 693 5314 quod
725 5245 882 5300 valde
914 5244 1243 5313 probandum
1267 5239 1370 5296 est.
1394 5240 1525 5295 Nam
1551 5239 1708 5294 tineae

107 5326 229 5369 sunt
253 5332 467 5371 vermes
519 5317 592 5372 illi
630 5333 695 5371 cx
724 5318 930 5386 quibus
959 5315 1116 5370 serici
1151 5314 1449 5386 papiliones
1478 5326 1711 5386 nascun-

1883 5193 2209 5280 .v
2223 5193 2399 5274 vani:
2408 5193 2610 5288 it
2621 5193 2798 5267 voestes
2808 5208 2990 5288 flora
3015 5200 3245 5288 rubente

1811 5272 2334 5352 Sic'einendavimus
2360 5272 2552 5359 pa'rtim
2581 5301 2650 5342 ex
2679 5299 2782 5338 ms.
2805 5280 3185 5348 Sangernmﬂ-i
3217 5272 3412 5336 Pamm

111 5396 212 5440 tur.
248 5362 368 5443 uBc'
392 5362 599 5443 vero-in
651 5362 1016 5443 chB‘iiJcqu
1045 5362 1200 5454 pocla
1221 5362 1445 5438 Iimitari
1473 5362 1712 5436 voluisse
1811 5384 1878 5424 εκ
1906 5367 2086 5422 ἓάίιίεο
2115 5365 2212 5419 MS-
2244 5362 2436 5417 habe“

107 5456 378 5522 Ovidium,
399 5459 536 5514 libro
559 5460 750 5514 ultimo
778 5459 1154 5526 Metatnorph.,
1186 5455 1277 5525 qui
1301 5455 1371 5511 de
1398 5455 1500 5510 hac
1520 5455 1714 5508 eadem

111 5532 414 5586 mutatione
439 5532 516 5586 sic
544 5531 619 5585 ait
650 5548 663 5584 :

205 5662 433 5725 Quaeque
458 5662 617 5712 solent
640 5663 775 5710 canis
795 5659 996 5725 frondes
1019 5659 1252 5725 intexere
1275 5657 1370 5710 illis

208 5719 455 5788 Agrestes
478 5725 644 5783 tinea},
669 5738 753 5771 res
769 5719 1261 5788 observatancolonis,

210 5779 378 5837 [θῦνειὶ
405 5793 597 5835 mutent
619 5779 725 5835 cum
755 5782 994 5854 papilione
1021 5779 1246 5844 figuram.

1907 5478 2028 5530 Cum
2052 5476 2220 5542 pandit
2241 5482 2411 5525 vestes
2429 5471 2553 5521 ﬂore
2575 5468 2792 5518 rubente
2817 5458 2946 5522 polo.

1816 5593 1872 5640 at
1897 5573 2024 5640 editi
2051 5585 2262 5653 legunt:

1911 5698 2028 5748 Cum
2055 5694 2276 5759 pendens
2294 5689 2442 5740 vestit
2461 5685 2566 5735 sole
2590 5679 2803 5730 rubente
2833 5673 2989 5736 polus.

1897 5808 2046 5862 Vet‘s‘.
2079 5805 2194 5860 129.
2234 5801 2474 5869 Fulgenl.‘
2505 5795 2629 5852 δίδη
2660 5786 2861 5857 Fulget.
