3950 6368
577 367 683 428 287
2031 362 2119 422 DE
2147 364 2174 424 Ρ

2268 360 2436 424 iCHA.

719 485 938 558 Subque
967 483 1176 558 hyemis
1207 491 1420 555 tempus
1464 481 1716 540 foliorum
1761 483 1912 540 crine
1952 481 2168 551 refuso,
2198 487 2247 546 Α
2276 483 2473 540 Tristia
2503 491 2787 540 cessarunt
2817 481 3044 541 inferum
3073 480 3288 541 vincula
3319 480 3509 555 legis;

793 580 910 637 Jam
938 589 1154 651 reparat
1174 579 1412 635 viridans
1439 579 1661 636 frondea
1691 587 1828 636 tecta
1857 593 2064 635 nemus.

719 673 878 729 Mixta
903 674 1038 729 salix
1058 715 1074 742 ,
1103 673 1276 742 abies,
1307 672 1526 745 corylus
1548 715 1562 738 ,
1589 673 1718 728 siler
1738 711 1754 738 ,
1784 672 1998 736 ulmus,
2031 685 2177 737 acer,

1929 763 2106 837 [πιεῖν]

795 857 1010 914 Plaudit
1038 873 1268 930 quaeque
1294 859 1408 914 suis
1435 857 1600 913 arbor
1635 872 1848 914 ammna
1877 856 2068 911 comis.

579 949 651 1009 25
723 953 1112 1008 Constructura
1144 952 1294 1007 favos
1324 953 1442 1023 apis
1487 951 1613 1008 hinc
1641 951 1872 1007 alvearia
1905 951 2176 1021 linquens,

792 1045 1044 1100 Floribus
1071 1045 1421 1114 instrepitans
1450 1044 1654 1115 poplite
1682 1044 1842 1100 mella
1871 1044 2030 1115 rapit.

715 1137 796 1192 Ad
825 1146 1017 1192 cantus
1047 1145 1332 1193 revocatur
1367 1137 1505 1204 avis,
1535 1153 1680 1207 quze,
1704 1137 1944 1192 carmine
1969 1136 2176 1203 clauso,

798 1223 1010 1298 Pigrior
1034 1225 1280 1299 byberno
1306 1228 1502 1299 frigore
1528 1236 1671 1283 muta
1705 1227 1822 1282 fuit.

720 1320 860 1376 Hinc
887 1320 1187 1376 Philomela
1219 1322 1332 1376 suis
1362 1329 1684 1392 attemperat
1711 1334 1909 1390 organa
1950 1321 2135 1375 cannis
2163 1335 2178 1387 ;

2170 1412 2176 1418 ’
2279 1410 2467 1468 Lintea
2501 1414 2656 1480 tolle,
2693 1429 2922 1486 precor;
2954 1413 3170 1469 sudaria
3203 1412 3392 1480 linque
3426 1410 3717 1480 sepulcro:

580 1413 651 1470 30
797 1414 990 1485 Fitque
1020 1429 1341 1486 repercusso
1366 1415 1576 1470 dulcior
1604 1431 1735 1471 aura
1767 1415 1930 1469 melo.

721 1507 865 1563 Ecce
890 1509 1226 1564 renascentis
1256 1517 1484 1564 testatur
1512 1509 1680 1580 gratia
1711 1508 1920 1576 mundi,

793 1601 983 1656 Omnia
1013 1617 1135 1658 cum
1160 1602 1380 1658 domino
1405 1604 1544 1659 dona
1574 1603 1785 1660 redisse
1810 1619 1927 1658 suo.

723 1696 962 1767 Namque
993 1699 1342 1768 triumphanti
1377 1709 1497 1769 post
1527 1699 1696 1754 tristia
1730 1706 1929 1753 tartara
1960 1695 2180 1753 Christo

799 1788 1048 1861 Undique
1070 1789 1261 1846 fronde
1290 1807 1512 1856 nemus,
1543 1791 1787 1863 gramina
1811 1789 1946 1846 ﬂore
1973 1789 2176 1846 favent.

2352 577 2685 648 Expavitque
2713 575 2880 633 chaos
2910 577 3128 634 luminis
3158 592 3254 633 ore
3283 575 3493 648 premi.

2280 668 2587 740 Depereant
2617 671 2855 727 tenebrae
2884 670 3086 727 Christi
3120 669 3332 742 fulgore
3367 669 3576 742 fugatae
3609 687 3623 723 :

2242 793 2248 800 -
2350 760 2591 818 Eterna:
2620 763 2794 820 noctis
2826 765 2988 834 pallia
3016 777 3203 819 crassa
3231 761 3476 818 cadunt.

2279 854 2349 912 65
2371 856 2672 912 Sollicitam
2696 859 2791 913 sed
2814 857 2982 915 redde
3005 856 3192 924 ﬁdem,
3217 870 3447 928 precor,
3474 854 3616 909 alma
3637 863 3810 926 potestas.

2350 946 2530 1004 Tertia
2562 949 2653 1004 lux
2684 949 2842 1006 rediit
2877 967 2891 1006 :
2921 964 3081 1020 surge
3103 991 3116 1014 ,
3147 948 3363 1020 scpultc
3397 961 3581 1001 meus.

2277 1037 2394 1095 Non
2424 1040 2579 1096 decet
2611 1050 2669 1096 ut
2696 1042 2787 1096 vili
2821 1042 3028 1097 tumulo
3052 1051 3139 1096 tua
3163 1040 3415 1096 membra
3453 1047 3721 1110 tegantur;

2350 1131 2468 1188 Non
2502 1135 2734 1204 pretium
2767 1133 2954 1189 mundi
2985 1133 3114 1188 vilia
3145 1147 3274 1188 saxa
3306 1141 3592 1202 premant.

2279 1224 2560 1296 Indignum
2591 1238 2704 1294 est,
2735 1227 2891 1297 cujus
2920 1226 3247 1283 clauduntur
3275 1235 3487 1282 cuncta
3523 1223 3736 1296 pugillo,

2279 1319 2352 1374 70
2383 1319 2447 1375 Ut
2477 1327 2618 1389 tegat
2649 1322 2912 1378 inclusum
2945 1336 3080 1392 rupe
3107 1330 3324 1376 vetante
3356 1318 3535 1389 lapis.

2351 1505 2432 1560 Tu
2462 1506 2593 1560 satis
2623 1522 2684 1562 es
2715 1508 2908 1574 nobis;
2942 1517 2998 1563 et
3027 1507 3146 1562 sine
3177 1515 3230 1562 te
3261 1504 3402 1560 nihil
3436 1513 3550 1559 est.

2283 1596 2450 1654 Solve
2477 1607 2757 1656 catenatas
2790 1598 2987 1656 inferni
3016 1599 3254 1655 carceris
3285 1598 3555 1663 umbras,

2354 1690 2424 1746 Et
2453 1705 2646 1748 revoca
2676 1683 2889 1748 sursum
2921 1691 3176 1764 quicquid
3208 1690 3277 1746 ad
3312 1691 3424 1746 ima
3461 1691 3594 1745 ruit.

2280 1784 2352 1841 75
2381 1785 2568 1841 Redde
2598 1795 2744 1842 tuam
2775 1787 2966 1842 faciem
2988 1829 3003 1854 ,
3037 1785 3257 1842 videant
3287 1794 3346 1841 ut
3374 1784 3588 1840 saecula
3619 1782 3777 1845 luruen;

573 1880 643 1937 35
717 1881 947 1952 Legibus
969 1881 1165 1939 inferni
1197 1885 1504 1954 oppressis,
1545 1899 1709 1954 super
1734 1894 1878 1940 astra
1907 1891 2175 1940 meantem
2207 1877 2255 1937 B
2352 1879 2540 1936 Redde
2570 1880 2713 1935 diem
2737 1923 2751 1946 ,
2783 1881 2874 1952 qui
2908 1895 3009 1936 nos
3029 1923 3044 1948 ,
3079 1889 3130 1937 te
3163 1880 3480 1946 moriente,
3520 1879 3668 1949 fugit.

790 1977 1034 2034 Laudant
1061 1979 1166 2035 rite
1197 1979 1366 2034 Deum
1400 1979 1487 2034 lux
1507 2020 1523 2045 ,
1555 1979 1710 2048 polus
1732 2020 1749 2046 ,
1777 1993 1934 2044 arva,
1961 1977 2178 2032 fretum.

720 2070 822 2139 Qui
841 2071 1135 2126 crucifixus
1161 2080 1300 2138 erat,
1329 2072 1472 2126 Deus
1495 2085 1623 2126 ecce
1645 2086 1743 2140 per
1767 2073 1946 2125 omnia
1972 2077 2179 2140 regnat;

791 2163 1038 2232 Dantque
1068 2165 1298 2219 creatori
1328 2174 1521 2220 cuncta
1549 2174 1728 2219 creata
1758 2178 1994 2233 precem.

718 2254 914 2322 Salve,
947 2254 1085 2311 feSIa
1115 2255 1260 2322 dies,
1298 2265 1412 2310 toto
1437 2255 1760 2309 venerabilis
1789 2269 1910 2309 aevo
1929 2293 1946 2320 ,

576 2346 648 2403 ιο
676 2347 794 2416 Qua
822 2347 964 2403 Deus
995 2347 1266 2404 infernum
1295 2347 1427 2403 vicit
1455 2357 1512 2403 et
1538 2357 1682 2402 astra
1714 2354 1882 2402 tenet.

583 2439 853 2495 Mobilitas
882 2440 1045 2505 anni,
1078 2455 1326 2496 mensum
1349 2480 1364 2506 ,
1400 2439 1490 2494 lux
1521 2439 1664 2494 alma
1695 2438 1904 2505 dierum
1933 2481 1947 2504 ,

651 2531 917 2588 Horarum
948 2531 1228 2603 splendor,
1260 2532 1483 2587 stridula
1513 2541 1707 2586 cuncta
1733 2529 1934 2586 favent.

582 2625 722 2681 Hinc
753 2626 848 2680 tibi
881 2627 1034 2698 sylva
1082 2626 1291 2694 comis,
1323 2626 1449 2681 hinc
1479 2626 1685 2695 plaudit
1713 2640 1936 2696 campus
1963 2625 2180 2693 aristis;

653 2717 789 2772 Hinc
818 2728 1000 2788 grates
1030 2717 1193 2773 tacito
1225 2718 1445 2788 palmite
1473 2718 1598 2772 vitis
1622 2717 1753 2788 agit.

578 2808 650 2865 45
678 2809 816 2865 Hine
847 2809 943 2866 tibi
974 2825 1122 2865 nunc
1152 2809 1334 2864 avium
1379 2817 1641 2864 resonant
1667 2809 1897 2880 virgulta
1927 2823 2180 2876 susurro;

650 2902 758 2958 Has
787 2901 929 2958 inter
959 2902 1128 2959 nimio
1157 2917 1345 2974 passer
1364 2917 1552 2958 amore
1571 2902 1738 2957 canit.

577 2993 795 3054 Christe
816 2998 964 3053 salus
984 2999 1186 3071 rerum,
1215 2997 1360 3053 bone
1379 2996 1630 3053 conditor
1659 3005 1822 3069 atque
1849 2995 2181 3068 redemptor,

651 3091 817 3149 Unica
851 3093 1139 3164 progenies
1169 3109 1234 3150 ex
1267 3091 1468 3148 deitale
1497 3091 1664 3162 patris
1689 3133 1705 3158 ,

577 3184 984 3239 lrrecitabiliter
1014 3183 1339 3240 mananvde
1368 3183 1534 3240 corde
1563 3183 1803 3254 parentis
1822 3224 1839 3251 ,

575 3275 647 3332 50
683 3275 922 3332 Verbum
953 3276 1255 3332 subsistens
1281 3318 1296 3341 ,
1328 3286 1383 3331 et
1415 3276 1583 3346 patris
1611 3291 1706 3332 ore
1736 3284 1964 3347 potens,

581 3369 864 3440 Equalis,
898 3385 1160 3438 concors,
1191 3372 1407 3436 socius,
1439 3386 1561 3426 cum
1587 3381 1738 3442 patre
1765 3387 1981 3427 cozevus
2001 3412 2018 3440 ,

651 3463 771 3529 Quo
800 3464 1029 3532 sumpsit
1056 3462 1290 3519 mundus
1320 3464 1562 3534 principe
1595 3464 1958 3534 principium;

583 3554 812 3612 Ethera
842 3555 1131 3626 suspendis
1150 3598 1164 3623 ,
1197 3556 1312 3611 sola
1341 3558 1590 3628 congeris
1611 3598 1626 3624 ,
1661 3573 1877 3628 aequora
1910 3557 2126 3623 fundis;

653 3649 896 3720 Quisque
925 3649 1060 3706 locis
1090 3649 1333 3705 habitant
1355 3692 1372 3718 ,
1405 3667 1528 3722 quae
1559 3651 1837 3707 moderata
1867 3650 2072 3720 vigent.

2285 1970 2390 2027 Sed
2421 1972 2579 2043 plane
2609 1972 2841 2044 implesti
2873 1988 3155 2038 remeans,
3188 1972 3279 2044 pie
3310 1973 3524 2036 victor,
3557 1971 3805 2042 olympum:

2355 2064 2576 2119 Tartara
2607 2080 2794 2136 pressa
2821 2066 3036 2136 jaceat,
3073 2081 3174 2122 nec
3202 2080 3298 2119 sua
3325 2065 3458 2134 jura
3495 2072 3696 2119 tenent.

2285 2159 2495 2216 lnferus
2525 2160 2954 2216 insaturabiliter
2983 2175 3113 2216 cava
3145 2168 3364 2231 guttura
3400 2157 3678 2230 pandens,

2283 2255 2353 2311 80
2381 2254 2482 2322 Qui
2513 2264 2728 2324 raperet
2756 2270 2999 2326 semper,
3033 2255 3104 2309 sit
3133 2263 3221 2309 tua
3253 2251 3446 2323 prada
3470 2293 3488 2320 ,
3527 2251 3680 2306 Deus.

2288 2345 2465 2414 Eripis
2496 2346 2840 2402 innumerum
2873 2347 3130 2418 populum
3161 2345 3230 2402 de
3258 2359 3495 2401 carcere
3526 2342 3734 2404 mortis;

2359 2436 2426 2491 Et
2455 2439 2699 2509 sequitur
2728 2438 2890 2505 liber,
2922 2453 3030 2508 quo
3059 2453 3188 2492 suus
3215 2447 3410 2492 auctor
3443 2435 3592 2491 abis.

2287 2529 2502 2586 Evomit
2529 2533 2841 2602 absorptam
2873 2531 3068 2604 pavide
3099 2531 3212 2587 fera
3245 2530 3436 2586 bellua
3468 2529 3711 2602 plebem;

2355 2625 2423 2679 Et
2452 2624 2520 2680 de
2549 2624 2702 2680 fauce
2733 2624 2845 2696 lupi
2874 2623 3147 2680 subtrahit
3172 2638 3347 2696 agnus
3376 2637 3542 2679 oves.

2285 2715 2357 2774 85
2388 2718 2521 2774 Hinc
2551 2719 2819 2774 tumulum
2861 2727 3115 2788 repetens
3164 2726 3289 2789 post
3337 2726 3550 2774 tartara
3571 2757 3588 2782 ,
3617 2727 3749 2770 carne
3769 2722 3815 2762 re-

3552 2804 3779 2884 [summ

2356 2907 2588 2978 Belliger
2616 2909 2684 2964 ad
2713 2907 2888 2965 ctelos
2915 2907 3096 2978 ampla
3125 2905 3372 2979 trephaea
3402 2905 3606 2964 refers.

2285 3000 2434 3070 Quos
2461 2999 2648 3055 habuit
2680 3000 2895 3071 pmnale
2923 2998 3122 3064 chaos,
3151 3000 3262 3069 jam
3294 2998 3548 3054 reddidit
3577 2997 3696 3058 istc;

2358 3094 2428 3150 Et
2455 3109 2590 3166 quos
2619 3109 2767 3150 mors
2798 3103 3042 3166 peteret,
3077 3094 3177 3149 hos
3207 3107 3348 3148 nova
3381 3093 3501 3148 vita
3536 3096 3692 3147 tenet.

2284 3189 2402 3246 Rex
2431 3204 2608 3254 sacer,
2641 3202 2770 3244 ecce
2802 3188 2878 3243 tui
2912 3187 3088 3243 radiat
3119 3200 3246 3258 pars
3278 3198 3482 3257 magna
3515 3179 3744 3253 tropbzi,

2210 3273 2256 3336 C
2288 3284 2358 3340 90
2385 3281 2523 3338 Cum
2554 3297 2716 3352 puras
2741 3282 2952 3337 animas
2981 3295 3135 3336 sacra
3167 3281 3383 3336 lavacra
3417 3281 3608 3336 beant.

2286 3375 2562 3432 Candidus
2590 3376 2870 3446 egreditur
2899 3375 3088 3432 nitidis
3118 3376 3396 3431 exercitus
3430 3373 3625 3438 undis;

2361 3472 2537 3539 Atque
2565 3477 2720 3524 vetus
2747 3467 2937 3523 vitium
2968 3456 3160 3539 purgat
3183 3469 3235 3522 in
3259 3481 3423 3523 amne
3452 3479 3615 3522 novo.

2287 3563 2580 3635 Fulgentes
2608 3564 2818 3619 animas
2846 3562 3016 3618 vestis
3043 3577 3262 3633 quoque
3289 3561 3530 3617 candida
3559 3559 3738 3626 signat;

2367 3658 2433 3712 Et
2461 3671 2626 3728 grege
2656 3656 2724 3711 de
2754 3657 2914 3711 niveo
2942 3653 3135 3726 gaudia
3169 3661 3358 3724 pastor
3390 3653 3581 3708 habet.

586 3741 659 3798 55
687 3740 787 3808 Qui
825 3755 996 3812 genus
1026 3740 1320 3798 humanum
1359 3757 1591 3798 cernens
1632 3757 1871 3798 mersum
1910 3758 2032 3798 esse
2062 3757 2192 3814 pro-
2293 3750 2366 3807 95
2394 3750 2630 3806 Additur
2661 3751 2762 3806 hac
2791 3749 2943 3806 Felix
2973 3763 3207 3804 concors
3238 3748 3501 3804 mercede
3530 3738 3770 3801 sacerdos.

1879 3833 2116 3909 [tundo,]

655 3928 721 3986 Ut
753 3929 1027 3986 hominem
1058 3931 1302 4002 eriperes
1324 3972 1342 3998 ,
1373 3945 1434 3986 es
1463 3945 1680 4002 quoque
1709 3928 1890 3986 factus
1921 3929 2105 3984 horno.

576 4023 688 4080 Nec
719 4033 905 4080 nostro
937 4024 1392 4082 tantum-voluisti
1423 4039 1455 4080 e
1485 4039 1718 4094 corpore
1748 4026 1896 4081 nasci
1918 4067 1934 4089 ,

646 4117 756 4174 Sed
786 4133 913 4174 caro
933 4160 948 4184 ,
981 4134 1102 4191 quae
1135 4119 1281 4174 nasci
1313 4117 1537 4191 pertulit
1560 4159 1574 4182 ,
1607 4125 1770 4188 atque
1800 4117 1959 4173 mori.

579 4210 809 4266 Funeris
837 4212 1094 4283 exequias
1127 4212 1295 4282 patris
1324 4203 1500 4266 novus
1529 4221 1742 4278 auctor,
1774 4221 1831 4267 et
1860 4212 2008 4268 orbis
2030 4255 2045 4279 ,

575 4303 646 4358 60
676 4303 818 4360 Intra
848 4307 1039 4362 mortis
1068 4305 1172 4363 iter
1198 4305 1381 4362 dando
1409 4305 1601 4362 salutis
1629 4321 1810 4378 Opem.

2363 3844 2464 3913 Qui
2495 3846 2626 3902 dare
2653 3847 2771 3901 vult
2803 3845 3034 3900 Domino
3062 3844 3224 3914 dupla
3256 3843 3463 3899 talenta
3494 3855 3612 3897 suo.

2291 3935 2372 3992 Ad
2404 3938 2628 3994 meliora
2661 3937 2885 3994 trahens
2913 3937 3101 4008 gentili
3131 3950 3323 3992 errore
3351 3944 3612 4008 vagantes
3631 3971 3646 3996 ,

2360 4030 2537 4086 Bestia
2569 4047 2638 4087 ne
2667 4040 2920 4102 raperet,
2954 4031 3129 4086 munit
3158 4029 3303 4086 ovile
3334 4029 3458 4086 Dei.

2287 4120 2436 4188 Quos
2466 4121 2620 4194 prius
2649 4122 2760 4178 Eva
2792 4137 2997 4179 nocens
3025 4121 3330 4188 infecerat,
3363 4119 3470 4177 hos
3499 4116 3651 4176 modo
3675 4105 3790 4168 reddit

2290 4215 2394 4272 100
2424 4215 2679 4273 Ecclesiae
2708 4225 2895 4287 pastor
2924 4216 3094 4274 ubere
3123 4216 3264 4272 lacte
3291 4217 3439 4272 sinu.

1827 4468 2214 4527 LECTIONES
2251 4468 2669 4526 VARIANTES.

637 4601 701 4667 Υ.
841 4604 971 4667 4cer
992 4617 1113 4657 nux.
1139 4604 1236 4655 Alii
1260 4605 1457 4667 legunt,
1484 4619 1709 4658 acernus.

636 4664 698 4716 ν.
725 4664 803 4714 42.
841 4665 1040 4716 Cuncta.
1068 4667 1145 4716 ΑΙ.
1170 4664 1379 4719 Puncta.

638 4727 700 4778 ν.
728 4729 809 4792 gi.
847 4729 952 4792 Has
974 4727 1240 4792 inter,etc.
1267 4731 1462 4780 Aliter:
1778 4762 1780 4764 τ

729 4789 834 4861 llas
844 4790 985 4861 inter
1009 4789 1236 4861 minimus
1261 4804 1430 4861 passer
1453 4804 1622 4842 amore
1646 4805 1786 4844 cano.

636 4849 697 4902 ν.
720 4853 800 4904 50.
836 4851 1006 4905 Patris
1026 4866 1130 4904 ore.
1157 4855 1234 4907 Al.
1260 4849 1546 4906 Penetrare.

636 4913 697 4965 ν.
724 4917 803 4980 59.
840 4913 1073 4980 Funeris,
1100 4923 1200 4967 etc.
1232 4918 1393 4968 Aliter
1420 4933 1433 4967 :

731 4978 947 5043 Funeris
971 4978 1214 5043 exequias
1231 4981 1413 5042 pateris
1429 4981 1542 5031 vita:
1563 4988 1733 5032 auctor
1752 4988 1804 5033 et
1825 4983 1980 5034 orbis.

637 5039 699 5089 ν.
725 5042 806 5092 60.
846 5041 1007 5092 Intra.
1034 5039 1113 5091 ΑΓ.
1143 5039 1330 5093 Intras.

637 5102 700 5152 V.
725 5105 806 5154 61.
849 5102 1033 5156 Tristia
1055 5111 1324 5157 cessarunt.
1341 5104 1418 5156 Al.
1447 5103 1631 5159 Tristia
1647 5113 1911 5159 cesserunt.

2199 4607 2254 4671 D
2341 4609 2402 4659 V.
2430 4609 2510 4660 6i.
2547 4611 2779 4661 .Eternaz.
2801 4607 2878 4659 Al.
2905 4612 3152 4662 Etterraa.

2347 4672 2408 4723 ν.
2429 4673 2508 4722 65.
2546 4672 2836 4724 Sollicitam.
2861 4672 2942 4722 Al.
2967 4671 3265 4724 Pollicitam.

2347 4734 2410 4784 V.
2435 4734 2514 4784 68.
2553 4738 2685 4787 Non.
2706 4734 2785 4785 Al.
2815 4736 2940 4785 Nec.
2963 4736 3038 4784 AI.
3060 4737 3188 4786 Neu.

2350 4797 2408 4861 Υ.
2435 4797 2516 4848 80.
2551 4801 2780 4861 Raperet.
2807 4795 3108 4861 AI._Rapuit.

2351 4859 2412 4910 V.
2437 4862 2516 4909 82.
2550 4857 2688 4912 Aliis.
2709 4860 2788 4910 Al.
2813 4857 2950 4912 Αάὶι.

2351 4923 2412 4973 ν.
2437 4922 2517 4974 87.
2555 4924 2678 4974 Iste.
2702 4923 2778 4972 Al.
2806 4924 2871 4973 In
2892 4928 2955 4973 te.

2351 4987 2514 5049 v.89.
2555 4983 2802 5049 Traphwi.
2827 4985 2907 5036 Al.
2940 4982 3214 5049 Triumphi.

2353 5048 2414 5100 V.
2440 5049 2522 5101 95.
2563 5048 2793 5102 Concors.
2821 5049 2900 5100 Al.
2924 5049 3149 5101 Consors.

1987 5259 2540 5319 ANNOTATIONES.

657 5414 925 5495 Vers._39.
956 5415 1273 5495 Salaefesta
1293 5418 1422 5486 dies,
1454 5430 1556 5477 toto
1583 5423 1880 5478 venerabilis
1901 5438 2028 5490 terra,
2061 5425 2180 5492 Qua
2285 5425 2373 5481 cui
2403 5423 2638 5480 disticho
2668 5433 2818 5481 recte
2842 5426 3004 5482 etiam
3027 5426 3160 5483 illud
3180 5426 3529 5485 continenter
3546 5413 3776 5495 adeIIISiW

579 5487 718 5568 ρεῳ
744 5489 1008 5568 infernum
1035 5489 1154 5544 vicit
1178 5500 1225 5543 et
1253 5501 1392 5546 astra
1427 5502 1580 5548 tenet.
1617 5497 1952 5568 Auctoritatc
1972 5487 2178 5568 codicis

580 5558 818 5640 Yaticani
849 5568 1083 5615 mutatus
1111 5569 1430 5640 est_versus,
1459 5574 1683 5640 ut_esset
1708 5575 1830 5640 post
1850 5567 2038 5636 viginti
2060 5566 2178 5640 dis;

577 5629 719 5684 ticha
742 5673 758 5694 ,
808 5645 915 5699 quo
957 5644 1091 5687 sane
1121 5632 1172 5686 in
1203 5633 1323 5688 loco
1353 5629 1477 5691 esse
1507 5635 1685 5692 debet.
1710 5629 1852 5692 Nam
1887 5629 2012 5691 a'nte
2043 5637 2177 5692 nihil

580 5700 648 5756 de
687 5701 946 5757 Passione
991 5704 1074 5758 vel
1115 5703 1532 5760 Resurrectione
1561 5708 1764 5763 Christi
1818 5708 2015 5763 dicitur
2043 5726 2056 5761 :
2083 5707 2180 5762 sed

579 5788 671 5826 ver
703 5774 877 5843 ipsum
904 5791 969 5828 ex
999 5775 1181 5828 multis
1211 5778 1443 5845 propriis
1476 5790 1680 5832 natura:
1705 5795 1816 5833 sum.
1841 5780 1994 5832 benis
2025 5795 2176 5834 com—

579 5845 882 5899 mendatur.
918 5845 1208 5909 Postquam
1233 5861 1362 5900 vero
1385 5847 1520 5902 facta
1545 5860 1627 5903 est
1655 5850 1859 5905 mentio
1888 5851 2182 5905 Resurrec-

581 5915 773 5992 tionis,
819 5923 968 5971 recte
1013 5915 1145 5970 illud
1193 5917 1406 5972 additur
1437 5937 1447 5969 :
1478 5919 1638 5975 Salve
1683 5922 1815 5978 festa
1861 5921 2178 5991 dies,'etc.,

2410 5538 2653 5606 ﬁobilitas
2674 5540 2806 5606 anni,
2829 5553 3073 5606 mensum,
3097 5540 3182 5606 lux
3205 5541 3332 5591 alma
3353 5542 3569 5606 dierum,

2409 5601 2652 5651 Horarum
2675 5601 2934 5666 splendor,
2954 5603 3162 5654 stridula
3185 5612 3363 5668 puncta
3385 5601 3569 5657 favent.

2363 5709 2626 5764 Nobilitas
2656 5712 2800 5764 enim
2829 5710 3114 5781 legendum
3147 5719 3231 5766 est
3275 5726 3347 5767 ex
3375 5713 3562 5768 codice
3586 5702 3790 5781 Vaticani,

2291 5791 2346 5834 ut
2377 5783 2490 5834 laus
2521 5781 2699 5848 aliqua
2728 5781 2805 5835 illi
2837 5770 2941 5835 dici
2961 5824 2974 5846 ,
3008 5799 3166 5852 quem
3198 5783 3422 5838 laudare
3451 5787 3591 5846 vult.
3619 5770 3792 5852 allrib"_’j

2291 5863 2414 5923 tur;
2448 5867 2569 5923 cum
2601 5825 2670 5907 ex
2704 5825 3041 5918 mobilitate:
3069 5865 3126 5908 ιιι
3155 5862 3271 5909 erat
3314 5825 3634 5921 alife,‘nitila
3656 5825 3791 5923 Ιειυῇἶίῗ

2247 5973 2256 5978 -
2292 5907 2433 5980 diem
2467 5922 2699 5994 aliquem
2725 5907 2995 5981 accedere,
3016 5907 3222 5996 possit,
3251 5907 3377 5995 quia
3394 5907 3607 5984 hoe-est
3631 5907 3788 5977 omnibus
