3950 6368
21 321 107 378 Ξ8
122 317 163 378 9
1615 311 2014 382 ᾹΞΝΙΟΜΑΤΑ.

21 436 307 492 Mitibus
352 435 614 507 alloquiis
643 435 874 507 agrestia
903 433 1066 491 corda
1096 434 1350 502 colendo,
1740 443 1792 502 Α

104 527 393 584 Munere
424 527 628 584 Felicis
657 529 725 584 de
753 543 914 600 vepre
943 537 1064 583 nata
1096 543 1272 599 seges.

21 623 294 690 Aepera
336 635 479 690 gens
510 622 688 689 Saxo,
722 622 911 677 vivens
939 621 1090 689 quasi
1118 636 1270 678 more
1299 621 1506 692 ferino,

106 713 212 770 Te
251 714 586 771 medicante
614 729 789 784 sacer,
822 714 999 771 bellua
1028 714 1205 771 reddit
1234 731 1412 772 ovem.
1949 721 2067 778 Una
2097 737 2297 779 corona
2332 724 2425 779 tibi
2457 725 2616 782 detur
2646 737 2702 783 et
2749 729 3021 786 tribuatur
3048 731 3115 788 ab
3133 732 3282 802 alto,

21 807 158 865 105
237 805 518 865 Centeno
540 807 718 864 reditu
747 816 924 864 tecum
955 823 1210 865 mansura
1241 825 1338 882 per
1359 826 1557 878 mvum,
1805 813 1910 871 “0
2049 814 2235 874 Altera
2263 815 2332 873 de
2373 819 2574 889 populo
2598 832 2790 879 vernet
2817 823 3011 896 adepta
3046 834 3156 882 tuo.

1455 922 1813 983 VARIORUM
1852 927 2085 986 ΝΟΤᾸΞ.

22 1052 406 1110 commune.
441 1037 751 1110 Legendum
793 1053 1003 1110 quoque
1031 1047 1145 1106 est,
1177 1039 1396 1094 stridula
1422 1052 1613 1110 puncta
1649 1042 1704 1098 in

26 1109 334 1182 secundo
367 1109 564 1174 versu,
597 1121 656 1165 ut
683 1111 863 1164 omnia
894 1109 958 1164 ad
990 1111 1130 1165 diem
1164 1109 1483 1166 referantur.
1511 1113 1702 1182 Aliqua

28 1183 161 1236 alia
199 1182 265 1236 in
305 1181 401 1236 his
428 1182 758 1236 carminibus
789 1189 1082 1244 mutantur,
1109 1197 1230 1252 qum
1261 1191 1438 1238 tamen
1473 1181 1702 1241 melibra

33 1252 208 1323 facta
249 1262 398 1308 sunt
433 1271 446 1307 :
478 1253 623 1323 quod
653 1253 829 1323 quivis
859 1252 1000 1306 hunc
1028 1253 1222 1307 librum
1249 1269 1371 1310 cum
1404 1254 1526 1309 aliis
1566 1269 1702 1311 con-

32 1322 262 1380 ferens
306 1322 618 1394 intelligere
647 1322 862 1394 poterit.
897 1324 1224 1380 Tnonasms.

130 1395 319 1451 Vers.
353 1396 479 1466 10f.
511 1395 739 1449 Milibus.
766 1395 833 1450 lli
854 1407 1143 1466 sequentes
1174 1411 1359 1452 versus
1385 1397 1550 1452 additi
1574 1408 1700 1455 sunt

37 1481 117 1521 ex
173 1468 395 1538 codice
425 1465 686 1522 Vaticano
733 1482 762 1520 a
809 1466 852 1520 Τ
857 1466 1138 1533 bomasio,
1187 1469 1340 1538 cujus
1389 1468 1503 1524 haec
1533 1471 1697 1525 verba

41 1547 219 1593 sunt.
259 1538 330 1593 In
384 1537 488 1592 boc
539 1547 786 1606 poemate
835 1555 899 1593 ex
947 1538 1037 1593 illo
1083 1537 1270 1594 codice
1301 1539 1478 1594 addidi
1507 1541 1694 1598 decem

40 1623 268 1664 versus
296 1650 314 1675 ,
345 1611 437 1680 qui
466 1609 666 1677 Optime
693 1624 815 1664 cum
868 1610 1042 1680 reipsa
1094 1612 1439 1676 conveniunt,
1491 1623 1544 1666 et
1600 1613 1697 1668 de-

45 1682 313 1754 clarant,
360 1696 458 1737 cur
507 1680 594 1754 illa
651 1682 889 1736 carmina
942 1681 1008 1734 ad
1071 1681 1301 1754 Feﬂcem
1368 1683 1692 1754 Episcopum

52 1751 392 1808 Venantius
443 1753 750 1823 scripserit,
810 1754 900 1823 qui
948 1767 1080 1809 sane
1146 1752 1296 1809 Felix
1366 1751 1692 1812 nullus'est

3307 332 3416 393 Q90

2101 443 2291 498 Messis
2311 444 2636 500 abundantis
2665 444 2859 502 horrea
2884 447 3038 520 fruge
3070 451 3268 520 reples.

1956 535 2296 592 Immaculata
2321 539 2424 594 tuis
2456 540 2605 610 plebs
2635 539 2749 596 bmc
2771 541 3002 612 agitetur
3041 543 3090 598 iu
3131 546 3304 614 ulnis,

2093 629 2272 700 Atque
2302 629 2410 686 Deo
2431 647 2625 703 purum
2658 633 2849 705 pignus
2873 635 2940 690 ad
2969 645 3111 690 astra
3143 637 3304 693 feras.

1813 1042 2179 1134 .Itot‘i‘iauorum
2207 1049 2675 1134 ξειῃιίῆοιεηῃέω
2699 1056 2799 1134 fuit
2829 1059 3020 1130 aliquis
3041 1078 3107 1117 ex
3132 1065 3318 1134 primis
3343 1068 3410 1122 il-

1911 1117 2190 1174 Saxonum
2218 1115 2690 1199 Episc0pistam
2723 1115 3414 1199 Saxoués,cumra"(-I-arolo

1810 1187 1999 1278 magno
2023 1200 2170 1278 _pos_t
2218 1187 2434 1278 bellum
2465 1198 2677 1278 triginta
2709 1187 2996 1278 annorum
3060 1187 3137 1260 eti
3162 1187 3413 1278 “amp-lius

1810 1264 1970 1348 victin
1984 1272 2198 1344 essent,
2229 1264 2568 1348 religio'neni
2585 1271 2958 1348 pl_t_ristiana_m
3005 1264 3360 1348 susceperunt
3395 1264 3410 1335 ξ

1807 1346 1871 1416 ex
1930 1330 2190 1416 {inmanis
2225 1330 2390 1416 fere;
2414 1337 2768 1416 Pontificibus
2813 1345 3034 1400 ultimus
3079 1330 3191 1416 quir
3208 1330 3414 1408 nomen

1807 1399 1907 1485 ltoc
1934 1401 2127 1485 elicis
2154 1405 2336 1485 habuit
2365 1407 2461 1485 fuit
2484 1409 2631 1465 Felix
2659 1411 2751 1485 _lV,
2781 1417 2869 1485 qui
2897 1399 3066 1470 multo

1805 1472 1912 1563 lunt
1950 1474 2198 1563 Magnum.
2228 1479 2378 1563 visit.
2407 1481 2528 1535 lllos
2553 1481 2682 1563 vero
2705 1472 2888 1563 decem
2911 1472 3409 1563 versusproplerea

2098 1547 2372 1636 addendos
2400 1593 2416 1618 ,
2447 1554 2605 1636 quia
2643 1558 2847 1636 optime
2899 1575 3020 1615 cum
3076 1545 3138 1636 re.
3164 1545 3410 1636 68'nt

1803 1621 1980 1699 agitur
2008 1621 2376 1689 conveniunt,
2407 1633 2462 1679 et
2494 1621 2639 1694 'quia
2660 1621 2729 1699 in
2761 1629 2866 1684 line
2898 1635 3162 1699 poematis
3191 1621 3409 1691 addilus

1797 1697 1917 1764 erat
1947 1705 2202 1764 numerus
2237 1709 2489 1750 versuum
2535 1712 2623 1763 cx,
2653 1698 2724 1752 ita
2756 1710 2813 1755 ut
2857 1697 3080 1758 omnino
3110 1705 3299 1763 decem
3343 1707 3412 1764 ad

1796 1759 2118 1830 explendum
2149 1777 2429 1819 numerum
2455 1759 2724 1824 deessent.

68 1883 3383 1935 ww“

1445 1995 1661 2054 C(ELII
1698 1996 2065 2058 SYMPHOSII

1181 2149 2313 2272 ENIGMATA-

257 2369 392 2426 Haec
453 2383 668 2441 quoque
726 2366 1084 2440 Sympbosius
1145 2367 1212 2422 de
1269 2368 1510 2423 carmine
1567 2367 1772 2430 lusitB
2237 2376 2292 2431 5.
2324 2376 2564 2434 Annulus
2590 2397 2707 2436 cum
2732 2400 2951 2454 gemma.

1454 2457 1658 2532 [inepto
1675 2478 1690 2529 ;

255 2558 353 2615 Sic
382 2567 462 2624 tu,
490 2557 674 2624 Sexte,
709 2555 895 2622 doces,
920 2554 1000 2610 sic
1029 2565 1081 2610 te
1104 2552 1279 2609 deliro
1319 2553 1601 2623 magiStro.

255 2651 458 2706 Annua
476 2649 696 2704 Saturni
724 2647 852 2703 dum
881 2656 1122 2717 tempora
1149 2645 1286 2702 festa
1318 2644 1578 2710 redirent,

265 2743 540 2815 Perpetuo
567 2757 784 2812 semper
814 2741 972 2797 nobis
999 2741 1266 2796 solemnia
1295 2741 1441 2806 ludo,

146 2840 182 2894 5
258 2837 394 2894 Post
415 2837 602 2909 epulas
630 2837 798 2900 laetas,
827 2846 958 2906 post
973 2835 1158 2905 pocula
1185 2835 1356 2890 dulcia
1382 2850 1583 2890 mensze

259 2932 472 2988 Deliras
497 2931 637 2986 inter
662 2930 872 2986 vetulas
900 2943 1206 2999 puerosque
1236 2928 1507 2999 loquaces,

260 3023 398 3079 Cum
425 3031 694 3092 streperet
721 3022 830 3077 late
857 3021 1086 3077 madidae
1108 3020 1356 3077 facundia
1387 3021 1612 3092 linguae:

262 3117 401 3174 Tum
432 3117 658 3172 verbosa
679 3115 878 3172 cohors
901 3115 1079 3170 studio
1104 3116 1370 3172 sermonis
1394 3116 1561 3188 inepti

265 3209 466 3265 Nescio
490 3223 625 3279 quas
647 3209 845 3278 passim
872 3222 1068 3278 magno
1093 3207 1164 3264 de
1195 3209 1413 3264 nomine
1450 3225 1620 3282 nugas

118 3303 192 3360 10
266 3302 367 3358 Est
385 3301 639 3358 meditata
661 3301 886 3366 diu,sed
911 3299 1098 3357 frivola
1129 3301 1293 3356 multa
1323 3302 1521 3357 locuta.

265 3394 377 3450 Nec
405 3393 678 3450 mediocre
701 3392 799 3448 fuit
815 3394 992 3463 magni
1013 3394 1328 3449 certaminis
1349 3395 1541 3458 instar,

269 3489 478 3546 Ponere
506 3488 740 3556 diverse,
767 3488 851 3544 vel
874 3488 1085 3545 solvere
1104 3505 1333 3560 quaeque
1355 3490 1614 3546 vicissim.

268 3585 369 3641 Ast
395 3599 498 3654 ego
529 3599 596 3640 ne
623 3582 946 3640 solus‘foede
972 3582 1206 3640 tacuisse
1233 3583 1469 3652 viderer,

267 3677 371 3746 Qui
397 3677 532 3734 nihil
559 3676 847 3734 attuleram
886 3692 1097 3735 mecum
1145 3677 1294 3750 quod
1337 3677 1520 3735 dicere
1565 3692 1688 3748 pos-

738 3791 741 3793 _
1484 3789 1487 3792 _
1515 3771 1681 3844 [sm

122 3865 199 3922 15
275 3861 381 3918 llos
401 3877 590 3919 versus
621 3861 722 3919 feci
748 3862 926 3919 subito
951 3863 1019 3920 de
1044 3864 1284 3920 carmine
1307 3865 1476 3920 vocis.

273 3955 494 4012 Insanos
523 3956 666 4012 inter
684 3971 875 4013 sanum
904 3973 1010 4013 non
1033 3972 1154 4014 esse
1181 3973 1407 4016 necesse
1436 3967 1538 4014 est.

278 4049 354 4106 Da
373 4049 610 4116 veniam,
644 4049 838 4116 lector,
868 4050 914 4105 si
944 4065 1051 4105 non
1081 4051 1225 4122 sapit
1250 4051 1397 4108 ebria
1427 4051 1596 4107 Musa.

540 4144 594 4200 l.
626 4141 916 4214 Graphium
939 4143 1044 4203 sive
1062 4142 1249 4215 stglus.

272 4235 345 4292 De
367 4251 576 4292 summo
603 4235 814 4305 planus,
845 4237 940 4291 sed
969 4250 1074 4291 non
1102 4250 1204 4306 ego
1229 4237 1417 4305 planus
1445 4236 1498 4291 in
1533 4239 1646 4292 imo
1665 4277 1682 4303 ,

271 4325 464 4384 Versor
491 4326 742 4399 utrinque
768 4342 950 4392 manu,
982 4326 1195 4382 diversa
1237 4335 1291 4381 et
1317 4341 1541 4382 munera
1565 4327 1687 4383 fun-

1530 4420 1650 4492 [κοι-
1668 4438 1684 4487 ς

269 4513 443 4570 Altera
472 4527 594 4584 pars
645 4521 865 4570 revocat
890 4511 1141 4582 quicquid
1175 4525 1299 4581 pars
1327 4511 1495 4568 altera
1538 4513 1684 4570 fecit.

721 4607 777 4662 2.
822 4608 883 4660 ,41
896 4608 1054 4659 unde.

276 4700 471 4755 Littora
499 4715 714 4770 semper
733 4715 877 4766 amo,
905 4700 1036 4769 ripis
1065 4699 1237 4754 vicina
1264 4699 1576 4769 profundis,

277 4795 444 4851 Suave
469 4808 670 4849 canens
695 4792 882 4858 Musis;
918 4793 1068 4864 nigro
1095 4791 1310 4863 perfusa
1338 4793 1543 4863 colore,

280 4887 465 4945 Nuntia
489 4903 609 4945 sum
635 4887 848 4959 linguae,
879 4887 1062 4959 digitis
1087 4888 1296 4960 signata
1325 4889 1588 4959 magistri.

1711 4579 1770 4640 D

1798 2461 2058 2532 Corporis
2085 2468 2317 2522 extremi
2347 2484 2456 2524 non
2487 2486 2739 2544 magnum
2771 2480 2984 2548 pondus
3010 2482 3214 2540 adhaesi
3239 2504 3253 2554 ;

1798 2553 2098 2626 Ingenitum
2120 2559 2290 2627 dicas,
2323 2563 2394 2618 ita
2425 2566 2663 2634 pondere
2688 2585 2848 2627 nemo
2871 2587 3158 2643 gravatur:

1796 2645 1914 2703 Una
1946 2657 2125 2706 tamen
2159 2651 2344 2721 facies,
2381 2657 2564 2725 plures
2592 2661 2835 2719 habitura
2865 2665 3082 2738 figuras.

2456 2750 2513 2804 4.
2541 2753 2732 2810 Cluvia.

1799 2830 2037 2905 Virtutes
2065 2852 2286 2908 magnas
2313 2839 2381 2898 de
2409 2841 2612 2899 viribus
2642 2845 2814 2904 affero
2842 2855 3040 2921 parvis.

1795 2924 1977 3024 gaude
1996 2926 2188 2984 domos
2213 2931 2428 2990 clausas
2453 2953 2466 2988 :
2496 2937 2693 2994 iterum
2725 2944 2822 3024 sed
2852 2945 3047 3004 claudo
3074 2960 3321 3021 patentes
3349 2974 3364 3024 ;

1793 3016 1962 3074 Servo
1991 3021 2212 3080 domum
2242 3025 2464 3086 domino
2493 3049 2506 3084 :
2539 3032 2634 3088 sed
2661 3019 2847 3093 rursus
2873 3016 3161 3102 servor-ab
3180 3047 3318 3118 ipso.

2442 3123 2496 3178 5.
2532 3124 2744 3184 Catena.

1792 3202 1937 3259 Nexa
1960 3205 2096 3277 ligor
2122 3207 2290 3278 ferro,
2322 3214 2521 3270 multos
2549 3216 2797 3276 habitura
2831 3223 3044 3294 ligatos.

1797 3294 2015 3352 Vinciur
2046 3300 2161 3369 ipsa
2191 3303 2360 3372 prius,
2389 3307 2484 3362 sed
2511 3309 2688 3366 vincio
2715 3314 2889 3370 vincta
2915 3320 3173 3378 vicissim.

1796 3386 1864 3442 Et
1888 3391 2024 3445 solvi
2053 3395 2274 3464 multos,
2306 3413 2406 3454 nec
2425 3415 2545 3456 sum
2579 3413 2756 3461 tamen
2789 3409 2902 3478 ipsa
2934 3415 3128 3472 soluta.

2436 3494 2490 3550 6.
2523 3496 2740 3570 Tegula.

1795 3575 1964 3633 Terra
1996 3580 2127 3638 mihi
2157 3598 2374 3655 corpus,
2409 3589 2550 3645 vires
2581 3592 2711 3648 mihi
2741 3599 2990 3664 praestitit
3012 3601 3184 3672 ignis:

1795 3672 1918 3728 Alta
1944 3673 2138 3734 domus
2163 3694 2370 3750 quaero,
2398 3679 2556 3740 sedes
2592 3697 2677 3743 est
2699 3703 2917 3762 semper
2939 3693 2993 3750 iu
3026 3697 3174 3755 imo:

1794 3763 2096 3855 Perfundor
2123 3769 2362 3843 liquidis,
2393 3775 2488 3832 sed
2513 3792 2602 3835 me
2625 3781 2733 3836 cito
2764 3783 2967 3843 deserit
2998 3789 3210 3850 humor.

2441 3869 2492 3924 7.
2529 3871 2745 3930 Fumus.

1792 3949 1929 4008 Sunt
1952 3955 2105 4023 milii,
2137 3970 2262 4014 sunt
2285 3961 2558 4034 lacrymas,
2587 3969 2683 4023 sed
2715 3985 2822 4026 non
2854 3982 2940 4029 est
2971 3991 3132 4035 causa
3164 3981 3392 4043 doloris.

1794 4043 1890 4142 Est
1919 4046 2022 4103 iter
2040 4048 2107 4103 ad
2136 4052 2355 4121 caelum,
2381 4056 2476 4111 sed
2507 4073 2594 4114 me
2613 4061 2793 4131 gravis
2824 4065 3049 4135 impedit
3078 4087 3174 4128 aer
3201 4091 3216 4142 ;

1794 4135 1863 4192 Et
1889 4139 1978 4209 qui
2011 4155 2098 4195 me
2118 4145 2321 4213 genuit,
2347 4147 2465 4203 sine
2483 4165 2568 4204 me
2599 4167 2706 4206 non
2735 4157 2975 4214 nascitur
2997 4160 3131 4231 ipse.

2440 4240 2496 4295 8.
2523 4240 2749 4299 Nebula.

1794 4322 1908 4416 μοι
1936 4340 2036 4396 ego
2056 4341 2173 4381 sum
2205 4327 2363 4396 facie,
2386 4332 2480 4387 sed
2514 4350 2618 4388 non
2644 4351 2762 4392 sum
2790 4341 2939 4412 nigra
2961 4345 3176 4416 colore;

1794 4411 1960 4484 Inque
1998 4416 2140 4472 diem
2173 4419 2405 4476 mediam
2450 4424 2700 4484 tenebras
2730 4411 2906 4488 tamen
2935 4436 3110 4496 affero
3142 4411 3388 4508 mecum:

1798 4505 1906 4563 Nec
1935 4507 2062 4563 mihi
2091 4511 2219 4566 dant
2244 4512 2413 4570 stellae
2440 4517 2636 4585 lucem,
2672 4536 2770 4588 nec
2797 4525 3024 4594 Cynthia
3052 4533 3251 4594 lumen.

2449 4609 2500 4665 9.
2535 4610 2741 4670 Pluvia.

1799 4694 1877 4750 Ex
1906 4695 2016 4750 alto
2044 4699 2220 4766 venio,
2254 4699 2410 4772 longa
2442 4703 2658 4776 delapsa
2689 4711 2863 4766 ruina.

1796 4788 1872 4844 De
1895 4789 2034 4846 coelo
2060 4792 2230 4848 cecidi
2257 4795 2464 4852 medias
2497 4804 2810 4860 transmissa
2836 4823 2932 4878 per
2951 4826 3106 4868 auras
3130 4833 3142 4866 :

1795 4881 2126 4954 Excepitque
2154 4885 2327 4953 sinus,
2349 4889 2440 4961 qui
2460 4907 2546 4948 me
2573 4894 2733 4951 simul
2761 4895 2880 4970 ipse
2903 4907 3124 4976 recepit.

1440 5023 1806 5082 VARIORUM
1836 5021 2064 5077 NOTAE.

189 5149 316 5206 Catii
329 5145 879 5220 Symphosii.Primus,
894 5147 1035 5218 quod
1058 5147 1222 5220 sciam
1234 5191 1248 5208 .
1264 5145 1689 5220 Cbristophorus

122 5225 442 5278 lleumannus
456 5219 560 5274 bos
585 5234 772 5273 versus
793 5219 1072 5274 Lactantio
1093 5219 1294 5282 tribuit,
1319 5234 1546 5288 quorum
1570 5219 1690 5287 qui-

121 5297 237 5350 dem
259 5291 486 5347 meminit
521 5289 578 5345 S.
609 5290 986 5360 Hieronymus.
1018 5290 1080 5343 lli
1125 5289 1270 5360 prius
1303 5290 1430 5344 editi
1477 5289 1686 5344 fuerant

123 5366 218 5420 sub
236 5363 432 5418 nomine
457 5360 602 5415 Caelii
645 5358 896 5415 Firmiuni
918 5360 1182 5431 Symposii
1219 5358 1390 5431 Poeta:
1418 5375 1446 5412 a
1467 5360 1688 5416 Nicolao

124 5435 358 5492 Caussino
385 5450 414 5485 e
439 5432 641 5489 Societ.
674 5433 823 5498 Jesu,
852 5429 1010 5503 atque
1045 5431 1238 5503 adjecti
1274 5429 1689 5503 Hieroquphicis

136 5507 251 5563 ﬂori
270 5505 525 5575 Apollinis.
545 5503 662 5559 Jam
689 5505 754 5558 ab
776 5501 1099 5575 anno-I535,
1121 5502 1314 5575 publici
1333 5501 1469 5572 juris
1491 5504 1691 5575 fecerat

130 5582 237 5636 hare
261 5572 524 5646 aenigmata
551 5577 652 5628 sub
681 5577 897 5629 nomine
945 5574 1244 5645 Symphosii
1262 5584 1438 5646 poeta:
1475 5572 1689 5646 Joacbi-

132 5667 241 5708 mus
262 5645 541 5704 Perionius.
569 5646 672 5701 Alii
695 5647 824 5700 νει-ο
850 5661 957 5699 non
991 5645 1380 5715 Symphosium,
1409 5645 1502 5698 sed
1537 5645 1691 5715 Sym—

135 5721 311 5789 posium
345 5727 615 5789 vocarunt.
659 5721 858 5789 Ansatn
904 5731 1040 5789 vero
1076 5715 1480 5789 _arripuit_haud
1530 5716 1692 5789 dubie

135 5784 446 5874 lleumattnus
467 5788 749 5849 Lactantio
777 5785 1045 5849 tribuendi
1077 5787 1189 5843 lucc
1216 5784 1521 5853 aenigmata,
1547 5785 1692 5860 quod

1793 5143 1846 5232 in
1876 5142 2196 5232 quibusdam
2225 5146 2550 5232 editiouibus
2571 5150 2718 5232 Celii
2746 5153 3005 5232 Fjjrtniani
3028 5161 3236 5218 titulum
3269 5183 3397 5232 pra!-

1793 5215 1972 5303 ferant
1984 5232 2000 5303 ξ
2044 5225 2104 5303 et
2151 5232 2345 5298 nomen
2395 5219 2575 5303 [lectae
2619 5228 2709 5294 qui
2765 5215 3082 5303 Symposius
3119 5215 3396 5296 dicebatur

1792 5288 2386 5367 putavit.Symposium,
2419 5294 2466 5345 itl
2501 5306 2616 5362 est,
2639 5288 2950 5351 ἐοηυῆνὶιίηι
2997 5288 3394 5367 ἰιιερτὶὺέιῖἇῶιί

1791 5374 1934 5412 esse.
1969 5358 2058 5435 Sic
2086 5358 2843 5435 etiamrecentioresqttidam
2875 5370 3162 5427 ediderunt
3187 5358 3394 5435 salii;

1789 5446 1882 5512 nes
1905 5429 2208 5512 conuiuales.
2239 5430 2492 5512 attamen
2535 5429 2726 5491 eruditi
2743 5454 2958 5512 omnes,
3003 5458 3065 5495 ac
3090 5429 3392 5512 prsesertim

1791 5499 2536 5584 Joan.‘Albcrt._.Fabricius,
2571 5523 2677 5561 non
2723 5499 3114 5568 desceutlerunl
3157 5499 3394 5579 ἱηἾῙᾶιῖ

1795 5581 1974 5628 manui
1998 5581 2339 5625 sententiam.

1869 5643 2056 5696 Dulcia
2091 5658 2294 5694 mensa}.
2332 5642 2462 5697 l‘linc
2503 5654 2646 5724 patet
2696 5647 2792 5724 bos
2842 5667 3027 5724 versus
3071 5656 3203 5714 nihil
3248 5661 3392 5724 aliud

1798 5729 1939 5796 8589’
1971 5728 2130 5782 quam
2158 5727 2439 5807 ῗῗηῗῗξωδ
2481 5718 2820 5795 θίῬηνίνθΙθςς
2875 5723 3207 5800 Proinderlue
3235 5718 3391 5807 Sytn:

1797 5800 2007 5860 posutm
2025 5797 2219 5841 nomen
2245 5797 2367 5838 esse
2387 5799 2588 5856 opet'ts,
2617 5803 2722 5848 non
2747 5801 2935 5862 poene.
2982 5857 2990 5864 ἱ
