3950 6368
597 234 702 295 291
2058 244 2458 308 EMGIATA.
2636 270 2647 281 -
3770 285 3832 343 ,ξ

1225 358 1311 416 10.
1349 359 1574 418 Glacies.

600 443 752 501 Unda
782 445 856 502 fui
880 447 1171 519 quondam,
1197 452 1339 522 quod
1364 470 1452 510 me
1478 455 1589 511 cito
1616 454 1781 512 credo
1808 455 2085 515 futuram:

595 536 749 596 Nunc
778 538 931 613 rigidi
961 542 1082 599 coeli
1109 542 1258 601 duris
1299 561 1544 605 connexa
1575 550 1818 616 catenis,

592 630 704 688 Nec
725 632 929 690 calcata
948 637 1061 707 pati
1092 651 1331 708 possum,
1368 654 1470 696 nec
1498 640 1643 699 nuda
1681 644 1871 698 teneri.

1070 750 1156 808 11.
1197 751 1421 810 Flumen
1450 764 1502 812 at
1530 756 1708 827 piscis.

589 840 688 897 Est
716 841 910 899 domus
933 844 987 899 in
1014 845 1200 915 terris,
1230 847 1376 903 clara
1406 864 1527 920 quas
1558 865 1694 906 voce
1722 851 1981 909 resultat:

588 932 705 1003 lpsa
734 933 932 990 domus
957 947 1203 1004 resonat,
1239 940 1430 995 tacitus
1451 940 1548 995 sed
1571 956 1677 996 non
1700 951 1858 997 sonat
1887 944 2117 1013 hospes;

582 1024 759 1104 Ambo
774 1035 965 1085 tamen
991 1039 1243 1098 currunt,
1277 1030 1479 1105 hospes
1498 1034 1659 1089 simul
1684 1043 1739 1091 et
1765 1035 1960 1092 domus
1990 1051 2113 1092 una.

1263 1122 1349 1181 12.
1384 1125 1515 1182 Nix.

580 1211 767 1271 Pulvis
790 1229 952 1285 aqua
983 1215 1164 1272 tennis
1192 1217 1410 1274 modico
1437 1234 1559 1274 cum
1590 1220 1828 1289 pondere
1856 1221 2038 1293 lapsus
2057 1263 2073 1289 ,

580 1305 709 1362 Sole
728 1308 978 1378 madens,
1009 1318 1198 1367 {estate
1219 1311 1415 1379 ﬂuens,
1446 1313 1501 1370 in
1532 1313 1732 1387 frigore
1760 1316 1970 1386 siccus,

581 1396 835 1457 Flumina
858 1400 1127 1472 facturus,
1160 1414 1301 1465 tutas
1330 1405 1485 1481 prius
1513 1421 1721 1479 occupo
1751 1417 1945 1469 terras.

1235 1500 1324 1557 i3.
1347 1498 1534 1557 Naris.

582 1586 766 1659 Longa
790 1588 943 1646 feror
976 1590 1135 1647 velox
1164 1590 1421 1650 tormosa:
1450 1593 1560 1651 ﬁlia
1580 1595 1730 1652 silvae
1750 1638 1767 1664 ,

582 1676 868 1739 lnnumera
899 1686 1096 1755 pariter
1124 1687 1379 1742 comitum
1403 1689 1638 1758 stipante
1664 1698 1911 1747 caterva:

580 1773 753 1832 Curro
781 1778 894 1834 vias
921 1779 1140 1847 multas,
1168 1780 1392 1851 vestigia
1419 1783 1567 1839 nulla
1596 1784 1933 1857 relinquens.

1125 1873 1211 1931 M.
1245 1875 1433 1932 Pullus
1461 1876 1516 1932 in
1535 1893 1651 1935 ovo.

575 1961 707 2018 Mira
742 1963 837 2020 tibi
859 1972 1093 2022 releram
1122 1977 1322 2024 nostra:
1349 1969 1645 2040 primordia
1673 1972 1820 2027 vitae.

574 2056 824 2114 Nondum
857 2070 1013 2116 natus
1041 2076 1191 2118 eram
1212 2104 1228 2128 ,
1268 2079 1369 2119 nec
1397 2079 1550 2120 eram
1580 2075 1691 2121 tum
1723 2068 1910 2127 matris
1942 2068 1995 2127 in
2028 2070 2183 2129 alvo:

573 2146 694 2204 Jam
727 2149 901 2221 posito
928 2162 1107 2223 partu,
1137 2163 1321 2209 natum
1354 2170 1442 2210 me
1472 2171 1636 2214 nemo
1671 2157 1908 2217 videbat.

1207 2247 1300 2313 1.5.
1343 2246 1550 2318 Vipera.

572 2335 690 2392 Non
719 2351 939 2408 possum
963 2339 1136 2406 nasci,
1159 2339 1209 2395 si
1233 2354 1341 2397 non
1369 2341 1624 2397 occidero
1642 2352 1895 2400 matrem.

574 2429 761 2489 Occidi
800 2439 1032 2487 matrem
1066 2432 1205 2489 τιού
1235 2447 1323 2489 me
1353 2444 1537 2491 manet
1562 2436 1742 2491 exitus
1764 2436 1936 2493 idem.

573 2521 632 2579 ld
656 2539 776 2582 mea
805 2540 953 2582 mors
982 2525 1205 2598 patitur,
1232 2527 1380 2598 quod
1407 2526 1518 2597 iam
1544 2542 1669 2585 mea
1694 2529 1825 2585 iecit
1844 2530 2018 2602 origo.

1224 2619 1315 2675 16.
1348 2618 1529 2676 Tinea.

575 2710 781 2768 Littera
810 2727 898 2768 me
923 2712 1091 2783 pavit,
1118 2727 1218 2769 nec
1245 2711 1377 2784 quid
1407 2713 1478 2769 sit
1504 2712 1685 2769 littera
1706 2714 1853 2770 novi.

571 2803 629 2859 ln
654 2803 806 2860 libris
829 2805 957 2877 vixi,
986 2820 1088 2863 nec
1114 2819 1236 2865 sum
1266 2805 1563 2862 studiosior
1583 2806 1731 2863 inde.
1966 2861 1971 2865 .

569 2898 739 2956 Exedi
762 2899 967 2969 lassas,
1000 2914 1102 2958 nec
1129 2899 1310 2957 adhuc
1337 2909 1516 2956 tamen
1546 2899 1660 2972 ipsa
1694 2899 1922 2972 profeci.

499 3012 502 3015 λ
1217 2994 1307 3049 17.
1340 2995 1565 3050 Aram.

566 3087 743 3145 Pallas
766 3103 857 3144 me
883 3087 1067 3145 docuit
1092 3087 1312 3144 texendi
1344 3100 1509 3146 nosse
1536 3088 1800 3145 laborem.

566 3182 680 3239 Nec
709 3183 853 3254 pepli
881 3182 1063 3240 radios
1088 3192 1347 3253 poscunt,
1376 3197 1483 3239 nec
1510 3182 1629 3239 licia
1652 3182 1796 3239 tela.

503 3289 506 3291 λ
564 3272 722 3332 Nulla
751 3274 883 3331 mihi
910 3288 1104 3332 manus
1130 3284 1238 3344 est,
1296 3275 1526 3346 pedibus
1565 3284 1750 3334 tamen
1791 3274 1975 3333 omnia
2015 3273 2168 3331 llum.

1180 3368 1269 3425 18.
1316 3368 1559 3424 Gcchlctt.

564 3459 732 3516 Porto
755 3459 974 3516 domum
1007 3474 1240 3527 mecum,
1274 3474 1490 3532 semper
1516 3461 1751 3532 migrare
1781 3470 1964 3532 parata
1986 3503 2004 3531 ,

567 3551 880 3623 Mutatqu
905 3553 1027 3611 solo
1058 3566 1167 3610 non
1188 3567 1307 3610 sum
1338 3554 1661 3611 miserabilis
1677 3555 1834 3611 exsul
1851 3595 1867 3620 ,

565 3646 675 3704 Sed
705 3646 839 3703 mihi
862 3644 1155 3705 consilium
1174 3647 1246 3704 de
1272 3648 1416 3705 calo
1442 3649 1684 3704 nascitur
1700 3647 1844 3718 ipso.

1223 3747 1310 3803 19.
1348 3746 1519 3802 Rana.
2016 3803 2035 3818 ,

563 3839 748 3895 Rauca
777 3853 978 3896 sonans
1005 3855 1108 3912 ego
1127 3852 1248 3896 sum
1282 3839 1464 3896 media
1489 3838 1694 3894 vocalis
1721 3838 1777 3894 in
1807 3837 1989 3904 unda;

558 3930 667 3988 Sed
696 3943 801 3988 VO!
843 3932 1007 3989 laude
1034 3939 1215 3994 sonat,
1254 3944 1358 4001 qua
1388 3944 1450 3985 se
1473 3944 1691 4001 quoque
1719 3930 1903 3985 laudet
1934 3936 1991 3985 et
2013 3929 2167 4001 ipsa:

558 4021 807 4098 Cumque
832 4036 1030 4082 eam
1057 4035 1297 4094 semper,
1328 4021 1509 4077 nullus
1536 4036 1660 4078 mea
1680 4022 1921 4078 carmina
1963 4021 2165 4077 laudat.

1194 4114 1289 4171 20.
1316 4113 1564 4169 Testudo.

564 4205 739 4262 Tarda
766 4207 937 4279 gradu
962 4207 1136 4275 lento,
1168 4206 1423 4279 specioso
1450 4206 1675 4277 praedita
1694 4198 1898 4277 dorso,

556 4297 720 4353 Docta
747 4300 965 4370 quidem
992 4298 1193 4369 studio,
1221 4298 1317 4356 sed
1336 4312 1485 4355 sevo
1509 4299 1715 4370 perdita
1748 4299 1891 4369 lato,

559 4387 695 4445 Visa
720 4390 860 4446 nihil
888 4392 1023 4461 disi,
1045 4405 1168 4463 quas
1190 4393 1275 4449 sic
1297 4391 1461 4459 modo
1486 4398 1700 4448 mortua
1725 4400 1907 4449 canto.

1200 4484 1294 4540 21.
1318 4483 1513 4555 Talpa.

557 4571 713 4628 Casca
746 4573 879 4629 mihi
905 4573 1076 4631 facies
1118 4575 1254 4631 atris
1281 4577 1514 4632 obscura
1539 4575 1799 4632 tenebris.

554 4664 672 4723 Nox
695 4677 780 4723 est
804 4668 918 4740 ipsa
948 4667 1089 4737 dies,
1114 4682 1218 4726 nec
1238 4670 1321 4725 sol
1353 4668 1485 4725 mihi
1508 4669 1750 4725 cernitur
1773 4669 1935 4726 ullus.

555 4759 698 4817 Malo
724 4760 830 4832 tegi
848 4769 995 4818 terra
1030 4777 1046 4817 :
1073 4761 1152 4818 sic
1182 4775 1270 4818 me
1288 4775 1509 4832 quoque
1538 4774 1698 4819 nemo
1727 4761 1949 4820 videbit.

1162 4836 1256 4910 22.
1282 4852 1546 4909 Formica.

550 4946 785 5004 Provida
806 4962 927 5003 sum
953 4945 1101 5017 vitae,
1132 4947 1273 5004 duro
1295 4964 1403 5006 non
1432 4949 1581 5021 pigra
1608 4947 1779 5005 labori
1804 4990 1821 5018 ,

545 5034 668 5108 Ipsa
697 5039 881 5096 ferens
902 5037 1143 5095 humeris
1170 5053 1378 5095 securae
1405 5039 1623 5112 pratmia
1650 5039 1886 5097 brumae:

548 5130 660 5190 Nec
683 5144 819 5209 gero
853 5146 1047 5207 magna
1077 5128 1263 5202 Simul,
1288 5133 1385 5190 sed
1420 5148 1656 5209 congero
1690 5136 1857 5192 multa
1889 5134 2149 5195 vicissim.

1176 5226 1268 5282 25.
1315 5226 1518 5283 Musca.

544 5320 799 5391 Inproba
824 5333 971 5387 antu,
996 5318 1203 5387 fateor;
1230 5319 1360 5392 quid
1381 5320 1524 5376 enim
1552 5320 1678 5392 gula
1712 5294 1868 5393 turpe
1887 5324 2151 5380 veretur?

547 5413 774 5486 Frigora
804 5413 1061 5482 vitabam,
1087 5428 1207 5485 qua:
1229 5426 1371 5470 nunc
1396 5421 1587 5471 aestate
1614 5423 1891 5471 revertor:

545 5502 655 5564 Sed
682 5506 792 5564 cito
818 5521 1162 5564 summoveor
1191 5506 1330 5563 falso
1357 5507 1648 5565 conterrita
1674 5518 1857 5565 vento.

1159 5598 1251 5656 24.
1279 5600 1536 5656 Curculio.

544 5692 663 5751 Non
686 5693 866 5751 bonus
892 5694 1163 5765 agricolis,
1186 5709 1295 5750 non
1314 5693 1555 5767 frugibus
1577 5695 1723 5751 utilis
1749 5694 1975 5767 hospes:

540 5784 658 5844 Non
687 5802 913 5860 magnus
932 5788 1131 5857 forma,
1161 5802 1274 5845 non
1306 5795 1455 5845 recto
1482 5786 1703 5845 nomine
1723 5786 1934 5846 dictus:
2052 5788 2061 5805 ‘

2192 4573 2249 4638 Β

2229 369 2285 437 Α
2311 369 2426 427 Νοη
2449 384 2631 441 gratus
2660 376 2871 449 Cereri,
2901 397 3010 440 non
3034 399 3259 455 parvam
3278 405 3446 449 sumo
3469 393 3719 466 sagittam.

2983 476 3076 537 25.
3101 478 3157 534 Μ
3164 497 3248 537 us.

2300 551 2473 652 ζει-να
2503 560 2631 617 mihi
2661 561 2855 620 domus
2880 576 3000 633 est,
3028 570 3125 626 sed
3152 572 3321 643 janua
3351 590 3582 651 semper
3603 594 3773 652 aperta.

2300 645 2510 720 Exiguo
2535 664 2751 725 sumptu
2778 656 2977 717 furtiva
3003 661 3124 719 vivo
3149 666 3364 738 sagina.

2305 739 2461 807 Quod
2479 743 2611 800 mihi
2629 763 2825 807 nomen
2841 750 3001 820 inest,
3021 753 3209 813 Romae
3222 775 3447 833 quoque
3458 765 3831 825 consulbabelu

2965 846 3056 902 26.
3082 847 3240 907 Grata.

2294 921 2502 983 Littera
2525 944 2644 986 sum
2673 933 2796 989 cadi
2824 950 3031 1005 pennas
3061 956 3155 1011 per
3185 944 3391 1015 scripta
3421 948 3694 1015 volantes,

2296 1022 2449 1114 Delia
2477 1039 2699 1086 cruenta
2729 1047 2945 1102 gerens,
2976 1037 3211 1095 volucris
3230 1040 3562 1099 discrimina
3586 1046 3772 1114 Martis;

2294 1110 2407 1173 Nec
2430 1133 2620 1176 vereor
2645 1136 2870 1197 pugnas,
2897 1126 3023 1183 dum
3054 1145 3160 1186 non
3187 1134 3259 1188 sit
3289 1132 3513 1209 longior
3540 1136 3725 1196 hostis.

2933 1220 3026 1275 27.
3056 1220 3271 1281 Cornix.

2293 1299 2433 1357 Vivo
2461 1320 2653 1363 novem
2686 1308 2843 1377 vitas,
2868 1312 2914 1366 si
2940 1327 3046 1369 non
3073 1330 3159 1372 me
3182 1317 3391 1375 Graecia
3410 1320 3595 1389 fallit;

2291 1396 2532 1473 Atraque
2560 1416 2679 1459 sum
2709 1418 2925 1477 semper
2955 1410 3103 1466 nullo
3137 1415 3420 1484 compulsa
3452 1417 3651 1478 dolore
3676 1440 3685 1473 :

2294 1490 2368 1551 Et
2394 1510 2506 1555 non
2535 1497 2775 1557 irascens
2802 1502 2945 1558 ultro
2967 1507 3208 1563 convicia
3234 1508 3381 1567 dico.

2885 1596 2981 1654 28.
3036 1598 3362 1672 Vcspcrtilt'o.

2287 1678 2406 1737 Nox
2432 1681 2566 1739 mihi
2589 1682 2680 1742 dat
2709 1702 2907 1745 nomen
2934 1690 3109 1763 primo
3133 1693 3201 1751 de
3226 1707 3479 1768 tempore
3506 1703 3704 1758 noctis.

2214 1768 2266 1830 B
2293 1768 2481 1828 Pluma
2509 1776 2641 1832 mibi
2665 1794 2771 1835 non
2792 1791 2895 1847 est,
2928 1798 3049 1839 cum
3081 1785 3151 1841 sit
3177 1786 3311 1843 mihi
3344 1790 3517 1859 pinna
3548 1795 3772 1852 volantis.

2288 1863 2403 1926 Sed
2428 1870 2596 1929 redeo
2619 1872 2675 1930 in
2708 1874 2973 1943 tenebris,
2998 1894 3099 1935 nec
3118 1897 3206 1938 me
3225 1885 3523 1942 committo
3558 1885 3753 1945 diebus.

2919 1969 3011 2027 29.
3033 1971 3262 2029 Ericitts.

2294 2053 2461 2146 l’lena
2492 2056 2686 2115 domus
2710 2061 2903 2133 spinis,
2937 2066 3086 2134 parvi
3113 2068 3209 2122 sed
3236 2071 3489 2140 corporis
3520 2072 3751 2146 hospes,

2293 2143 2558 2205 Incolumi
2586 2148 2752 2209 dorso
2780 2153 2901 2209 telis
2927 2157 3174 2215 conﬁxus
3196 2164 3394 2219 acutis.

2292 2239 2536 2299 Sustinet
2561 2254 2799 2303 armatas
2824 2260 3038 2321 segetes
3058 2250 3329 2311 habitator
3356 2256 3616 2315 inermis.

2899 2341 2994 2399 50.
3028 2342 3281 2402 Pedicatli.

2290 2422 2396 2483 Bst
2419 2442 2557 2483 nova
2588 2438 2837 2487 notarum
2862 2436 3071 2491 cunctis
3089 2449 3313 2510 captura
3337 2441 3588 2500 ferarum
3607 2489 3623 2512 ,

2289 2516 2383 2586 Ut,
2402 2520 2451 2575 si
2478 2522 2609 2592 quid
2632 2525 2837 2595 capias,
2870 2526 2923 2584 id
2955 2537 3011 2585 tu
3034 2530 3136 2587 tibi
3160 2530 3308 2590 terre
3328 2550 3561 2595 messes
3577 2580 3597 2606 ,

2289 2610 2381 2681 Et,
2411 2614 2556 2686 quod
2582 2632 2695 2675 non
2721 2619 2925 2690 capias,
2953 2630 3134 2680 tecum
3164 2634 3345 2685 nmen
3367 2630 3486 2701 ipse
3515 2641 3766 2704 reputes.

2899 2716 2992 2772 51.
3036 2716 3279 2777 Phania.

2292 2799 2409 2857 Vita
2438 2802 2569 2859 mihi
2600 2820 2749 2862 mors
2776 2816 2895 2877 est;
2924 2812 3150 2881 morior,
3177 2815 3224 2870 si
3248 2829 3475 2888 cepero
3496 2822 3685 2878 nasci:

2284 2891 2392 2949 Sed
2420 2895 2571 2964 prius
2592 2906 2677 2954 est
2706 2898 2872 2956 fatum
2902 2902 3018 2970 leti,
3042 2920 3204 2976 quam
3228 2908 3366 2966 lueis
3387 2912 3570 2984 origo.

2286 2987 2379 3046 Sic
2400 2990 2551 3049 saltis
2573 2991 2759 3051 Manes
2794 2996 2942 3067 ipsos
2968 3000 3101 3056 mihi
3129 3002 3251 3059 dico
3277 3017 3560 3076 parantes.

2900 3093 2995 3150 52.
3028 3093 3255 3153 Taurus.

2205 3171 2251 3236 C
2285 3174 2528 3233 Medius
2552 3194 2703 3237 eram
2728 3184 2895 3255 regis,
2921 3185 3023 3243 sed
3047 3186 3226 3259 lignea
3245 3190 3491 3248 membra
3508 3195 3781 3266 aetrnum;

2280 3267 2349 3323 Et
2381 3268 2608 3326 Cilicum
2636 3288 2796 3330 mons
2812 3289 2955 3341 sum,
2980 3276 3082 3334 sed
3112 3295 3219 3335 non
3254 3296 3375 3337 sum
3402 3284 3634 3344 nomine
3660 3287 3780 3348 solo;

2222 3352 2227 3355 ’
2280 3362 2349 3418 Et
2375 3364 2549 3423 vehor
2575 3363 2633 3419 in
2650 3366 2827 3435 cadis,
2848 3378 2908 3425 et
2932 3369 2987 3425 in
3014 3370 3146 3441 ipsis
3166 3373 3388 3431 ainde
3408 3378 3601 3435 terris.

2926 3465 3018 3521 ὃὸ.
3048 3464 3248 3523 Lucas.

2926 3484 3018 3521 ω.
3048 3484 3130 3522 bu
3232 3509 3248 3523 .

2281 3553 2542 3613 Dentibus
2566 3558 2774 3613 insanis
2794 3574 2900 3631 qn
2926 3575 3072 3630 sum,
3098 3484 3376 3632 vinco
3390 3566 3684 3637 bidentes,

2274 3645 2613 3719 Banguineas
2632 3664 2882 3721 quarens
2904 3655 3122 3725 {at-edas
3140 3659 3423 3731 victusque
3448 3673 3700 3719 cruentos

2277 3741 2442 3799 Multa
2463 3759 2585 3800 cum
2617 3746 2769 3804 rabie
2800 3765 2814 3803 :
2843 3763 3029 3805 vocem
3065 3767 3281 3823 quoque
3309 3755 3502 3813 tollere
3526 3773 3749 3829 possunt.

2906 3841 3003 3897 54.
3037 3841 3249 3916 ναμε.

2235 4012 2238 4015 Δ
2276 3932 2543 4005 Exiguum
2566 3949 2787 4006 corpus,
2806 3936 2904 3992 sed
2929 3952 3027 3995 cor
3212 3955 3445 4012 corpore
3470 3945 3668 4015 majus.

2276 4025 2407 4081 Sum
2428 4036 2649 4083 versuta
2676 4027 2840 4094 dolis,
2865 4040 3061 4101 arguto
3090 4032 3286 4089 callida
3304 4050 3510 4105 sensu;

2274 4117 2345 4175 Et
2367 4118 2481 4177 fera
2502 4134 2621 4178 sum
2650 4123 2889 4193 sapiens,
2912 4124 3132 4194 sapiens
3155 4124 3272 4183 fera
3292 4128 3342 4185 si
3363 4140 3474 4201 (pra
3502 4143 3727 4187 vocatur.

2915 4216 3007 4272 ὃὸ.
3031 4216 3223 4286 σορκ.

2268 4303 2434 4359 Alma
2454 4303 2604 4361 iovis
2624 4308 2833 4375 nutrix,
2862 4307 3027 4380 longo
3048 4311 3241 4366 vestita
3263 4314 3460 4385 capillo
3474 4358 3490 4384 ,

2268 4396 2520 4457 Culmina
2547 4399 2753 4456 difﬁcili
2774 4417 3066 4474 peragrans
3092 4406 3187 4462 sed
3218 4415 3275 4463 et
3298 4409 3462 4464 ardua
3493 4426 3700 4482 gressu,

2270 4488 2491 4546 (‘mstodi
2518 4493 2736 4564 pecoris
2760 4496 2994 4551 tremula
3020 4500 3324 4570 respondeo
3348 4501 3550 4576 lingua.

2895 4588 2989 4646 56.
3010 4590 3237 4651 Porcus.

2270 4676 2526 4749 Setigerte
2558 4681 2747 4737 matris
2775 4681 3023 4740 facunda
3045 4696 3202 4745 natas
3225 4689 3280 4745 in
3311 4692 3467 4761 alvo,

2270 4770 2510 4843 Desuper
2527 4788 2596 4829 ex
2617 4775 2727 4831 alto
2744 4775 2948 4833 virides
2964 4790 3230 4849 exspecto
3256 4786 3473 4855 saginas
3490 4825 3509 4852 ,

2265 4864 2495 4924 Nomine
2519 4882 2723 4926 numen
2742 4867 2974 4938 habens,
3005 4873 3051 4927 si
3081 4873 3258 4933 littera
3276 4877 3452 4948 prima
3482 4881 3688 4951 periret.

2929 4963 3018 5018 ⁸57.
3046 4962 3216 5021 Mula.

2263 5046 2553 5105 Dissimilis
2582 5051 2743 5120 patri,
2777 5053 2936 5108 matri
2966 5053 3181 5112 diversa
3208 5057 3376 5129 ﬁgura
3398 5104 3415 5129 ,

2260 5140 2482 5198 Coril'usi
2505 5145 2745 5215 generis,
2772 5146 2962 5218 generi
2985 5163 3091 5203 non
3114 5158 3238 5221 apta
3266 5167 3534 5228 propago,

2258 5236 2341 5293 Ex
2371 5235 2495 5294 aliis
2520 5252 2733 5309 nascor,
2760 5255 2862 5301 nec
2888 5240 3179 5313 quicquam
3206 5248 3446 5308 nascitur
3462 5265 3531 5307 ex
3555 5265 3654 5311 me.

2902 5332 2994 5391 58.
3029 5334 3215 5407 Tigris.

2259 5422 2307 5480 Α
2328 5421 2492 5481 ﬂuvio
2520 5423 2694 5493 dicor,
2720 5424 2915 5487 ﬂuvius
2940 5431 3026 5487 vel
3055 5431 3254 5488 dicitur
3269 5450 3336 5491 ex
3362 5449 3504 5498 me:_

2257 5517 2558 5588 Junctaque
2587 5533 2707 5575 sum
2737 5531 2921 5588 vento,
2946 5532 3106 5581 vento
3131 5526 3367 5585 velocior
3386 5529 3506 5601 ipso
3527 5570 3542 5595 ,

2246 5610 2328 5667 Et
2352 5611 2484 5667 mibi
2512 5610 2608 5667 dat
2630 5622 2824 5670 ventus
2848 5625 3024 5682 natos,
3056 5632 3377 5691 nou‘quaero
3395 5624 3650 5683 maritum.

2837 5708 2930 5765 39.
2969 5707 3275 5770 Centaurus.

2249 5794 2514 5864 Quattuor
2531 5794 2755 5869 insignis
2778 5799 3023 5872 pedibus,
3047 5803 3398 5878 manibusque
3419 5806 3609 5868 duabus
3624 5845 3640 5875 ,
