3950 6368
604 297 712 355 295
1003 293 1026 318 ⁸

603 415 706 484 Qui
736 415 872 471 nihil
902 416 1156 485 ostendit,
1187 417 1288 472 nisi
1311 416 1355 472 si
1386 416 1515 489 quid
1544 417 1739 473 viderit
1764 427 1911 473 ante.

1189 511 1276 567 69.
1323 510 1622 583 Clepsydra.

606 602 720 660 Lex
745 605 884 662 bona
910 605 1142 673 dicendi,
1171 605 1255 660 lex
1283 621 1401 661 sum
1429 619 1645 676 quoque
1672 603 1804 660 dura
1836 604 2072 662 tacendi.

603 697 700 753 Jus
724 697 896 753 avidae
923 698 1143 769 lingua),
1179 698 1300 754 ﬁnis
1323 698 1442 754 sine
1475 697 1581 754 [ine
1613 698 1887 769 loquendi,

601 789 717 861 ipsa
741 791 932 860 fluens,
965 791 1092 847 dum
1121 791 1285 848 verba
1312 793 1469 854 tlunt,
1498 801 1556 846 ut
1582 792 1758 863 lingua
1789 792 2052 862 quiescat.

1222 884 1314 939 70.
1360 883 1580 938 Puteus.

595 977 765 1035 Mersa
793 978 977 1048 procul
1007 983 1167 1034 terris
1196 978 1252 1033 in
1280 979 1488 1047 cespite
1518 977 1735 1049 lympha
1768 976 2068 1048 profundo,

594 1070 821 1127 Nonnisi
847 1072 1110 1143 perfossis
1137 1086 1358 1142 possunt
1389 1069 1683 1141 procedere
1714 1073 1908 1137 venis,’

597 1164 669 1220 Et
699 1167 886 1221 trahor
915 1165 983 1220 ad
1009 1180 1236 1236 superos
1264 1166 1440 1221 alieno
1470 1165 1630 1221 ducta
1657 1166 1861 1222 labore.

1231 1259 1290 1314 71
1306 1301 1318 1313 .
1361 1258 1555 1314 Tabas.
1609 1277 1617 1288 ί

594 1351 870 1408 Truncum
903 1361 1044 1407 terra
1072 1352 1222 1423 tegit,
1254 1348 1548 1407 latitant'in
1576 1353 1782 1422 cesiiite
1812 1351 2048 1424 lymphae
2078 1367 2093 1405 :

597 1447 798 1501 Alveus
828 1455 912 1502 est
938 1445 1200 1511 modicus,
1231 1445 1322 1516 qui
1355 1446 1499 1515 ripas
1527 1462 1634 1500 non
1665 1444 1826 1501 habet
1854 1446 2012 1500 mlas.

598 1537 655 1594 In
682 1539 828 1611 ligno
853 1537 1068 1594 vehitur
1092 1539 1293 1605 medio,
1317 1539 1459 1609 quod
1486 1539 1625 1608 ligna
1657 1538 1907 1594 vehebat.

1246 1633 1334 1686 72.
1361 1632 1546 1687 Follis.

595 1729 717 1784 Non
743 1744 844 1801 ego
869 1729 1128 1785 continuo
1155 1730 1381 1793 morior,
1413 1727 1539 1782 dum
1575 1727 1797 1797 spiritus
1827 1727 1974 1792 exit;

589 1820 723 1893 Nam
748 1823 886 1878 redit
909 1823 1145 1888 assidue,
1180 1822 1423 1892 quamvis
1445 1833 1498 1876 et
1519 1837 1664 1891 saepe
1686 1821 1924 1876 recedat.

595 1913 665 1969 Et
689 1913 819 1969 mihi
848 1929 990 1970 nunc
1019 1929 1210 1986 magna
1235 1923 1318 1968 est
1343 1914 1557 1980 anim-.e,
1586 1928 1730 1969 nunc
1756 1913 1903 1968 nulla
1927 1911 2186 1992 facultas.

1239 2009 1327 2064 73.
1371 2007 1547 2076 Lapis.

601 2100 942 2157 Deucalionis
969 2115 1070 2172 ego
1095 2099 1304 2155 crudeli
1333 2114 1522 2169 $05pes
1549 2097 1618 2153 ab
1645 2098 1806 2165 unda,

593 2192 787 2249 Affinis
818 2204 1001 2260 terras,
1028 2193 1124 2249 sed
1153 2193 1310 2263 longe
1341 2193 1526 2246 durior
1553 2192 1664 2247 illa.

597 2288 798 2343 Littera
825 2285 1056 2343 decedat
1089 2304 1103 2340 :
1135 2287 1367 2342 volucris
1396 2300 1611 2357 quoque
1636 2301 1835 2341 nomen
1869 2285 2095 2342 habebo.

1253 2381 1342 2436 74.
1394 2380 1542 2436 Catx.

602 2476 1057 2540 Evasiﬂammas,
1087 2473 1224 2543 ignis
1254 2481 1518 2528 tormenta
1552 2472 1779 2542 profugi.

608 2568 726 2640 Ipsa
755 2567 962 2624 medela
990 2581 1112 2622 meo
1139 2574 1337 2636 pugnat
1365 2565 1634 2620 contraria
1660 2566 1786 2618 fato.

603 2663 784 2719 Ardeo
813 2661 883 2717 de
905 2659 1176 2734 lymphis;
1207 2658 1396 2715 mediis
1427 2658 1684 2714 incendor
1711 2658 1778 2714 ab
1805 2657 1980 2713 undis.

1246 2752 1334 2807 75.
1365 2750 1529 2806 Silex.

592 2852 820 2925 Semper
841 2852 979 2908 inest
1010 2851 1060 2906 in
1086 2865 1194 2918 me,
1227 2848 1320 2904 sed
1346 2863 1469 2903 raro
1497 2848 1736 2903 cernitur
1761 2847 1918 2918 ignis.

592 2946 738 3003 Intus
768 2946 913 3002 enim
943 2946 1136 3012 latitat,
1165 2944 1260 2999 sed
1285 2943 1432 2997 solos
1462 2943 1640 3009 prodit
1668 2945 1734 2998 ad
1765 2944 1940 3007 ictus;

589 3041 696 3099 Nec
724 3041 908 3113 lignis,
938 3050 996 3096 ut
1019 3040 1186 3108 vivat,
1212 3047 1353 3110 eget,
1380 3053 1499 3105 nec,
1531 3051 1585 3093 ut
1615 3038 1845 3108 occidat,
1881 3039 2059 3093 undis.

543 3191 546 3195 λ
1243 3133 1332 3188 76.
1377 3133 1545 3189 Βοιω.

587 3229 849 3298 Quattuor
878 3227 1112 3297 aequales
1142 3237 1368 3295 currunt
1395 3243 1463 3282 ex
1492 3235 1608 3283 arte
1639 3241 1877 3292 sorores,

585 3321 676 3378 Sic
695 3322 846 3392 quasi
872 3329 1162 3388 certantes,
1193 3335 1315 3375 cum
1339 3322 1409 3375 sit
1436 3320 1590 3376 labor
1612 3321 1863 3376 omnibus
1893 3333 2056 3387 unus,

587 3413 657 3469 Et
681 3427 850 3484 prope
877 3423 1001 3466 sunt
1027 3412 1250 3483 pariter,
1281 3427 1382 3468 nec
1414 3428 1474 3468 se
1505 3413 1821 3484 contingere
1854 3420 2097 3484 possunt.

1233 3505 1323 3559 77.
1348 3504 1537 3560 Scalaz.

585 3600 695 3657 Nos
724 3616 936 3668 sumus,
965 3601 1032 3656 ad
1057 3601 1255 3657 caelum
1285 3617 1404 3672 qua:
1435 3601 1712 3657 tendimus
1742 3603 1848 3657 alta
1875 3611 2144 3673 petentes,

585 3692 856 3749 Concordi
886 3692 1083 3748 fabrica
1113 3710 1248 3764 quas
1280 3709 1416 3749 unus
1437 3694 1686 3750 continet
1715 3695 1873 3761 ordo,

589 3785 657 3842 Ut
678 3784 840 3842 simul
868 3785 1137 3841 haerentes
1166 3801 1262 3857 per
1287 3801 1386 3840 nos
1412 3785 1700 3841 scandatur
1725 3787 1792 3842 ad
1821 3803 2001 3842 auras.

1217 3889 1304 3944 78.
1349 3891 1541 3961 Scapa.

583 3984 764 4042 Mundi
794 3999 985 4057 magna
1009 3999 1221 4056 parens,
1254 3983 1447 4054 laqueo
1477 3997 1718 4038 connexa
1745 3983 1939 4051 tenaci,

582 4079 773 4135 Iuncta
799 4078 915 4134 solo
943 4079 1102 4149 plano
1128 4076 1371 4133 manibus
1399 4092 1715 4148 comprensa
1746 4077 1976 4146 duabus,

588 4175 764 4228 Ducor
779 4172 978 4245 ubique
994 4186 1244 4244 sequens,
1263 4179 1416 4226 etme
1429 4186 1644 4242 quoque
1657 4183 1847 4227 cuncta
1861 4181 2177 4244 sequuntur.

1107 4263 1195 4320 79.
1228 4263 1672 4320 Tintinnabulum.

588 4359 718 4416 i‘Erc
742 4361 922 4430 rigens
947 4374 1114 4417 curvo
1144 4361 1381 4431 patulum
1412 4360 1792 4431 componorin
1826 4360 2033 4418 orbem.

590 4453 801 4521 Mobilis
826 4464 910 4509 est
939 4455 1083 4509 intus
1111 4454 1304 4526 linguae
1329 4454 1641 4524 crepitantis
1670 4455 1846 4526 imago
1867 4455 1901 4526 ;}

587 4545 702 4600 Non
731 4556 948 4602 resonat
974 4548 1200 4619 positus,
1231 4560 1409 4603 motus
1439 4563 1655 4618 quoque
1683 4563 1829 4618 saepe
1858 4548 2103 4605 resultat.

1088 4640 1176 4696 80.
1230 4639 1473 4696 Conditus
1513 4655 1680 4714 potus.

589 4730 724 4786 Tres
753 4729 878 4785 olim
907 4729 1126 4799 fuimus,
1158 4733 1247 4803 qni
1279 4733 1498 4788 nomine
1520 4733 1794 4804 jungimur
1820 4751 1948 4790 uno.

586 4825 662 4879 Ex
699 4823 867 4878 tribus
897 4831 980 4878 est
1011 4840 1166 4891 unus,
1199 4835 1254 4879 et
1281 4837 1390 4882 tres
1420 4827 1714 4882 miscentur
1741 4829 1792 4882 in
1821 4843 1966 4896 uno;

587 4915 824 4986 Quisque
850 4913 1024 4970 bonus
1053 4931 1146 4984 per
1173 4932 1232 4971 se
1265 4935 1277 4974 :
1309 4918 1516 4985 melior,
1551 4919 1641 4991 qui
1664 4921 1902 4976 continet
1927 4937 2136 4980 omnes.

871 5008 961 5064 81.
1025 5006 1206 5063 Vinum
1241 5027 1537 5066 conversum
1578 5015 1630 5067 in
1674 5025 1889 5068 acetum.

587 5103 868 5159 Sublatum
890 5101 1023 5158 nihil
1051 5113 1155 5170 est,
1187 5103 1320 5159 nihil
1342 5115 1424 5159 est
1444 5108 1782 5162 extrinsecus
1807 5119 2057 5174 auctum;

580 5195 692 5251 Nec
722 5205 901 5251 tamen
927 5196 1159 5261 invenio,
1185 5195 1441 5266 quidquid
1471 5199 1617 5267 prius
1643 5202 1754 5269 ipse
1783 5202 1996 5272 reliqui.

581 5290 734 5358 Quod
766 5286 964 5357 luerat,
996 5306 1102 5345 non
1128 5299 1210 5345 est
1239 5291 1459 5359 :coepit,
1490 5293 1652 5362 quod,
1689 5311 1793 5348 non
1831 5306 1968 5362 erat,
1999 5309 2137 5350 esse.

1193 5385 1299 5448 ‘82.
1335 5383 1554 5440 Malunt.

580 5475 784 5532 Nomen
813 5477 1016 5532 habens
1041 5493 1299 5547 graecum,
1330 5481 1605 5536 contentio
1634 5498 1822 5553 magna
1852 5483 2072 5540 dearum
2094 5528 2110 5555 ,

584 5567 751 5625 Fraus
776 5570 988 5640 juvenis
1015 5571 1249 5642 pulchri,
1275 5573 1559 5628 multarunt
1585 5591 1710 5631 cura
1740 5593 2015 5647 sororum,

584 5663 866 5720 Excidium
895 5662 1094 5734 Trojat,
1122 5664 1248 5720 dum
1283 5665 1417 5721 bella
1449 5679 1670 5725 cruenta
1702 5672 1904 5743 peregi.

1210 5760 1298 5818 85.
1354 5759 1547 5820 Perna.

584 5854 770 5919 Nobile
797 5861 936 5921 duco
957 5839 1130 5960 genus
1155 5865 1333 5939 magni
1359 5866 1425 5925 de
1453 5877 1613 5940 gente
1637 5865 1874 5927 Catonis.

2053 299 2455 364 ᾸΞΝΙΩΜΑΤΑ.

2223 421 2273 480 Α
2307 419 2418 476 Una
2453 422 2580 481 mitti
2621 441 2780 488 soror
2810 446 2913 501 est,
2946 433 3128 508 plures
3150 440 3277 501 licet
3306 463 3436 503 esse
3471 460 3712 519 putentur.

2210 3219 2259 3286 C

3761 347 3815 404 Ξῗῖὲ

2302 517 2380 573 De
2412 520 2556 575 fumo
2583 520 2770 596 facies,
2795 531 3056 601 sapientia
3087 537 3156 592 de
3180 556 3328 597 mare
3350 517 3483 599 nata
3514 557 3616 601 est.

2915 627 3003 682 84.
3048 628 3290 688 Mallem.

2299 707 2416 766 Non
2446 726 2546 782 ego
2568 713 2637 769 de
2666 724 2778 772 toto
2805 719 2934 775 mihi
2964 736 3194 796 corpore
3221 730 3442 787 vindico
3468 734 3629 803 vires,

2301 802 2407 858 Sed
2439 808 2632 876 capitis
2662 823 2836 881 pugna
2861 815 2991 870 nulli
3021 828 3241 886 certare
3267 838 3490 879 recuso.

2299 896 2516 956 Grande
2544 902 2672 959 mihi
2695 916 2856 978 caput
2876 921 2992 964 est:
3024 922 3192 969 totum
3221 933 3442 991 queque
3466 922 3668 992 pondus
3686 926 3726 980 in
3744 927 3818 997 iis.

2906 1003 2997 1058 85.
3044 1005 3305 1066 Pistillus.

2299 1079 2533 1142 Contero
2557 1101 2749 1145 cuncta
2780 1093 2942 1151 simul
2973 1100 3184 1156 virtutis
3213 1104 3414 1161 robore
3444 1122 3659 1179 magno.

2302 1173 2416 1230 Una
2445 1179 2574 1233 mihi
2605 1185 2808 1248 cervix,
2829 1189 3062 1257 capitum
3085 1192 3178 1247 sed
3203 1193 3374 1251 forma
3398 1173 3655 1254 duorum.

2303 1265 2405 1321 Pro
2434 1270 2660 1338 pedibus
2689 1287 2850 1347 caput
2872 1290 2984 1336 est:
3027 1299 3150 1339 nam
3189 1298 3385 1345 caetera
3421 1294 3667 1364 corporis
3690 1296 3823 1350 aberat

2911 1375 2999 1430 86.
3045 1378 3296 1450 Strigilis.

2298 1451 2503 1548 itabea,
2535 1474 2721 1527 curva,
2749 1478 2937 1534 capax,
2969 1469 3159 1526 alienis
3187 1471 3406 1530 humida
3438 1478 3630 1548 guttis,

2298 1546 2613 1607 Lutninibus
2641 1553 2791 1612 falsis
2817 1559 2932 1614 auri
2964 1565 3184 1621 mentita
3212 1546 3482 1635 colorem,

2303 1642 2483 1698 Dedita
2513 1645 2719 1716 sudori,
2749 1650 2960 1707 modico
2984 1659 3276 1715 succumbo
3298 1659 3506 1718 labori.

2893 1745 2983 1800 87.
3030 1746 3300 1807 Balneum.

2215 1821 2264 1884 B
2294 1825 2396 1880 Per
2420 1837 2556 1885 totas
2580 1832 2725 1889 aedes
2752 1836 3002 1893 innoxius
3024 1842 3212 1899 introit
3240 1847 3414 1916 ignis:

2295 1919 2390 1974 Est
2418 1923 2568 1978 calor
2589 1927 2641 1980 in
2667 1929 2842 1983 medio
2865 1948 3087 2003 magnus
3116 1951 3278 2005 quem
3312 1955 3482 1996 nemo
3505 1952 3724 1998 veretur.

2298 2201 2483 2259 Dedita
2511 2221 2628 2262 sum
2655 2224 2871 2283 semper
2901 2226 3046 2286 voto,
3071 2234 3177 2274 non
3207 2232 3358 2278 certa
3388 2223 3600 2282 futuri:

2293 2295 2477 2354 Jactor
2503 2299 2559 2356 in
2587 2303 2848 2373 ancipites
2878 2310 3020 2364 varia
3047 2313 3308 2384 vertigine
3329 2330 3518 2385 casus,

2293 2390 2447 2448 Nunc
2474 2409 2576 2466 ego
2606 2406 2796 2454 moesta
2828 2403 3005 2471 malis,
3033 2421 3175 2462 nunc
3202 2410 3363 2466 rebus
3389 2412 3521 2469 laeta
3545 2414 3776 2470 secundis.

2909 2496 2997 2552 89.
3043 2496 3294 2560 Pecunia.

2292 2577 2463 2635 Terra
2487 2581 2558 2637 fui
2584 2584 2759 2654 primo
2787 2587 3007 2645 latebris
3031 2591 3348 2651 abscondita
3381 2607 3580 2655 terra):

2291 2672 2443 2731 Nunc
2471 2678 2612 2733 aliud
2643 2683 2870 2750 pretium
2896 2682 3127 2742 ﬂamma:
3159 2705 3470 2764 nomenque
3492 2695 3752 2751 dederunt.

2291 2766 2400 2824 Nec
2425 2770 2536 2841 jam
2562 2782 2700 2828 terra
2729 2791 2910 2842 vocor,
2938 2779 3060 2835 licet
3090 2798 3161 2837 ex
3181 2800 3265 2841 me
3287 2795 3431 2842 terra
3463 2799 3696 2860 paretur.

2676 2867 2764 2921 9U.
2815 2868 3004 2925 Mulier
3030 2877 3260 2945 geminos
3289 2881 3520 2949 pariens.

2291 2951 2422 3007 Plus
2451 2971 2551 3024 ego
2575 2957 2802 3016 sustinui
2841 2979 3000 3031 quam
3034 2981 3230 3038 corpus
3256 2969 3447 3027 debuit
3479 2990 3662 3030 unum.

2289 3045 2426 3105 Tres
2453 3052 2661 3108 animas
2685 3054 2864 3122 habui,
2889 3074 3021 3129 quas
3042 3076 3230 3119 omnes
3256 3063 3401 3120 intus
3426 3066 3712 3124 habebant:

2295 3141 2603 3201 Discessere
2632 3145 2774 3214 duae,
2807 3150 2902 3204 sed
2930 3152 3087 3208 tertia
3121 3170 3266 3225 pene
3295 3169 3488 3216 secuta
3519 3172 3622 3218 est.

2787 3240 2875 3296 91.
2898 3241 3048 3300 Miles
3069 3249 3397 3319 podagricus.

2290 3329 2626 3401 Bellipotens
2653 3331 2806 3400 olim,
2833 3336 2995 3391 saevis
3026 3341 3348 3397 metuendus
3373 3343 3424 3397 in
3457 3345 3629 3400 armis

2288 3421 2535 3494 Quinque
2557 3424 2721 3494 pedes
2745 3425 2927 3494 habui,
2953 3445 3089 3500 quos
3117 3447 3350 3503 unquam
3376 3450 3543 3491 nemo
3565 3436 3768 3508 negavit;

2287 3516 2442 3572 Nunc
2470 3518 2602 3574 inihi
2626 3520 2710 3573 vix
2743 3519 2850 3575 duo
2872 3536 3028 3578 sunt:
3065 3526 3274 3597 inopem
3299 3545 3386 3584 me
3417 3533 3580 3603 cepia
3611 3531 3732 3588 fecit.

2682 3610 2773 3668 92.
2817 3611 3018 3670 Luscus
3047 3617 3227 3672 allium
3256 3621 3502 3678 vendens.

2287 3699 2521 3756 Cernere
2538 3702 2648 3773 jam
2669 3702 2750 3761 fas
2779 3715 2882 3774 est,
2916 3708 3058 3778 quod
3082 3711 3166 3764 vix
3201 3711 3290 3766 tibi
3323 3715 3556 3772 credere
3579 3717 3654 3772 fas
3681 3724 3757 3771 est.

2289 3790 2438 3847 Unus
2455 3796 2593 3849 inest
2617 3797 2824 3866 oculus,
2854 3802 3087 3871 capitum
3109 3803 3202 3857 sed
3225 3805 3390 3859 millia
3422 3809 3614 3864 multa.

2286 3884 2388 3951 Qui
2407 3886 2547 3955 quod
2570 3886 2732 3944 habet
2749 3891 2952 3960 vendit,
2977 3895 3117 3964 quod
3139 3911 3246 3966 non
3271 3897 3458 3968 habet,
3492 3902 3633 3958 unde
3651 3891 3812 3973 parabit?

2832 3999 2921 4056 95.
2965 4000 3340 4060 Funantbulus.

2287 4087 2432 4145 Inter
2451 4089 2731 4147 luciferum
2762 4096 2956 4149 caelum
2984 4106 3256 4170 terrasque
3277 4101 3526 4171 jacentes

2285 4188 2423 4241 Aera
2455 4201 2552 4256 per
2579 4187 2810 4243 medium
2841 4191 2999 4246 docta
3031 4205 3170 4249 meat
3200 4206 3316 4252 arte
3345 4199 3555 4255 viator:

2286 4278 2493 4366 Semita
2517 4280 2609 4336 sed
2637 4282 2815 4338 brevis
2835 4294 2938 4353 est,
2973 4286 3194 4356 pedibus
3230 4306 3327 4346 nec
3351 4293 3554 4350 sufficit
3588 4293 3715 4366 ipsis.

2365 4355 2384 4372 ’
2911 4355 3002 4435 94.
3049 4380 3261 4438 Umbra.

2283 4471 2509 4528 Insidias
2541 4475 2710 4530 nullas
2744 4493 2933 4531 vereor
2954 4478 3022 4533 de
3055 4479 3240 4536 fraude
3271 4481 3482 4548 latenti,

2288 4569 2419 4623 Nam
2454 4571 2592 4625 Deus
2622 4572 2865 4627 attribuit
2895 4573 3050 4628 nobis
3072 4575 3186 4630 haec
3211 4593 3435 4633 munera
3458 4577 3662 4643 formae,

2290 4661 2360 4718 Ut
2381 4679 2541 4719 nemo
2569 4675 2802 4730 moveat,
2834 4667 2936 4721 nisi
2959 4669 3048 4738 qui
3082 4669 3231 4738 prius
3256 4670 3370 4740 ipse
3398 4683 3659 4728 movetur.

2929 4759 3020 4816 95.
3067 4759 3230 4817 Eclio.

2289 4849 2446 4920 Virgo
2477 4850 2718 4908 modesta
2745 4853 2903 4908 nimis
2934 4853 3106 4925 legem
3136 4855 3271 4911 bene
3293 4871 3456 4912 servo
3480 4857 3697 4928 pudoris.

2282 4943 2387 4999 Ore
2417 4961 2613 5016 prOCnX
2639 4963 2742 5003 non
2771 4964 2911 5012 sum,
2949 4965 3046 5004 nec
3067 4966 3184 5005 sum
3211 4953 3494 5007 temeraria
3529 4955 3720 5024 lingua;

2283 5033 2436 5090 Ultro
2465 5038 2590 5092 nolo
2615 5039 2780 5110 loqui,
2810 5041 2905 5096 sed
2928 5041 2997 5096 do
3029 5057 3287 5115 responsa
3315 5044 3576 5116 loquenti.

2893 5154 2982 5210 96.
3033 5156 3280 5212 Somnus.

2285 5259 2486 5332 Sponte
2518 5279 2634 5319 mea
2661 5265 2882 5321 veniens
2903 5270 3079 5322 varias
3100 5271 3328 5325 ostendo
3361 5272 3578 5341 figuras.

2284 5354 2453 5428 Finge
2485 5368 2658 5412 metus
2690 5375 2855 5414 vanos
2879 5361 3025 5416 nullo
3050 5363 3362 5418 discrimine
3391 5380 3543 5420 vero.

2282 5447 2387 5504 Sed
2417 5465 2504 5505 me
2527 5465 2686 5506 nemo
2713 5451 2880 5521 videt,
2905 5452 3006 5509 nisi
3033 5454 3122 5524 qui
3143 5469 3237 5511 sua
3264 5456 3462 5512 lumina
3484 5456 3688 5514 claudit.

2803 5567 2892 5621 97.
2951 5566 3361 5624 Monumentum.

2285 5675 2488 5733 Nomen
2522 5679 2724 5734 habens
2753 5681 2984 5737 hominis
3011 5693 3125 5753 post
3158 5685 3340 5740 ultima
3377 5686 3480 5741 fata
3509 5681 3739 5743 remansi:

2284 5771 2487 5828 Nomen
2511 5772 2668 5830 inane
2700 5785 2896 5842 manet,
2923 5777 3016 5831 sed
3050 5777 3220 5834 dulcis
3251 5779 3356 5833 vita
3387 5780 3632 5850 profugit.

2285 5864 2404 5924 Vita
2435 5875 2613 5925 tamen
2644 5879 2890 5941 superest
2918 5870 3076 5928 morti
3102 5880 3222 5944 post
3253 5880 3499 5946 tempora
3520 5875 3654 5932 vitae.
