3950 6368
477 364 580 419 505

1743 321 2100 405 STEPHANI
2138 331 2409 400 BALl'le
3677 335 3764 393 gn

546 477 881 550 Congrcgavit
909 474 1208 550 discipulos.
1244 469 1574 535 Lactantius,
1603 466 1699 550 lib.
1723 465 2060 550 tvllnstituh,
2091 467 2142 527 Α
2168 465 2311 550 siam.
2336 472 2491 550 vocat
2534 469 2798 550 :etcrnutn
2850 473 2907 520 et
2938 460 3277 550 immortale
3305 457 3432 550 .Dei
3480 461 3757 550 templare;

473 569 592 623 cap.
638 537 709 606 τῇ)
747 537 772 604 ’Ξ
825 537 1100 623 Discipulis
1156 547 1340 623 iterum
1382 540 1723 614 congregatis,
1778 537 2067 623 Scriptura:

475 611 684 680 Stincta:
712 624 926 687 litteras,
961 611 1015 672 id
1042 628 1113 673 est
1133 659 1148 683 ,
1191 611 1562 688 prapltetarumr
1582 627 1773 688 arcana
1803 611 2067 681 patefecit,

475 712 590 766 qua:
615 705 894 766 antequam
908 683 1424 766 _'pateretttr'perspic_i
1454 686 1609 766 nullo
1629 683 1777 736 modo
1808 690 2064 747 poterant.

477 757 543 824 Et
569 782 683 836 cap.
719 757 783 820 15
809 757 1002 836 ενδὶὲιιε
1021 761 1177 836 etiam
1203 757 1349 815 uoces
1382 757 1792 836 Prophetarum,
1811 767 1924 836 qua
1949 766 2069 836 eum

475 856 566 910 per
591 823 752 891 annos
782 835 924 910 mille
942 835 1243 910 quingentos
1265 871 1281 898 ,
1314 841 1360 884 et
1401 845 1458 883 eo
1485 823 1708 910 amplius
1727 824 1915 910 ,“lecta:
1940 823 2071 910 fuis-

473 895 583 964 isent
607 926 639 962 a
667 907 854 978 papula
892 895 1220 978 Judwtjrum,
1268 895 1360 955 nec
1415 895 1583 978 tamen
1623 895 1888 978 intellecta:
1922 903 2066 978 sunt,

473 983 572 1034 nisi
600 966 865 1048 po'stq'uam
893 977 1012 1031 illas
1039 966 1270 1031 Christus
1299 983 1345 1027 et
1368 973 1514 1026 verbo
1535 1011 1549 1036 ,
1578 979 1624 1024 et
1658 966 1890 1038 aperibus
1916 966 2072 1019 inter-

473 1061 697 1123 pretatus
726 1060 822 1123 est.
867 1119 890 1123 _
1101 1118 1112 1123 Α
1541 1111 1602 1123 Α,
1687 1109 1725 1123 η
1781 1111 1811 1123 η

549 1121 840 1175 ()rdintwit.
867 1118 1202 1192 Lactantius,
1223 1113 1378 1179 ibid.,
1399 1128 1518 1192 cap.
1541 1111 1607 1166 2i
1632 1127 1650 1192 _:
1682 1109 2071 1192 Ordiuatavero

472 1195 740 1262 discipulis
767 1193 875 1245 suis
901 1188 1192 1256 euangelica
1207 1204 1282 1262 _ac
1311 1187 1530 1240 nominis
1564 1185 1642 1262 _sui
1687 1182 2069 1262 prtcdicatioue,

474 1251 805 1331 circumfudit
826 1279 878 1316 se
895 1251 1102 1326 repente
1124 1259 1299 1331 nubes,
1333 1272 1544 1331 eumque
1563 1257 1616 1308 in
1641 1255 1821 1331 caelum
1842 1251 2069 1331 sustulit.

553 1336 652 1389 l’er
673 1323 842 1388 'annos
869 1323 1086 1404 ﬂii-Ait
1130 1330 1441 1404 Lactantius
1461 1323 1782 1404 Apostul‘os,
1819 1324 1960 1404 etin
1991 1323 2076 1404 his

473 1407 751 1461 Matthiam
783 1413 836 1458 et
864 1403 1108 1465 Paulum,
1141 1403 1230 1471 qui
1251 1409 1371 1471 post
1395 1396 1620 1471 mortem
1643 1396 1840 1451 Christi
1865 1396 2074 1448 Domini

477 1478 700 1546 reliquis
745 1475 981 1543 adjuncti
1031 1470 1265 1537 fuerant,
1318 1470 1650 1538 evangelium
1707 1483 1803 1536 per
1857 1479 2074 1546 amnem

477 1535 674 1602 terram
720 1535 1094 1616 przedicavisse
1140 1535 1794 1616 perannos'xxvuisqne
1820 1535 1886 1590 ad
1928 1535 2078 1616 pain-

475 1622 670 1688 eipium
699 1607 987 1673 Neroniani
1014 1607 1251 1688 imperii,
1279 1624 1331 1669 et
1361 1614 1575 1688 Petrum
1603 1609 1827 1688 Ruinam
1867 1607 2078 1688 prolec-

475 1679 612 1758 tu'm,
637 1706 758 1746 cum
787 1688 929 1743 Nero
949 1687 1058 1742 illic
1086 1679 1391 1758 imperaret.
1420 1685 1485 1738 Et
1510 1684 1645 1758 hanc
1668 1681 1883 1751 quidem
1912 1679 2076 1758 fuisse

482 1750 609 1815 tum,
635 1774 976 1816 communem
1005 1759 1073 1813 de
1100 1750 1243 1812 Petri
1286 1757 1351 1808 ad
1392 1759 1577 1809 urbem
1609 1750 1834 1807 Romam
1867 1750 2078 1818 profec-

477 1836 621 1887 tione
641 1834 980 1920 opinion-em;
1008 1840 1186 1920 tamen
1209 1829 1307 1882 etsi
1337 1828 1491 1920 aliter
1518 1821 2074 1920 p()|SEIIl?lllLlil.l05A-V-t:
2103 1858 2152 1920 Β

477 1915 618 1959 teres
663 1896 1227 1976 senserithEusebius,
1275 1899 1430 1954 valde
1481 1896 1758 1976 probabile
1797 1905 1902 1957 est,
1949 1907 2073 1976 cum

474 1976 785 2030 Lactantius
824 1972 1024 2029 nullam
1069 1973 1138 2028 de
1165 1987 1227 2025 ea
1277 1987 1337 2025 re
1366 1972 1792 2024 controversiam
1835 1972 2070 2018 moveat.

475 2047 741 2102 Fortassis
769 2061 898 2115 ergo
932 2059 1000 2098 ex
1029 2043 1112 2116 his
1155 2041 1338 2116 viginti
1380 2043 1617 2116 quinque
1654 2037 1844 2098 annis,
1885 2035 1974 2104 qui
2008 2034 2074 2116 ad

473 2111 915 2188 prmdicationem
947 2115 1186 2188 omnium
1219 2111 1598 2188 Apostolorum
1626 2124 1691 2162 ex
1728 2121 1883 2188 aequo
1908 2111 2077 2178 perti-

474 2183 627 2254 nent,
655 2197 771 2242 orta
801 2198 884 2242 est
911 2187 1092 2255 opinio
1123 2187 1192 2238 de
1217 2184 1403 2254 viginti
1441 2183 1679 2255 quinque
1723 2183 1877 2235 anuis
1896 2219 1910 2241 ,
1939 2192 2076 2247 quos

474 2252 687 2328 quidam
717 2252 964 2322 veteres,
979 2265 1033 2310 et
1059 2252 1448 2328 innumerabile
1482 2252 1841 2328 recentiorum
1880 2263 2074 2328 agﬂmen

475 2321 662 2384 sancto
690 2329 848 2383 Petro
871 2328 1117 2397 apostolo
1140 2328 1380 2380 tribuunt
1408 2327 1459 2378 in
1487 2323 1615 2377 Sede
1645 2321 1906 2397 liomana.
1931 2321 2076 2397 Sane

479 2403 604 2456 licet
630 2399 825 2454 frustra
873 2393 936 2453 ac
964 2399 1428 2468 supervacaneea
1462 2393 1735 2468 nonnullis
1764 2393 2074 2468 negaripu-

475 2482 585 2527 tem
607 2472 897 2525 adventum
927 2464 1049 2541 ejus
1071 2469 1138 2524 ad
1162 2468 1346 2523 urbem
1366 2466 1618 2541 Romam,
1645 2464 2075 2541 quiclarissimis

475 2554 722 2598 veterum
778 2535 1098 2597 testimimiis
1143 2539 1523 2608 comprobatus
1562 2545 1666 2598 est.
1714 2535 1784 2590 de
1835 2544 2076 2602 tempore

476 2624 655 2670 tamen
700 2614 924 2668 multum
967 2613 1200 2681 ambigo,
1245 2626 1366 2664 cum
1417 2609 1624 2663 videam
1669 2616 1754 2681 tot
1789 2615 2078 2681 tantasque

476 2684 820 2738 difﬁcultates
852 2682 1052 2739 habere
1077 2677 1264 2738 eorum
1292 2682 1638 2743 sententiam,
1669 2679 1759 2749 qui
1787 2678 1935 2734 illum
1967 2677 2074 2749 Ro:

476 2771 620 2809 mam
649 2756 861 2810 venisse
913 2757 1098 2808 volunt
1153 2753 1376 2808 Claudio
1427 2748 1757 2821 imperante,
1810 2761 1867 2802 ut
1892 2748 2076 2821 coacti

478 2828 587 2880 sint
611 2827 890 2896 duplicare
918 2824 1307 2895 profectionem
1331 2824 1448 2894 ejus
1472 2819 1523 2876 iii
1555 2822 1770 2885 urbem,
1795 2831 1850 2876 et
1874 2819 2076 2896 duplex

477 2903 604 2953 item
627 2891 745 2968 ejus
783 2891 1382 2968 cum'Simoneimagq:
1403 2903 1684 2968 certamen
1718 2891 2074 2968 comminisci,

477 2963 910 3046 p_rittto:qui_detn
953 2963 1571 3046 temporibus—Claudii,
1601 2964 1725 3019 dein
1778 2963 2076 3046 principatu

475 3034 730 3096 Neronis:
766 3041 895 3108 Quae
932 3055 1022 3095 res
1052 3034 1212 3110 quam
1252 3037 1480 3110 absurda
1509 3038 1600 3100 sit,
1626 3050 1747 3092 cum
1778 3034 1832 3090 id
1861 3050 1891 3089 a
1932 3035 2079 3110 nullo

477 3122 716 3167 veterum
743 3105 1010 3179 proditum
1033 3105 1104 3165 sit
1125 3111 1401 3165 memoria:
1434 3109 1732 3179 litterarum
1753 3148 1767 3170 ,
1798 3105 2080 3176 pervident

479 3183 702 3239 istarum
734 3178 913 3238 rerum
947 3183 1125 3253 periti.
1156 3181 1290 3237 Nam
1315 3180 1456 3252 quod
1481 3195 1509 3232 a
1535 3178 1839 3253 recentiure
1858 3187 2079 3232 auctore

2169 529 2312 606 quod
2341 538 2503 590 etiam
2538 537 2804 606 repetitin
2833 537 3009 605 capite
3025 533 3272 590 secundo
3305 533 3532 606 libri_de
3560 535 3637 606 Ira
3667 536 3761 588 Dei.

2173 603 2308 662 l’linc
2333 609 2467 662 inira
2495 608 2562 662 de
2587 603 2797 662 Nerone
2823 607 2874 661 in
2902 603 3008 661 hoc
3040 609 3160 674 ipso
3188 606 3336 660 libro
3366 624 3380 659 :
3425 603 3690 659 Prosilieit
3709 608 3764 658 ad

2171 679 2509 735 excidendum
2537 681 2734 734 cteleste
2771 680 3037 751 templum.
3069 679 3134 732 Et
3174 692 3298 747 cap.
3332 675 3401 731 15
3438 695 3461 751 εΔ
3485 675 3628 751 Nam
3654 678 3766 732 Cen-

2172 753 2450 815 stantinus,
2480 769 2543 805 ne
2567 752 2835 806 dissentire
2860 749 2893 804 a
2921 753 3178 822 majorum
3210 749 3488 822 praeceptis
3509 750 3766 816 videretur,

2173 821 2550 889 conventicula,
2582 823 2637 875 id
2663 832 2757 888 est,
2786 821 3024 893 parietes,
3053 823 3140 892 qui
3166 821 3374 893 restitui
3403 830 3677 889 poterant.
3704 825 3769 874 di-

2172 895 2253 948 rui
2283 912 2465 966 passus
2491 904 2584 959 est,
2615 892 2793 948 verum
2812 904 2982 948 autem
3011 893 3108 966 Dei
3123 892 3418 966 templum,
3452 896 3598 962 quod
3636 903 3702 966 est
3726 896 3768 946 in

2174 963 2483 1031 hominibus,
2515 967 2770 1019 incolume
2797 966 3033 1020 servavit.
3070 964 3206 1018 Hinc
3229 963 3374 1034 libro
3401 972 3604 1034 quarto
3633 965 3771 1019 lnsti-

2175 1045 2300 1101 tut.,
2323 1054 2443 1106 cap.
2471 1037 2560 1103 10,
2585 1040 2679 1100 ait,
2706 1051 2927 1092 necesse
2947 1036 3110 1092 fuisse
3129 1035 3226 1090 Dei
3248 1033 3452 1088 Filium
3483 1036 3773 1090 descendere

2173 1109 2228 1162 in
2257 1118 2469 1174 terram,
2494 1120 2547 1161 ut
2573 1111 2897 1168 constitueret
2927 1107 3037 1163 Deo
3063 1108 3309 1177 templum
3349 1109 3772 1180 doceretquejtts-

2174 1182 2358 1233 titiam.

2249 1251 2451 1306 Stabile
2470 1251 2756 1306 collocavit.
2788 1251 3118 1315 Lactantius,
3153 1250 3246 1304 lib.
3265 1265 3338 1304 vtt
3368 1250 3642 1315 lnstitut.,
3666 1267 3773 1318 cap.

2181 1321 2248 1378 10
2273 1341 2285 1375 :
2321 1324 2434 1378 Sibi
2459 1325 2772 1376 domicilium
2798 1323 2980 1378 stabile
3005 1323 3292 1377 collocavit.

2252 1393 2460 1448 Primus
2484 1397 2709 1449 omnium
2739 1405 3048 1462 persecutus.
3074 1394 3441 1449 Tertullianus
3487 1394 3542 1449 in
3587 1393 3776 1464 Apolo-

2175 1465 2505 1536 getico,cap.
2530 1465 2564 1520 5
2591 1485 2603 1521 :
2634 1466 2895 1520 Consulite
2914 1467 3303 1520 commentarios
3316 1476 3534 1520 vestros.
3561 1465 3592 1519 1
3600 1470 3687 1520 llic
3709 1485 3778 1521 re-

2177 1538 2382 1607 perietis
2409 1540 2631 1607 primunt
2663 1537 2919 1592 Neronem
2949 1539 3000 1591 in
3042 1538 3176 1590 hanc
3205 1548 3396 1590 sectam
3426 1548 3540 1590 tum
3569 1541 3780 1592 madere

2179 1607 2360 1662 Roma:
2386 1610 2626 1662 orientem
2670 1608 2965 1663 Cazsariano
3004 1609 3179 1677 gladio
3225 1610 3492 1679 ferocisse.
3539 1611 3652 1665 Sed
3700 1613 3779 1664 tali

2178 1680 2470 1735 dedicatore
2495 1682 2840 1733 damnationis
2870 1692 3054 1734 nostra
3103 1681 3256 1734 etiam
3297 1682 3620 1750 gloriamur.
3653 1681 3781 1736 Peti-

2179 1751 2376 1816 lianus,
2393 1752 2688 1823 Episcopus
2700 1751 3206 1814 Conslantiniensis,
3221 1752 3335 1805 sive
3351 1751 3652 1817 Cirtensis,
3675 1771 3782 1823 par-

2181 1823 2248 1877 tis
2276 1824 2692 1887 Donatistarum,
2719 1825 2857 1892 apml
2884 1823 3257 1892 Augustinum,
3284 1823 3377 1876 lib.
3409 1837 3445 1876 Il
3478 1836 3674 1879 contra
3701 1827 3780 1880 lit-

2181 1903 2322 1948 teras
2344 1894 2612 1961 Petiliani,
2637 1911 2762 1966 cap.
2784 1895 2851 1948 92
2877 1912 2889 1948 :
2927 1895 3231 1964 Relinquam
3254 1892 3546 1966 Neronem,
3569 1899 3663 1965 qui
3685 1900 3782 1966 pri-

2179 1982 2293 2018 mus
2317 1977 2604 2034 persecutus
2629 1965 3062 2021 est’Cltristianos.
3094 1965 3358 2034 Sulpitius
3389 1966 3661 2034 Severus,
3686 1965 3778 2023 lib.

2180 2051 2239 2102 tt,
2271 2037 2337 2092 de
2379 2037 2592 2092 Nerone
2618 2036 2879 2106 loquens:
2919 2039 3027 2108 qui,
3062 2055 3163 2091 non
3209 2038 3380 2090 dicam
3420 2036 3636 2108 Regum
3660 2081 3678 2103 ,
3706 2041 3783 2094 sed

2179 2108 2407 2162 omnium
2435 2110 2732 2172 hominum,
2766 2120 2810 2163 et
2839 2111 2917 2164 vel
2958 2109 3255 2163 immanium
3294 2109 3583 2162 bestiarum
3626 2113 3782 2164 sordi-

2179 2179 2442 2261 dissimus,
2467 2181 2653 2261 dignus
2675 2181 2838 2235 extitit
2859 2183 2947 2251 qui
2967 2182 3365 2252 persecutionem
3386 2181 3441 2233 in
3472 2182 3784 2259 Christianos

2180 2252 2375 2319 primus
2403 2253 2664 2316 inciperet.
3492 2252 3504 2259 ’

2254 2321 2338 2376 Ne
2365 2325 2552 2393 sepult.
2597 2340 2648 2394 q.
2684 2323 2845 2378 locus.
2876 2323 3075 2378 Contra
3120 2321 3413 2378 Suetonius
3457 2322 3632 2380 docet
3671 2339 3783 2380 eum

2180 2391 2483 2448 funeratam
2516 2391 2637 2450 esse
2669 2397 2910 2461 impensa
2940 2397 3293 2450 ducentorum
3327 2395 3585 2459 millium,
3614 2408 3670 2452 et
3702 2414 3784 2452 rc-

2182 2464 2373 2539 liquias
2395 2469 2513 2534 ejus
2557 2466 2908 2521 Domitiorum
2941 2475 3289 2539 monumento
3325 2467 3584 2522 conditas
3606 2510 3624 2534 ,
3653 2469 3785 2539 quod

2185 2537 2612 2606 prospiciebatur
2637 2554 2668 2593 e
2694 2554 2886 2607 campo
2918 2538 3108 2592 Martio
3139 2540 3448 2607 impositum
3489 2540 3637 2595 colle
3666 2537 3786 2593 bor-

2183 2617 2380 2674 torum,
2408 2619 2462 2662 et
2493 2609 2658 2665 fuisse
2684 2611 2773 2678 qui
2797 2625 2892 2677 per
2923 2610 3138 2678 longum
3173 2620 3388 2679 tempus
3419 2612 3622 2674 vernis
3647 2613 3783 2667 :lei-

2185 2679 2373 2748 visque
2401 2679 2626 2736 ﬂoribus
2654 2682 2917 2735 tumulum
2943 2680 3060 2749 ejus
3086 2692 3364 2734 ornarent.

2266 2749 2444 2804 Vivum
2459 2763 2786 2806 reservatum.
2811 2753 2880 2806 Ea
2903 2754 2997 2806 luit
3020 2752 3374 2822 quorumdam
3398 2761 3653 2808 veterum
3675 2769 3783 2822 per-

2181 2824 2360 2876 suasio
2379 2823 2644 2878 Neronem
2668 2840 2774 2878 non
2802 2839 2924 2878 esse
2948 2835 3234 2890 mortuum,
3256 2823 3353 2878 sed
3374 2823 3565 2879 adhuc
3585 2829 3782 2888 vivere,

2180 2905 2236 2948 et
2259 2904 2544 2950 venturum
2567 2904 2692 2950 ante
2715 2896 2879 2949 seculi
2903 2895 3082 2957 linem,
3109 2905 3162 2949 et
3183 2897 3264 2948 Vel
3293 2896 3471 2964 ipsum
3497 2897 3620 2952 fore
3641 2898 3788 2953 Anti-

2181 2965 2463 3032 christum,
2500 2967 2581 3022 vel
2607 2967 2937 3036 temporibus
2969 2967 3158 3020 iisdem
3183 2981 3278 3036 per
3303 2966 3663 3023 Occidentem
3692 2984 3786 3022 se—

2183 3037 2440 3103 viturum,
2469 3037 2663 3108 quibus
2690 3039 2778 3093 ille
2801 3054 2895 3107 per
2914 3037 3212 3100 Orientem,
3253 3048 3313 3092 ut
3351 3040 3664 3094 obseravit
3691 3041 3788 3093 Ca-

2183 3107 2454 3163 saubonus
2473 3107 2536 3163 ad
2561 3109 2895 3163 Suetonium.
2919 3109 3034 3175 Qua
3048 3109 3114 3163 de
3136 3124 3194 3163 re
3219 3110 3340 3164 vide
3361 3112 3530 3164 etiam
3555 3113 3788 3166 Annales

2183 3181 2578 3235 ecclesiasticos
2603 3180 2949 3236 illustrissimi
2972 3179 3271 3234 Cardinalis
3293 3181 3540 3236 Baronii.
3563 3181 3672 3239 Sed
3692 3183 3784 3237 alia

480 3256 598 3309 sine
647 3255 871 3324 alicujus
917 3249 1228 3309 vetustioris
1269 3249 1602 3324 auctoritate
1637 3249 2076 3324 profertur_con-
2104 3251 2151 3315 C
2184 3266 2338 3305 mens
2383 3251 2660 3306 Lactantio
2687 3253 2814 3319 fuit,
2859 3254 2948 3322 qui
2979 3266 3072 3306 eos
3118 3254 3206 3320 qni
3258 3254 3328 3324 ita
3375 3255 3626 3308 sentiunt
3664 3255 3786 3308 deli-

482 3325 760 3390 temnitur,
785 3320 862 3379 'ut
890 3327 1096 3379 monuit
1139 3325 1534 3380 illustrissimus
1565 3321 1867 3378 Cardinalis
1911 3320 2077 3374 Baro-

482 3397 624 3452 nius.
657 3396 860 3466 Itaque,
889 3396 934 3450 si
965 3395 1046 3449 las
1071 3406 1215 3450 esset
1242 3395 1500 3466 recedere
1525 3409 1554 3448 a
1577 3393 1783 3463 vulgari
1807 3401 1863 3447 et
1889 3392 1939 3466 in
1955 3391 2083 3466 ani-

482 3468 586 3521 mis
609 3464 884 3520 hominum
917 3467 1072 3520 insita
1103 3467 1376 3536 opinione,
1397 3464 1446 3521 ei
1476 3464 1879 3536 Lactantianam
1898 3464 2085 3536 Iuben-

483 3547 567 3592 ter
598 3537 905 3607 prtelerrem
929 3553 944 3601 ;
977 3536 1030 3591 id
1059 3547 1162 3602 est,
1191 3537 1412 3592 Petrum
1442 3536 1658 3606 quidem
1683 3535 1870 3590 Roma:
1887 3535 2085 3607 praedi-

483 3604 640 3663 casse
669 3607 1016 3678 Evangelium
1039 3607 1192 3664 facile
1211 3604 1588 3672 concederem,
1610 3622 1716 3678 non
1745 3609 1844 3662 sub
1859 3604 2084 3678 fl‘iberio

484 3678 739 3745 Claudio,
769 3677 1004 3749 ut’vulgo
1054 3689 1276 3750 putant,
1304 3679 1398 3733 sed
1437 3679 1537 3734 sub
1579 3677 1792 3734 Nerone
1834 3677 2082 3732 Claudio.

484 3751 696 3820 Quippe
725 3750 960 3805 stabilita
1004 3753 1172 3806 semel
1205 3751 1306 3804 bac
1333 3751 1633 3813 verissima,
1666 3759 1724 3804 ut
1765 3758 1893 3819 puto
1916 3789 1931 3814 ,
1961 3763 2088 3820 sen-

486 3819 674 3886 tentia,
694 3821 1027 3892 conquiescit
1042 3822 1221 3876 statim
1239 3821 1738 3890 omnisdisputatio,
1755 3821 1957 3892 absque
1973 3819 2086 3874 ullo

485 3890 832 3949 incommodo
895 3894 1227 3948 auctoritatis
1270 3892 1498 3948 Romani
1555 3892 1850 3947 Pontiﬁcis.
1901 3890 2087 3961 Neque

487 3966 630 4020 enim
688 3965 847 4032 longa
894 3979 1158 4020 annorum
1207 3966 1399 4029 series,
1451 3963 1642 4032 quibus
1686 3963 1877 4018 Petrus
1927 3963 2089 4017 luerit

486 4038 769 4106 episcopus
794 4036 1000 4100 Romai,
1033 4037 1319 4106 primatum
1350 4036 1492 4090 illius
1518 4035 1769 4090 Ecclesiae
1803 4033 2083 4106 rstabilivit,

488 4109 580 4162 sed
615 4105 846 4178 persona
877 4105 1045 4173 Petri,
1074 4109 1164 4178 qui
1203 4106 1524 4178 Cathedram
1559 4122 1708 4160 suam
1742 4105 1812 4159 ibi
1852 4106 2088 4161 colloca-

488 4177 672 4250 vitLet
701 4195 821 4232 eam
852 4194 952 4234 suo
977 4177 1234 4250 sanguine
1263 4177 1511 4250 solidavit
1539 4193 1600 4232 ac
1626 4177 1986 4233 conlirmavit.

563 4249 923 4303 Fundamenta
972 4249 1235 4304 miserunt.
1271 4249 1322 4304 Id
1351 4263 1455 4313 est,
1499 4259 1828 4319 posuerunt,
1877 4261 1933 4303 ut
1970 4250 2089 4316 ipse

491 4319 803 4374 Lactantius
844 4321 1057 4390 scripsit
1085 4323 1135 4376 in
1175 4323 1295 4376 loco
1321 4320 1480 4390 paulo
1510 4331 1634 4375 ante
1671 4321 1887 4375 laudato
1913 4339 1924 4374 :
1956 4319 2083 4377 Dis-

491 4392 650 4464 cipuli
676 4407 792 4464 uero
839 4408 930 4462 per
969 4394 1254 4463 provincias
1290 4392 1508 4464 dispersi
1543 4392 1879 4464 fundamenta
1908 4392 2089 4447 Eccle-

490 4463 580 4515 sia:
605 4463 787 4534 ubique
829 4472 1125 4529 posuerunt,
1162 4463 1400 4534 facientes
1428 4473 1486 4534 et
1532 4465 1629 4531 ipsi
1659 4465 1712 4516 in
1740 4463 1944 4518 nomine
1978 4482 2089 4518 ma-

491 4533 635 4601 gistri
674 4531 772 4605 Dei
801 4548 986 4605 magna
1014 4544 1061 4588 et
1093 4531 1219 4602 pene
1259 4533 1580 4605 incredibilia
1609 4535 1882 4589 miracula.
1915 4536 2089 4605 Agrao

491 4605 588 4656 rite
619 4603 694 4657 rei
716 4602 1018 4674 Scriptores
1046 4605 1243 4659 mittere
1267 4604 1451 4658 dicunt
1484 4620 1580 4672 pro
1599 4621 1806 4674 ponere,
1834 4614 1894 4659 ut
1924 4602 2090 4674 pluri-

492 4673 592 4798 léqs
637 4672 875 4756 ostendit
924 4675 1006 4729 vir
1058 4674 1392 4730 clarissimus
1437 4672 1685 4730 Nicolaus
1722 4672 1984 4746 Rigaltius
2038 4677 2089 4733 in

565 4758 721 4798 ossns.

565 4758 721 4802 OSSIS.

565 4815 822 4871 Convertit
857 4815 1085 4888 mulaad
1101 4815 1468 4888 justitiamald
1499 4825 1602 4888 est,
1635 4815 1699 4871 ad
1731 4816 1933 4873 cultum
1978 4819 2092 4875 veri

495 4887 610 4960 Dei,
639 4897 697 4942 ut
726 4888 958 4958 loquitur
989 4887 1319 4960 Lactantius,
1349 4887 1443 4943 lib.
1473 4903 1549 4943 vn
1573 4887 1828 4955 lnstitut.,
1852 4904 1973 4960 cap.
1999 4891 2088 4946 17.

493 4959 664 5026 ldem,
694 4957 866 5023 lib.’v,
890 4972 1010 5029 cap.
1041 4959 1105 5012 7:
1131 4957 1354 5012 Reddita
1377 4961 1579 5029 quidem
1603 4971 1770 5028 terraz,
1799 4963 1888 5016 sed
1916 4957 2093 5030 paucis

493 5030 972 5113 assignata‘justitia
993 5039 1085 5113 est,
1108 5031 1367 5113 quaznniltil
1385 5031 1533 5084 aliud
1553 5042 1625 5086 est
1652 5033 1934 5113 φωτιῃοςὶ
1954 5036 2089 5113 unici

495 5103 582 5168 pia
611 5113 656 5177 et
683 5101 922 5177 religiosa
945 5103 1171 5177 cultura:
1211 5101 1324 5177 Qua
1354 5118 1486 5177 voce
1525 5101 1722 5177 passim
1765 5105 1832 5160 ad
1872 5107 2082 5177 signiti-

493 5172 719 5242 caudam
752 5171 1066 5242 religionem
1111 5171 1310 5227 Christi
1357 5171 1538 5229 utitur'
1562 5176 1867 5231 Lactantius
1897 5171 1947 5232 in
1980 5178 2084 5232 hoc

494 5241 650 5307 libro,
673 5244 802 5318 e_t_in
827 5243 1046 5313 reliquis
1067 5243 1527 5318 lucubrationibus
1548 5250 1678 5318 suis.
1707 5247 1962 5318 Sulpitius
1987 5250 2085 5304 Se-

492 5327 674 5386 verus,
707 5314 799 5386 lib.
825 5329 862 5368 Il
892 5329 1060 5369 sacrae
1093 5314 1244 5386 hist.,
1277 5317 1498 5386 loquens
1521 5318 1588 5372 de
1614 5314 1870 5374 Romanis
1895 5321 1960 5374 ad
1988 5337 2085 5374 au—

493 5383 745 5440 diendum
783 5385 1005 5440 Paulum
1046 5381 1485 5443 condenieniibus
1514 5409 1526 5442 :
1561 5389 1664 5454 Qui
1698 5393 1902 5445 veritate
1929 5392 2083 5446 intel-

491 5458 641 5530 lecta,
698 5457 1062 5527 uirtutibusque
1115 5458 1504 5530 Apostolorum,
1560 5478 1688 5530 quas
1749 5474 1855 5516 tum
1907 5463 2083 5518 crebro

491 5526 779 5604 ediderant,
811 5526 1048 5604 permoti,
1074 5529 1143 5582 ad
1166 5531 1379 5604 cultttna
1388 5531 1482 5586 Dei
1504 5526 1610 5587 sesc
1640 5534 1985 5604 conferebant.

563 5597 830 5668 Templum
859 5601 1010 5679 fidele
1034 5617 1102 5679 ae
1117 5600 1315 5679 stabile.
1329 5601 1635 5679 Ecclesium
1664 5597 1934 5679 nitiiirum,
1965 5625 2082 5679 quat

490 5677 560 5746 est
586 5685 754 5746 verum
786 5673 1026 5746 templum
1059 5671 1174 5736 Dei,
1205 5672 1340 5738 quod
1364 5690 1462 5728 non
1489 5676 1542 5728 in
1572 5677 1849 5746 parietibus
1872 5671 2080 5745 est,'sed

490 5739 542 5791 in
575 5743 730 5816 corde
745 5757 812 5816 ac,
835 5743 937 5811 ﬁde
974 5744 1236 5816 hominum
1280 5745 1364 5816 qui
1392 5739 1600 5801 credunt
1630 5751 1681 5802 in
1721 5767 1836 5803 eum
1857 5792 1870 5816 ,
1905 5739 1965 5803 ac
1990 5767 2077 5804 vo-

488 5821 669 5890 eantur
693 5812 889 5879 ﬁdeles.
921 5813 1070 5890 ut_a_it
1094 5813 1397 5890 Lactantius
1425 5819 1473 5871 in
1506 5819 1641 5874 libro
1679 5812 1870 5890 quarto
1916 5824 2077 5876 lnsti-

487 5881 772 5988 tntionnm,
813 5896 935 5957 cap.
980 5884 1069 5943 u.
1117 5885 1183 5941 Et
1247 5887 1302 5944 in
1353 5890 1528 5962 capite
1571 5881 1816 5965 sequenti
1884 5892 2078 5974 Eccleg

2114 4645 2170 4706 Ῑ)

2181 3337 2308 3396 rare
2352 3324 2884 3396 pro_nuntiat.rQua_re
2930 3325 3056 3396 falsa
3089 3323 3327 3396 prorsus
3354 3337 3440 3378 est
3476 3325 3784 3396 conjectura

2187 3392 2408 3464 Josephi
2441 3392 2579 3458 ls:ei,
2611 3395 2701 3465 qui
2730 3396 2782 3449 in
2814 3393 2965 3449 Notis
2986 3394 3052 3448 ad
3086 3395 3278 3448 librum
3315 3392 3617 3465 septimum
3651 3399 3786 3451 Divi-

2189 3479 2378 3519 narum
2412 3466 2830 3530 Institutionum,
2854 3481 2973 3535 cap.
3021 3465 3112 3530 16,
3161 3468 3465 3536 suspicatur
3511 3467 3787 3523 Lactantio

2189 3550 2307 3590 eam
2338 3539 2544 3592 sedisse
2583 3538 2904 3592 sententiam
2924 3578 2939 3600 ,
2968 3547 3024 3591 ut
3054 3539 3347 3593 crediderit
3389 3537 3601 3608 Regem
3647 3541 3784 3594 illum

2189 3610 2643 3681 potentissimum,
2675 3610 2763 3680 qui
2793 3610 2984 3681 inline
3023 3609 3205 3662 mundi
3253 3611 3508 3681 princeps
3550 3614 3783 3665 omnium

2189 3681 2565 3747 constituetur,
2591 3680 2825 3735 futurum
2856 3680 3158 3746 Neronem;
3192 3697 3366 3750 eoque
3393 3680 3621 3738 nomine
3657 3683 3783 3737 Lae-

2191 3750 2414 3806 tantium
2446 3753 2622 3817 arguit
2641 3753 2866 3806 erroris.

2263 3821 2465 3893 Sibylla
2495 3823 2710 3877 dicente.
2743 3822 2832 3878 Sic
2862 3822 3028 3877 libros
3059 3821 3358 3894 Sibyllinos
3389 3823 3620 3880 laudare
3651 3828 3786 3880 solet

2189 3889 2520 3958 Lactantius,
2581 3895 2862 3949 tamenetsi
2924 3895 3042 3948 illos
3091 3889 3258 3949 sciret
3307 3911 3412 3950 non
3465 3897 3630 3952 unius
3680 3913 3788 3951 esse

2190 3963 2434 4036 Sibyllaa,
2467 3965 2561 4021 sed
2593 3967 2849 4036 plurium.
2884 3966 2959 4020 lta
3009 3969 3122 4036 ipse
3155 3965 3292 4020 libro
3329 3967 3509 4036 primo
3550 3969 3784 4023 Divinar.

2189 4033 2446 4110 lnstitut.,
2469 4033 2609 4110 _capI
2642 4037 2713 4092 6:
2749 4036 2816 4091 Et
2847 4048 2965 4091 sunt
3011 4033 3346 4110 singularum
3383 4039 3583 4110 singuli
3630 4041 3745 4094 libri
3771 4055 3790 4092 :

2189 4108 2279 4176 qui
2305 4109 2427 4178 quia
2457 4107 2674 4179 Sibylla:
2723 4110 2926 4162 nomine
2955 4108 3322 4177 inscribuntur,
3356 4107 3512 4164 unius
3552 4128 3662 4167 esse
3689 4128 3790 4164 cre-

2190 4179 2401 4232 duntur.
2439 4180 2542 4234 Sed
2571 4190 2616 4233 et
2638 4195 2729 4233 nos
2757 4183 2970 4251 confuse
3009 4180 3268 4250 Sibyllam
3307 4183 3540 4236 dicemus
3567 4225 3585 4251 ,
3634 4183 3786 4236 sicubi

2191 4251 2490 4304 testimoniis
2519 4268 2695 4305 earum
2718 4253 2874 4322 fuerit
2923 4251 3255 4305 abutendum.
3293 4253 3409 4307 Duo
3437 4267 3620 4308 autem
3670 4263 3787 4308 sunt

2192 4323 2307 4395 loca
2342 4325 2396 4395 in
2427 4323 2654 4392 vulgatis
2682 4323 3004 4395 Sibyllarutn
3035 4325 3292 4395 oraculis,
3325 4324 3395 4378 ad
3435 4339 3560 4395 qua:
3611 4341 3787 4393 respe-

2191 4394 2338 4448 xisse
2386 4393 2487 4448 hoc
2537 4395 2656 4450 loco
2712 4393 2837 4449 reOr
2883 4394 3246 4450 Lactantium.
3301 4393 3520 4452 Primus
3570 4399 3786 4452 habetur

2194 4464 2246 4518 in
2272 4465 2411 4520 libro
2433 4467 2620 4533 quinto
2651 4483 2663 4521 :

2415 4579 2499 4636 ἧξιι
2522 4587 2559 4630 δ’
2579 4593 2618 4630 ιι
2631 4592 2794 4643 κεράων
2812 4593 2916 4643 γαίης
2939 4573 3184 4644 perpaucos“
3204 4593 3297 4644 in}.

2413 4656 2554 4705 Φιὺτυν
2575 4652 2646 4704 in
2666 4658 2762 4702 νόον,
2782 4655 2844 4699 ὀξὺ
2859 4658 2982 4706 στόμα
3006 4655 3229 4706 μιρμηρὶζυν
3247 4685 3260 4704 ,

2421 4708 2473 4763 ὂς
2492 4722 2614 4757 πᾶσαν
2634 4723 2742 4769 γαῖαν
2765 4719 2923 4766 ιαθιλιῖ,
2946 4719 3006 4757 καὶ
3029 4723 3150 4758 πάντα
3172 4720 3364 4771 κρατήσαι.

2194 4806 2324 4876 Quae
2353 4808 2432 4865 sic
2461 4808 2627 4866 latine
2665 4825 2819 4868 versa
2861 4823 2986 4867 sunt
3015 4827 3045 4865 a
3077 4812 3402 4868 Sebastiano
3432 4811 3737 4868 Castaliam:
3767 4825 3782 4863 :

2289 4923 2458 4989 Matris
2482 4931 2536 4975 et
2550 4926 2737 4977 occisor
2753 4927 2949 4989 quidam
2965 4926 3032 4976 de
3055 4925 3231 4976 ﬁnibus
3253 4926 3389 4975 orbis

2287 4985 2372 5056 Eir
2396 4986 2591 5056 fugiens
2614 4985 2801 5050 veniei,
2827 4991 3014 5056 spirans
3035 4991 3264 5056 immane,
3289 4989 3634 5056 tremensque,

2287 5048 2472 5099 Omnes
2493 5053 2574 5113 qui
2601 5058 2762 5102 terras
2779 5048 3006 5116 vastabit,
3032 5059 3084 5100 et
3106 5053 3270 5100 omnia
3295 5054 3480 5103 vincet.

2192 5131 2470 5260 Secunldus
2489 5133 2636 5190 locus
2653 5135 2722 5189 ita
2753 5135 2916 5190 habet
2947 5137 2998 5190 in
3030 5135 3166 5190 libro
3187 5148 3380 5191 oetavo
3402 5137 3777 5207 Sibyllinorum

2192 5220 2354 5260 oracu
2379 5219 2534 5259 orum
2569 5222 2582 5257 :
3441 5249 3456 5258 ,

2192 5219 2534 5260 oraculorum
2569 5222 2582 5257 :

2575 5361 2586 5372 .
2656 5364 2667 5374 .
2703 5323 2753 5375 iv'
2777 5333 2864 5376 ὅταν
2888 5337 2922 5388 τ’
2945 5337 3120 5386 having

2415 5389 2468 5437 ἐκ
2500 5398 2664 5450 nephew
2685 5401 2787 5448 τιὶης
2810 5399 2830 5437 ὁ
2863 5399 2972 5451 φυγὰς
2996 5401 3241 5451 μητροκτόνος
3267 5399 3380 5438 may
3400 5428 3414 5446 ,

2409 5461 2526 5499 ταῦτ’
2548 5460 2666 5500 ἅπασι
2691 5458 2834 5507 διδοὺς,
2851 5463 3012 5501 «latim;
3034 5466 3143 5512 μέγαν
3167 5459 3317 5502 Ἀσσιδι
3336 5465 3449 5513 Μαι.

2875 5557 3154 5621 litquando
3175 5558 3358 5621 redibit

2309 5615 2548 5684 Euromo
2563 5619 2715 5684 ἐπεοι-
2738 5622 2907 5670 matris
2933 5615 3168 5680 fugitivus
3191 5620 3252 5668 ab
3273 5622 3422 5684 urbe,

2310 5679 2550 5729 Omnibus
2568 5682 2653 5730 has
2671 5683 2878 5746 donans,
2893 5683 3066 5732 'Asiam
3089 5683 3358 5745 locupletet
3381 5679 3596 5732 abunde.

2824 5787 3050 5846 CAPUT
3077 5787 3167 5843 ΙΙΙ.

2259 5893 2400 5987 alter
2422 5911 2524 5954 non
2551 5898 2739 5988 minor.
2773 5897 2830 5958 Id
2862 5909 2964 5970 est.
3000 5898 3337 5988 Domitianus
3360 5941 3377 5974 ,
3408 5903 3600 5981 calvus
3642 5899 3775 5972 Nero

3869 565 3872 738 ι
