  <div class='ocr_page' id='page_1' title='image "/cluster/home/n/w/nwhite01/storage/ocr_20150623/7/hvd.32044015471246/162.png"; bbox 0 0 3950 6368; ppageno 0'>
   <div class='ocr_carea' id='block_1_1' title="bbox 43 352 128 413">
    <p class='ocr_par' dir='ltr' id='par_1_1' title="bbox 43 352 128 413">
     <span class='ocr_line' id='line_1_1' title="bbox 43 352 128 413; baseline -0.012 0"><span class='ocrx_word' id='word_1_1' title='bbox 43 352 128 413; x_wconf 76' lang='lat' dir='ltr'><strong>I3</strong></span> 
     </span>
    </p>
   </div>
   <div class='ocr_carea' id='block_1_2' title="bbox 43 469 1741 538">
    <p class='ocr_par' dir='ltr' id='par_1_2' title="bbox 43 469 1741 538">
     <span class='ocr_line' id='line_1_2' title="bbox 43 469 1741 538; baseline -0.003 -8"><span class='ocrx_word' id='word_1_2' title='bbox 43 492 125 531; x_wconf 88' lang='lat' dir='ltr'><strong>ue</strong></span> <span class='ocrx_word' id='word_1_3' title='bbox 161 490 249 531; x_wconf 79' lang='lat' dir='ltr'><strong>ex</strong></span> <span class='ocrx_word' id='word_1_4' title='bbox 284 489 360 534; x_wconf 86' lang='lat' dir='ltr'><strong>ea</strong></span> <span class='ocrx_word' id='word_1_5' title='bbox 391 476 625 533; x_wconf 78' lang='lat' dir='ltr'><strong>Romani</strong></span> <span class='ocrx_word' id='word_1_6' title='bbox 653 479 705 535; x_wconf 93' lang='lat' dir='ltr'><strong>in</strong></span> <span class='ocrx_word' id='word_1_7' title='bbox 736 478 909 535; x_wconf 86' lang='lat' dir='ltr'><strong>media</strong></span> <span class='ocrx_word' id='word_1_8' title='bbox 935 476 1118 534; x_wconf 76' lang='lat' dir='ltr'><strong>Mtesia</strong></span> <span class='ocrx_word' id='word_1_9' title='bbox 1147 474 1397 531; x_wconf 74' lang='lat' dir='ltr'><strong>collocati</strong></span> <span class='ocrx_word' id='word_1_10' title='bbox 1424 482 1569 538; x_wconf 85' lang='lat' dir='ltr'><strong>sunt,</strong></span> <span class='ocrx_word' id='word_1_11' title='bbox 1602 479 1660 526; x_wconf 91' lang='lat' dir='ltr'><strong>ut</strong></span> <span class='ocrx_word' id='word_1_12' title='bbox 1683 469 1741 533; x_wconf 76' lang='grc' dir='ltr'>Α</span> 
     </span>
    </p>
   </div>
   <div class='ocr_carea' id='block_1_3' title="bbox 43 544 1659 618">
    <p class='ocr_par' dir='ltr' id='par_1_3' title="bbox 43 544 1659 618">
     <span class='ocr_line' id='line_1_3' title="bbox 43 544 1659 618; baseline -0.001 -17"><span class='ocrx_word' id='word_1_13' title='bbox 43 566 61 601; x_wconf 86' lang='grc' dir='ltr'>ι</span> <span class='ocrx_word' id='word_1_14' title='bbox 101 548 287 604; x_wconf 84' lang='lat' dir='ltr'><strong>libro</strong></span> <span class='ocrx_word' id='word_1_15' title='bbox 341 563 496 604; x_wconf 90' lang='lat' dir='ltr'><strong>nouo</strong></span> <span class='ocrx_word' id='word_1_16' title='bbox 524 551 684 605; x_wconf 93' lang='lat' dir='ltr'><strong>tradit</strong></span> <span class='ocrx_word' id='word_1_17' title='bbox 714 551 1018 618; x_wconf 80' lang='lat' dir='ltr'><strong>Eutrapius.</strong></span> <span class='ocrx_word' id='word_1_18' title='bbox 1054 547 1266 603; x_wconf 79' lang='lat' dir='ltr'><strong>Flavius</strong></span> <span class='ocrx_word' id='word_1_19' title='bbox 1298 544 1573 618; x_wconf 15' lang='lat' dir='ltr'><strong>Vopiscus»</strong></span> <span class='ocrx_word' id='word_1_20' title='bbox 1605 544 1659 599; x_wconf 92' lang='lat' dir='ltr'><strong>in</strong></span> 
     </span>
    </p>
   </div>
   <div class='ocr_carea' id='block_1_4' title="bbox 43 615 1662 691">
    <p class='ocr_par' dir='ltr' id='par_1_4' title="bbox 43 615 1662 691">
     <span class='ocr_line' id='line_1_4' title="bbox 43 615 1662 691; baseline -0.002 -17"><span class='ocrx_word' id='word_1_21' title='bbox 43 640 75 673; x_wconf 69' lang='grc' dir='ltr'><strong>ι.</strong></span> <span class='ocrx_word' id='word_1_22' title='bbox 120 618 469 676; x_wconf 80' lang='lat' dir='ltr'><strong>Aureliano</strong></span> <span class='ocrx_word' id='word_1_23' title='bbox 512 639 526 674; x_wconf 89' lang='lat'><strong>:</strong></span> <span class='ocrx_word' id='word_1_24' title='bbox 574 620 700 676; x_wconf 77' lang='lat' dir='ltr'><strong>Cum</strong></span> <span class='ocrx_word' id='word_1_25' title='bbox 742 615 988 677; x_wconf 78' lang='lat' dir='ltr'><strong>vastatum</strong></span> <span class='ocrx_word' id='word_1_26' title='bbox 1019 620 1290 691; x_wconf 77' lang='lat' dir='ltr'><strong>Illyricum</strong></span> <span class='ocrx_word' id='word_1_27' title='bbox 1331 615 1662 691; x_wconf 13' lang='lat' dir='ltr'><strong>acrblwsiam</strong></span> 
     </span>
    </p>
   </div>
   <div class='ocr_carea' id='block_1_5' title="bbox 43 687 1661 764">
    <p class='ocr_par' dir='ltr' id='par_1_5' title="bbox 43 687 1661 764">
     <span class='ocr_line' id='line_1_5' title="bbox 43 687 1661 764; baseline -0.002 -19"><span class='ocrx_word' id='word_1_28' title='bbox 43 692 391 764; x_wconf 65' lang='lat' dir='ltr'><strong>eperdilgm</strong></span> <span class='ocrx_word' id='word_1_29' title='bbox 415 692 642 764; x_wconf 71' lang='lat' dir='ltr'><strong>uideret,</strong></span> <span class='ocrx_word' id='word_1_30' title='bbox 688 693 993 764; x_wconf 76' lang='lat' dir='ltr'><strong>prouinciam</strong></span> <span class='ocrx_word' id='word_1_31' title='bbox 1031 687 1172 746; x_wconf 82' lang='lat' dir='ltr'><strong>trans</strong></span> <span class='ocrx_word' id='word_1_32' title='bbox 1219 689 1509 764; x_wconf 85' lang='lat' dir='ltr'><strong>Danubium</strong></span> <span class='ocrx_word' id='word_1_33' title='bbox 1556 687 1661 764; x_wconf 58' lang='lat' dir='ltr'><strong>Ila-</strong></span> 
     </span>
    </p>
   </div>
   <div class='ocr_carea' id='block_1_6' title="bbox 43 759 1662 832">
    <p class='ocr_par' dir='ltr' id='par_1_6' title="bbox 43 759 1662 832">
     <span class='ocr_line' id='line_1_6' title="bbox 43 759 1662 832; baseline -0.001 -16"><span class='ocrx_word' id='word_1_34' title='bbox 43 759 163 816; x_wconf 55' lang='lat' dir='ltr'><strong>‘am</strong></span> <span class='ocrx_word' id='word_1_35' title='bbox 200 781 243 817; x_wconf 79' lang='grc' dir='ltr'><em>α</em></span> <span class='ocrx_word' id='word_1_36' title='bbox 281 762 528 832; x_wconf 83' lang='lat' dir='ltr'><strong>Trajano</strong></span> <span class='ocrx_word' id='word_1_37' title='bbox 546 759 868 819; x_wconf 84' lang='lat' dir='ltr'><strong>constitutam</strong></span> <span class='ocrx_word' id='word_1_38' title='bbox 893 763 1091 820; x_wconf 86' lang='lat' dir='ltr'><strong>sublato</strong></span> <span class='ocrx_word' id='word_1_39' title='bbox 1131 763 1354 817; x_wconf 84' lang='lat' dir='ltr'><strong>exercitu</strong></span> <span class='ocrx_word' id='word_1_40' title='bbox 1382 772 1428 815; x_wconf 90' lang='lat' dir='ltr'><strong>et</strong></span> <span class='ocrx_word' id='word_1_41' title='bbox 1455 759 1662 828; x_wconf 82' lang='lat' dir='ltr'><strong>provin-</strong></span> 
     </span>
    </p>
   </div>
   <div class='ocr_carea' id='block_1_7' title="bbox 43 832 1661 905">
    <p class='ocr_par' dir='ltr' id='par_1_7' title="bbox 43 832 1661 905">
     <span class='ocr_line' id='line_1_7' title="bbox 43 832 1661 905; baseline -0.001 -19"><span class='ocrx_word' id='word_1_42' title='bbox 43 834 274 888; x_wconf 77' lang='lat' dir='ltr'><strong>ialibus</strong></span> <span class='ocrx_word' id='word_1_43' title='bbox 306 835 558 905; x_wconf 76' lang='lat' dir='ltr'><strong>reliquit,</strong></span> <span class='ocrx_word' id='word_1_44' title='bbox 582 836 853 905; x_wconf 72' lang='lat' dir='ltr'><strong><em>desperans</em></strong></span> <span class='ocrx_word' id='word_1_45' title='bbox 882 853 991 890; x_wconf 88' lang='lat' dir='ltr'><strong>eam</strong></span> <span class='ocrx_word' id='word_1_46' title='bbox 1031 851 1177 905; x_wconf 83' lang='lat' dir='ltr'><strong>posse</strong></span> <span class='ocrx_word' id='word_1_47' title='bbox 1210 833 1447 898; x_wconf 87' lang='lat' dir='ltr'><strong>retineri;</strong></span> <span class='ocrx_word' id='word_1_48' title='bbox 1473 832 1661 905; x_wconf 80' lang='lat' dir='ltr'><strong>abduc-</strong></span> 
     </span>
    </p>
   </div>
   <div class='ocr_carea' id='block_1_8' title="bbox 43 904 1661 973">
    <p class='ocr_par' dir='ltr' id='par_1_8' title="bbox 43 904 1661 973">
     <span class='ocr_line' id='line_1_8' title="bbox 43 904 1661 973; baseline 0 -18"><span class='ocrx_word' id='word_1_49' title='bbox 43 921 222 972; x_wconf 64' lang='lat' dir='ltr'><strong>isque</strong></span> <span class='ocrx_word' id='word_1_50' title='bbox 246 922 330 961; x_wconf 83' lang='lat' dir='ltr'><strong>ex</strong></span> <span class='ocrx_word' id='word_1_51' title='bbox 356 904 660 973; x_wconf 37' lang='lat' dir='ltr'><strong>ea&#39;populos</strong></span> <span class='ocrx_word' id='word_1_52' title='bbox 674 904 732 960; x_wconf 89' lang='lat' dir='ltr'><strong>in</strong></span> <span class='ocrx_word' id='word_1_53' title='bbox 757 906 987 962; x_wconf 74' lang='lat' dir='ltr'><strong>Moesiam</strong></span> <span class='ocrx_word' id='word_1_54' title='bbox 1016 904 1282 961; x_wconf 71' lang='lat' dir='ltr'><strong>Collocavit</strong></span> <span class='ocrx_word' id='word_1_55' title='bbox 1304 948 1318 965; x_wconf 86' lang='lat'><strong>.</strong></span> <span class='ocrx_word' id='word_1_56' title='bbox 1354 904 1661 973; x_wconf 86' lang='lat' dir='ltr'><strong>appellavit-</strong></span> 
     </span>
    </p>
   </div>
   <div class='ocr_carea' id='block_1_9' title="bbox 43 974 1658 1044">
    <p class='ocr_par' dir='ltr' id='par_1_9' title="bbox 43 974 1658 1044">
     <span class='ocr_line' id='line_1_9' title="bbox 43 974 1658 1044; baseline 0 -14"><span class='ocrx_word' id='word_1_57' title='bbox 43 992 120 1030; x_wconf 83' lang='lat' dir='ltr'><strong>ue</strong></span> <span class='ocrx_word' id='word_1_58' title='bbox 147 993 333 1031; x_wconf 83' lang='lat' dir='ltr'><strong>suam</strong></span> <span class='ocrx_word' id='word_1_59' title='bbox 362 976 599 1044; x_wconf 83' lang='lat' dir='ltr'><strong>Daciam,</strong></span> <span class='ocrx_word' id='word_1_60' title='bbox 621 993 734 1043; x_wconf 70' lang='lat' dir='ltr'><strong>quae</strong></span> <span class='ocrx_word' id='word_1_61' title='bbox 752 995 885 1035; x_wconf 86' lang='lat' dir='ltr'><strong>nunc</strong></span> <span class='ocrx_word' id='word_1_62' title='bbox 911 978 1040 1034; x_wconf 89' lang='lat' dir='ltr'><strong>duas</strong></span> <span class='ocrx_word' id='word_1_63' title='bbox 1068 977 1279 1032; x_wconf 76' lang='lat' dir='ltr'><strong>Mmsias</strong></span> <span class='ocrx_word' id='word_1_64' title='bbox 1299 976 1497 1032; x_wconf 79' lang='lat' dir='ltr'><strong>dividit.</strong></span> <span class='ocrx_word' id='word_1_65' title='bbox 1524 974 1658 1030; x_wconf 87' lang='lat' dir='ltr'><strong>Tum</strong></span> 
     </span>
    </p>
   </div>
   <div class='ocr_carea' id='block_1_10' title="bbox 47 1048 1662 1120">
    <p class='ocr_par' dir='ltr' id='par_1_10' title="bbox 47 1048 1662 1120">
     <span class='ocr_line' id='line_1_10' title="bbox 47 1048 1662 1120; baseline 0.001 -18"><span class='ocrx_word' id='word_1_66' title='bbox 47 1064 167 1120; x_wconf 81' lang='lat' dir='ltr'><strong>rgo</strong></span> <span class='ocrx_word' id='word_1_67' title='bbox 205 1048 373 1103; x_wconf 86' lang='lat' dir='ltr'><strong>haud</strong></span> <span class='ocrx_word' id='word_1_68' title='bbox 404 1050 567 1106; x_wconf 81' lang='lat' dir='ltr'><strong>dubie</strong></span> <span class='ocrx_word' id='word_1_69' title='bbox 612 1049 837 1105; x_wconf 82' lang='lat' dir='ltr'><strong>Romula</strong></span> <span class='ocrx_word' id='word_1_70' title='bbox 882 1062 1055 1106; x_wconf 88' lang='lat' dir='ltr'><strong>mater</strong></span> <span class='ocrx_word' id='word_1_71' title='bbox 1096 1049 1336 1114; x_wconf 90' lang='lat' dir='ltr'><strong>Galerii,</strong></span> <span class='ocrx_word' id='word_1_72' title='bbox 1381 1063 1501 1120; x_wconf 75' lang='lat' dir='ltr'><strong>qua:</strong></span> <span class='ocrx_word' id='word_1_73' title='bbox 1543 1054 1662 1104; x_wconf 85' lang='lat' dir='ltr'><strong>erat</strong></span> 
     </span>
    </p>
   </div>
   <div class='ocr_carea' id='block_1_11' title="bbox 43 1118 1494 1193">
    <p class='ocr_par' dir='ltr' id='par_1_11' title="bbox 43 1118 1494 1193">
     <span class='ocr_line' id='line_1_11' title="bbox 43 1118 1494 1193; baseline 0 -21"><span class='ocrx_word' id='word_1_74' title='bbox 43 1118 583 1193; x_wconf 61' lang='lat' dir='ltr'><strong>‘ransdanubiana,</strong></span> <span class='ocrx_word' id='word_1_75' title='bbox 612 1123 925 1193; x_wconf 87' lang='lat' dir='ltr'><strong>confugerat</strong></span> <span class='ocrx_word' id='word_1_76' title='bbox 950 1124 1002 1177; x_wconf 91' lang='lat' dir='ltr'><strong>in</strong></span> <span class='ocrx_word' id='word_1_77' title='bbox 1036 1122 1249 1193; x_wconf 77' lang='lat' dir='ltr'><strong>Daciam</strong></span> <span class='ocrx_word' id='word_1_78' title='bbox 1279 1118 1494 1176; x_wconf 81' lang='lat' dir='ltr'><strong>novatn.</strong></span> 
     </span>
    </p>
   </div>
   <div class='ocr_carea' id='block_1_12' title="bbox 91 1190 1661 1274">
    <p class='ocr_par' dir='ltr' id='par_1_12' title="bbox 91 1190 1661 1274">
     <span class='ocr_line' id='line_1_12' title="bbox 91 1190 1661 1274; baseline 0.001 -28"><span class='ocrx_word' id='word_1_79' title='bbox 91 1190 379 1274; x_wconf 68' lang='lat' dir='ltr'><strong>Trajecto</strong></span> <span class='ocrx_word' id='word_1_80' title='bbox 423 1210 592 1274; x_wconf 79' lang='lat' dir='ltr'><strong>amne.</strong></span> <span class='ocrx_word' id='word_1_81' title='bbox 643 1193 699 1274; x_wconf 71' lang='lat' dir='ltr'><strong>Id</strong></span> <span class='ocrx_word' id='word_1_82' title='bbox 725 1190 841 1274; x_wconf 67' lang='lat' dir='ltr'><strong>est,</strong></span> <span class='ocrx_word' id='word_1_83' title='bbox 875 1194 1151 1274; x_wconf 71' lang='lat' dir='ltr'><strong>Danubio,</strong></span> <span class='ocrx_word' id='word_1_84' title='bbox 1202 1192 1289 1247; x_wconf 91' lang='lat' dir='ltr'><strong>ubi</strong></span> <span class='ocrx_word' id='word_1_85' title='bbox 1337 1191 1661 1274; x_wconf 75' lang='lat' dir='ltr'><strong>constitutus</strong></span> 
     </span>
    </p>
   </div>
   <div class='ocr_carea' id='block_1_13' title="bbox 52 1264 1428 1334">
    <p class='ocr_par' dir='ltr' id='par_1_13' title="bbox 52 1264 1428 1334">
     <span class='ocr_line' id='line_1_13' title="bbox 52 1264 1428 1334; baseline 0 -17"><span class='ocrx_word' id='word_1_86' title='bbox 52 1272 150 1334; x_wconf 76' lang='lat' dir='ltr'><strong>rat</strong></span> <span class='ocrx_word' id='word_1_87' title='bbox 188 1264 371 1319; x_wconf 85' lang='lat' dir='ltr'><strong>limes</strong></span> <span class='ocrx_word' id='word_1_88' title='bbox 403 1265 633 1319; x_wconf 90' lang='lat' dir='ltr'><strong>duarum</strong></span> <span class='ocrx_word' id='word_1_89' title='bbox 667 1265 945 1334; x_wconf 84' lang='lat' dir='ltr'><strong>Daciarum</strong></span> <span class='ocrx_word' id='word_1_90' title='bbox 981 1265 1125 1320; x_wconf 89' lang='lat' dir='ltr'><strong>illius</strong></span> <span class='ocrx_word' id='word_1_91' title='bbox 1151 1265 1428 1334; x_wconf 89' lang='lat' dir='ltr'><strong>temporis.</strong></span> 
     </span>
    </p>
   </div>
   <div class='ocr_carea' id='block_1_14' title="bbox 93 1333 1660 1405">
    <p class='ocr_par' dir='ltr' id='par_1_14' title="bbox 93 1333 1660 1405">
     <span class='ocr_line' id='line_1_14' title="bbox 93 1333 1660 1405; baseline -0.001 -14"><span class='ocrx_word' id='word_1_92' title='bbox 93 1333 258 1391; x_wconf 86' lang='lat' dir='ltr'><strong>Caro</strong></span> <span class='ocrx_word' id='word_1_93' title='bbox 309 1336 516 1405; x_wconf 85' lang='lat' dir='ltr'><strong>ingens.</strong></span> <span class='ocrx_word' id='word_1_94' title='bbox 563 1333 935 1393; x_wconf 76' lang='lat' dir='ltr'><strong>Consentanca</strong></span> <span class='ocrx_word' id='word_1_95' title='bbox 967 1333 1465 1393; x_wconf 21' lang='lat' dir='ltr'><strong>Lactantio’narrat</strong></span> <span class='ocrx_word' id='word_1_96' title='bbox 1492 1333 1660 1389; x_wconf 82' lang='lat' dir='ltr'><strong>Euse-</strong></span> 
     </span>
    </p>
   </div>
   <div class='ocr_carea' id='block_1_15' title="bbox 43 1405 1661 1476">
    <p class='ocr_par' dir='ltr' id='par_1_15' title="bbox 43 1405 1661 1476">
     <span class='ocr_line' id='line_1_15' title="bbox 43 1405 1661 1476; baseline 0.002 -17"><span class='ocrx_word' id='word_1_97' title='bbox 43 1406 182 1471; x_wconf 70' lang='lat' dir='ltr'><strong>nius,</strong></span> <span class='ocrx_word' id='word_1_98' title='bbox 212 1407 327 1463; x_wconf 90' lang='lat' dir='ltr'><strong>lib.</strong></span> <span class='ocrx_word' id='word_1_99' title='bbox 360 1423 456 1463; x_wconf 81' lang='lat' dir='ltr'><strong>vni</strong></span> <span class='ocrx_word' id='word_1_100' title='bbox 488 1407 623 1462; x_wconf 87' lang='lat' dir='ltr'><strong>Hist.</strong></span> <span class='ocrx_word' id='word_1_101' title='bbox 654 1410 851 1465; x_wconf 88' lang='lat' dir='ltr'><strong>eccles.</strong></span> <span class='ocrx_word' id='word_1_102' title='bbox 878 1425 997 1476; x_wconf 91' lang='lat' dir='ltr'><strong>cap.</strong></span> <span class='ocrx_word' id='word_1_103' title='bbox 1032 1408 1119 1473; x_wconf 80' lang='grc'><strong>16,</strong></span> <span class='ocrx_word' id='word_1_104' title='bbox 1148 1417 1202 1464; x_wconf 90' lang='lat' dir='ltr'><strong>et</strong></span> <span class='ocrx_word' id='word_1_105' title='bbox 1223 1406 1361 1462; x_wconf 91' lang='lat' dir='ltr'><strong>libro</strong></span> <span class='ocrx_word' id='word_1_106' title='bbox 1393 1407 1564 1474; x_wconf 86' lang='lat' dir='ltr'><strong>primo</strong></span> <span class='ocrx_word' id='word_1_107' title='bbox 1591 1405 1661 1462; x_wconf 91' lang='lat' dir='ltr'><strong>de</strong></span> 
     </span>
    </p>
   </div>
   <div class='ocr_carea' id='block_1_16' title="bbox 43 1476 1661 1550">
    <p class='ocr_par' dir='ltr' id='par_1_16' title="bbox 43 1476 1661 1550">
     <span class='ocr_line' id='line_1_16' title="bbox 43 1476 1661 1550; baseline -0.001 -18"><span class='ocrx_word' id='word_1_108' title='bbox 43 1477 159 1532; x_wconf 74' lang='lat' dir='ltr'><strong>lita</strong></span> <span class='ocrx_word' id='word_1_109' title='bbox 203 1476 591 1546; x_wconf 80' lang='lat' dir='ltr'><strong>Constantini,</strong></span> <span class='ocrx_word' id='word_1_110' title='bbox 636 1495 758 1550; x_wconf 87' lang='lat' dir='ltr'><strong>cap.</strong></span> <span class='ocrx_word' id='word_1_111' title='bbox 805 1480 911 1543; x_wconf 83' lang='lat'><strong>55,</strong></span> <span class='ocrx_word' id='word_1_112' title='bbox 965 1481 1215 1535; x_wconf 88' lang='lat' dir='ltr'><strong>nimirum</strong></span> <span class='ocrx_word' id='word_1_113' title='bbox 1245 1478 1463 1535; x_wconf 83' lang='lat' dir='ltr'><strong>Galerio</strong></span> <span class='ocrx_word' id='word_1_114' title='bbox 1498 1478 1661 1532; x_wconf 80' lang='lat' dir='ltr'><strong>Maxi-</strong></span> 
     </span>
    </p>
   </div>
   <div class='ocr_carea' id='block_1_17' title="bbox 43 1549 1663 1621">
    <p class='ocr_par' dir='ltr' id='par_1_17' title="bbox 43 1549 1663 1621">
     <span class='ocr_line' id='line_1_17' title="bbox 43 1549 1663 1621; baseline 0.001 -20"><span class='ocrx_word' id='word_1_115' title='bbox 43 1550 228 1621; x_wconf 83' lang='lat' dir='ltr'><strong>uiano</strong></span> <span class='ocrx_word' id='word_1_116' title='bbox 262 1560 439 1607; x_wconf 85' lang='lat' dir='ltr'><strong>totam</strong></span> <span class='ocrx_word' id='word_1_117' title='bbox 466 1549 717 1621; x_wconf 87' lang='lat' dir='ltr'><strong>corporis</strong></span> <span class='ocrx_word' id='word_1_118' title='bbox 735 1552 932 1607; x_wconf 84' lang='lat' dir='ltr'><strong>molem</strong></span> <span class='ocrx_word' id='word_1_119' title='bbox 962 1552 1032 1607; x_wconf 89' lang='lat' dir='ltr'><strong>ob</strong></span> <span class='ocrx_word' id='word_1_120' title='bbox 1061 1552 1277 1607; x_wconf 84' lang='lat' dir='ltr'><strong>nimiam</strong></span> <span class='ocrx_word' id='word_1_121' title='bbox 1307 1549 1546 1605; x_wconf 91' lang='lat' dir='ltr'><strong>alimenti</strong></span> <span class='ocrx_word' id='word_1_122' title='bbox 1571 1563 1663 1603; x_wconf 91' lang='lat' dir='ltr'><strong>co-</strong></span> 
     </span>
    </p>
   </div>
   <div class='ocr_carea' id='block_1_18' title="bbox 43 1619 1657 1695">
    <p class='ocr_par' dir='ltr' id='par_1_18' title="bbox 43 1619 1657 1695">
     <span class='ocr_line' id='line_1_18' title="bbox 43 1619 1657 1695; baseline 0.004 -23"><span class='ocrx_word' id='word_1_123' title='bbox 43 1619 187 1695; x_wconf 76' lang='lat' dir='ltr'><strong>iiam</strong></span> <span class='ocrx_word' id='word_1_124' title='bbox 222 1622 288 1677; x_wconf 89' lang='lat' dir='ltr'><strong>in</strong></span> <span class='ocrx_word' id='word_1_125' title='bbox 339 1619 660 1678; x_wconf 75' lang='lat' dir='ltr'><strong>immensam</strong></span> <span class='ocrx_word' id='word_1_126' title='bbox 709 1625 996 1694; x_wconf 82' lang='lat' dir='ltr'><strong>quamdam</strong></span> <span class='ocrx_word' id='word_1_127' title='bbox 1045 1623 1424 1695; x_wconf 76' lang='lat' dir='ltr'><strong>pinguedinem</strong></span> <span class='ocrx_word' id='word_1_128' title='bbox 1465 1635 1657 1678; x_wconf 84' lang='lat' dir='ltr'><strong>excre-</strong></span> 
     </span>
    </p>
   </div>
   <div class='ocr_carea' id='block_1_19' title="bbox 43 1692 1221 1767">
    <p class='ocr_par' dir='ltr' id='par_1_19' title="bbox 43 1692 1221 1767">
     <span class='ocr_line' id='line_1_19' title="bbox 43 1692 1221 1767; baseline 0.003 -21"><span class='ocrx_word' id='word_1_129' title='bbox 43 1692 227 1759; x_wconf 64' lang='lat' dir='ltr'><strong>visse,</strong></span> <span class='ocrx_word' id='word_1_130' title='bbox 264 1695 436 1749; x_wconf 87' lang='lat' dir='ltr'><strong>etiam</strong></span> <span class='ocrx_word' id='word_1_131' title='bbox 460 1703 586 1751; x_wconf 86' lang='lat' dir='ltr'><strong>ante</strong></span> <span class='ocrx_word' id='word_1_132' title='bbox 616 1692 866 1751; x_wconf 85' lang='lat' dir='ltr'><strong>morbum</strong></span> <span class='ocrx_word' id='word_1_133' title='bbox 894 1710 1002 1767; x_wconf 88' lang='lat' dir='ltr'><strong>quo</strong></span> <span class='ocrx_word' id='word_1_134' title='bbox 1041 1692 1221 1767; x_wconf 88' lang='lat' dir='ltr'><strong>periit.</strong></span> 
     </span>
    </p>
   </div>
   <div class='ocr_carea' id='block_1_20' title="bbox 116 1784 1657 1858">
    <p class='ocr_par' dir='ltr' id='par_1_20' title="bbox 116 1784 1657 1858">
     <span class='ocr_line' id='line_1_20' title="bbox 116 1784 1657 1858; baseline 0.001 -19"><span class='ocrx_word' id='word_1_135' title='bbox 116 1784 236 1842; x_wconf 87' lang='lat' dir='ltr'><strong>Per</strong></span> <span class='ocrx_word' id='word_1_136' title='bbox 283 1785 600 1843; x_wconf 78' lang='lat' dir='ltr'><strong>Armeniam.</strong></span> <span class='ocrx_word' id='word_1_137' title='bbox 643 1789 897 1858; x_wconf 72' lang='lat' dir='ltr'><strong>Maiorem</strong></span> <span class='ocrx_word' id='word_1_138' title='bbox 920 1832 935 1856; x_wconf 90' lang='lat'><strong>,</strong></span> <span class='ocrx_word' id='word_1_139' title='bbox 969 1800 1026 1843; x_wconf 90' lang='lat' dir='ltr'><strong>ut</strong></span> <span class='ocrx_word' id='word_1_140' title='bbox 1057 1789 1214 1844; x_wconf 88' lang='lat' dir='ltr'><strong>docet</strong></span> <span class='ocrx_word' id='word_1_141' title='bbox 1239 1786 1434 1845; x_wconf 82' lang='lat' dir='ltr'><strong>Sextus</strong></span> <span class='ocrx_word' id='word_1_142' title='bbox 1465 1787 1657 1843; x_wconf 79' lang='lat' dir='ltr'><strong>Rufus.</strong></span> 
     </span>
    </p>
   </div>
   <div class='ocr_carea' id='block_1_21' title="bbox 43 1856 1662 1928">
    <p class='ocr_par' dir='ltr' id='par_1_21' title="bbox 43 1856 1662 1928">
     <span class='ocr_line' id='line_1_21' title="bbox 43 1856 1662 1928; baseline 0.004 -18"><span class='ocrx_word' id='word_1_143' title='bbox 43 1856 187 1912; x_wconf 71' lang='lat' dir='ltr'><strong>Dum</strong></span> <span class='ocrx_word' id='word_1_144' title='bbox 222 1859 416 1926; x_wconf 80' lang='lat' dir='ltr'><strong>itaque</strong></span> <span class='ocrx_word' id='word_1_145' title='bbox 460 1859 607 1915; x_wconf 85' lang='lat' dir='ltr'><strong>fuere</strong></span> <span class='ocrx_word' id='word_1_146' title='bbox 652 1856 956 1926; x_wconf 64' lang='lat' dir='ltr'><strong>Armeniae,</strong></span> <span class='ocrx_word' id='word_1_147' title='bbox 1008 1861 1284 1928; x_wconf 84' lang='lat' dir='ltr'><strong>Euphrate</strong></span> <span class='ocrx_word' id='word_1_148' title='bbox 1336 1859 1497 1914; x_wconf 84' lang='lat' dir='ltr'><strong>ﬂuvio</strong></span> <span class='ocrx_word' id='word_1_149' title='bbox 1522 1860 1662 1916; x_wconf 83' lang='lat' dir='ltr'><strong>invi-</strong></span> 
     </span>
    </p>
   </div>
   <div class='ocr_carea' id='block_1_22' title="bbox 43 1929 1656 2003">
    <p class='ocr_par' dir='ltr' id='par_1_22' title="bbox 43 1929 1656 2003">
     <span class='ocr_line' id='line_1_22' title="bbox 43 1929 1656 2003; baseline 0.001 -20"><span class='ocrx_word' id='word_1_150' title='bbox 43 1944 165 2003; x_wconf 80' lang='lat' dir='ltr'><strong>cem</strong></span> <span class='ocrx_word' id='word_1_151' title='bbox 222 1929 640 2003; x_wconf 55' lang='lat' dir='ltr'><strong>disterminatan</strong></span> <span class='ocrx_word' id='word_1_152' title='bbox 675 1933 848 1987; x_wconf 80' lang='lat' dir='ltr'><strong>Minor</strong></span> <span class='ocrx_word' id='word_1_153' title='bbox 893 1933 1245 2003; x_wconf 70' lang='lat' dir='ltr'><strong>Cappadocia:</strong></span> <span class='ocrx_word' id='word_1_154' title='bbox 1279 1932 1463 2003; x_wconf 83' lang='lat' dir='ltr'><strong>juncta</strong></span> <span class='ocrx_word' id='word_1_155' title='bbox 1502 1940 1616 1986; x_wconf 86' lang='lat' dir='ltr'><strong>erat</strong></span> <span class='ocrx_word' id='word_1_156' title='bbox 1639 1971 1656 1996; x_wconf 90' lang='lat'><strong>,</strong></span> 
     </span>
    </p>
   </div>
   <div class='ocr_carea' id='block_1_23' title="bbox 43 2000 1659 2075">
    <p class='ocr_par' dir='ltr' id='par_1_23' title="bbox 43 2000 1659 2075">
     <span class='ocr_line' id='line_1_23' title="bbox 43 2000 1659 2075; baseline 0.005 -23"><span class='ocrx_word' id='word_1_157' title='bbox 43 2000 227 2075; x_wconf 74' lang='lat' dir='ltr'><strong>major</strong></span> <span class='ocrx_word' id='word_1_158' title='bbox 256 2001 550 2075; x_wconf 83' lang='lat' dir='ltr'><strong>Persarum</strong></span> <span class='ocrx_word' id='word_1_159' title='bbox 578 2019 748 2075; x_wconf 88' lang='lat' dir='ltr'><strong>regno</strong></span> <span class='ocrx_word' id='word_1_160' title='bbox 776 2000 1046 2075; x_wconf 81' lang='lat' dir='ltr'><strong>contigua.</strong></span> <span class='ocrx_word' id='word_1_161' title='bbox 1090 2000 1426 2075; x_wconf 48' lang='lat' dir='ltr'><strong>Itaqtte&#39;cum</strong></span> <span class='ocrx_word' id='word_1_162' title='bbox 1456 2002 1659 2060; x_wconf 86' lang='lat' dir='ltr'><strong>bellum</strong></span> 
     </span>
    </p>
   </div>
   <div class='ocr_carea' id='block_1_24' title="bbox 55 2071 1657 2145">
    <p class='ocr_par' dir='ltr' id='par_1_24' title="bbox 55 2071 1657 2145">
     <span class='ocr_line' id='line_1_24' title="bbox 55 2071 1657 2145; baseline 0.004 -21"><span class='ocrx_word' id='word_1_163' title='bbox 55 2088 89 2124; x_wconf 87' lang='grc' dir='ltr'><strong>η</strong></span> <span class='ocrx_word' id='word_1_164' title='bbox 120 2071 404 2145; x_wconf 77' lang='lat' dir='ltr'><strong>Armenia</strong></span> <span class='ocrx_word' id='word_1_165' title='bbox 435 2071 973 2145; x_wconf 58' lang='lat' dir='ltr'><strong>majore&#39;parabatur,</strong></span> <span class='ocrx_word' id='word_1_166' title='bbox 1014 2071 1201 2142; x_wconf 83' lang='lat' dir='ltr'><strong>procul</strong></span> <span class='ocrx_word' id='word_1_167' title='bbox 1241 2087 1398 2130; x_wconf 86' lang='lat' dir='ltr'><strong>erant</strong></span> <span class='ocrx_word' id='word_1_168' title='bbox 1442 2076 1657 2130; x_wconf 86' lang='lat' dir='ltr'><strong>exerci-</strong></span> 
     </span>
    </p>
   </div>
   <div class='ocr_carea' id='block_1_25' title="bbox 44 2144 1660 2217">
    <p class='ocr_par' dir='ltr' id='par_1_25' title="bbox 44 2144 1660 2217">
     <span class='ocr_line' id='line_1_25' title="bbox 44 2144 1660 2217; baseline 0.004 -23"><span class='ocrx_word' id='word_1_169' title='bbox 44 2158 128 2217; x_wconf 12' lang='lat' dir='ltr'><strong>iugs</strong></span> <span class='ocrx_word' id='word_1_170' title='bbox 180 2158 215 2199; x_wconf 90' lang='lat' dir='ltr'><strong>a</strong></span> <span class='ocrx_word' id='word_1_171' title='bbox 270 2144 624 2217; x_wconf 84' lang='lat' dir='ltr'><strong>Nicomedia,</strong></span> <span class='ocrx_word' id='word_1_172' title='bbox 657 2144 901 2217; x_wconf 81' lang='lat' dir='ltr'><strong>adeoque</strong></span> <span class='ocrx_word' id='word_1_173' title='bbox 941 2148 1304 2213; x_wconf 77' lang='lat' dir='ltr'><strong>Diocletianus</strong></span> <span class='ocrx_word' id='word_1_174' title='bbox 1336 2155 1495 2217; x_wconf 83' lang='lat' dir='ltr'><strong>tutus</strong></span> <span class='ocrx_word' id='word_1_175' title='bbox 1541 2154 1660 2201; x_wconf 88' lang='lat' dir='ltr'><strong>erat</strong></span> 
     </span>
    </p>
   </div>
   <div class='ocr_carea' id='block_1_26' title="bbox 44 2214 1658 2289">
    <p class='ocr_par' dir='ltr' id='par_1_26' title="bbox 44 2214 1658 2289">
     <span class='ocr_line' id='line_1_26' title="bbox 44 2214 1658 2289; baseline 0.003 -22"><span class='ocrx_word' id='word_1_176' title='bbox 44 2214 324 2289; x_wconf 63' lang='lat' dir='ltr'><strong>idversus</strong></span> <span class='ocrx_word' id='word_1_177' title='bbox 352 2216 697 2289; x_wconf 84' lang='lat' dir='ltr'><strong>timoremde</strong></span> <span class='ocrx_word' id='word_1_178' title='bbox 722 2214 921 2275; x_wconf 77' lang='lat' dir='ltr'><strong>Persis.</strong></span> <span class='ocrx_word' id='word_1_179' title='bbox 953 2218 1147 2274; x_wconf 80' lang='lat' dir='ltr'><strong>Narrat</strong></span> <span class='ocrx_word' id='word_1_180' title='bbox 1174 2233 1302 2289; x_wconf 87' lang='lat' dir='ltr'><strong>ergo</strong></span> <span class='ocrx_word' id='word_1_181' title='bbox 1323 2216 1520 2275; x_wconf 83' lang='lat' dir='ltr'><strong>Sextus</strong></span> <span class='ocrx_word' id='word_1_182' title='bbox 1549 2218 1658 2272; x_wconf 74' lang='lat' dir='ltr'><strong>llu-</strong></span> 
     </span>
    </p>
   </div>
   <div class='ocr_carea' id='block_1_27' title="bbox 44 2285 1657 2360">
    <p class='ocr_par' dir='ltr' id='par_1_27' title="bbox 44 2285 1657 2360">
     <span class='ocr_line' id='line_1_27' title="bbox 44 2285 1657 2360; baseline 0.002 -18"><span class='ocrx_word' id='word_1_183' title='bbox 44 2287 128 2360; x_wconf 86' lang='lat' dir='ltr'><strong>&#39;us_</strong></span> <span class='ocrx_word' id='word_1_184' title='bbox 155 2285 552 2360; x_wconf 78' lang='lat' dir='ltr'><strong>Maximiauum</strong></span> <span class='ocrx_word' id='word_1_185' title='bbox 590 2287 859 2347; x_wconf 67' lang='lat' dir='ltr'><strong>Cresarem</strong></span> <span class='ocrx_word' id='word_1_186' title='bbox 878 2332 892 2355; x_wconf 86' lang='lat'><strong>,</strong></span> <span class='ocrx_word' id='word_1_187' title='bbox 922 2307 1044 2345; x_wconf 87' lang='lat' dir='ltr'><strong>cum</strong></span> <span class='ocrx_word' id='word_1_188' title='bbox 1071 2285 1657 2360; x_wconf 55' lang='lat' dir='ltr'><strong>prima&#39;congressione</strong></span> 
     </span>
    </p>
   </div>
   <div class='ocr_carea' id='block_1_28' title="bbox 43 2357 1655 2428">
    <p class='ocr_par' dir='ltr' id='par_1_28' title="bbox 43 2357 1655 2428">
     <span class='ocr_line' id='line_1_28' title="bbox 43 2357 1655 2428; baseline 0.002 -15"><span class='ocrx_word' id='word_1_189' title='bbox 43 2357 239 2413; x_wconf 68' lang='lat' dir='ltr'><strong>Stulsus</strong></span> <span class='ocrx_word' id='word_1_190' title='bbox 280 2359 476 2414; x_wconf 79' lang='lat' dir='ltr'><strong>fuisset</strong></span> <span class='ocrx_word' id='word_1_191' title='bbox 513 2376 541 2413; x_wconf 87' lang='lat' dir='ltr'><strong>a</strong></span> <span class='ocrx_word' id='word_1_192' title='bbox 568 2360 751 2417; x_wconf 85' lang='lat' dir='ltr'><strong>Persis</strong></span> <span class='ocrx_word' id='word_1_193' title='bbox 771 2404 786 2428; x_wconf 93' lang='lat'><strong>,</strong></span> <span class='ocrx_word' id='word_1_194' title='bbox 817 2378 847 2416; x_wconf 88' lang='lat' dir='ltr'><strong>a</strong></span> <span class='ocrx_word' id='word_1_195' title='bbox 881 2357 1212 2418; x_wconf 83' lang='lat' dir='ltr'><strong>Diocletiano</strong></span> <span class='ocrx_word' id='word_1_196' title='bbox 1238 2363 1329 2416; x_wconf 86' lang='lat' dir='ltr'><strong>vix</strong></span> <span class='ocrx_word' id='word_1_197' title='bbox 1353 2357 1655 2427; x_wconf 83' lang='lat' dir='ltr'><strong>impetrasse</strong></span> 
     </span>
    </p>
   </div>
   <div class='ocr_carea' id='block_1_29' title="bbox 44 2431 1656 2501">
    <p class='ocr_par' dir='ltr' id='par_1_29' title="bbox 44 2431 1656 2501">
     <span class='ocr_line' id='line_1_29' title="bbox 44 2431 1656 2501; baseline 0.004 -19"><span class='ocrx_word' id='word_1_198' title='bbox 44 2438 91 2501; x_wconf 76' lang='lat' dir='ltr'><strong>tt</strong></span> <span class='ocrx_word' id='word_1_199' title='bbox 121 2441 377 2501; x_wconf 88' lang='lat' dir='ltr'><strong>reparato</strong></span> <span class='ocrx_word' id='word_1_200' title='bbox 399 2431 462 2486; x_wconf 84' lang='lat' dir='ltr'><strong>de</strong></span> <span class='ocrx_word' id='word_1_201' title='bbox 487 2433 760 2489; x_wconf 87' lang='lat' dir='ltr'><strong>limitaneis</strong></span> <span class='ocrx_word' id='word_1_202' title='bbox 793 2434 964 2489; x_wconf 73' lang='lat' dir='ltr'><strong>Dacia:</strong></span> <span class='ocrx_word' id='word_1_203' title='bbox 1002 2435 1222 2489; x_wconf 79' lang='lat' dir='ltr'><strong>exercitu</strong></span> <span class='ocrx_word' id='word_1_204' title='bbox 1251 2442 1480 2488; x_wconf 84' lang='lat' dir='ltr'><strong>eventum</strong></span> <span class='ocrx_word' id='word_1_205' title='bbox 1509 2432 1656 2489; x_wconf 76' lang='lat' dir='ltr'><strong>Mar-</strong></span> 
     </span>
    </p>
   </div>
   <div class='ocr_carea' id='block_1_30' title="bbox 44 2500 1655 2579">
    <p class='ocr_par' dir='ltr' id='par_1_30' title="bbox 44 2500 1655 2579">
     <span class='ocr_line' id='line_1_30' title="bbox 44 2500 1655 2579; baseline 0.004 -28"><span class='ocrx_word' id='word_1_206' title='bbox 136 2512 419 2579; x_wconf 64' lang='lat' dir='ltr'><strong>repeteret.</strong></span> <span class='ocrx_word' id='word_1_207' title='bbox 448 2502 529 2579; x_wconf 86' lang='lat' dir='ltr'><strong>__ln</strong></span> <span class='ocrx_word' id='word_1_208' title='bbox 559 2503 802 2579; x_wconf 84' lang='lat' dir='ltr'><strong>Armenia</strong></span> <span class='ocrx_word' id='word_1_209' title='bbox 845 2509 1040 2579; x_wconf 81' lang='lat' dir='ltr'><strong>majore</strong></span> <span class='ocrx_word' id='word_1_210' title='bbox 1067 2506 1177 2574; x_wconf 89' lang='lat' dir='ltr'><strong>ipse</strong></span> <span class='ocrx_word' id='word_1_211' title='bbox 1220 2503 1518 2579; x_wconf 74' lang='lat' dir='ltr'><strong>Imperator</strong></span> <span class='ocrx_word' id='word_1_212' title='bbox 1537 2522 1655 2579; x_wconf 81' lang='lat' dir='ltr'><strong>cum</strong></span> 
     </span>
    </p>
   </div>
   <div class='ocr_carea' id='block_1_31' title="bbox 43 2573 1653 2646">
    <p class='ocr_par' dir='ltr' id='par_1_31' title="bbox 43 2573 1653 2646">
     <span class='ocr_line' id='line_1_31' title="bbox 43 2573 1653 2646; baseline 0.005 -22"><span class='ocrx_word' id='word_1_213' title='bbox 43 2573 251 2646; x_wconf 79' lang='lat' dir='ltr'><strong>tuobus</strong></span> <span class='ocrx_word' id='word_1_214' title='bbox 302 2574 555 2642; x_wconf 89' lang='lat' dir='ltr'><strong>equitibus</strong></span> <span class='ocrx_word' id='word_1_215' title='bbox 610 2573 1159 2643; x_wconf 64' lang='lat' dir='ltr'><strong>exploravit&#39;ltostes,</strong></span> <span class='ocrx_word' id='word_1_216' title='bbox 1206 2585 1254 2630; x_wconf 90' lang='lat' dir='ltr'><strong>et</strong></span> <span class='ocrx_word' id='word_1_217' title='bbox 1307 2573 1425 2630; x_wconf 89' lang='lat' dir='ltr'><strong>cum</strong></span> <span class='ocrx_word' id='word_1_218' title='bbox 1471 2576 1653 2646; x_wconf 84' lang='lat' dir='ltr'><strong>viginti</strong></span> 
     </span>
    </p>
   </div>
   <div class='ocr_carea' id='block_1_32' title="bbox 43 2644 1654 2716">
    <p class='ocr_par' dir='ltr' id='par_1_32' title="bbox 43 2644 1654 2716">
     <span class='ocr_line' id='line_1_32' title="bbox 43 2644 1654 2716; baseline 0.006 -22"><span class='ocrx_word' id='word_1_219' title='bbox 43 2644 275 2715; x_wconf 80' lang='lat' dir='ltr'><strong>minque</strong></span> <span class='ocrx_word' id='word_1_220' title='bbox 304 2646 530 2716; x_wconf 76' lang='lat' dir='ltr'><strong>millibus</strong></span> <span class='ocrx_word' id='word_1_221' title='bbox 554 2651 916 2716; x_wconf 80' lang='lat' dir='ltr'><strong>superveniens</strong></span> <span class='ocrx_word' id='word_1_222' title='bbox 951 2650 1130 2702; x_wconf 78' lang='lat' dir='ltr'><strong>castris</strong></span> <span class='ocrx_word' id='word_1_223' title='bbox 1156 2648 1428 2703; x_wconf 78' lang='lat' dir='ltr'><strong>hostilibus</strong></span> <span class='ocrx_word' id='word_1_224' title='bbox 1448 2689 1463 2713; x_wconf 93' lang='lat'><strong>,</strong></span> <span class='ocrx_word' id='word_1_225' title='bbox 1486 2644 1654 2703; x_wconf 80' lang='lat' dir='ltr'><strong>subito</strong></span> 
     </span>
    </p>
   </div>
   <div class='ocr_carea' id='block_1_33' title="bbox 44 2715 1650 2791">
    <p class='ocr_par' dir='ltr' id='par_1_33' title="bbox 44 2715 1650 2791">
     <span class='ocr_line' id='line_1_33' title="bbox 44 2715 1650 2791; baseline 0.005 -25"><span class='ocrx_word' id='word_1_226' title='bbox 44 2732 322 2791; x_wconf 83' lang='lat' dir='ltr'><strong>nnumera</strong></span> <span class='ocrx_word' id='word_1_227' title='bbox 343 2715 632 2791; x_wconf 62' lang='lat' dir='ltr'><strong>Persarum</strong></span> <span class='ocrx_word' id='word_1_228' title='bbox 676 2720 879 2791; x_wconf 89' lang='lat' dir='ltr'><strong>agmina</strong></span> <span class='ocrx_word' id='word_1_229' title='bbox 901 2720 1192 2791; x_wconf 63' lang='lat' dir='ltr'><strong>adgressus</strong></span> <span class='ocrx_word' id='word_1_230' title='bbox 1234 2718 1302 2774; x_wconf 88' lang='lat' dir='ltr'><strong>ad</strong></span> <span class='ocrx_word' id='word_1_231' title='bbox 1343 2720 1650 2791; x_wconf 85' lang='lat' dir='ltr'><strong>internecio-</strong></span> 
     </span>
    </p>
   </div>
   <div class='ocr_carea' id='block_1_34' title="bbox 43 2788 1652 2865">
    <p class='ocr_par' dir='ltr' id='par_1_34' title="bbox 43 2788 1652 2865">
     <span class='ocr_line' id='line_1_34' title="bbox 43 2788 1652 2865; baseline 0.006 -28"><span class='ocrx_word' id='word_1_232' title='bbox 43 2788 413 2865; x_wconf 36' lang='lat' dir='ltr'><strong>ient‘caacidit.</strong></span> <span class='ocrx_word' id='word_1_233' title='bbox 444 2788 560 2845; x_wconf 86' lang='lat' dir='ltr'><strong>Rex</strong></span> <span class='ocrx_word' id='word_1_234' title='bbox 588 2788 863 2845; x_wconf 76' lang='lat' dir='ltr'><strong>Persarum</strong></span> <span class='ocrx_word' id='word_1_235' title='bbox 889 2788 1121 2865; x_wconf 81' lang='lat' dir='ltr'><strong>Narseus</strong></span> <span class='ocrx_word' id='word_1_236' title='bbox 1139 2792 1343 2865; x_wconf 74' lang='lat' dir='ltr'><strong>effugit.</strong></span> <span class='ocrx_word' id='word_1_237' title='bbox 1375 2789 1519 2846; x_wconf 87' lang='lat' dir='ltr'><strong>Uxor</strong></span> <span class='ocrx_word' id='word_1_238' title='bbox 1540 2796 1652 2865; x_wconf 85' lang='lat' dir='ltr'><strong>ejus</strong></span> 
     </span>
    </p>
   </div>
   <div class='ocr_carea' id='block_1_35' title="bbox 43 2858 1652 2929">
    <p class='ocr_par' dir='ltr' id='par_1_35' title="bbox 43 2858 1652 2929">
     <span class='ocr_line' id='line_1_35' title="bbox 43 2858 1652 2929; baseline 0.006 -20"><span class='ocrx_word' id='word_1_239' title='bbox 43 2866 77 2909; x_wconf 85' lang='grc' dir='ltr'><em>ἰ</em></span> <span class='ocrx_word' id='word_1_240' title='bbox 114 2858 251 2923; x_wconf 76' lang='lat' dir='ltr'><strong>ﬁlim</strong></span> <span class='ocrx_word' id='word_1_241' title='bbox 280 2870 445 2929; x_wconf 76' lang='lat' dir='ltr'><strong>capta:</strong></span> <span class='ocrx_word' id='word_1_242' title='bbox 479 2872 628 2923; x_wconf 89' lang='lat' dir='ltr'><strong>sunt,</strong></span> <span class='ocrx_word' id='word_1_243' title='bbox 655 2872 703 2917; x_wconf 91' lang='lat' dir='ltr'><strong>et</strong></span> <span class='ocrx_word' id='word_1_244' title='bbox 729 2879 846 2917; x_wconf 90' lang='lat' dir='ltr'><strong>cum</strong></span> <span class='ocrx_word' id='word_1_245' title='bbox 870 2864 1092 2918; x_wconf 80' lang='lat' dir='ltr'><strong>maxima</strong></span> <span class='ocrx_word' id='word_1_246' title='bbox 1133 2858 1394 2929; x_wconf 72' lang='lat' dir='ltr'><strong>pudicitia&#39;</strong></span> <span class='ocrx_word' id='word_1_247' title='bbox 1416 2858 1652 2918; x_wconf 71' lang='lat' dir='ltr'><strong>custodia</strong></span> 
     </span>
    </p>
   </div>
   <div class='ocr_carea' id='block_1_36' title="bbox 43 2930 1652 3003">
    <p class='ocr_par' dir='ltr' id='par_1_36' title="bbox 43 2930 1652 3003">
     <span class='ocr_line' id='line_1_36' title="bbox 43 2930 1652 3003; baseline 0.005 -21"><span class='ocrx_word' id='word_1_248' title='bbox 43 2940 336 3003; x_wconf 66' lang='lat' dir='ltr'><strong>‘eservatte.</strong></span> <span class='ocrx_word' id='word_1_249' title='bbox 388 2930 495 2985; x_wconf 87' lang='lat' dir='ltr'><strong>Pro</strong></span> <span class='ocrx_word' id='word_1_250' title='bbox 542 2950 642 3003; x_wconf 88' lang='lat' dir='ltr'><strong>qua</strong></span> <span class='ocrx_word' id='word_1_251' title='bbox 670 2934 1008 2989; x_wconf 84' lang='lat' dir='ltr'><strong>admiratione</strong></span> <span class='ocrx_word' id='word_1_252' title='bbox 1052 2931 1227 2990; x_wconf 70' lang='lat' dir='ltr'><strong>Persa:</strong></span> <span class='ocrx_word' id='word_1_253' title='bbox 1255 2951 1359 2989; x_wconf 87' lang='lat' dir='ltr'><strong>non</strong></span> <span class='ocrx_word' id='word_1_254' title='bbox 1388 2934 1538 2988; x_wconf 85' lang='lat' dir='ltr'><strong>modo</strong></span> <span class='ocrx_word' id='word_1_255' title='bbox 1565 2953 1652 2990; x_wconf 88' lang='lat' dir='ltr'><strong>ar-</strong></span> 
     </span>
    </p>
   </div>
   <div class='ocr_carea' id='block_1_37' title="bbox 43 3001 1649 3073">
    <p class='ocr_par' dir='ltr' id='par_1_37' title="bbox 43 3001 1649 3073">
     <span class='ocr_line' id='line_1_37' title="bbox 43 3001 1649 3073; baseline 0.006 -22"><span class='ocrx_word' id='word_1_256' title='bbox 43 3001 141 3054; x_wconf 81' lang='lat' dir='ltr'><strong>uis</strong></span> <span class='ocrx_word' id='word_1_257' title='bbox 158 3042 176 3073; x_wconf 85' lang='lat'><strong>,</strong></span> <span class='ocrx_word' id='word_1_258' title='bbox 208 3005 304 3056; x_wconf 82' lang='lat' dir='ltr'><strong>sed</strong></span> <span class='ocrx_word' id='word_1_259' title='bbox 323 3003 475 3057; x_wconf 87' lang='lat' dir='ltr'><strong>etiam</strong></span> <span class='ocrx_word' id='word_1_260' title='bbox 497 3001 724 3061; x_wconf 82' lang='lat' dir='ltr'><strong>moribus</strong></span> <span class='ocrx_word' id='word_1_261' title='bbox 746 3046 761 3073; x_wconf 94' lang='lat'><strong>,</strong></span> <span class='ocrx_word' id='word_1_262' title='bbox 795 3004 1055 3060; x_wconf 84' lang='lat' dir='ltr'><strong>Romanos</strong></span> <span class='ocrx_word' id='word_1_263' title='bbox 1083 3006 1372 3073; x_wconf 77' lang='lat' dir='ltr'><strong>superiores</strong></span> <span class='ocrx_word' id='word_1_264' title='bbox 1393 3021 1502 3060; x_wconf 90' lang='lat' dir='ltr'><strong>esse</strong></span> <span class='ocrx_word' id='word_1_265' title='bbox 1524 3023 1649 3061; x_wconf 87' lang='lat' dir='ltr'><strong>con-</strong></span> 
     </span>
    </p>
   </div>
   <div class='ocr_carea' id='block_1_38' title="bbox 43 3072 1650 3150">
    <p class='ocr_par' dir='ltr' id='par_1_38' title="bbox 43 3072 1650 3150">
     <span class='ocr_line' id='line_1_38' title="bbox 43 3072 1650 3150; baseline 0.006 -26"><span class='ocrx_word' id='word_1_266' title='bbox 43 3072 168 3150; x_wconf 83' lang='lat' dir='ltr'><strong>&#39;ess_i</strong></span> <span class='ocrx_word' id='word_1_267' title='bbox 198 3082 323 3150; x_wconf 73' lang='lat' dir='ltr'><strong>sunt</strong></span> <span class='ocrx_word' id='word_1_268' title='bbox 345 3091 364 3128; x_wconf 91' lang='lat'><strong><em>:</em></strong></span> <span class='ocrx_word' id='word_1_269' title='bbox 397 3072 817 3150; x_wconf 75' lang='lat' dir='ltr'><strong>Mesopotamiam</strong></span> <span class='ocrx_word' id='word_1_270' title='bbox 841 3072 1408 3150; x_wconf 13' lang='lat' dir='ltr'><strong>cumiTranstigritanis</strong></span> <span class='ocrx_word' id='word_1_271' title='bbox 1429 3078 1650 3150; x_wconf 87' lang='lat' dir='ltr'><strong>quinque</strong></span> 
     </span>
    </p>
   </div>
   <div class='ocr_carea' id='block_1_39' title="bbox 43 3143 1644 3223">
    <p class='ocr_par' dir='ltr' id='par_1_39' title="bbox 43 3143 1644 3223">
     <span class='ocr_line' id='line_1_39' title="bbox 43 3143 1644 3223; baseline 0.006 -27"><span class='ocrx_word' id='word_1_272' title='bbox 43 3143 342 3223; x_wconf 73' lang='lat' dir='ltr'><strong>&#39;egionibus</strong></span> <span class='ocrx_word' id='word_1_273' title='bbox 382 3147 735 3223; x_wconf 73' lang='lat' dir='ltr'><strong>reddiderant.</strong></span> <span class='ocrx_word' id='word_1_274' title='bbox 781 3148 1009 3223; x_wconf 71' lang='lat' dir='ltr'><strong>insignis</strong></span> <span class='ocrx_word' id='word_1_275' title='bbox 1032 3159 1117 3205; x_wconf 89' lang='lat' dir='ltr'><strong>est</strong></span> <span class='ocrx_word' id='word_1_276' title='bbox 1144 3143 1230 3204; x_wconf 69' lang='lat' dir='ltr'><strong>hic</strong></span> <span class='ocrx_word' id='word_1_277' title='bbox 1257 3148 1408 3206; x_wconf 85' lang='lat' dir='ltr'><strong>locus</strong></span> <span class='ocrx_word' id='word_1_278' title='bbox 1425 3143 1450 3217; x_wconf 55' lang='grc'><strong>,“</strong></span> <span class='ocrx_word' id='word_1_279' title='bbox 1475 3159 1529 3205; x_wconf 87' lang='lat' dir='ltr'><strong>et</strong></span> <span class='ocrx_word' id='word_1_280' title='bbox 1554 3143 1644 3223; x_wconf 73' lang='lat' dir='ltr'><strong>qui</strong></span> 
     </span>
    </p>
   </div>
   <div class='ocr_carea' id='block_1_40' title="bbox 45 3216 877 3276">
    <p class='ocr_par' dir='ltr' id='par_1_40' title="bbox 45 3216 877 3276">
     <span class='ocr_line' id='line_1_40' title="bbox 45 3216 877 3276; baseline 0.006 -7"><span class='ocrx_word' id='word_1_281' title='bbox 45 3216 361 3272; x_wconf 84' lang='lat' dir='ltr'><strong>uerebatur</strong></span> <span class='ocrx_word' id='word_1_282' title='bbox 381 3233 411 3273; x_wconf 90' lang='lat' dir='ltr'><strong>a</strong></span> <span class='ocrx_word' id='word_1_283' title='bbox 441 3220 595 3276; x_wconf 90' lang='lat' dir='ltr'><strong>nobis</strong></span> <span class='ocrx_word' id='word_1_284' title='bbox 621 3220 877 3276; x_wconf 88' lang='lat' dir='ltr'><strong>describi.</strong></span> 
     </span>
    </p>
   </div>
   <div class='ocr_carea' id='block_1_41' title="bbox 109 3306 582 3379">
    <p class='ocr_par' dir='ltr' id='par_1_41' title="bbox 109 3306 582 3379">
     <span class='ocr_line' id='line_1_41' title="bbox 109 3306 582 3379; baseline 0.006 -19"><span class='ocrx_word' id='word_1_285' title='bbox 109 3306 325 3379; x_wconf 82' lang='lat' dir='ltr'><strong>Fugato</strong></span> <span class='ocrx_word' id='word_1_286' title='bbox 365 3309 582 3366; x_wconf 82' lang='lat' dir='ltr'><strong>Narseo.</strong></span> 
     </span>
    </p>
   </div>
   <div class='ocr_carea' id='block_1_42' title="bbox 45 3379 1646 3447">
    <p class='ocr_par' dir='ltr' id='par_1_42' title="bbox 45 3379 1646 3447">
     <span class='ocr_line' id='line_1_42' title="bbox 45 3379 1646 3447; baseline 0.007 -16"><span class='ocrx_word' id='word_1_287' title='bbox 45 3379 294 3434; x_wconf 72' lang='lat' dir='ltr'><strong>duribus</strong></span> <span class='ocrx_word' id='word_1_288' title='bbox 323 3382 516 3447; x_wconf 80' lang='lat' dir='ltr'><strong>DI&#39;Ob‘ll</strong></span> <span class='ocrx_word' id='word_1_289' title='bbox 544 3383 809 3439; x_wconf 81' lang='lat' dir='ltr'><strong>Henricus</strong></span> <span class='ocrx_word' id='word_1_290' title='bbox 838 3384 1085 3440; x_wconf 84' lang='lat' dir='ltr'><strong>Valesius</strong></span> <span class='ocrx_word' id='word_1_291' title='bbox 1126 3387 1180 3439; x_wconf 91' lang='lat' dir='ltr'><strong>in</strong></span> <span class='ocrx_word' id='word_1_292' title='bbox 1212 3385 1353 3439; x_wconf 87' lang='lat' dir='ltr'><strong>uotis</strong></span> <span class='ocrx_word' id='word_1_293' title='bbox 1382 3385 1447 3439; x_wconf 87' lang='lat' dir='ltr'><strong>ad</strong></span> <span class='ocrx_word' id='word_1_294' title='bbox 1477 3385 1646 3442; x_wconf 85' lang='lat' dir='ltr'><strong>Euse-</strong></span> 
     </span>
    </p>
   </div>
   <div class='ocr_carea' id='block_1_43' title="bbox 45 3454 1642 3527">
    <p class='ocr_par' dir='ltr' id='par_1_43' title="bbox 45 3454 1642 3527">
     <span class='ocr_line' id='line_1_43' title="bbox 45 3454 1642 3527; baseline 0.006 -22"><span class='ocrx_word' id='word_1_295' title='bbox 45 3454 219 3527; x_wconf 79' lang='lat' dir='ltr'><strong>iium,</strong></span> <span class='ocrx_word' id='word_1_296' title='bbox 249 3467 366 3524; x_wconf 87' lang='lat' dir='ltr'><strong>pag.</strong></span> <span class='ocrx_word' id='word_1_297' title='bbox 398 3454 524 3520; x_wconf 76' lang='grc'><strong>170,</strong></span> <span class='ocrx_word' id='word_1_298' title='bbox 552 3470 713 3525; x_wconf 89' lang='lat' dir='ltr'><strong>quem</strong></span> <span class='ocrx_word' id='word_1_299' title='bbox 736 3456 980 3512; x_wconf 84' lang='lat' dir='ltr'><strong>consule.</strong></span> <span class='ocrx_word' id='word_1_300' title='bbox 1004 3457 1344 3527; x_wconf 84' lang='lat' dir='ltr'><strong>Quanquam,</strong></span> <span class='ocrx_word' id='word_1_301' title='bbox 1371 3456 1642 3515; x_wconf 88' lang='lat' dir='ltr'><strong>fatendum</strong></span> 
     </span>
    </p>
   </div>
   <div class='ocr_carea' id='block_1_44' title="bbox 45 3523 1642 3597">
    <p class='ocr_par' dir='ltr' id='par_1_44' title="bbox 45 3523 1642 3597">
     <span class='ocr_line' id='line_1_44' title="bbox 45 3523 1642 3597; baseline 0.006 -20"><span class='ocrx_word' id='word_1_302' title='bbox 45 3523 185 3597; x_wconf 33' lang='lat' dir='ltr'><strong>inim</strong></span> <span class='ocrx_word' id='word_1_303' title='bbox 216 3532 303 3577; x_wconf 86' lang='lat' dir='ltr'><strong>est</strong></span> <span class='ocrx_word' id='word_1_304' title='bbox 321 3523 342 3597; x_wconf 14' lang='lat' dir='ltr'><strong>,A</strong></span> <span class='ocrx_word' id='word_1_305' title='bbox 362 3523 642 3581; x_wconf 79' lang='lat' dir='ltr'><strong>victoriam</strong></span> <span class='ocrx_word' id='word_1_306' title='bbox 664 3527 865 3583; x_wconf 81' lang='lat' dir='ltr'><strong>Galerii</strong></span> <span class='ocrx_word' id='word_1_307' title='bbox 893 3527 961 3582; x_wconf 90' lang='lat' dir='ltr'><strong>dc</strong></span> <span class='ocrx_word' id='word_1_308' title='bbox 983 3523 1161 3583; x_wconf 84' lang='lat' dir='ltr'><strong>Persis</strong></span> <span class='ocrx_word' id='word_1_309' title='bbox 1182 3523 1472 3597; x_wconf 79' lang='lat' dir='ltr'><strong>contigisse</strong></span> <span class='ocrx_word' id='word_1_310' title='bbox 1498 3546 1642 3586; x_wconf 87' lang='lat' dir='ltr'><strong>anno</strong></span> 
     </span>
    </p>
   </div>
   <div class='ocr_carea' id='block_1_45' title="bbox 46 3595 1640 3672">
    <p class='ocr_par' dir='ltr' id='par_1_45' title="bbox 46 3595 1640 3672">
     <span class='ocr_line' id='line_1_45' title="bbox 46 3595 1640 3672; baseline 0.005 -25"><span class='ocrx_word' id='word_1_311' title='bbox 46 3640 59 3672; x_wconf 25' lang='grc' dir='ltr'>λ</span> <span class='ocrx_word' id='word_1_312' title='bbox 64 3596 99 3647; x_wconf 89' lang='grc'>7</span> <span class='ocrx_word' id='word_1_313' title='bbox 153 3595 366 3672; x_wconf 71' lang='lat' dir='ltr'><strong>imperii</strong></span> <span class='ocrx_word' id='word_1_314' title='bbox 406 3597 721 3672; x_wconf 77' lang='lat' dir='ltr'><strong>Diocletiani</strong></span> <span class='ocrx_word' id='word_1_315' title='bbox 763 3599 969 3672; x_wconf 70' lang='lat' dir='ltr'><strong>diserte</strong></span> <span class='ocrx_word' id='word_1_316' title='bbox 1012 3595 1402 3672; x_wconf 84' lang='lat' dir='ltr'><strong>scriptumest</strong></span> <span class='ocrx_word' id='word_1_317' title='bbox 1446 3601 1496 3654; x_wconf 93' lang='lat' dir='ltr'><strong>in</strong></span> <span class='ocrx_word' id='word_1_318' title='bbox 1538 3618 1640 3672; x_wconf 85' lang='lat' dir='ltr'><strong>op-</strong></span> 
     </span>
    </p>
   </div>
   <div class='ocr_carea' id='block_1_46' title="bbox 47 3665 1636 3739">
    <p class='ocr_par' dir='ltr' id='par_1_46' title="bbox 47 3665 1636 3739">
     <span class='ocr_line' id='line_1_46' title="bbox 47 3665 1636 3739; baseline 0.007 -20"><span class='ocrx_word' id='word_1_319' title='bbox 47 3666 176 3739; x_wconf 80' lang='lat' dir='ltr'><strong>imo</strong></span> <span class='ocrx_word' id='word_1_320' title='bbox 204 3665 297 3739; x_wconf 83' lang='lat' dir='ltr'><strong>illo</strong></span> <span class='ocrx_word' id='word_1_321' title='bbox 319 3677 374 3722; x_wconf 92' lang='lat' dir='ltr'><strong>et</strong></span> <span class='ocrx_word' id='word_1_322' title='bbox 395 3669 771 3739; x_wconf 85' lang='lat' dir='ltr'><strong>antiquissimo</strong></span> <span class='ocrx_word' id='word_1_323' title='bbox 793 3670 1064 3727; x_wconf 83' lang='lat' dir='ltr'><strong>Chronico</strong></span> <span class='ocrx_word' id='word_1_324' title='bbox 1102 3670 1411 3727; x_wconf 85' lang='lat' dir='ltr'><strong>Eusebiano</strong></span> <span class='ocrx_word' id='word_1_325' title='bbox 1444 3665 1636 3729; x_wconf 74' lang='lat' dir='ltr'><strong>biblio-</strong></span> 
     </span>
    </p>
   </div>
   <div class='ocr_carea' id='block_1_47' title="bbox 53 3737 1634 3801">
    <p class='ocr_par' dir='ltr' id='par_1_47' title="bbox 53 3737 1634 3801">
     <span class='ocr_line' id='line_1_47' title="bbox 53 3737 1634 3801; baseline 0.007 -10"><span class='ocrx_word' id='word_1_326' title='bbox 53 3737 227 3791; x_wconf 73' lang='lat' dir='ltr'><strong>becze</strong></span> <span class='ocrx_word' id='word_1_327' title='bbox 255 3737 615 3795; x_wconf 70' lang='lat' dir='ltr'><strong>Colbertinie:</strong></span> <span class='ocrx_word' id='word_1_328' title='bbox 664 3740 716 3795; x_wconf 92' lang='lat' dir='ltr'><strong>in</strong></span> <span class='ocrx_word' id='word_1_329' title='bbox 752 3743 922 3797; x_wconf 79' lang='lat' dir='ltr'><strong>veteri</strong></span> <span class='ocrx_word' id='word_1_330' title='bbox 969 3756 1100 3798; x_wconf 88' lang='lat' dir='ltr'><strong>vero</strong></span> <span class='ocrx_word' id='word_1_331' title='bbox 1142 3743 1380 3798; x_wconf 87' lang='lat' dir='ltr'><strong>editione</strong></span> <span class='ocrx_word' id='word_1_332' title='bbox 1434 3743 1634 3801; x_wconf 85' lang='lat' dir='ltr'><strong>Veneta</strong></span> 
     </span>
    </p>
   </div>
   <div class='ocr_carea' id='block_1_48' title="bbox 45 3810 1636 3883">
    <p class='ocr_par' dir='ltr' id='par_1_48' title="bbox 45 3810 1636 3883">
     <span class='ocr_line' id='line_1_48' title="bbox 45 3810 1636 3883; baseline 0.006 -21"><span class='ocrx_word' id='word_1_333' title='bbox 45 3818 334 3883; x_wconf 69' lang='lat' dir='ltr'><strong>evocatur</strong></span> <span class='ocrx_word' id='word_1_334' title='bbox 352 3810 417 3866; x_wconf 86' lang='lat' dir='ltr'><strong>ad</strong></span> <span class='ocrx_word' id='word_1_335' title='bbox 440 3825 639 3883; x_wconf 81' lang='lat' dir='ltr'><strong>annum</strong></span> <span class='ocrx_word' id='word_1_336' title='bbox 672 3811 762 3868; x_wconf 72' lang='grc'><strong>14.</strong></span> <span class='ocrx_word' id='word_1_337' title='bbox 787 3812 1118 3883; x_wconf 80' lang='lat' dir='ltr'><strong>Triumphus</strong></span> <span class='ocrx_word' id='word_1_338' title='bbox 1140 3823 1319 3868; x_wconf 88' lang='lat' dir='ltr'><strong>autem</strong></span> <span class='ocrx_word' id='word_1_339' title='bbox 1341 3814 1407 3867; x_wconf 86' lang='lat' dir='ltr'><strong>de</strong></span> <span class='ocrx_word' id='word_1_340' title='bbox 1430 3815 1636 3875; x_wconf 85' lang='lat' dir='ltr'><strong>Narseo</strong></span> 
     </span>
    </p>
   </div>
   <div class='ocr_carea' id='block_1_49' title="bbox 45 3880 1627 3959">
    <p class='ocr_par' dir='ltr' id='par_1_49' title="bbox 45 3880 1627 3959">
     <span class='ocr_line' id='line_1_49' title="bbox 45 3880 1627 3959; baseline 0.008 -26"><span class='ocrx_word' id='word_1_341' title='bbox 45 3880 191 3935; x_wconf 69' lang='lat' dir='ltr'><strong>victo</strong></span> <span class='ocrx_word' id='word_1_342' title='bbox 218 3889 367 3959; x_wconf 77' lang='lat' dir='ltr'><strong>actus</strong></span> <span class='ocrx_word' id='word_1_343' title='bbox 377 3891 459 3938; x_wconf 87' lang='lat' dir='ltr'><strong>est</strong></span> <span class='ocrx_word' id='word_1_344' title='bbox 479 3881 666 3959; x_wconf 63' lang='lat' dir='ltr'><strong>Romae</strong></span> <span class='ocrx_word' id='word_1_345' title='bbox 685 3895 928 3959; x_wconf 76' lang='lat' dir='ltr'><strong>tempore</strong></span> <span class='ocrx_word' id='word_1_346' title='bbox 941 3880 1320 3959; x_wconf 64' lang='lat' dir='ltr'><strong>vigennalium,</strong></span> <span class='ocrx_word' id='word_1_347' title='bbox 1345 3901 1487 3943; x_wconf 88' lang='lat' dir='ltr'><strong>anno</strong></span> <span class='ocrx_word' id='word_1_348' title='bbox 1500 3888 1627 3959; x_wconf 76' lang='lat'><strong>505,</strong></span> 
     </span>
    </p>
   </div>
   <div class='ocr_carea' id='block_1_50' title="bbox 47 3952 1043 4026">
    <p class='ocr_par' dir='ltr' id='par_1_50' title="bbox 47 3952 1043 4026">
     <span class='ocr_line' id='line_1_50' title="bbox 47 3952 1043 4026; baseline 0.005 -20"><span class='ocrx_word' id='word_1_349' title='bbox 47 3960 86 4006; x_wconf 87' lang='lat' dir='ltr'><strong>tt</strong></span> <span class='ocrx_word' id='word_1_350' title='bbox 118 3952 643 4026; x_wconf 15' lang='lat' dir='ltr'><strong>gstendemusginfra</strong></span> <span class='ocrx_word' id='word_1_351' title='bbox 673 3955 739 4009; x_wconf 91' lang='lat' dir='ltr'><strong>ad</strong></span> <span class='ocrx_word' id='word_1_352' title='bbox 771 3952 928 4026; x_wconf 81' lang='lat' dir='ltr'><strong>caput</strong></span> <span class='ocrx_word' id='word_1_353' title='bbox 957 3957 1043 4011; x_wconf 86' lang='lat' dir='ltr'><strong>l7.</strong></span> 
     </span>
    </p>
   </div>
   <div class='ocr_carea' id='block_1_51' title="bbox 104 4022 1631 4102">
    <p class='ocr_par' dir='ltr' id='par_1_51' title="bbox 104 4022 1631 4102">
     <span class='ocr_line' id='line_1_51' title="bbox 104 4022 1631 4102; baseline 0.006 -26"><span class='ocrx_word' id='word_1_354' title='bbox 104 4022 673 4102; x_wconf 59' lang='lat' dir='ltr'><strong>Detractaretﬂtesaris</strong></span> <span class='ocrx_word' id='word_1_355' title='bbox 698 4022 902 4082; x_wconf 78' lang='lat' dir='ltr'><strong>nomen.</strong></span> <span class='ocrx_word' id='word_1_356' title='bbox 933 4027 1051 4082; x_wconf 85' lang='lat' dir='ltr'><strong>Non</strong></span> <span class='ocrx_word' id='word_1_357' title='bbox 1085 4027 1185 4082; x_wconf 90' lang='lat' dir='ltr'><strong>fuit</strong></span> <span class='ocrx_word' id='word_1_358' title='bbox 1224 4028 1317 4102; x_wconf 83' lang='lat' dir='ltr'><strong>ille</strong></span> <span class='ocrx_word' id='word_1_359' title='bbox 1358 4030 1505 4102; x_wconf 81' lang='lat' dir='ltr'><strong>solus</strong></span> <span class='ocrx_word' id='word_1_360' title='bbox 1537 4031 1631 4102; x_wconf 90' lang='lat' dir='ltr'><strong>qui</strong></span> 
     </span>
    </p>
   </div>
   <div class='ocr_carea' id='block_1_52' title="bbox 47 4094 1628 4168">
    <p class='ocr_par' dir='ltr' id='par_1_52' title="bbox 47 4094 1628 4168">
     <span class='ocr_line' id='line_1_52' title="bbox 47 4094 1628 4168; baseline 0.008 -21"><span class='ocrx_word' id='word_1_361' title='bbox 47 4094 322 4168; x_wconf 76' lang='lat' dir='ltr'><strong>mperium</strong></span> <span class='ocrx_word' id='word_1_362' title='bbox 368 4096 569 4152; x_wconf 87' lang='lat' dir='ltr'><strong>habere</strong></span> <span class='ocrx_word' id='word_1_363' title='bbox 618 4113 779 4168; x_wconf 89' lang='lat' dir='ltr'><strong>quam</strong></span> <span class='ocrx_word' id='word_1_364' title='bbox 808 4108 1099 4167; x_wconf 85' lang='lat' dir='ltr'><strong>expectare</strong></span> <span class='ocrx_word' id='word_1_365' title='bbox 1145 4100 1346 4155; x_wconf 87' lang='lat' dir='ltr'><strong>mallet.</strong></span> <span class='ocrx_word' id='word_1_366' title='bbox 1379 4094 1628 4160; x_wconf 71' lang='lat' dir='ltr'><strong>Julianus</strong></span> 
     </span>
    </p>
   </div>
   <div class='ocr_carea' id='block_1_53' title="bbox 47 4165 1621 4239">
    <p class='ocr_par' dir='ltr' id='par_1_53' title="bbox 47 4165 1621 4239">
     <span class='ocr_line' id='line_1_53' title="bbox 47 4165 1621 4239; baseline 0.006 -19"><span class='ocrx_word' id='word_1_367' title='bbox 47 4165 222 4220; x_wconf 72' lang='lat' dir='ltr'><strong>laesar</strong></span> <span class='ocrx_word' id='word_1_368' title='bbox 262 4180 379 4223; x_wconf 87' lang='lat' dir='ltr'><strong>eum</strong></span> <span class='ocrx_word' id='word_1_369' title='bbox 409 4165 648 4225; x_wconf 75' lang='lat' dir='ltr'><strong>secutus</strong></span> <span class='ocrx_word' id='word_1_370' title='bbox 673 4177 794 4235; x_wconf 89' lang='lat' dir='ltr'><strong>est;</strong></span> <span class='ocrx_word' id='word_1_371' title='bbox 845 4165 936 4239; x_wconf 91' lang='lat' dir='ltr'><strong>qui</strong></span> <span class='ocrx_word' id='word_1_372' title='bbox 966 4171 1202 4226; x_wconf 67' lang='lat' dir='ltr'><strong>Caesaris</strong></span> <span class='ocrx_word' id='word_1_373' title='bbox 1246 4173 1468 4229; x_wconf 89' lang='lat' dir='ltr'><strong>nomine</strong></span> <span class='ocrx_word' id='word_1_374' title='bbox 1516 4189 1621 4230; x_wconf 91' lang='lat' dir='ltr'><strong>non</strong></span> 
     </span>
    </p>
   </div>
   <div class='ocr_carea' id='block_1_54' title="bbox 48 4239 1625 4313">
    <p class='ocr_par' dir='ltr' id='par_1_54' title="bbox 48 4239 1625 4313">
     <span class='ocr_line' id='line_1_54' title="bbox 48 4239 1625 4313; baseline 0.007 -23"><span class='ocrx_word' id='word_1_375' title='bbox 48 4244 351 4313; x_wconf 77' lang='lat' dir='ltr'><strong>:ontentus,</strong></span> <span class='ocrx_word' id='word_1_376' title='bbox 383 4239 773 4313; x_wconf 61' lang='lat' dir='ltr'><strong>Augustumse</strong></span> <span class='ocrx_word' id='word_1_377' title='bbox 798 4243 1057 4312; x_wconf 87' lang='lat' dir='ltr'><strong>appellari</strong></span> <span class='ocrx_word' id='word_1_378' title='bbox 1098 4252 1154 4297; x_wconf 91' lang='lat' dir='ltr'><strong>et</strong></span> <span class='ocrx_word' id='word_1_379' title='bbox 1197 4243 1366 4298; x_wconf 88' lang='lat' dir='ltr'><strong>voluit</strong></span> <span class='ocrx_word' id='word_1_380' title='bbox 1402 4253 1459 4300; x_wconf 92' lang='lat' dir='ltr'><strong>et</strong></span> <span class='ocrx_word' id='word_1_381' title='bbox 1504 4262 1625 4313; x_wconf 88' lang='lat' dir='ltr'><strong>pas-</strong></span> 
     </span>
    </p>
   </div>
   <div class='ocr_carea' id='block_1_55' title="bbox 51 4309 1623 4387">
    <p class='ocr_par' dir='ltr' id='par_1_55' title="bbox 51 4309 1623 4387">
     <span class='ocr_line' id='line_1_55' title="bbox 51 4309 1623 4387; baseline 0.004 -23"><span class='ocrx_word' id='word_1_382' title='bbox 51 4324 126 4364; x_wconf 90' lang='lat' dir='ltr'><strong>us</strong></span> <span class='ocrx_word' id='word_1_383' title='bbox 152 4317 255 4364; x_wconf 87' lang='lat' dir='ltr'><strong>est.</strong></span> <span class='ocrx_word' id='word_1_384' title='bbox 281 4309 431 4387; x_wconf 72' lang='lat' dir='ltr'><strong>Quod</strong></span> <span class='ocrx_word' id='word_1_385' title='bbox 464 4309 552 4387; x_wconf 77' lang='lat' dir='ltr'><strong>ubi</strong></span> <span class='ocrx_word' id='word_1_386' title='bbox 584 4311 651 4367; x_wconf 87' lang='lat' dir='ltr'><strong>ad</strong></span> <span class='ocrx_word' id='word_1_387' title='bbox 676 4309 1053 4387; x_wconf 78' lang='lat' dir='ltr'><strong>Constantium</strong></span> <span class='ocrx_word' id='word_1_388' title='bbox 1084 4314 1466 4384; x_wconf 85' lang='lat' dir='ltr'><strong>Imperatorem</strong></span> <span class='ocrx_word' id='word_1_389' title='bbox 1496 4309 1623 4387; x_wconf 87' lang='lat' dir='ltr'><strong>pcr-</strong></span> 
     </span>
    </p>
   </div>
   <div class='ocr_carea' id='block_1_56' title="bbox 47 4381 1622 4451">
    <p class='ocr_par' dir='ltr' id='par_1_56' title="bbox 47 4381 1622 4451">
     <span class='ocr_line' id='line_1_56' title="bbox 47 4381 1622 4451; baseline 0.005 -17"><span class='ocrx_word' id='word_1_390' title='bbox 47 4389 205 4434; x_wconf 88' lang='lat' dir='ltr'><strong>atum</strong></span> <span class='ocrx_word' id='word_1_391' title='bbox 235 4390 346 4447; x_wconf 85' lang='lat' dir='ltr'><strong>est,</strong></span> <span class='ocrx_word' id='word_1_392' title='bbox 375 4382 467 4438; x_wconf 87' lang='lat' dir='ltr'><strong>ille</strong></span> <span class='ocrx_word' id='word_1_393' title='bbox 494 4381 729 4439; x_wconf 87' lang='lat' dir='ltr'><strong>Leonam</strong></span> <span class='ocrx_word' id='word_1_394' title='bbox 758 4383 1095 4451; x_wconf 68' lang='lat' dir='ltr'><strong>Qumstorem</strong></span> <span class='ocrx_word' id='word_1_395' title='bbox 1125 4381 1281 4441; x_wconf 82' lang='lat' dir='ltr'><strong>suum</strong></span> <span class='ocrx_word' id='word_1_396' title='bbox 1304 4427 1318 4447; x_wconf 83' lang='lat'><strong>,</strong></span> <span class='ocrx_word' id='word_1_397' title='bbox 1368 4396 1424 4441; x_wconf 90' lang='lat' dir='ltr'><strong>ut</strong></span> <span class='ocrx_word' id='word_1_398' title='bbox 1455 4381 1513 4440; x_wconf 77' lang='lat' dir='ltr'><strong>in</strong></span> <span class='ocrx_word' id='word_1_399' title='bbox 1555 4388 1622 4442; x_wconf 87' lang='lat' dir='ltr'><strong>li-</strong></span> 
     </span>
    </p>
   </div>
   <div class='ocr_carea' id='block_1_57' title="bbox 47 4452 1617 4517">
    <p class='ocr_par' dir='ltr' id='par_1_57' title="bbox 47 4452 1617 4517">
     <span class='ocr_line' id='line_1_57' title="bbox 47 4452 1617 4517; baseline 0.006 -12"><span class='ocrx_word' id='word_1_400' title='bbox 47 4466 130 4507; x_wconf 84' lang='lat' dir='ltr'><strong>ll&#39;O</strong></span> <span class='ocrx_word' id='word_1_401' title='bbox 156 4467 224 4506; x_wconf 89' lang='lat' dir='ltr'><strong>xx</strong></span> <span class='ocrx_word' id='word_1_402' title='bbox 265 4452 419 4508; x_wconf 86' lang='lat' dir='ltr'><strong>tradit</strong></span> <span class='ocrx_word' id='word_1_403' title='bbox 446 4455 765 4509; x_wconf 82' lang='lat' dir='ltr'><strong>Ammianus</strong></span> <span class='ocrx_word' id='word_1_404' title='bbox 801 4455 1140 4511; x_wconf 78' lang='lat' dir='ltr'><strong>Marcellinus</strong></span> <span class='ocrx_word' id='word_1_405' title='bbox 1160 4498 1173 4517; x_wconf 86' lang='lat'><strong>.</strong></span> <span class='ocrx_word' id='word_1_406' title='bbox 1200 4457 1254 4510; x_wconf 92' lang='lat' dir='ltr'><strong>in</strong></span> <span class='ocrx_word' id='word_1_407' title='bbox 1275 4455 1475 4512; x_wconf 87' lang='lat' dir='ltr'><strong>Gallias</strong></span> <span class='ocrx_word' id='word_1_408' title='bbox 1495 4473 1617 4514; x_wconf 89' lang='lat' dir='ltr'><strong>cum</strong></span> 
     </span>
    </p>
   </div>
   <div class='ocr_carea' id='block_1_58' title="bbox 47 4523 1619 4601">
    <p class='ocr_par' dir='ltr' id='par_1_58' title="bbox 47 4523 1619 4601">
     <span class='ocr_line' id='line_1_58' title="bbox 47 4523 1619 4601; baseline 0.006 -25"><span class='ocrx_word' id='word_1_409' title='bbox 47 4523 232 4601; x_wconf 85' lang='lat' dir='ltr'><strong>itteris</strong></span> <span class='ocrx_word' id='word_1_410' title='bbox 259 4523 389 4601; x_wconf 78' lang='lat' dir='ltr'><strong>datis</strong></span> <span class='ocrx_word' id='word_1_411' title='bbox 416 4525 483 4601; x_wconf 82' lang='lat' dir='ltr'><strong>ad</strong></span> <span class='ocrx_word' id='word_1_412' title='bbox 511 4525 785 4601; x_wconf 75' lang='lat' dir='ltr'><strong>lulianum</strong></span> <span class='ocrx_word' id='word_1_413' title='bbox 837 4542 1059 4601; x_wconf 84' lang='lat' dir='ltr'><strong>pergere</strong></span> <span class='ocrx_word' id='word_1_414' title='bbox 1087 4528 1252 4582; x_wconf 89' lang='lat' dir='ltr'><strong>celeri</strong></span> <span class='ocrx_word' id='word_1_415' title='bbox 1284 4529 1470 4583; x_wconf 81' lang='lat' dir='ltr'><strong>statuit</strong></span> <span class='ocrx_word' id='word_1_416' title='bbox 1494 4545 1619 4601; x_wconf 85' lang='lat' dir='ltr'><strong>gra-</strong></span> 
     </span>
    </p>
   </div>
   <div class='ocr_carea' id='block_1_59' title="bbox 47 4595 1613 4670">
    <p class='ocr_par' dir='ltr' id='par_1_59' title="bbox 47 4595 1613 4670">
     <span class='ocr_line' id='line_1_59' title="bbox 47 4595 1613 4670; baseline 0.005 -23"><span class='ocrx_word' id='word_1_417' title='bbox 47 4596 133 4661; x_wconf 81' lang='grc' dir='ltr'><strong>ιιι,</strong></span> <span class='ocrx_word' id='word_1_418' title='bbox 160 4595 376 4670; x_wconf 75' lang='lat' dir='ltr'><strong>eum,_si</strong></span> <span class='ocrx_word' id='word_1_419' title='bbox 403 4597 562 4652; x_wconf 91' lang='lat' dir='ltr'><strong>saluti</strong></span> <span class='ocrx_word' id='word_1_420' title='bbox 591 4613 704 4670; x_wconf 71' lang='lat' dir='ltr'><strong>sum</strong></span> <span class='ocrx_word' id='word_1_421' title='bbox 749 4595 1226 4669; x_wconf 72' lang='lat' dir='ltr'><strong>proximorumque</strong></span> <span class='ocrx_word' id='word_1_422' title='bbox 1265 4595 1613 4670; x_wconf 72' lang='lat' dir='ltr'><strong>consuleret,</strong></span> 
     </span>
    </p>
   </div>
   <div class='ocr_carea' id='block_1_60' title="bbox 49 4665 1614 4741">
    <p class='ocr_par' dir='ltr' id='par_1_60' title="bbox 49 4665 1614 4741">
     <span class='ocr_line' id='line_1_60' title="bbox 49 4665 1614 4741; baseline 0.006 -22"><span class='ocrx_word' id='word_1_423' title='bbox 49 4665 260 4741; x_wconf 76' lang='lat' dir='ltr'><strong>umenti</strong></span> <span class='ocrx_word' id='word_1_424' title='bbox 306 4665 427 4722; x_wconf 81' lang='lat' dir='ltr'><strong>flatu</strong></span> <span class='ocrx_word' id='word_1_425' title='bbox 454 4669 732 4737; x_wconf 87' lang='lat' dir='ltr'><strong>deposito,</strong></span> <span class='ocrx_word' id='word_1_426' title='bbox 752 4665 897 4741; x_wconf 85' lang='lat' dir='ltr'><strong>intra</strong></span> <span class='ocrx_word' id='word_1_427' title='bbox 923 4665 1157 4725; x_wconf 60' lang='lat' dir='ltr'><strong>Caesaris</strong></span> <span class='ocrx_word' id='word_1_428' title='bbox 1186 4685 1247 4726; x_wconf 91' lang='lat' dir='ltr'><strong>se</strong></span> <span class='ocrx_word' id='word_1_429' title='bbox 1294 4665 1614 4741; x_wconf 74' lang='lat' dir='ltr'><strong>potestatein</strong></span> 
     </span>
    </p>
   </div>
   <div class='ocr_carea' id='block_1_61' title="bbox 50 4738 1615 4811">
    <p class='ocr_par' dir='ltr' id='par_1_61' title="bbox 50 4738 1615 4811">
     <span class='ocr_line' id='line_1_61' title="bbox 50 4738 1615 4811; baseline 0.008 -26"><span class='ocrx_word' id='word_1_430' title='bbox 50 4738 670 4811; x_wconf 67' lang='lat' dir='ltr'><strong>ontinereprtecipiens.</strong></span> <span class='ocrx_word' id='word_1_431' title='bbox 704 4740 809 4797; x_wconf 85' lang='lat' dir='ltr'><strong>Sed</strong></span> <span class='ocrx_word' id='word_1_432' title='bbox 834 4740 1084 4797; x_wconf 84' lang='lat' dir='ltr'><strong>Julianus</strong></span> <span class='ocrx_word' id='word_1_433' title='bbox 1127 4738 1358 4808; x_wconf 79' lang='lat' dir='ltr'><strong>restitit,</strong></span> <span class='ocrx_word' id='word_1_434' title='bbox 1387 4745 1488 4800; x_wconf 87' lang='lat' dir='ltr'><strong>sub</strong></span> <span class='ocrx_word' id='word_1_435' title='bbox 1515 4762 1615 4799; x_wconf 84' lang='lat' dir='ltr'><strong>uo-</strong></span> 
     </span>
    </p>
   </div>
   <div class='ocr_carea' id='block_1_62' title="bbox 49 4809 1615 4883">
    <p class='ocr_par' dir='ltr' id='par_1_62' title="bbox 49 4809 1615 4883">
     <span class='ocr_line' id='line_1_62' title="bbox 49 4809 1615 4883; baseline 0.007 -20"><span class='ocrx_word' id='word_1_436' title='bbox 49 4809 179 4863; x_wconf 87' lang='lat' dir='ltr'><strong>oinc</strong></span> <span class='ocrx_word' id='word_1_437' title='bbox 202 4809 323 4864; x_wconf 88' lang='lat' dir='ltr'><strong>celsi</strong></span> <span class='ocrx_word' id='word_1_438' title='bbox 352 4826 411 4867; x_wconf 87' lang='lat' dir='ltr'><strong>se</strong></span> <span class='ocrx_word' id='word_1_439' title='bbox 437 4809 649 4883; x_wconf 81' lang='lat' dir='ltr'><strong>imperii</strong></span> <span class='ocrx_word' id='word_1_440' title='bbox 682 4814 853 4868; x_wconf 86' lang='lat' dir='ltr'><strong>multo</strong></span> <span class='ocrx_word' id='word_1_441' title='bbox 878 4812 1175 4869; x_wconf 85' lang='lat' dir='ltr'><strong>officiosius</strong></span> <span class='ocrx_word' id='word_1_442' title='bbox 1200 4815 1501 4883; x_wconf 80' lang='lat' dir='ltr'><strong>parituram</strong></span> <span class='ocrx_word' id='word_1_443' title='bbox 1526 4832 1615 4874; x_wconf 68' lang='lat' dir='ltr'><strong>as-</strong></span> 
     </span>
    </p>
   </div>
   <div class='ocr_carea' id='block_1_63' title="bbox 850 350 2588 417">
    <p class='ocr_par' dir='ltr' id='par_1_63' title="bbox 850 350 2588 417">
     <span class='ocr_line' id='line_1_63' title="bbox 850 350 2588 417; baseline -0.004 -1"><span class='ocrx_word' id='word_1_444' title='bbox 850 354 1057 417; x_wconf 66' lang='lat' dir='ltr'><strong>NOTIE</strong></span> <span class='ocrx_word' id='word_1_445' title='bbox 1096 357 1160 414; x_wconf 84' lang='lat' dir='ltr'><strong>IN</strong></span> <span class='ocrx_word' id='word_1_446' title='bbox 1201 355 1331 417; x_wconf 88' lang='lat' dir='ltr'><strong>LlB.</strong></span> <span class='ocrx_word' id='word_1_447' title='bbox 1374 352 1463 413; x_wconf 80' lang='lat' dir='ltr'><strong>DE</strong></span> <span class='ocrx_word' id='word_1_448' title='bbox 1503 350 1854 412; x_wconf 78' lang='lat' dir='ltr'><strong>MORTIBUS</strong></span> <span class='ocrx_word' id='word_1_449' title='bbox 1890 351 2282 412; x_wconf 82' lang='lat' dir='ltr'><strong>PERSECUT.</strong></span> <span class='ocrx_word' id='word_1_450' title='bbox 2321 352 2477 413; x_wconf 78' lang='lat' dir='ltr'><strong>CAP.</strong></span> <span class='ocrx_word' id='word_1_451' title='bbox 2520 352 2588 411; x_wconf 80' lang='grc' dir='ltr'><strong>Χ.</strong></span> 
     </span>
    </p>
   </div>
   <div class='ocr_carea' id='block_1_64' title="bbox 3255 345 3364 410">
    <p class='ocr_par' dir='ltr' id='par_1_64' title="bbox 3255 345 3364 410">
     <span class='ocr_line' id='line_1_64' title="bbox 3255 345 3364 410; baseline 0 0"><span class='ocrx_word' id='word_1_452' title='bbox 3255 345 3364 410; x_wconf 72' lang='grc'><strong>514</strong></span> 
     </span>
    </p>
   </div>
   <div class='ocr_carea' id='block_1_65' title="bbox 1836 539 3360 615">
    <p class='ocr_par' dir='ltr' id='par_1_65' title="bbox 1836 539 3360 615">
     <span class='ocr_line' id='line_1_65' title="bbox 1836 539 3360 615; baseline 0.001 -18"><span class='ocrx_word' id='word_1_453' title='bbox 1836 539 2108 598; x_wconf 80' lang='lat' dir='ltr'><strong>Scrutator</strong></span> <span class='ocrx_word' id='word_1_454' title='bbox 2127 559 2230 597; x_wconf 89' lang='lat' dir='ltr'><strong>rer.</strong></span> <span class='ocrx_word' id='word_1_455' title='bbox 2261 548 2422 613; x_wconf 78' lang='lat' dir='ltr'><strong>futur.</strong></span> <span class='ocrx_word' id='word_1_456' title='bbox 2453 544 2702 599; x_wconf 83' lang='lat' dir='ltr'><strong>Aurelius</strong></span> <span class='ocrx_word' id='word_1_457' title='bbox 2727 539 2914 599; x_wconf 77' lang='lat' dir='ltr'><strong>Victor</strong></span> <span class='ocrx_word' id='word_1_458' title='bbox 2942 540 3220 615; x_wconf 10' lang='lat' dir='ltr'><strong>:rtVamque</strong></span> <span class='ocrx_word' id='word_1_459' title='bbox 3262 542 3360 599; x_wconf 86' lang='lat' dir='ltr'><strong>im-</strong></span> 
     </span>
    </p>
   </div>
   <div class='ocr_carea' id='block_1_66' title="bbox 1761 613 3243 683">
    <p class='ocr_par' dir='ltr' id='par_1_66' title="bbox 1761 613 3243 683">
     <span class='ocr_line' id='line_1_66' title="bbox 1761 613 3243 683; baseline -0.001 -15"><span class='ocrx_word' id='word_1_460' title='bbox 1761 613 2063 670; x_wconf 84' lang='lat' dir='ltr'><strong>minentium</strong></span> <span class='ocrx_word' id='word_1_461' title='bbox 2085 622 2359 680; x_wconf 76' lang='lat' dir='ltr'><strong>scrutator,</strong></span> <span class='ocrx_word' id='word_1_462' title='bbox 2385 615 2474 669; x_wconf 91' lang='lat' dir='ltr'><strong>ubi</strong></span> <span class='ocrx_word' id='word_1_463' title='bbox 2496 619 2604 683; x_wconf 80' lang='lat' dir='ltr'><strong>{ato</strong></span> <span class='ocrx_word' id='word_1_464' title='bbox 2631 615 2897 671; x_wconf 89' lang='lat' dir='ltr'><strong>intestinas</strong></span> <span class='ocrx_word' id='word_1_465' title='bbox 2922 614 3115 680; x_wconf 85' lang='lat' dir='ltr'><strong>clades,</strong></span> <span class='ocrx_word' id='word_1_466' title='bbox 3137 613 3243 670; x_wconf 84' lang='lat' dir='ltr'><strong>etc.</strong></span> 
     </span>
    </p>
   </div>
   <div class='ocr_carea' id='block_1_67' title="bbox 1837 685 3359 756">
    <p class='ocr_par' dir='ltr' id='par_1_67' title="bbox 1837 685 3359 756">
     <span class='ocr_line' id='line_1_67' title="bbox 1837 685 3359 756; baseline 0.003 -19"><span class='ocrx_word' id='word_1_467' title='bbox 1837 685 2061 753; x_wconf 84' lang='lat' dir='ltr'><strong>Quidam</strong></span> <span class='ocrx_word' id='word_1_468' title='bbox 2089 686 2456 742; x_wconf 83' lang='lat' dir='ltr'><strong>ministrorum.</strong></span> <span class='ocrx_word' id='word_1_469' title='bbox 2490 686 2557 741; x_wconf 86' lang='lat' dir='ltr'><strong>Et</strong></span> <span class='ocrx_word' id='word_1_470' title='bbox 2598 686 2685 741; x_wconf 85' lang='lat' dir='ltr'><strong>hic</strong></span> <span class='ocrx_word' id='word_1_471' title='bbox 2730 702 2943 756; x_wconf 86' lang='lat' dir='ltr'><strong>qquue</strong></span> <span class='ocrx_word' id='word_1_472' title='bbox 2992 688 3142 743; x_wconf 86' lang='lat' dir='ltr'><strong>locus</strong></span> <span class='ocrx_word' id='word_1_473' title='bbox 3173 695 3359 755; x_wconf 85' lang='lat' dir='ltr'><strong>aperte</strong></span> 
     </span>
    </p>
   </div>
   <div class='ocr_carea' id='block_1_68' title="bbox 1761 757 3355 816">
    <p class='ocr_par' dir='ltr' id='par_1_68' title="bbox 1761 757 3355 816">
     <span class='ocr_line' id='line_1_68' title="bbox 1761 757 3355 816; baseline 0.002 -6"><span class='ocrx_word' id='word_1_474' title='bbox 1761 757 2002 812; x_wconf 86' lang='lat' dir='ltr'><strong>ostendit</strong></span> <span class='ocrx_word' id='word_1_475' title='bbox 2041 757 2233 812; x_wconf 91' lang='lat' dir='ltr'><strong>librum</strong></span> <span class='ocrx_word' id='word_1_476' title='bbox 2277 758 2438 814; x_wconf 91' lang='lat' dir='ltr'><strong>istum</strong></span> <span class='ocrx_word' id='word_1_477' title='bbox 2482 772 2603 813; x_wconf 88' lang='lat' dir='ltr'><strong>csse</strong></span> <span class='ocrx_word' id='word_1_478' title='bbox 2634 757 2915 814; x_wconf 86' lang='lat' dir='ltr'><strong>Lactantii.</strong></span> <span class='ocrx_word' id='word_1_479' title='bbox 2959 758 3163 816; x_wconf 90' lang='lat' dir='ltr'><strong>Similia</strong></span> <span class='ocrx_word' id='word_1_480' title='bbox 3210 759 3355 813; x_wconf 70' lang='lat' dir='ltr'><strong>cutim</strong></span> 
     </span>
    </p>
   </div>
   <div class='ocr_carea' id='block_1_69' title="bbox 1761 828 3351 900">
    <p class='ocr_par' dir='ltr' id='par_1_69' title="bbox 1761 828 3351 900">
     <span class='ocr_line' id='line_1_69' title="bbox 1761 828 3351 900; baseline 0.003 -22"><span class='ocrx_word' id='word_1_481' title='bbox 1761 830 1982 900; x_wconf 79' lang='lat' dir='ltr'><strong>omnino</strong></span> <span class='ocrx_word' id='word_1_482' title='bbox 2003 830 2117 900; x_wconf 88' lang='lat' dir='ltr'><strong>ipse</strong></span> <span class='ocrx_word' id='word_1_483' title='bbox 2137 828 2297 885; x_wconf 85' lang='lat' dir='ltr'><strong>habet</strong></span> <span class='ocrx_word' id='word_1_484' title='bbox 2322 829 2373 885; x_wconf 92' lang='lat' dir='ltr'><strong>in</strong></span> <span class='ocrx_word' id='word_1_485' title='bbox 2405 830 2540 885; x_wconf 86' lang='lat' dir='ltr'><strong>libro</strong></span> <span class='ocrx_word' id='word_1_486' title='bbox 2566 840 2758 899; x_wconf 89' lang='lat' dir='ltr'><strong>quarto</strong></span> <span class='ocrx_word' id='word_1_487' title='bbox 2785 829 3203 893; x_wconf 83' lang='lat' dir='ltr'><strong>Institutionum,</strong></span> <span class='ocrx_word' id='word_1_488' title='bbox 3228 845 3351 897; x_wconf 89' lang='lat' dir='ltr'><strong>cap.</strong></span> 
     </span>
    </p>
   </div>
   <div class='ocr_carea' id='block_1_70' title="bbox 1760 898 3356 967">
    <p class='ocr_par' dir='ltr' id='par_1_70' title="bbox 1760 898 3356 967">
     <span class='ocr_line' id='line_1_70' title="bbox 1760 898 3356 967; baseline 0.003 -14"><span class='ocrx_word' id='word_1_489' title='bbox 1760 899 1831 954; x_wconf 73' lang='grc'><strong>27</strong></span> <span class='ocrx_word' id='word_1_490' title='bbox 1862 917 1875 955; x_wconf 92' lang='lat'><strong>:</strong></span> <span class='ocrx_word' id='word_1_491' title='bbox 1902 898 2039 955; x_wconf 75' lang='lat' dir='ltr'><strong>Nam</strong></span> <span class='ocrx_word' id='word_1_492' title='bbox 2077 917 2193 955; x_wconf 90' lang='lat' dir='ltr'><strong>cum</strong></span> <span class='ocrx_word' id='word_1_493' title='bbox 2232 901 2330 956; x_wconf 87' lang='lat' dir='ltr'><strong>diis</strong></span> <span class='ocrx_word' id='word_1_494' title='bbox 2370 902 2476 956; x_wconf 87' lang='lat' dir='ltr'><strong>suis</strong></span> <span class='ocrx_word' id='word_1_495' title='bbox 2505 898 2771 957; x_wconf 86' lang='lat' dir='ltr'><strong>inunolant</strong></span> <span class='ocrx_word' id='word_1_496' title='bbox 2796 944 2810 967; x_wconf 86' lang='lat'><strong>,</strong></span> <span class='ocrx_word' id='word_1_497' title='bbox 2843 904 2887 957; x_wconf 90' lang='lat' dir='ltr'><strong>si</strong></span> <span class='ocrx_word' id='word_1_498' title='bbox 2929 904 3129 959; x_wconf 86' lang='lat' dir='ltr'><strong>assistat</strong></span> <span class='ocrx_word' id='word_1_499' title='bbox 3173 902 3356 966; x_wconf 85' lang='lat' dir='ltr'><strong>aliquis</strong></span> 
     </span>
    </p>
   </div>
   <div class='ocr_carea' id='block_1_71' title="bbox 1760 973 3350 1045">
    <p class='ocr_par' dir='ltr' id='par_1_71' title="bbox 1760 973 3350 1045">
     <span class='ocr_line' id='line_1_71' title="bbox 1760 973 3350 1045; baseline 0 -20"><span class='ocrx_word' id='word_1_500' title='bbox 1760 976 2012 1040; x_wconf 83' lang='lat' dir='ltr'><strong>signatam</strong></span> <span class='ocrx_word' id='word_1_501' title='bbox 2062 974 2280 1044; x_wconf 77' lang='lat' dir='ltr'><strong>frontem</strong></span> <span class='ocrx_word' id='word_1_502' title='bbox 2328 990 2541 1045; x_wconf 78' lang='lat' dir='ltr'><strong>gerens,</strong></span> <span class='ocrx_word' id='word_1_503' title='bbox 2592 990 2738 1028; x_wconf 88' lang='lat' dir='ltr'><strong>sacra</strong></span> <span class='ocrx_word' id='word_1_504' title='bbox 2779 975 2920 1030; x_wconf 88' lang='lat' dir='ltr'><strong>nullo</strong></span> <span class='ocrx_word' id='word_1_505' title='bbox 2960 975 3112 1029; x_wconf 88' lang='lat' dir='ltr'><strong>ntodo</strong></span> <span class='ocrx_word' id='word_1_506' title='bbox 3146 973 3310 1045; x_wconf 60' lang='lat' dir='ltr'><strong>litant</strong></span> <span class='ocrx_word' id='word_1_507' title='bbox 3334 1013 3350 1039; x_wconf 88' lang='lat'><strong>,</strong></span> 
     </span>
    </p>
   </div>
   <div class='ocr_carea' id='block_1_72' title="bbox 1762 1042 3354 1113">
    <p class='ocr_par' dir='ltr' id='par_1_72' title="bbox 1762 1042 3354 1113">
     <span class='ocr_line' id='line_1_72' title="bbox 1762 1042 3354 1113; baseline 0.001 -17"><span class='ocrx_word' id='word_1_508' title='bbox 1762 1060 1855 1099; x_wconf 91' lang='lat' dir='ltr'><strong>nec</strong></span> <span class='ocrx_word' id='word_1_509' title='bbox 1895 1042 2141 1113; x_wconf 79' lang='lat' dir='ltr'><strong>responsa</strong></span> <span class='ocrx_word' id='word_1_510' title='bbox 2187 1042 2349 1113; x_wconf 78' lang='lat' dir='ltr'><strong>potest</strong></span> <span class='ocrx_word' id='word_1_511' title='bbox 2388 1045 2648 1101; x_wconf 88' lang='lat' dir='ltr'><strong>consultus</strong></span> <span class='ocrx_word' id='word_1_512' title='bbox 2685 1046 2898 1101; x_wconf 85' lang='lat' dir='ltr'><strong>reddere</strong></span> <span class='ocrx_word' id='word_1_513' title='bbox 2939 1055 3096 1102; x_wconf 79' lang='lat' dir='ltr'><strong>vates.</strong></span> <span class='ocrx_word' id='word_1_514' title='bbox 3135 1042 3198 1100; x_wconf 86' lang='lat' dir='ltr'><strong>Et</strong></span> <span class='ocrx_word' id='word_1_515' title='bbox 3244 1044 3354 1097; x_wconf 81' lang='lat' dir='ltr'><strong>Iure</strong></span> 
     </span>
    </p>
   </div>
   <div class='ocr_carea' id='block_1_73' title="bbox 1760 1116 3354 1191">
    <p class='ocr_par' dir='ltr' id='par_1_73' title="bbox 1760 1116 3354 1191">
     <span class='ocr_line' id='line_1_73' title="bbox 1760 1116 3354 1191; baseline 0.001 -21"><span class='ocrx_word' id='word_1_516' title='bbox 1760 1131 1897 1191; x_wconf 69' lang='lat' dir='ltr'><strong>stupe</strong></span> <span class='ocrx_word' id='word_1_517' title='bbox 1919 1133 2075 1191; x_wconf 64' lang='lat' dir='ltr'><strong>cause</strong></span> <span class='ocrx_word' id='word_1_518' title='bbox 2105 1117 2365 1191; x_wconf 75' lang='lat' dir='ltr'><strong>prwcipua</strong></span> <span class='ocrx_word' id='word_1_519' title='bbox 2377 1117 2636 1191; x_wconf 82' lang='lat' dir='ltr'><strong>justitiam</strong></span> <span class='ocrx_word' id='word_1_520' title='bbox 2667 1117 3001 1191; x_wconf 83' lang='lat' dir='ltr'><strong>persequendi</strong></span> <span class='ocrx_word' id='word_1_521' title='bbox 3027 1116 3175 1171; x_wconf 89' lang='lat' dir='ltr'><strong>malis</strong></span> <span class='ocrx_word' id='word_1_522' title='bbox 3199 1116 3354 1187; x_wconf 83' lang='lat' dir='ltr'><strong>Regi-</strong></span> 
     </span>
    </p>
   </div>
   <div class='ocr_carea' id='block_1_74' title="bbox 1762 1186 3353 1261">
    <p class='ocr_par' dir='ltr' id='par_1_74' title="bbox 1762 1186 3353 1261">
     <span class='ocr_line' id='line_1_74' title="bbox 1762 1186 3353 1261; baseline 0.001 -22"><span class='ocrx_word' id='word_1_523' title='bbox 1762 1186 1996 1261; x_wconf 70' lang='lat' dir='ltr'><strong>busfuit.</strong></span> <span class='ocrx_word' id='word_1_524' title='bbox 2027 1186 2173 1261; x_wconf 13' lang='lat' dir='ltr'><strong>Cumg</strong></span> <span class='ocrx_word' id='word_1_525' title='bbox 2184 1189 2317 1261; x_wconf 85' lang='lat' dir='ltr'><strong>enim</strong></span> <span class='ocrx_word' id='word_1_526' title='bbox 2342 1186 2550 1261; x_wconf 77' lang='lat' dir='ltr'><strong>quidam</strong></span> <span class='ocrx_word' id='word_1_527' title='bbox 2576 1186 2923 1259; x_wconf 82' lang='lat' dir='ltr'><strong>ministrorum</strong></span> <span class='ocrx_word' id='word_1_528' title='bbox 2952 1199 3239 1261; x_wconf 87' lang='lat' dir='ltr'><strong>nostrorum</strong></span> <span class='ocrx_word' id='word_1_529' title='bbox 3267 1186 3353 1242; x_wconf 82' lang='lat' dir='ltr'><strong>sa-</strong></span> 
     </span>
    </p>
   </div>
   <div class='ocr_carea' id='block_1_75' title="bbox 1760 1258 3353 1332">
    <p class='ocr_par' dir='ltr' id='par_1_75' title="bbox 1760 1258 3353 1332">
     <span class='ocr_line' id='line_1_75' title="bbox 1760 1258 3353 1332; baseline 0.002 -21"><span class='ocrx_word' id='word_1_530' title='bbox 1760 1258 2107 1328; x_wconf 83' lang='lat' dir='ltr'><strong>criﬁcantibus</strong></span> <span class='ocrx_word' id='word_1_531' title='bbox 2138 1258 2375 1316; x_wconf 83' lang='lat' dir='ltr'><strong>Dominis</strong></span> <span class='ocrx_word' id='word_1_532' title='bbox 2395 1262 2690 1316; x_wconf 89' lang='lat' dir='ltr'><strong>assisterent</strong></span> <span class='ocrx_word' id='word_1_533' title='bbox 2713 1302 2729 1327; x_wconf 93' lang='lat'><strong>,</strong></span> <span class='ocrx_word' id='word_1_534' title='bbox 2755 1262 2991 1332; x_wconf 87' lang='lat' dir='ltr'><strong>imposito</strong></span> <span class='ocrx_word' id='word_1_535' title='bbox 3020 1260 3269 1332; x_wconf 77' lang='lat' dir='ltr'><strong>frontibus</strong></span> <span class='ocrx_word' id='word_1_536' title='bbox 3289 1261 3353 1314; x_wconf 85' lang='lat' dir='ltr'><strong>si-</strong></span> 
     </span>
    </p>
   </div>
   <div class='ocr_carea' id='block_1_76' title="bbox 1761 1331 3352 1404">
    <p class='ocr_par' dir='ltr' id='par_1_76' title="bbox 1761 1331 3352 1404">
     <span class='ocr_line' id='line_1_76' title="bbox 1761 1331 3352 1404; baseline 0.001 -21"><span class='ocrx_word' id='word_1_537' title='bbox 1761 1347 1862 1404; x_wconf 87' lang='lat' dir='ltr'><strong>gno</strong></span> <span class='ocrx_word' id='word_1_538' title='bbox 1887 1332 2009 1404; x_wconf 78' lang='lat' dir='ltr'><strong>deos</strong></span> <span class='ocrx_word' id='word_1_539' title='bbox 2036 1332 2241 1404; x_wconf 85' lang='lat' dir='ltr'><strong>illorum</strong></span> <span class='ocrx_word' id='word_1_540' title='bbox 2269 1336 2607 1404; x_wconf 82' lang='lat' dir='ltr'><strong>fugaverunt,</strong></span> <span class='ocrx_word' id='word_1_541' title='bbox 2642 1349 2704 1404; x_wconf 90' lang='lat' dir='ltr'><strong>ne</strong></span> <span class='ocrx_word' id='word_1_542' title='bbox 2734 1331 2938 1401; x_wconf 85' lang='lat' dir='ltr'><strong>possent</strong></span> <span class='ocrx_word' id='word_1_543' title='bbox 2984 1331 3035 1387; x_wconf 87' lang='lat' dir='ltr'><strong>in</strong></span> <span class='ocrx_word' id='word_1_544' title='bbox 3080 1331 3352 1404; x_wconf 77' lang='lat' dir='ltr'><strong>visceribus</strong></span> 
     </span>
    </p>
   </div>
   <div class='ocr_carea' id='block_1_77' title="bbox 1763 1402 3353 1488">
    <p class='ocr_par' dir='ltr' id='par_1_77' title="bbox 1763 1402 3353 1488">
     <span class='ocr_line' id='line_1_77' title="bbox 1763 1402 3353 1488; baseline 0.001 -34"><span class='ocrx_word' id='word_1_545' title='bbox 1763 1402 2045 1485; x_wconf 73' lang='lat' dir='ltr'><strong>hostiarum</strong></span> <span class='ocrx_word' id='word_1_546' title='bbox 2088 1402 2277 1488; x_wconf 55' lang='lat' dir='ltr'><strong>futura</strong></span> <span class='ocrx_word' id='word_1_547' title='bbox 2326 1402 2614 1488; x_wconf 70' lang='lat' dir='ltr'><strong>depingere.</strong></span> <span class='ocrx_word' id='word_1_548' title='bbox 2658 1403 2809 1488; x_wconf 78' lang='lat' dir='ltr'><strong>Quod</strong></span> <span class='ocrx_word' id='word_1_549' title='bbox 2851 1420 2968 1488; x_wconf 72' lang='lat' dir='ltr'><strong>cunt</strong></span> <span class='ocrx_word' id='word_1_550' title='bbox 3015 1402 3353 1488; x_wconf 66' lang='lat' dir='ltr'><strong>intelligerent</strong></span> 
     </span>
    </p>
   </div>
   <div class='ocr_carea' id='block_1_78' title="bbox 1761 1475 3355 1547">
    <p class='ocr_par' dir='ltr' id='par_1_78' title="bbox 1761 1475 3355 1547">
     <span class='ocr_line' id='line_1_78' title="bbox 1761 1475 3355 1547; baseline 0.001 -20"><span class='ocrx_word' id='word_1_551' title='bbox 1761 1476 2026 1543; x_wconf 78' lang='lat' dir='ltr'><strong>aruspices</strong></span> <span class='ocrx_word' id='word_1_552' title='bbox 2046 1517 2061 1543; x_wconf 87' lang='lat'><strong>,</strong></span> <span class='ocrx_word' id='word_1_553' title='bbox 2094 1475 2454 1547; x_wconf 84' lang='lat' dir='ltr'><strong>instigantibus</strong></span> <span class='ocrx_word' id='word_1_554' title='bbox 2479 1475 2657 1530; x_wconf 85' lang='lat' dir='ltr'><strong>iisdem</strong></span> <span class='ocrx_word' id='word_1_555' title='bbox 2685 1477 2999 1531; x_wconf 78' lang='lat' dir='ltr'><strong>dwntonibus</strong></span> <span class='ocrx_word' id='word_1_556' title='bbox 3022 1475 3204 1546; x_wconf 84' lang='lat' dir='ltr'><strong>quibus</strong></span> <span class='ocrx_word' id='word_1_557' title='bbox 3228 1491 3355 1542; x_wconf 86' lang='lat' dir='ltr'><strong>pro-</strong></span> 
     </span>
    </p>
   </div>
   <div class='ocr_carea' id='block_1_79' title="bbox 1762 1547 3352 1619">
    <p class='ocr_par' dir='ltr' id='par_1_79' title="bbox 1762 1547 3352 1619">
     <span class='ocr_line' id='line_1_79' title="bbox 1762 1547 3352 1619; baseline 0.001 -20"><span class='ocrx_word' id='word_1_558' title='bbox 1762 1556 1992 1612; x_wconf 86' lang='lat' dir='ltr'><strong>secrant,</strong></span> <span class='ocrx_word' id='word_1_559' title='bbox 2018 1558 2376 1618; x_wconf 83' lang='lat' dir='ltr'><strong>conquerentes</strong></span> <span class='ocrx_word' id='word_1_560' title='bbox 2422 1549 2716 1619; x_wconf 85' lang='lat' dir='ltr'><strong>prophanos</strong></span> <span class='ocrx_word' id='word_1_561' title='bbox 2741 1548 2968 1603; x_wconf 82' lang='lat' dir='ltr'><strong>homines</strong></span> <span class='ocrx_word' id='word_1_562' title='bbox 3008 1548 3169 1603; x_wconf 84' lang='lat' dir='ltr'><strong>sacris</strong></span> <span class='ocrx_word' id='word_1_563' title='bbox 3193 1547 3352 1600; x_wconf 56' lang='lat' dir='ltr'><strong>inter.</strong></span> 
     </span>
    </p>
   </div>
   <div class='ocr_carea' id='block_1_80' title="bbox 1764 1620 3355 1689">
    <p class='ocr_par' dir='ltr' id='par_1_80' title="bbox 1764 1620 3355 1689">
     <span class='ocr_line' id='line_1_80' title="bbox 1764 1620 3355 1689; baseline 0.002 -20"><span class='ocrx_word' id='word_1_564' title='bbox 1764 1634 1903 1689; x_wconf 65' lang='lat' dir='ltr'><strong>esse,</strong></span> <span class='ocrx_word' id='word_1_565' title='bbox 1931 1628 2141 1689; x_wconf 85' lang='lat' dir='ltr'><strong>egerunt</strong></span> <span class='ocrx_word' id='word_1_566' title='bbox 2180 1620 2434 1688; x_wconf 84' lang='lat' dir='ltr'><strong>principes</strong></span> <span class='ocrx_word' id='word_1_567' title='bbox 2454 1637 2575 1676; x_wconf 89' lang='lat' dir='ltr'><strong>suos</strong></span> <span class='ocrx_word' id='word_1_568' title='bbox 2606 1621 2657 1674; x_wconf 90' lang='lat' dir='ltr'><strong>iu</strong></span> <span class='ocrx_word' id='word_1_569' title='bbox 2680 1624 2907 1689; x_wconf 78' lang='lat' dir='ltr'><strong>furorem</strong></span> <span class='ocrx_word' id='word_1_570' title='bbox 2929 1629 2982 1674; x_wconf 92' lang='lat' dir='ltr'><strong>ut</strong></span> <span class='ocrx_word' id='word_1_571' title='bbox 3003 1625 3355 1689; x_wconf 71' lang='lat' dir='ltr'><strong>expugnarent</strong></span> 
     </span>
    </p>
   </div>
   <div class='ocr_carea' id='block_1_81' title="bbox 1765 1686 3353 1760">
    <p class='ocr_par' dir='ltr' id='par_1_81' title="bbox 1765 1686 3353 1760">
     <span class='ocr_line' id='line_1_81' title="bbox 1765 1686 3353 1760; baseline 0.003 -19"><span class='ocrx_word' id='word_1_572' title='bbox 1765 1686 1863 1744; x_wconf 86' lang='lat' dir='ltr'><strong>Dei</strong></span> <span class='ocrx_word' id='word_1_573' title='bbox 1890 1686 2151 1752; x_wconf 85' lang='lat' dir='ltr'><strong>templum.</strong></span> <span class='ocrx_word' id='word_1_574' title='bbox 2181 1686 2312 1760; x_wconf 38' lang='lat' dir='ltr'><strong>&#39;Quo</strong></span> <span class='ocrx_word' id='word_1_575' title='bbox 2342 1692 2490 1753; x_wconf 82' lang='lat' dir='ltr'><strong>loco,</strong></span> <span class='ocrx_word' id='word_1_576' title='bbox 2527 1704 2582 1746; x_wconf 93' lang='lat' dir='ltr'><strong>ut</strong></span> <span class='ocrx_word' id='word_1_577' title='bbox 2614 1686 2745 1746; x_wconf 85' lang='lat' dir='ltr'><strong>illud</strong></span> <span class='ocrx_word' id='word_1_578' title='bbox 2793 1692 2969 1748; x_wconf 86' lang='lat' dir='ltr'><strong>obiter</strong></span> <span class='ocrx_word' id='word_1_579' title='bbox 2996 1686 3313 1745; x_wconf 75' lang='lat' dir='ltr'><strong>admoneam</strong></span> <span class='ocrx_word' id='word_1_580' title='bbox 3335 1731 3353 1755; x_wconf 91' lang='lat'><strong>,</strong></span> 
     </span>
    </p>
   </div>
   <div class='ocr_carea' id='block_1_82' title="bbox 1763 1760 3357 1833">
    <p class='ocr_par' dir='ltr' id='par_1_82' title="bbox 1763 1760 3357 1833">
     <span class='ocr_line' id='line_1_82' title="bbox 1763 1760 3357 1833; baseline 0.002 -19"><span class='ocrx_word' id='word_1_581' title='bbox 1763 1760 1948 1833; x_wconf 80' lang='lat' dir='ltr'><strong>lapsus</strong></span> <span class='ocrx_word' id='word_1_582' title='bbox 1974 1763 2208 1832; x_wconf 82' lang='lat' dir='ltr'><strong>graviter</strong></span> <span class='ocrx_word' id='word_1_583' title='bbox 2249 1773 2333 1819; x_wconf 90' lang='lat' dir='ltr'><strong>est</strong></span> <span class='ocrx_word' id='word_1_584' title='bbox 2357 1763 2626 1833; x_wconf 83' lang='lat' dir='ltr'><strong>Josepbus</strong></span> <span class='ocrx_word' id='word_1_585' title='bbox 2665 1762 2858 1830; x_wconf 78' lang='lat' dir='ltr'><strong>lsaeus,</strong></span> <span class='ocrx_word' id='word_1_586' title='bbox 2904 1771 3094 1833; x_wconf 88' lang='lat' dir='ltr'><strong>putans</strong></span> <span class='ocrx_word' id='word_1_587' title='bbox 3123 1761 3242 1817; x_wconf 87' lang='lat' dir='ltr'><strong>heic</strong></span> <span class='ocrx_word' id='word_1_588' title='bbox 3271 1761 3357 1833; x_wconf 82' lang='lat' dir='ltr'><strong>agi</strong></span> 
     </span>
    </p>
   </div>
   <div class='ocr_carea' id='block_1_83' title="bbox 1688 1830 3358 1925">
    <p class='ocr_par' dir='ltr' id='par_1_83' title="bbox 1688 1830 3358 1925">
     <span class='ocr_line' id='line_1_83' title="bbox 1688 1830 3358 1925; baseline 0.002 -40"><span class='ocrx_word' id='word_1_589' title='bbox 1688 1864 1738 1925; x_wconf 76' lang='grc' dir='ltr'><strong>Β</strong></span> <span class='ocrx_word' id='word_1_590' title='bbox 1764 1830 1848 1925; x_wconf 62' lang='lat' dir='ltr'><strong>de</strong></span> <span class='ocrx_word' id='word_1_591' title='bbox 1861 1830 2063 1914; x_wconf 75' lang='lat' dir='ltr'><strong>templo</strong></span> <span class='ocrx_word' id='word_1_592' title='bbox 2090 1834 2238 1925; x_wconf 72' lang='lat' dir='ltr'><strong>lovis</strong></span> <span class='ocrx_word' id='word_1_593' title='bbox 2257 1874 2272 1902; x_wconf 91' lang='lat'><strong>,</strong></span> <span class='ocrx_word' id='word_1_594' title='bbox 2298 1830 2597 1925; x_wconf 72' lang='lat' dir='ltr'><strong>Apollinis,</strong></span> <span class='ocrx_word' id='word_1_595' title='bbox 2629 1830 3226 1925; x_wconf 41' lang='lat' dir='ltr'><strong>veleujusvis.alteiins</strong></span> <span class='ocrx_word' id='word_1_596' title='bbox 3251 1832 3358 1925; x_wconf 65' lang='lat' dir='ltr'><strong>dte-</strong></span> 
     </span>
    </p>
   </div>
   <div class='ocr_carea' id='block_1_84' title="bbox 1764 1904 3356 1976">
    <p class='ocr_par' dir='ltr' id='par_1_84' title="bbox 1764 1904 3356 1976">
     <span class='ocr_line' id='line_1_84' title="bbox 1764 1904 3356 1976; baseline 0.003 -21"><span class='ocrx_word' id='word_1_597' title='bbox 1764 1904 1939 1976; x_wconf 83' lang='lat' dir='ltr'><strong>monis</strong></span> <span class='ocrx_word' id='word_1_598' title='bbox 1963 1917 2258 1975; x_wconf 83' lang='lat' dir='ltr'><strong>expurgato</strong></span> <span class='ocrx_word' id='word_1_599' title='bbox 2277 1948 2294 1972; x_wconf 89' lang='lat'><strong>,</strong></span> <span class='ocrx_word' id='word_1_600' title='bbox 2320 1922 2441 1961; x_wconf 90' lang='lat' dir='ltr'><strong>cum</strong></span> <span class='ocrx_word' id='word_1_601' title='bbox 2471 1916 2647 1962; x_wconf 87' lang='lat' dir='ltr'><strong>tamen</strong></span> <span class='ocrx_word' id='word_1_602' title='bbox 2679 1907 2766 1962; x_wconf 90' lang='lat' dir='ltr'><strong>bic</strong></span> <span class='ocrx_word' id='word_1_603' title='bbox 2800 1907 2949 1961; x_wconf 86' lang='lat' dir='ltr'><strong>locus</strong></span> <span class='ocrx_word' id='word_1_604' title='bbox 2979 1904 3356 1976; x_wconf 82' lang='lat' dir='ltr'><strong>intelligendus</strong></span> 
     </span>
    </p>
   </div>
   <div class='ocr_carea' id='block_1_85' title="bbox 1760 1974 3357 2048">
    <p class='ocr_par' dir='ltr' id='par_1_85' title="bbox 1760 1974 3357 2048">
     <span class='ocr_line' id='line_1_85' title="bbox 1760 1974 3357 2048; baseline 0.003 -20"><span class='ocrx_word' id='word_1_605' title='bbox 1760 1976 1832 2029; x_wconf 89' lang='lat' dir='ltr'><strong>sit</strong></span> <span class='ocrx_word' id='word_1_606' title='bbox 1866 1974 1934 2030; x_wconf 92' lang='lat' dir='ltr'><strong>dc</strong></span> <span class='ocrx_word' id='word_1_607' title='bbox 1961 1974 2232 2041; x_wconf 85' lang='lat' dir='ltr'><strong>Ecclesia,</strong></span> <span class='ocrx_word' id='word_1_608' title='bbox 2265 1979 2379 2034; x_wconf 84' lang='lat' dir='ltr'><strong>sive</strong></span> <span class='ocrx_word' id='word_1_609' title='bbox 2418 1979 2487 2034; x_wconf 88' lang='lat' dir='ltr'><strong>de</strong></span> <span class='ocrx_word' id='word_1_610' title='bbox 2525 1994 2753 2048; x_wconf 90' lang='lat' dir='ltr'><strong>corpore</strong></span> <span class='ocrx_word' id='word_1_611' title='bbox 2799 1974 3255 2039; x_wconf 76' lang='lat' dir='ltr'><strong>Christianorum,</strong></span> <span class='ocrx_word' id='word_1_612' title='bbox 3301 1985 3357 2033; x_wconf 91' lang='lat' dir='ltr'><strong>ut</strong></span> 
     </span>
    </p>
   </div>
   <div class='ocr_carea' id='block_1_86' title="bbox 1761 2047 3356 2120">
    <p class='ocr_par' dir='ltr' id='par_1_86' title="bbox 1761 2047 3356 2120">
     <span class='ocr_line' id='line_1_86' title="bbox 1761 2047 3356 2120; baseline 0.003 -21"><span class='ocrx_word' id='word_1_613' title='bbox 1761 2056 1907 2101; x_wconf 89' lang='lat' dir='ltr'><strong>recte</strong></span> <span class='ocrx_word' id='word_1_614' title='bbox 1935 2047 2035 2103; x_wconf 89' lang='lat' dir='ltr'><strong>ista</strong></span> <span class='ocrx_word' id='word_1_615' title='bbox 2065 2049 2299 2119; x_wconf 83' lang='lat' dir='ltr'><strong>explicat</strong></span> <span class='ocrx_word' id='word_1_616' title='bbox 2329 2049 2576 2106; x_wconf 87' lang='lat' dir='ltr'><strong>laudatus</strong></span> <span class='ocrx_word' id='word_1_617' title='bbox 2620 2047 2783 2118; x_wconf 86' lang='lat' dir='ltr'><strong>supra</strong></span> <span class='ocrx_word' id='word_1_618' title='bbox 2813 2048 3081 2120; x_wconf 89' lang='lat' dir='ltr'><strong>Cuperus.</strong></span> <span class='ocrx_word' id='word_1_619' title='bbox 3122 2048 3255 2104; x_wconf 83' lang='lat' dir='ltr'><strong>Nam</strong></span> <span class='ocrx_word' id='word_1_620' title='bbox 3287 2064 3356 2104; x_wconf 92' lang='lat' dir='ltr'><strong>eo</strong></span> 
     </span>
    </p>
   </div>
   <div class='ocr_carea' id='block_1_87' title="bbox 1762 2120 3355 2192">
    <p class='ocr_par' dir='ltr' id='par_1_87' title="bbox 1762 2120 3355 2192">
     <span class='ocr_line' id='line_1_87' title="bbox 1762 2120 3355 2192; baseline 0.001 -21"><span class='ocrx_word' id='word_1_621' title='bbox 1762 2125 2005 2188; x_wconf 89' lang='lat' dir='ltr'><strong>tempore</strong></span> <span class='ocrx_word' id='word_1_622' title='bbox 2029 2137 2136 2192; x_wconf 88' lang='lat' dir='ltr'><strong>quo</strong></span> <span class='ocrx_word' id='word_1_623' title='bbox 2170 2120 2438 2192; x_wconf 88' lang='lat' dir='ltr'><strong>principes</strong></span> <span class='ocrx_word' id='word_1_624' title='bbox 2462 2122 2565 2176; x_wconf 90' lang='lat' dir='ltr'><strong>acti</strong></span> <span class='ocrx_word' id='word_1_625' title='bbox 2595 2132 2720 2177; x_wconf 89' lang='lat' dir='ltr'><strong>sunt</strong></span> <span class='ocrx_word' id='word_1_626' title='bbox 2748 2122 2802 2177; x_wconf 89' lang='lat' dir='ltr'><strong>in</strong></span> <span class='ocrx_word' id='word_1_627' title='bbox 2829 2121 3065 2177; x_wconf 88' lang='lat' dir='ltr'><strong>furorem</strong></span> <span class='ocrx_word' id='word_1_628' title='bbox 3096 2129 3156 2176; x_wconf 91' lang='lat' dir='ltr'><strong>ut</strong></span> <span class='ocrx_word' id='word_1_629' title='bbox 3179 2136 3355 2192; x_wconf 51' lang='lat' dir='ltr'><strong>expug-</strong></span> 
     </span>
    </p>
   </div>
   <div class='ocr_carea' id='block_1_88' title="bbox 1758 2191 3357 2263">
    <p class='ocr_par' dir='ltr' id='par_1_88' title="bbox 1758 2191 3357 2263">
     <span class='ocr_line' id='line_1_88' title="bbox 1758 2191 3357 2263; baseline 0.002 -19"><span class='ocrx_word' id='word_1_630' title='bbox 1758 2200 1987 2263; x_wconf 81' lang='lat' dir='ltr'><strong>gnarent</strong></span> <span class='ocrx_word' id='word_1_631' title='bbox 2024 2191 2124 2263; x_wconf 86' lang='lat' dir='ltr'><strong>Dei</strong></span> <span class='ocrx_word' id='word_1_632' title='bbox 2166 2191 2456 2263; x_wconf 85' lang='lat' dir='ltr'><strong>templum,</strong></span> <span class='ocrx_word' id='word_1_633' title='bbox 2502 2193 2863 2250; x_wconf 84' lang='lat' dir='ltr'><strong>Diocletianus</strong></span> <span class='ocrx_word' id='word_1_634' title='bbox 2911 2208 3015 2247; x_wconf 89' lang='lat' dir='ltr'><strong>non</strong></span> <span class='ocrx_word' id='word_1_635' title='bbox 3060 2203 3177 2247; x_wconf 88' lang='lat' dir='ltr'><strong>erat</strong></span> <span class='ocrx_word' id='word_1_636' title='bbox 3212 2191 3357 2261; x_wconf 87' lang='lat' dir='ltr'><strong>apud</strong></span> 
     </span>
    </p>
   </div>
   <div class='ocr_carea' id='block_1_89' title="bbox 1759 2260 3353 2331">
    <p class='ocr_par' dir='ltr' id='par_1_89' title="bbox 1759 2260 3353 2331">
     <span class='ocr_line' id='line_1_89' title="bbox 1759 2260 3353 2331; baseline 0.004 -18"><span class='ocrx_word' id='word_1_637' title='bbox 1759 2260 2154 2328; x_wconf 78' lang='lat' dir='ltr'><strong>Nicomediam,</strong></span> <span class='ocrx_word' id='word_1_638' title='bbox 2185 2260 2295 2320; x_wconf 81' lang='lat' dir='ltr'><strong>sed</strong></span> <span class='ocrx_word' id='word_1_639' title='bbox 2332 2266 2386 2321; x_wconf 89' lang='lat' dir='ltr'><strong>in</strong></span> <span class='ocrx_word' id='word_1_640' title='bbox 2424 2263 2673 2331; x_wconf 86' lang='lat' dir='ltr'><strong>Oriente,</strong></span> <span class='ocrx_word' id='word_1_641' title='bbox 2707 2276 2762 2320; x_wconf 91' lang='lat' dir='ltr'><strong>ut</strong></span> <span class='ocrx_word' id='word_1_642' title='bbox 2805 2264 2966 2321; x_wconf 86' lang='lat' dir='ltr'><strong>ducet</strong></span> <span class='ocrx_word' id='word_1_643' title='bbox 2994 2260 3304 2321; x_wconf 81' lang='lat' dir='ltr'><strong>Lactantius</strong></span> <span class='ocrx_word' id='word_1_644' title='bbox 3335 2280 3353 2319; x_wconf 91' lang='lat'><strong>:</strong></span> 
     </span>
    </p>
   </div>
   <div class='ocr_carea' id='block_1_90' title="bbox 1756 2333 3356 2407">
    <p class='ocr_par' dir='ltr' id='par_1_90' title="bbox 1756 2333 3356 2407">
     <span class='ocr_line' id='line_1_90' title="bbox 1756 2333 3356 2407; baseline 0.003 -21"><span class='ocrx_word' id='word_1_645' title='bbox 1756 2333 1849 2407; x_wconf 84' lang='lat' dir='ltr'><strong>qui</strong></span> <span class='ocrx_word' id='word_1_646' title='bbox 1876 2333 2019 2407; x_wconf 89' lang='lat' dir='ltr'><strong>quod</strong></span> <span class='ocrx_word' id='word_1_647' title='bbox 2036 2335 2102 2407; x_wconf 88' lang='lat' dir='ltr'><strong>in</strong></span> <span class='ocrx_word' id='word_1_648' title='bbox 2136 2336 2273 2392; x_wconf 91' lang='lat' dir='ltr'><strong>libro</strong></span> <span class='ocrx_word' id='word_1_649' title='bbox 2301 2346 2493 2407; x_wconf 87' lang='lat' dir='ltr'><strong>quarto</strong></span> <span class='ocrx_word' id='word_1_650' title='bbox 2517 2336 2653 2393; x_wconf 82' lang='lat' dir='ltr'><strong>dixit</strong></span> <span class='ocrx_word' id='word_1_651' title='bbox 2680 2336 2750 2391; x_wconf 90' lang='lat' dir='ltr'><strong>de</strong></span> <span class='ocrx_word' id='word_1_652' title='bbox 2771 2347 3077 2403; x_wconf 76' lang='lat' dir='ltr'><strong>expugnato</strong></span> <span class='ocrx_word' id='word_1_653' title='bbox 3100 2336 3192 2390; x_wconf 90' lang='lat' dir='ltr'><strong>Dei</strong></span> <span class='ocrx_word' id='word_1_654' title='bbox 3223 2346 3356 2391; x_wconf 87' lang='lat' dir='ltr'><strong>tem-</strong></span> 
     </span>
    </p>
   </div>
   <div class='ocr_carea' id='block_1_91' title="bbox 1760 2405 3356 2479">
    <p class='ocr_par' dir='ltr' id='par_1_91' title="bbox 1760 2405 3356 2479">
     <span class='ocr_line' id='line_1_91' title="bbox 1760 2405 3356 2479; baseline 0.003 -20"><span class='ocrx_word' id='word_1_655' title='bbox 1760 2405 1848 2479; x_wconf 77' lang='lat' dir='ltr'><strong>plo</strong></span> <span class='ocrx_word' id='word_1_656' title='bbox 1904 2406 2136 2479; x_wconf 78' lang='lat' dir='ltr'><strong>explicat</strong></span> <span class='ocrx_word' id='word_1_657' title='bbox 2184 2407 2252 2462; x_wconf 90' lang='lat' dir='ltr'><strong>de</strong></span> <span class='ocrx_word' id='word_1_658' title='bbox 2300 2405 2620 2477; x_wconf 83' lang='lat' dir='ltr'><strong>perniciosis</strong></span> <span class='ocrx_word' id='word_1_659' title='bbox 2673 2419 2728 2465; x_wconf 87' lang='lat' dir='ltr'><strong>et</strong></span> <span class='ocrx_word' id='word_1_660' title='bbox 2774 2407 2988 2479; x_wconf 72' lang='lat' dir='ltr'><strong>iniustis</strong></span> <span class='ocrx_word' id='word_1_661' title='bbox 3037 2407 3356 2464; x_wconf 83' lang='lat' dir='ltr'><strong>Diocletiani</strong></span> 
     </span>
    </p>
   </div>
   <div class='ocr_carea' id='block_1_92' title="bbox 1752 2476 3349 2552">
    <p class='ocr_par' dir='ltr' id='par_1_92' title="bbox 1752 2476 3349 2552">
     <span class='ocr_line' id='line_1_92' title="bbox 1752 2476 3349 2552; baseline 0.005 -25"><span class='ocrx_word' id='word_1_662' title='bbox 1752 2476 2069 2552; x_wconf 80' lang='lat' dir='ltr'><strong>jussis._qui</strong></span> <span class='ocrx_word' id='word_1_663' title='bbox 2101 2493 2206 2533; x_wconf 89' lang='lat' dir='ltr'><strong>non</strong></span> <span class='ocrx_word' id='word_1_664' title='bbox 2233 2476 2329 2535; x_wconf 84' lang='lat' dir='ltr'><strong>eos</strong></span> <span class='ocrx_word' id='word_1_665' title='bbox 2356 2487 2560 2552; x_wconf 87' lang='lat' dir='ltr'><strong>tantum</strong></span> <span class='ocrx_word' id='word_1_666' title='bbox 2590 2481 2678 2552; x_wconf 87' lang='lat' dir='ltr'><strong>qui</strong></span> <span class='ocrx_word' id='word_1_667' title='bbox 2718 2476 2887 2552; x_wconf 80' lang='lat' dir='ltr'><strong>sacris</strong></span> <span class='ocrx_word' id='word_1_668' title='bbox 2929 2480 3349 2552; x_wconf 69' lang='lat' dir='ltr'><strong>ministrabant,</strong></span> 
     </span>
    </p>
   </div>
   <div class='ocr_carea' id='block_1_93' title="bbox 1755 2548 3350 2621">
    <p class='ocr_par' dir='ltr' id='par_1_93' title="bbox 1755 2548 3350 2621">
     <span class='ocr_line' id='line_1_93' title="bbox 1755 2548 3350 2621; baseline 0.003 -20"><span class='ocrx_word' id='word_1_669' title='bbox 1755 2548 1850 2602; x_wconf 86' lang='lat' dir='ltr'><strong>sed</strong></span> <span class='ocrx_word' id='word_1_670' title='bbox 1881 2549 2161 2621; x_wconf 87' lang='lat' dir='ltr'><strong>universos</strong></span> <span class='ocrx_word' id='word_1_671' title='bbox 2187 2552 2276 2621; x_wconf 92' lang='lat' dir='ltr'><strong>qui</strong></span> <span class='ocrx_word' id='word_1_672' title='bbox 2307 2560 2461 2605; x_wconf 87' lang='lat' dir='ltr'><strong>erant</strong></span> <span class='ocrx_word' id='word_1_673' title='bbox 2512 2551 2564 2606; x_wconf 94' lang='lat' dir='ltr'><strong>in</strong></span> <span class='ocrx_word' id='word_1_674' title='bbox 2596 2548 2791 2616; x_wconf 78' lang='lat' dir='ltr'><strong>palatio</strong></span> <span class='ocrx_word' id='word_1_675' title='bbox 2816 2549 3122 2605; x_wconf 76' lang='lat' dir='ltr'><strong>sacriﬁcare</strong></span> <span class='ocrx_word' id='word_1_676' title='bbox 3145 2551 3307 2617; x_wconf 80' lang='lat' dir='ltr'><strong>jussit</strong></span> <span class='ocrx_word' id='word_1_677' title='bbox 3330 2590 3350 2617; x_wconf 92' lang='lat'><strong>,</strong></span> 
     </span>
    </p>
   </div>
   <div class='ocr_carea' id='block_1_94' title="bbox 1754 2620 3350 2695">
    <p class='ocr_par' dir='ltr' id='par_1_94' title="bbox 1754 2620 3350 2695">
     <span class='ocr_line' id='line_1_94' title="bbox 1754 2620 3350 2695; baseline 0.003 -23"><span class='ocrx_word' id='word_1_678' title='bbox 1754 2627 1810 2695; x_wconf 77' lang='lat' dir='ltr'><strong>et</strong></span> <span class='ocrx_word' id='word_1_679' title='bbox 1839 2620 2041 2695; x_wconf 82' lang='lat' dir='ltr'><strong>milites</strong></span> <span class='ocrx_word' id='word_1_680' title='bbox 2065 2622 2233 2695; x_wconf 74' lang='lat' dir='ltr'><strong>etiam</strong></span> <span class='ocrx_word' id='word_1_681' title='bbox 2254 2624 2371 2693; x_wconf 91' lang='lat' dir='ltr'><strong>cogi</strong></span> <span class='ocrx_word' id='word_1_682' title='bbox 2394 2623 2660 2695; x_wconf 76' lang='lat' dir='ltr'><strong>praecepit</strong></span> <span class='ocrx_word' id='word_1_683' title='bbox 2695 2623 2760 2677; x_wconf 90' lang='lat' dir='ltr'><strong>ad</strong></span> <span class='ocrx_word' id='word_1_684' title='bbox 2804 2621 3030 2695; x_wconf 78' lang='lat' dir='ltr'><strong>nefanda</strong></span> <span class='ocrx_word' id='word_1_685' title='bbox 3052 2621 3350 2695; x_wconf 80' lang='lat' dir='ltr'><strong>sacriﬁcia.</strong></span> 
     </span>
    </p>
   </div>
   <div class='ocr_carea' id='block_1_95' title="bbox 1755 2689 3351 2764">
    <p class='ocr_par' dir='ltr' id='par_1_95' title="bbox 1755 2689 3351 2764">
     <span class='ocr_line' id='line_1_95' title="bbox 1755 2689 3351 2764; baseline 0.003 -19"><span class='ocrx_word' id='word_1_686' title='bbox 1755 2689 1937 2757; x_wconf 82' lang='lat' dir='ltr'><strong>Itaque</strong></span> <span class='ocrx_word' id='word_1_687' title='bbox 1966 2693 2136 2761; x_wconf 89' lang='lat' dir='ltr'><strong>prima</strong></span> <span class='ocrx_word' id='word_1_688' title='bbox 2182 2693 2268 2747; x_wconf 91' lang='lat' dir='ltr'><strong>illa</strong></span> <span class='ocrx_word' id='word_1_689' title='bbox 2314 2689 2541 2749; x_wconf 72' lang='lat' dir='ltr'><strong>militum</strong></span> <span class='ocrx_word' id='word_1_690' title='bbox 2572 2689 2872 2764; x_wconf 81' lang='lat' dir='ltr'><strong>persecutio</strong></span> <span class='ocrx_word' id='word_1_691' title='bbox 2921 2693 3119 2764; x_wconf 85' lang='lat' dir='ltr'><strong>incidit</strong></span> <span class='ocrx_word' id='word_1_692' title='bbox 3153 2694 3205 2747; x_wconf 92' lang='lat' dir='ltr'><strong>in</strong></span> <span class='ocrx_word' id='word_1_693' title='bbox 3252 2709 3351 2749; x_wconf 84' lang='lat' dir='ltr'><strong>an—</strong></span> 
     </span>
    </p>
   </div>
   <div class='ocr_carea' id='block_1_96' title="bbox 1754 2763 3354 2836">
    <p class='ocr_par' dir='ltr' id='par_1_96' title="bbox 1754 2763 3354 2836">
     <span class='ocr_line' id='line_1_96' title="bbox 1754 2763 3354 2836; baseline 0.004 -21"><span class='ocrx_word' id='word_1_694' title='bbox 1754 2777 1881 2817; x_wconf 87' lang='lat' dir='ltr'><strong>num</strong></span> <span class='ocrx_word' id='word_1_695' title='bbox 1907 2765 2034 2822; x_wconf 76' lang='lat'><strong>502.</strong></span> <span class='ocrx_word' id='word_1_696' title='bbox 2064 2764 2249 2833; x_wconf 82' lang='lat' dir='ltr'><strong>Neque</strong></span> <span class='ocrx_word' id='word_1_697' title='bbox 2268 2775 2417 2822; x_wconf 88' lang='lat' dir='ltr'><strong>certe</strong></span> <span class='ocrx_word' id='word_1_698' title='bbox 2437 2763 2642 2831; x_wconf 83' lang='lat' dir='ltr'><strong>furore,</strong></span> <span class='ocrx_word' id='word_1_699' title='bbox 2671 2767 2765 2823; x_wconf 86' lang='lat' dir='ltr'><strong>sed</strong></span> <span class='ocrx_word' id='word_1_700' title='bbox 2796 2767 2992 2836; x_wconf 83' lang='lat' dir='ltr'><strong>pietate</strong></span> <span class='ocrx_word' id='word_1_701' title='bbox 3014 2763 3194 2836; x_wconf 89' lang='lat' dir='ltr'><strong>potius</strong></span> <span class='ocrx_word' id='word_1_702' title='bbox 3214 2779 3354 2836; x_wconf 84' lang='lat' dir='ltr'><strong>opus</strong></span> 
     </span>
    </p>
   </div>
   <div class='ocr_carea' id='block_1_97' title="bbox 1752 2835 3353 2908">
    <p class='ocr_par' dir='ltr' id='par_1_97' title="bbox 1752 2835 3353 2908">
     <span class='ocr_line' id='line_1_97' title="bbox 1752 2835 3353 2908; baseline 0.004 -22"><span class='ocrx_word' id='word_1_703' title='bbox 1752 2843 1836 2886; x_wconf 79' lang='lat' dir='ltr'><strong>est</strong></span> <span class='ocrx_word' id='word_1_704' title='bbox 1882 2835 1948 2890; x_wconf 85' lang='lat' dir='ltr'><strong>ad</strong></span> <span class='ocrx_word' id='word_1_705' title='bbox 1994 2837 2399 2908; x_wconf 80' lang='lat' dir='ltr'><strong>expurgandum</strong></span> <span class='ocrx_word' id='word_1_706' title='bbox 2454 2840 2708 2907; x_wconf 84' lang='lat' dir='ltr'><strong>templum</strong></span> <span class='ocrx_word' id='word_1_707' title='bbox 2762 2856 2776 2892; x_wconf 91' lang='lat'>:</span> <span class='ocrx_word' id='word_1_708' title='bbox 2824 2836 2890 2893; x_wconf 90' lang='lat' dir='ltr'><strong>ad</strong></span> <span class='ocrx_word' id='word_1_709' title='bbox 2932 2835 3353 2908; x_wconf 75' lang='lat' dir='ltr'><strong>expugnandum</strong></span> 
     </span>
    </p>
   </div>
   <div class='ocr_carea' id='block_1_98' title="bbox 1752 2906 3350 2979">
    <p class='ocr_par' dir='ltr' id='par_1_98' title="bbox 1752 2906 3350 2979">
     <span class='ocr_line' id='line_1_98' title="bbox 1752 2906 3350 2979; baseline 0.003 -20"><span class='ocrx_word' id='word_1_710' title='bbox 1752 2920 1883 2979; x_wconf 87' lang='lat' dir='ltr'><strong>vero</strong></span> <span class='ocrx_word' id='word_1_711' title='bbox 1910 2906 2307 2979; x_wconf 33' lang='lat' dir='ltr'><strong>templ’unt’sive</strong></span> <span class='ocrx_word' id='word_1_712' title='bbox 2324 2924 2519 2979; x_wconf 88' lang='lat' dir='ltr'><strong>corpus</strong></span> <span class='ocrx_word' id='word_1_713' title='bbox 2543 2906 2995 2974; x_wconf 85' lang='lat' dir='ltr'><strong>Christianorum,</strong></span> <span class='ocrx_word' id='word_1_714' title='bbox 3013 2907 3157 2978; x_wconf 85' lang='lat' dir='ltr'><strong>quod</strong></span> <span class='ocrx_word' id='word_1_715' title='bbox 3185 2906 3350 2976; x_wconf 89' lang='lat' dir='ltr'><strong>Deus,</strong></span> 
     </span>
    </p>
   </div>
   <div class='ocr_carea' id='block_1_99' title="bbox 1751 2977 3351 3049">
    <p class='ocr_par' dir='ltr' id='par_1_99' title="bbox 1751 2977 3351 3049">
     <span class='ocr_line' id='line_1_99' title="bbox 1751 2977 3351 3049; baseline 0.002 -18"><span class='ocrx_word' id='word_1_716' title='bbox 1751 2977 1910 3046; x_wconf 90' lang='lat' dir='ltr'><strong>quiin</strong></span> <span class='ocrx_word' id='word_1_717' title='bbox 1940 2977 2143 3049; x_wconf 88' lang='lat' dir='ltr'><strong>templo</strong></span> <span class='ocrx_word' id='word_1_718' title='bbox 2166 2977 2595 3038; x_wconf 82' lang='lat' dir='ltr'><strong>ChriStianorum</strong></span> <span class='ocrx_word' id='word_1_719' title='bbox 2617 2981 2915 3049; x_wconf 82' lang='lat' dir='ltr'><strong>colebatur,</strong></span> <span class='ocrx_word' id='word_1_720' title='bbox 2948 2977 3103 3034; x_wconf 87' lang='lat' dir='ltr'><strong>sacra</strong></span> <span class='ocrx_word' id='word_1_721' title='bbox 3137 2979 3351 3035; x_wconf 88' lang='lat' dir='ltr'><strong>turbas-</strong></span> 
     </span>
    </p>
   </div>
   <div class='ocr_carea' id='block_1_100' title="bbox 1750 3049 3348 3123">
    <p class='ocr_par' dir='ltr' id='par_1_100' title="bbox 1750 3049 3348 3123">
     <span class='ocr_line' id='line_1_100' title="bbox 1750 3049 3348 3123; baseline 0.002 -21"><span class='ocrx_word' id='word_1_722' title='bbox 1750 3056 1834 3103; x_wconf 88' lang='lat' dir='ltr'><strong>set</strong></span> <span class='ocrx_word' id='word_1_723' title='bbox 1874 3051 2068 3123; x_wconf 88' lang='lat' dir='ltr'><strong>quibus</strong></span> <span class='ocrx_word' id='word_1_724' title='bbox 2097 3049 2453 3123; x_wconf 88' lang='lat' dir='ltr'><strong>lmpcralores</strong></span> <span class='ocrx_word' id='word_1_725' title='bbox 2499 3068 2719 3122; x_wconf 88' lang='lat' dir='ltr'><strong>operam</strong></span> <span class='ocrx_word' id='word_1_726' title='bbox 2768 3051 3000 3115; x_wconf 85' lang='lat' dir='ltr'><strong>dabant,</strong></span> <span class='ocrx_word' id='word_1_727' title='bbox 3033 3051 3185 3105; x_wconf 88' lang='lat' dir='ltr'><strong>furor</strong></span> <span class='ocrx_word' id='word_1_728' title='bbox 3226 3051 3348 3105; x_wconf 89' lang='lat' dir='ltr'><strong>ani-</strong></span> 
     </span>
    </p>
   </div>
   <div class='ocr_carea' id='block_1_101' title="bbox 1750 3121 3349 3194">
    <p class='ocr_par' dir='ltr' id='par_1_101' title="bbox 1750 3121 3349 3194">
     <span class='ocr_line' id='line_1_101' title="bbox 1750 3121 3349 3194; baseline 0.002 -20"><span class='ocrx_word' id='word_1_729' title='bbox 1750 3135 1898 3177; x_wconf 91' lang='lat' dir='ltr'><strong>mum</strong></span> <span class='ocrx_word' id='word_1_730' title='bbox 1927 3121 2154 3194; x_wconf 82' lang='lat' dir='ltr'><strong>addidit.</strong></span> <span class='ocrx_word' id='word_1_731' title='bbox 2178 3121 2389 3179; x_wconf 60' lang='lat' dir='ltr'><strong>&#39;Melius</strong></span> <span class='ocrx_word' id='word_1_732' title='bbox 2419 3123 2771 3186; x_wconf 83' lang='lat' dir='ltr'><strong>Thotnasius,</strong></span> <span class='ocrx_word' id='word_1_733' title='bbox 2804 3123 2891 3194; x_wconf 87' lang='lat' dir='ltr'><strong>qui</strong></span> <span class='ocrx_word' id='word_1_734' title='bbox 2940 3136 3128 3177; x_wconf 87' lang='lat' dir='ltr'><strong>vocem</strong></span> <span class='ocrx_word' id='word_1_735' title='bbox 3161 3138 3349 3194; x_wconf 77' lang='lat' dir='ltr'><strong>expu-</strong></span> 
     </span>
    </p>
   </div>
   <div class='ocr_carea' id='block_1_102' title="bbox 1748 3191 3349 3265">
    <p class='ocr_par' dir='ltr' id='par_1_102' title="bbox 1748 3191 3349 3265">
     <span class='ocr_line' id='line_1_102' title="bbox 1748 3191 3349 3265; baseline 0.002 -19"><span class='ocrx_word' id='word_1_736' title='bbox 1748 3203 1962 3262; x_wconf 85' lang='lat' dir='ltr'><strong>gnarent</strong></span> <span class='ocrx_word' id='word_1_737' title='bbox 1986 3192 2108 3248; x_wconf 89' lang='lat' dir='ltr'><strong>beic</strong></span> <span class='ocrx_word' id='word_1_738' title='bbox 2135 3195 2385 3260; x_wconf 88' lang='lat' dir='ltr'><strong>retinuit,</strong></span> <span class='ocrx_word' id='word_1_739' title='bbox 2415 3196 2571 3249; x_wconf 87' lang='lat' dir='ltr'><strong>aliam</strong></span> <span class='ocrx_word' id='word_1_740' title='bbox 2600 3195 2786 3264; x_wconf 76' lang='lat' dir='ltr'><strong>reiecit</strong></span> <span class='ocrx_word' id='word_1_741' title='bbox 2808 3191 2833 3247; x_wconf 72' lang='grc' dir='ltr'><em>ί</em></span> <span class='ocrx_word' id='word_1_742' title='bbox 2854 3193 3106 3265; x_wconf 88' lang='lat' dir='ltr'><strong>quoniam</strong></span> <span class='ocrx_word' id='word_1_743' title='bbox 3127 3191 3172 3249; x_wconf 90' lang='lat' dir='ltr'><strong>si</strong></span> <span class='ocrx_word' id='word_1_744' title='bbox 3203 3194 3349 3263; x_wconf 84' lang='lat' dir='ltr'><strong>lege-</strong></span> 
     </span>
    </p>
   </div>
   <div class='ocr_carea' id='block_1_103' title="bbox 904 3260 3345 3337">
    <p class='ocr_par' dir='ltr' id='par_1_103' title="bbox 904 3260 3345 3337">
     <span class='ocr_line' id='line_1_103' title="bbox 904 3260 3345 3337; baseline -0.004 -10"><span class='ocrx_word' id='word_1_745' title='bbox 904 3312 1062 3337; x_wconf 38' lang='grc' dir='ltr'><strong>μευ,</strong></span> <span class='ocrx_word' id='word_1_746' title='bbox 1114 3328 1253 3337; x_wconf 48' lang='lat' dir='ltr'><strong>un</strong></span> <span class='ocrx_word' id='word_1_747' title='bbox 1293 3313 1495 3337; x_wconf 34' lang='lat' dir='ltr'><strong>m4“,</strong></span> <span class='ocrx_word' id='word_1_748' title='bbox 1539 3314 1646 3337; x_wconf 63' lang='lat' dir='ltr'><strong>mm</strong></span> <span class='ocrx_word' id='word_1_749' title='bbox 1674 3260 1720 3326; x_wconf 91' lang='lat' dir='ltr'><strong><em>C</em></strong></span> <span class='ocrx_word' id='word_1_750' title='bbox 1750 3260 1935 3319; x_wconf 58' lang='lat' dir='ltr'><strong>remus</strong></span> <span class='ocrx_word' id='word_1_751' title='bbox 1978 3277 2351 3337; x_wconf 73' lang='lat' dir='ltr'><strong>expurgarent,</strong></span> <span class='ocrx_word' id='word_1_752' title='bbox 2379 3282 2475 3337; x_wconf 90' lang='lat' dir='ltr'><strong>per</strong></span> <span class='ocrx_word' id='word_1_753' title='bbox 2517 3265 2609 3323; x_wconf 86' lang='lat' dir='ltr'><strong>Dei</strong></span> <span class='ocrx_word' id='word_1_754' title='bbox 2646 3260 2902 3335; x_wconf 79' lang='lat' dir='ltr'><strong>templum</strong></span> <span class='ocrx_word' id='word_1_755' title='bbox 2947 3273 3095 3320; x_wconf 84' lang='lat' dir='ltr'><strong>esset</strong></span> <span class='ocrx_word' id='word_1_756' title='bbox 3139 3260 3345 3337; x_wconf 74' lang='lat' dir='ltr'><strong>intelli-</strong></span> 
     </span>
    </p>
   </div>
   <div class='ocr_carea' id='block_1_104' title="bbox 632 3311 3346 3409">
    <p class='ocr_par' dir='ltr' id='par_1_104' title="bbox 632 3311 3346 3409">
     <span class='ocr_line' id='line_1_104' title="bbox 632 3311 3346 3409; baseline -0.003 -20"><span class='ocrx_word' id='word_1_757' title='bbox 632 3311 1083 3409; x_wconf 47' lang='lat' dir='ltr'><strong>[ﬁﬁnﬁog&#39;jgjfﬁg</strong></span> <span class='ocrx_word' id='word_1_758' title='bbox 1112 3313 1646 3409; x_wconf 39' lang='lat'><strong>2939921398</strong></span> <span class='ocrx_word' id='word_1_759' title='bbox 1677 3311 1720 3326; x_wconf 58' lang='grc' dir='ltr'>ν</span> <span class='ocrx_word' id='word_1_760' title='bbox 1749 3311 3346 3409; x_wconf 40' lang='lat' dir='ltr'><strong>g;;;a&#39;.:m&#39;x&#39;;;ii&#39;a:;s;&quot;;a&#39;;iusus“inpaeditissima.</strong></span> 
     </span>
    </p>
   </div>
   <div class='ocr_carea' id='block_1_105' title="bbox 1748 3406 3342 3478">
    <p class='ocr_par' dir='ltr' id='par_1_105' title="bbox 1748 3406 3342 3478">
     <span class='ocr_line' id='line_1_105' title="bbox 1748 3406 3342 3478; baseline 0.003 -17"><span class='ocrx_word' id='word_1_761' title='bbox 1748 3406 1947 3462; x_wconf 84' lang='lat' dir='ltr'><strong>tantius</strong></span> <span class='ocrx_word' id='word_1_762' title='bbox 1989 3424 2096 3463; x_wconf 90' lang='lat' dir='ltr'><strong>non</strong></span> <span class='ocrx_word' id='word_1_763' title='bbox 2146 3409 2406 3478; x_wconf 88' lang='lat' dir='ltr'><strong>templum</strong></span> <span class='ocrx_word' id='word_1_764' title='bbox 2450 3409 2575 3475; x_wconf 90' lang='lat' dir='ltr'><strong>Dei,</strong></span> <span class='ocrx_word' id='word_1_765' title='bbox 2608 3409 2701 3466; x_wconf 87' lang='lat' dir='ltr'><strong>sed</strong></span> <span class='ocrx_word' id='word_1_766' title='bbox 2737 3406 3009 3464; x_wconf 72' lang='lat' dir='ltr'><strong>dtemonis</strong></span> <span class='ocrx_word' id='word_1_767' title='bbox 3053 3406 3342 3474; x_wconf 81' lang='lat' dir='ltr'><strong>profanum</strong></span> 
     </span>
    </p>
   </div>
   <div class='ocr_carea' id='block_1_106' title="bbox 1743 3477 3341 3549">
    <p class='ocr_par' dir='ltr' id='par_1_106' title="bbox 1743 3477 3341 3549">
     <span class='ocr_line' id='line_1_106' title="bbox 1743 3477 3341 3549; baseline 0.002 -16"><span class='ocrx_word' id='word_1_768' title='bbox 1743 3477 2076 3537; x_wconf 85' lang='lat' dir='ltr'><strong>domicilium</strong></span> <span class='ocrx_word' id='word_1_769' title='bbox 2122 3477 2472 3537; x_wconf 88' lang='lat' dir='ltr'><strong>nominasset.</strong></span> <span class='ocrx_word' id='word_1_770' title='bbox 2506 3480 2612 3538; x_wconf 88' lang='lat' dir='ltr'><strong>Sed</strong></span> <span class='ocrx_word' id='word_1_771' title='bbox 2645 3482 2786 3536; x_wconf 89' lang='lat' dir='ltr'><strong>idem</strong></span> <span class='ocrx_word' id='word_1_772' title='bbox 2820 3489 2998 3536; x_wconf 89' lang='lat' dir='ltr'><strong>tamen</strong></span> <span class='ocrx_word' id='word_1_773' title='bbox 3031 3479 3193 3549; x_wconf 87' lang='lat' dir='ltr'><strong>hujus</strong></span> <span class='ocrx_word' id='word_1_774' title='bbox 3235 3480 3341 3536; x_wconf 88' lang='lat' dir='ltr'><strong>loci</strong></span> 
     </span>
    </p>
   </div>
   <div class='ocr_carea' id='block_1_107' title="bbox 1741 3551 3341 3620">
    <p class='ocr_par' dir='ltr' id='par_1_107' title="bbox 1741 3551 3341 3620">
     <span class='ocr_line' id='line_1_107' title="bbox 1741 3551 3341 3620; baseline 0.002 -15"><span class='ocrx_word' id='word_1_775' title='bbox 1741 3564 1962 3606; x_wconf 89' lang='lat' dir='ltr'><strong>sensum</strong></span> <span class='ocrx_word' id='word_1_776' title='bbox 2009 3562 2290 3609; x_wconf 85' lang='lat' dir='ltr'><strong>assecutus</strong></span> <span class='ocrx_word' id='word_1_777' title='bbox 2325 3568 2433 3608; x_wconf 91' lang='lat' dir='ltr'><strong>non</strong></span> <span class='ocrx_word' id='word_1_778' title='bbox 2460 3563 2566 3608; x_wconf 82' lang='lat' dir='ltr'><strong>est.</strong></span> <span class='ocrx_word' id='word_1_779' title='bbox 2596 3551 2885 3610; x_wconf 80' lang='lat' dir='ltr'><strong>Existimat</strong></span> <span class='ocrx_word' id='word_1_780' title='bbox 2909 3553 3052 3608; x_wconf 90' lang='lat' dir='ltr'><strong>enim</strong></span> <span class='ocrx_word' id='word_1_781' title='bbox 3081 3552 3199 3607; x_wconf 87' lang='lat' dir='ltr'><strong>beic</strong></span> <span class='ocrx_word' id='word_1_782' title='bbox 3242 3567 3341 3620; x_wconf 90' lang='lat' dir='ltr'><strong>per</strong></span> 
     </span>
    </p>
   </div>
   <div class='ocr_carea' id='block_1_108' title="bbox 1743 3622 3336 3694">
    <p class='ocr_par' dir='ltr' id='par_1_108' title="bbox 1743 3622 3336 3694">
     <span class='ocr_line' id='line_1_108' title="bbox 1743 3622 3336 3694; baseline 0.003 -20"><span class='ocrx_word' id='word_1_783' title='bbox 1743 3623 2002 3694; x_wconf 82' lang='lat' dir='ltr'><strong>templum</strong></span> <span class='ocrx_word' id='word_1_784' title='bbox 2033 3622 2258 3694; x_wconf 87' lang='lat' dir='ltr'><strong>intelligi</strong></span> <span class='ocrx_word' id='word_1_785' title='bbox 2288 3625 2432 3681; x_wconf 86' lang='lat' dir='ltr'><strong>viros</strong></span> <span class='ocrx_word' id='word_1_786' title='bbox 2481 3624 2601 3680; x_wconf 91' lang='lat' dir='ltr'><strong>illos</strong></span> <span class='ocrx_word' id='word_1_787' title='bbox 2625 3624 2994 3690; x_wconf 82' lang='lat' dir='ltr'><strong>Christianos,</strong></span> <span class='ocrx_word' id='word_1_788' title='bbox 3023 3623 3114 3694; x_wconf 89' lang='lat' dir='ltr'><strong>qui</strong></span> <span class='ocrx_word' id='word_1_789' title='bbox 3162 3623 3336 3679; x_wconf 87' lang='lat' dir='ltr'><strong>sacri-</strong></span> 
     </span>
    </p>
   </div>
   <div class='ocr_carea' id='block_1_109' title="bbox 1738 3693 3336 3770">
    <p class='ocr_par' dir='ltr' id='par_1_109' title="bbox 1738 3693 3336 3770">
     <span class='ocr_line' id='line_1_109' title="bbox 1738 3693 3336 3770; baseline 0.001 -21"><span class='ocrx_word' id='word_1_790' title='bbox 1738 3693 1877 3770; x_wconf 70' lang='lat' dir='ltr'><strong>llciis</strong></span> <span class='ocrx_word' id='word_1_791' title='bbox 1904 3693 2232 3761; x_wconf 77' lang='lat' dir='ltr'><strong>intererant,</strong></span> <span class='ocrx_word' id='word_1_792' title='bbox 2260 3696 2351 3765; x_wconf 89' lang='lat' dir='ltr'><strong>qui</strong></span> <span class='ocrx_word' id='word_1_793' title='bbox 2382 3696 2848 3770; x_wconf 69' lang='lat' dir='ltr'><strong>martyrioalfecti</strong></span> <span class='ocrx_word' id='word_1_794' title='bbox 2892 3696 3001 3752; x_wconf 89' lang='lat' dir='ltr'><strong>sint</strong></span> <span class='ocrx_word' id='word_1_795' title='bbox 3043 3695 3115 3750; x_wconf 93' lang='lat' dir='ltr'><strong>ob</strong></span> <span class='ocrx_word' id='word_1_796' title='bbox 3138 3709 3336 3770; x_wconf 86' lang='lat' dir='ltr'><strong>quere-</strong></span> 
     </span>
    </p>
   </div>
   <div class='ocr_carea' id='block_1_110' title="bbox 1737 3764 3337 3837">
    <p class='ocr_par' dir='ltr' id='par_1_110' title="bbox 1737 3764 3337 3837">
     <span class='ocr_line' id='line_1_110' title="bbox 1737 3764 3337 3837; baseline 0.003 -18"><span class='ocrx_word' id='word_1_797' title='bbox 1737 3764 1818 3837; x_wconf 82' lang='lat' dir='ltr'><strong>las</strong></span> <span class='ocrx_word' id='word_1_798' title='bbox 1845 3766 2150 3823; x_wconf 58' lang='lat' dir='ltr'><strong>daemonum</strong></span> <span class='ocrx_word' id='word_1_799' title='bbox 2180 3776 2235 3821; x_wconf 89' lang='lat' dir='ltr'><strong>et</strong></span> <span class='ocrx_word' id='word_1_800' title='bbox 2262 3764 2452 3824; x_wconf 89' lang='lat' dir='ltr'><strong>eorum</strong></span> <span class='ocrx_word' id='word_1_801' title='bbox 2480 3764 2818 3824; x_wconf 77' lang='lat' dir='ltr'><strong>sacerdotum</strong></span> <span class='ocrx_word' id='word_1_802' title='bbox 2836 3809 2853 3837; x_wconf 95' lang='lat'><strong>,</strong></span> <span class='ocrx_word' id='word_1_803' title='bbox 2882 3783 3004 3823; x_wconf 91' lang='lat' dir='ltr'><strong>cum</strong></span> <span class='ocrx_word' id='word_1_804' title='bbox 3033 3764 3241 3837; x_wconf 85' lang='lat' dir='ltr'><strong>certum</strong></span> <span class='ocrx_word' id='word_1_805' title='bbox 3262 3769 3337 3824; x_wconf 89' lang='lat' dir='ltr'><strong>sit</strong></span> 
     </span>
    </p>
   </div>
   <div class='ocr_carea' id='block_1_111' title="bbox 1734 3835 3334 3910">
    <p class='ocr_par' dir='ltr' id='par_1_111' title="bbox 1734 3835 3334 3910">
     <span class='ocr_line' id='line_1_111' title="bbox 1734 3835 3334 3910; baseline 0.003 -19"><span class='ocrx_word' id='word_1_806' title='bbox 1734 3835 1858 3894; x_wconf 88' lang='lat' dir='ltr'><strong>beic</strong></span> <span class='ocrx_word' id='word_1_807' title='bbox 1888 3840 1971 3910; x_wconf 87' lang='lat' dir='ltr'><strong>agi</strong></span> <span class='ocrx_word' id='word_1_808' title='bbox 2004 3839 2071 3895; x_wconf 91' lang='lat' dir='ltr'><strong>de</strong></span> <span class='ocrx_word' id='word_1_809' title='bbox 2119 3837 2359 3896; x_wconf 85' lang='lat' dir='ltr'><strong>Ecclesia</strong></span> <span class='ocrx_word' id='word_1_810' title='bbox 2391 3838 2443 3896; x_wconf 92' lang='lat' dir='ltr'><strong>in</strong></span> <span class='ocrx_word' id='word_1_811' title='bbox 2492 3835 2844 3896; x_wconf 68' lang='lat' dir='ltr'><strong>universum.</strong></span> <span class='ocrx_word' id='word_1_812' title='bbox 2882 3836 3106 3910; x_wconf 80' lang='lat' dir='ltr'><strong>Errandi</strong></span> <span class='ocrx_word' id='word_1_813' title='bbox 3153 3838 3334 3910; x_wconf 80' lang='lat' dir='ltr'><strong>itaque</strong></span> 
     </span>
    </p>
   </div>
   <div class='ocr_carea' id='block_1_112' title="bbox 1734 3908 3330 3982">
    <p class='ocr_par' dir='ltr' id='par_1_112' title="bbox 1734 3908 3330 3982">
     <span class='ocr_line' id='line_1_112' title="bbox 1734 3908 3330 3982; baseline -0.001 -18"><span class='ocrx_word' id='word_1_814' title='bbox 1734 3908 1948 3982; x_wconf 78' lang='lat' dir='ltr'><strong>occasio</strong></span> <span class='ocrx_word' id='word_1_815' title='bbox 1975 3911 2070 3966; x_wconf 80' lang='lat' dir='ltr'><strong>fuit</strong></span> <span class='ocrx_word' id='word_1_816' title='bbox 2092 3925 2199 3965; x_wconf 81' lang='lat' dir='ltr'><strong>vox</strong></span> <span class='ocrx_word' id='word_1_817' title='bbox 2222 3921 2596 3982; x_wconf 78' lang='lat' dir='ltr'><strong>expurgarent,</strong></span> <span class='ocrx_word' id='word_1_818' title='bbox 2643 3927 2804 3982; x_wconf 85' lang='lat' dir='ltr'><strong>quam</strong></span> <span class='ocrx_word' id='word_1_819' title='bbox 2839 3909 3086 3982; x_wconf 62' lang='lat' dir='ltr'><strong>quietiam</strong></span> <span class='ocrx_word' id='word_1_820' title='bbox 3127 3908 3330 3965; x_wconf 89' lang='lat' dir='ltr'><strong>editio-</strong></span> 
     </span>
    </p>
   </div>
   <div class='ocr_carea' id='block_1_113' title="bbox 1734 3980 3330 4054">
    <p class='ocr_par' dir='ltr' id='par_1_113' title="bbox 1734 3980 3330 4054">
     <span class='ocr_line' id='line_1_113' title="bbox 1734 3980 3330 4054; baseline 0.003 -19"><span class='ocrx_word' id='word_1_821' title='bbox 1734 3980 1908 4037; x_wconf 89' lang='lat' dir='ltr'><strong>tiones</strong></span> <span class='ocrx_word' id='word_1_822' title='bbox 1943 3982 2008 4038; x_wconf 83' lang='lat' dir='ltr'><strong>bs</strong></span> <span class='ocrx_word' id='word_1_823' title='bbox 2017 3983 2153 4054; x_wconf 85' lang='lat' dir='ltr'><strong>bent</strong></span> <span class='ocrx_word' id='word_1_824' title='bbox 2175 3996 2272 4051; x_wconf 91' lang='lat' dir='ltr'><strong>pro</strong></span> <span class='ocrx_word' id='word_1_825' title='bbox 2292 3980 2679 4054; x_wconf 45' lang='lat' dir='ltr'><strong>expugnarent.</strong></span> <span class='ocrx_word' id='word_1_826' title='bbox 2700 3982 2867 4054; x_wconf 84' lang='lat' dir='ltr'><strong>Porro</strong></span> <span class='ocrx_word' id='word_1_827' title='bbox 2894 3980 3189 4054; x_wconf 72' lang='lat' dir='ltr'><strong>legendum</strong></span> <span class='ocrx_word' id='word_1_828' title='bbox 3204 3995 3330 4039; x_wconf 88' lang='lat' dir='ltr'><strong>esse</strong></span> 
     </span>
    </p>
   </div>
   <div class='ocr_carea' id='block_1_114' title="bbox 1729 4049 3328 4124">
    <p class='ocr_par' dir='ltr' id='par_1_114' title="bbox 1729 4049 3328 4124">
     <span class='ocr_line' id='line_1_114' title="bbox 1729 4049 3328 4124; baseline 0.001 -17"><span class='ocrx_word' id='word_1_829' title='bbox 1729 4064 2078 4124; x_wconf 77' lang='lat' dir='ltr'><strong>expugnarent</strong></span> <span class='ocrx_word' id='word_1_830' title='bbox 2124 4049 2321 4109; x_wconf 79' lang='lat' dir='ltr'><strong>docent</strong></span> <span class='ocrx_word' id='word_1_831' title='bbox 2357 4049 2454 4110; x_wconf 64' lang='lat' dir='ltr'><strong>sex&#39;</strong></span> <span class='ocrx_word' id='word_1_832' title='bbox 2490 4053 2687 4111; x_wconf 83' lang='lat' dir='ltr'><strong>vetusti</strong></span> <span class='ocrx_word' id='word_1_833' title='bbox 2731 4049 3328 4124; x_wconf 58' lang='lat' dir='ltr'><strong>codicos&#39;Bibliotltecas</strong></span> 
     </span>
    </p>
   </div>
   <div class='ocr_carea' id='block_1_115' title="bbox 1729 4122 3327 4195">
    <p class='ocr_par' dir='ltr' id='par_1_115' title="bbox 1729 4122 3327 4195">
     <span class='ocr_line' id='line_1_115' title="bbox 1729 4122 3327 4195; baseline 0.002 -18"><span class='ocrx_word' id='word_1_834' title='bbox 1729 4122 1921 4195; x_wconf 62' lang='lat' dir='ltr'><strong>regiae.</strong></span> <span class='ocrx_word' id='word_1_835' title='bbox 1949 4124 2169 4181; x_wconf 89' lang='lat' dir='ltr'><strong>totidem</strong></span> <span class='ocrx_word' id='word_1_836' title='bbox 2203 4124 2559 4187; x_wconf 68' lang='lat' dir='ltr'><strong>Colbertinaz.</strong></span> <span class='ocrx_word' id='word_1_837' title='bbox 2611 4127 2737 4179; x_wconf 88' lang='lat' dir='ltr'><strong>item</strong></span> <span class='ocrx_word' id='word_1_838' title='bbox 2765 4123 2855 4179; x_wconf 89' lang='lat' dir='ltr'><strong>alii</strong></span> <span class='ocrx_word' id='word_1_839' title='bbox 2883 4123 2989 4178; x_wconf 92' lang='lat' dir='ltr'><strong>duo</strong></span> <span class='ocrx_word' id='word_1_840' title='bbox 3014 4122 3209 4195; x_wconf 82' lang='lat' dir='ltr'><strong>vetusti</strong></span> <span class='ocrx_word' id='word_1_841' title='bbox 3234 4139 3327 4180; x_wconf 82' lang='lat' dir='ltr'><strong>co-</strong></span> 
     </span>
    </p>
   </div>
   <div class='ocr_carea' id='block_1_116' title="bbox 1726 4193 3322 4265">
    <p class='ocr_par' dir='ltr' id='par_1_116' title="bbox 1726 4193 3322 4265">
     <span class='ocr_line' id='line_1_116' title="bbox 1726 4193 3322 4265; baseline 0.001 -16"><span class='ocrx_word' id='word_1_842' title='bbox 1726 4193 1877 4251; x_wconf 79' lang='lat' dir='ltr'><strong>dices</strong></span> <span class='ocrx_word' id='word_1_843' title='bbox 1902 4197 2299 4263; x_wconf 85' lang='lat' dir='ltr'><strong>Bononienses,</strong></span> <span class='ocrx_word' id='word_1_844' title='bbox 2331 4212 2467 4265; x_wconf 89' lang='lat' dir='ltr'><strong>quos</strong></span> <span class='ocrx_word' id='word_1_845' title='bbox 2503 4205 2558 4252; x_wconf 90' lang='lat' dir='ltr'><strong>et</strong></span> <span class='ocrx_word' id='word_1_846' title='bbox 2581 4195 2905 4252; x_wconf 84' lang='lat' dir='ltr'><strong>Thomasius</strong></span> <span class='ocrx_word' id='word_1_847' title='bbox 2948 4203 3003 4249; x_wconf 89' lang='lat' dir='ltr'><strong>et</strong></span> <span class='ocrx_word' id='word_1_848' title='bbox 3046 4193 3212 4250; x_wconf 70' lang='lat'><strong>[83208</strong></span> <span class='ocrx_word' id='word_1_849' title='bbox 3242 4195 3322 4250; x_wconf 83' lang='lat' dir='ltr'><strong>vi-</strong></span> 
     </span>
    </p>
   </div>
   <div class='ocr_carea' id='block_1_117' title="bbox 1726 4265 3323 4330">
    <p class='ocr_par' dir='ltr' id='par_1_117' title="bbox 1726 4265 3323 4330">
     <span class='ocr_line' id='line_1_117' title="bbox 1726 4265 3323 4330; baseline 0.002 -10"><span class='ocrx_word' id='word_1_850' title='bbox 1726 4266 1952 4330; x_wconf 89' lang='lat' dir='ltr'><strong>derunt;</strong></span> <span class='ocrx_word' id='word_1_851' title='bbox 1982 4278 2039 4323; x_wconf 90' lang='lat' dir='ltr'><strong>ut</strong></span> <span class='ocrx_word' id='word_1_852' title='bbox 2067 4276 2318 4322; x_wconf 87' lang='lat' dir='ltr'><strong>testatum</strong></span> <span class='ocrx_word' id='word_1_853' title='bbox 2352 4268 2479 4323; x_wconf 78' lang='lat' dir='ltr'><strong>fecit</strong></span> <span class='ocrx_word' id='word_1_854' title='bbox 2502 4266 2731 4323; x_wconf 90' lang='lat' dir='ltr'><strong>Latinus</strong></span> <span class='ocrx_word' id='word_1_855' title='bbox 2756 4266 2999 4322; x_wconf 88' lang='lat' dir='ltr'><strong>Latinius</strong></span> <span class='ocrx_word' id='word_1_856' title='bbox 3032 4265 3084 4321; x_wconf 93' lang='lat' dir='ltr'><strong>in</strong></span> <span class='ocrx_word' id='word_1_857' title='bbox 3113 4280 3208 4320; x_wconf 89' lang='lat' dir='ltr'><strong>ora</strong></span> <span class='ocrx_word' id='word_1_858' title='bbox 3238 4268 3323 4323; x_wconf 89' lang='lat' dir='ltr'><strong>sui</strong></span> 
     </span>
    </p>
   </div>
   <div class='ocr_carea' id='block_1_118' title="bbox 1724 4336 3323 4409">
    <p class='ocr_par' dir='ltr' id='par_1_118' title="bbox 1724 4336 3323 4409">
     <span class='ocr_line' id='line_1_118' title="bbox 1724 4336 3323 4409; baseline -0.001 -18"><span class='ocrx_word' id='word_1_859' title='bbox 1724 4336 2018 4404; x_wconf 86' lang='lat' dir='ltr'><strong>Lactantii,</strong></span> <span class='ocrx_word' id='word_1_860' title='bbox 2047 4354 2207 4409; x_wconf 90' lang='lat' dir='ltr'><strong>quem</strong></span> <span class='ocrx_word' id='word_1_861' title='bbox 2236 4353 2446 4395; x_wconf 91' lang='lat' dir='ltr'><strong>mecum</strong></span> <span class='ocrx_word' id='word_1_862' title='bbox 2478 4355 2574 4401; x_wconf 88' lang='lat' dir='ltr'><strong>pro</strong></span> <span class='ocrx_word' id='word_1_863' title='bbox 2600 4336 2833 4393; x_wconf 89' lang='lat' dir='ltr'><strong>amicitia</strong></span> <span class='ocrx_word' id='word_1_864' title='bbox 2866 4347 3046 4393; x_wconf 88' lang='lat' dir='ltr'><strong>nostra</strong></span> <span class='ocrx_word' id='word_1_865' title='bbox 3077 4352 3323 4392; x_wconf 89' lang='lat' dir='ltr'><strong>commu-</strong></span> 
     </span>
    </p>
   </div>
   <div class='ocr_carea' id='block_1_119' title="bbox 1724 4408 3322 4467">
    <p class='ocr_par' dir='ltr' id='par_1_119' title="bbox 1724 4408 3322 4467">
     <span class='ocr_line' id='line_1_119' title="bbox 1724 4408 3322 4467; baseline 0.003 -4"><span class='ocrx_word' id='word_1_866' title='bbox 1724 4410 1925 4466; x_wconf 81' lang='lat' dir='ltr'><strong>nicavit</strong></span> <span class='ocrx_word' id='word_1_867' title='bbox 1937 4408 2271 4467; x_wconf 83' lang='lat' dir='ltr'><strong>clarissimus</strong></span> <span class='ocrx_word' id='word_1_868' title='bbox 2283 4421 2337 4465; x_wconf 87' lang='lat' dir='ltr'><strong>ct</strong></span> <span class='ocrx_word' id='word_1_869' title='bbox 2349 4408 2743 4464; x_wconf 82' lang='lat' dir='ltr'><strong>eruditissimus</strong></span> <span class='ocrx_word' id='word_1_870' title='bbox 2766 4418 3155 4465; x_wconf 88' lang='lat' dir='ltr'><strong>couterraneus</strong></span> <span class='ocrx_word' id='word_1_871' title='bbox 3168 4425 3322 4467; x_wconf 86' lang='lat' dir='ltr'><strong>meus</strong></span> 
     </span>
    </p>
   </div>
   <div class='ocr_carea' id='block_1_120' title="bbox 1723 4478 3322 4551">
    <p class='ocr_par' dir='ltr' id='par_1_120' title="bbox 1723 4478 3322 4551">
     <span class='ocr_line' id='line_1_120' title="bbox 1723 4478 3322 4551; baseline 0.001 -17"><span class='ocrx_word' id='word_1_872' title='bbox 1723 4478 1990 4538; x_wconf 82' lang='lat' dir='ltr'><strong>Antonius</strong></span> <span class='ocrx_word' id='word_1_873' title='bbox 2021 4482 2223 4547; x_wconf 84' lang='lat' dir='ltr'><strong>Faure,</strong></span> <span class='ocrx_word' id='word_1_874' title='bbox 2274 4481 2468 4537; x_wconf 90' lang='lat' dir='ltr'><strong>Doctor</strong></span> <span class='ocrx_word' id='word_1_875' title='bbox 2510 4480 2815 4551; x_wconf 82' lang='lat' dir='ltr'><strong>Tlteologus</strong></span> <span class='ocrx_word' id='word_1_876' title='bbox 2860 4480 3211 4546; x_wconf 87' lang='lat' dir='ltr'><strong>Parisiensis,</strong></span> <span class='ocrx_word' id='word_1_877' title='bbox 3263 4491 3322 4537; x_wconf 89' lang='lat' dir='ltr'><strong>et</strong></span> 
     </span>
    </p>
   </div>
   <div class='ocr_carea' id='block_1_121' title="bbox 1721 4551 3319 4624">
    <p class='ocr_par' dir='ltr' id='par_1_121' title="bbox 1721 4551 3319 4624">
     <span class='ocr_line' id='line_1_121' title="bbox 1721 4551 3319 4624; baseline 0.002 -17"><span class='ocrx_word' id='word_1_878' title='bbox 1721 4551 2049 4624; x_wconf 71' lang='lat' dir='ltr'><strong>Przepositns</strong></span> <span class='ocrx_word' id='word_1_879' title='bbox 2076 4553 2329 4610; x_wconf 67' lang='lat' dir='ltr'><strong>Ecclesiae</strong></span> <span class='ocrx_word' id='word_1_880' title='bbox 2360 4554 2662 4608; x_wconf 79' lang='lat' dir='ltr'><strong>ltemensis.</strong></span> <span class='ocrx_word' id='word_1_881' title='bbox 2690 4553 2808 4622; x_wconf 85' lang='lat' dir='ltr'><strong>Quo</strong></span> <span class='ocrx_word' id='word_1_882' title='bbox 2834 4554 2995 4608; x_wconf 90' lang='lat' dir='ltr'><strong>etiam</strong></span> <span class='ocrx_word' id='word_1_883' title='bbox 3029 4553 3192 4607; x_wconf 90' lang='lat' dir='ltr'><strong>modo</strong></span> <span class='ocrx_word' id='word_1_884' title='bbox 3216 4553 3319 4610; x_wconf 89' lang='lat' dir='ltr'><strong>Pe-</strong></span> 
     </span>
    </p>
   </div>
   <div class='ocr_carea' id='block_1_122' title="bbox 1727 4624 3320 4707">
    <p class='ocr_par' dir='ltr' id='par_1_122' title="bbox 1727 4624 3320 4707">
     <span class='ocr_line' id='line_1_122' title="bbox 1727 4624 3320 4707; baseline 0.001 -28"><span class='ocrx_word' id='word_1_885' title='bbox 1727 4626 2147 4707; x_wconf 71' lang='lat' dir='ltr'><strong>trus_Giao0ttius</strong></span> <span class='ocrx_word' id='word_1_886' title='bbox 2175 4625 2456 4707; x_wconf 67' lang='lat' dir='ltr'><strong>legendum</strong></span> <span class='ocrx_word' id='word_1_887' title='bbox 2481 4639 2601 4707; x_wconf 73' lang='lat' dir='ltr'><strong>esse</strong></span> <span class='ocrx_word' id='word_1_888' title='bbox 2627 4628 2832 4707; x_wconf 79' lang='lat' dir='ltr'><strong>monuit</strong></span> <span class='ocrx_word' id='word_1_889' title='bbox 2854 4627 2909 4707; x_wconf 74' lang='lat' dir='ltr'><strong>in</strong></span> <span class='ocrx_word' id='word_1_890' title='bbox 2932 4625 3175 4707; x_wconf 71' lang='lat' dir='ltr'><strong>margine</strong></span> <span class='ocrx_word' id='word_1_891' title='bbox 3189 4624 3320 4707; x_wconf 78' lang='lat' dir='ltr'><strong>Lac-</strong></span> 
     </span>
    </p>
   </div>
   <div class='ocr_carea' id='block_1_123' title="bbox 1722 4696 3317 4770">
    <p class='ocr_par' dir='ltr' id='par_1_123' title="bbox 1722 4696 3317 4770">
     <span class='ocr_line' id='line_1_123' title="bbox 1722 4696 3317 4770; baseline 0.001 -20"><span class='ocrx_word' id='word_1_892' title='bbox 1722 4697 1872 4753; x_wconf 82' lang='lat' dir='ltr'><strong>tantii</strong></span> <span class='ocrx_word' id='word_1_893' title='bbox 1901 4699 2014 4765; x_wconf 88' lang='lat' dir='ltr'><strong>sui,</strong></span> <span class='ocrx_word' id='word_1_894' title='bbox 2042 4713 2202 4770; x_wconf 88' lang='lat' dir='ltr'><strong>quem</strong></span> <span class='ocrx_word' id='word_1_895' title='bbox 2229 4696 2361 4753; x_wconf 91' lang='lat' dir='ltr'><strong>mibi</strong></span> <span class='ocrx_word' id='word_1_896' title='bbox 2391 4696 2649 4770; x_wconf 85' lang='lat' dir='ltr'><strong>utendum</strong></span> <span class='ocrx_word' id='word_1_897' title='bbox 2675 4697 2824 4753; x_wconf 89' lang='lat' dir='ltr'><strong>dedit</strong></span> <span class='ocrx_word' id='word_1_898' title='bbox 2854 4697 2994 4770; x_wconf 85' lang='lat' dir='ltr'><strong>idem</strong></span> <span class='ocrx_word' id='word_1_899' title='bbox 3025 4696 3317 4770; x_wconf 68' lang='lat' dir='ltr'><strong>virclaris-</strong></span> 
     </span>
    </p>
   </div>
   <div class='ocr_carea' id='block_1_124' title="bbox 1715 4766 3315 4841">
    <p class='ocr_par' dir='ltr' id='par_1_124' title="bbox 1715 4766 3315 4841">
     <span class='ocr_line' id='line_1_124' title="bbox 1715 4766 3315 4841; baseline 0.001 -19"><span class='ocrx_word' id='word_1_900' title='bbox 1715 4770 1907 4827; x_wconf 83' lang='lat' dir='ltr'><strong>simus.</strong></span> <span class='ocrx_word' id='word_1_901' title='bbox 1940 4766 2117 4841; x_wconf 80' lang='lat' dir='ltr'><strong>Atque</strong></span> <span class='ocrx_word' id='word_1_902' title='bbox 2159 4770 2230 4825; x_wconf 85' lang='lat' dir='ltr'><strong>ita</strong></span> <span class='ocrx_word' id='word_1_903' title='bbox 2266 4784 2397 4841; x_wconf 87' lang='lat' dir='ltr'><strong>sane</strong></span> <span class='ocrx_word' id='word_1_904' title='bbox 2434 4767 2635 4841; x_wconf 74' lang='lat' dir='ltr'><strong>habent</strong></span> <span class='ocrx_word' id='word_1_905' title='bbox 2671 4777 2825 4824; x_wconf 81' lang='lat' dir='ltr'><strong>vetus</strong></span> <span class='ocrx_word' id='word_1_906' title='bbox 2861 4768 3165 4841; x_wconf 37' lang='lat' dir='ltr'><strong>illaueditio</strong></span> <span class='ocrx_word' id='word_1_907' title='bbox 3206 4766 3315 4823; x_wconf 81' lang='lat' dir='ltr'><strong>Ro-</strong></span> 
     </span>
    </p>
   </div>
   <div class='ocr_carea' id='block_1_125' title="bbox 1717 4838 3349 4912">
    <p class='ocr_par' dir='ltr' id='par_1_125' title="bbox 1717 4838 3349 4912">
     <span class='ocr_line' id='line_1_125' title="bbox 1717 4838 3349 4912; baseline -0.001 -16"><span class='ocrx_word' id='word_1_908' title='bbox 1717 4855 1875 4912; x_wconf 83' lang='lat' dir='ltr'><strong>mana</strong></span> <span class='ocrx_word' id='word_1_909' title='bbox 1893 4882 1908 4909; x_wconf 93' lang='lat'><strong>,</strong></span> <span class='ocrx_word' id='word_1_910' title='bbox 1939 4838 2162 4909; x_wconf 79' lang='lat' dir='ltr'><strong>Veneta,</strong></span> <span class='ocrx_word' id='word_1_911' title='bbox 2189 4840 2505 4909; x_wconf 71' lang='lat' dir='ltr'><strong>anni152l,</strong></span> <span class='ocrx_word' id='word_1_912' title='bbox 2532 4839 2929 4898; x_wconf 84' lang='lat' dir='ltr'><strong>etBasileensis</strong></span> <span class='ocrx_word' id='word_1_913' title='bbox 2957 4838 3115 4912; x_wconf 79' lang='lat' dir='ltr'><strong>Xysti</strong></span> <span class='ocrx_word' id='word_1_914' title='bbox 3143 4839 3311 4896; x_wconf 84' lang='lat' dir='ltr'><strong>Betu-</strong></span> <span class='ocrx_word' id='word_1_915' title='bbox 3346 4886 3349 4889; x_wconf 87' lang='lat'><strong>.</strong></span> 
     </span>
    </p>
   </div>
   <div class='ocr_carea' id='block_1_126' title="bbox 50 4883 1251 4954">
    <p class='ocr_par' dir='ltr' id='par_1_126' title="bbox 50 4883 1251 4954">
     <span class='ocr_line' id='line_1_126' title="bbox 50 4883 1251 4954; baseline 0.005 -18"><span class='ocrx_word' id='word_1_916' title='bbox 50 4894 310 4947; x_wconf 82' lang='lat' dir='ltr'><strong>everans,</strong></span> <span class='ocrx_word' id='word_1_917' title='bbox 337 4891 393 4937; x_wconf 90' lang='lat' dir='ltr'><strong>ut</strong></span> <span class='ocrx_word' id='word_1_918' title='bbox 417 4883 613 4953; x_wconf 82' lang='lat' dir='ltr'><strong>legitur</strong></span> <span class='ocrx_word' id='word_1_919' title='bbox 638 4884 690 4938; x_wconf 92' lang='lat' dir='ltr'><strong>in</strong></span> <span class='ocrx_word' id='word_1_920' title='bbox 722 4883 971 4954; x_wconf 87' lang='lat' dir='ltr'><strong>Epitome</strong></span> <span class='ocrx_word' id='word_1_921' title='bbox 999 4884 1251 4942; x_wconf 79' lang='lat' dir='ltr'><strong>Victoris.</strong></span> 
     </span>
    </p>
   </div>
   <div class='ocr_carea' id='block_1_127' title="bbox 98 4972 1613 5052">
    <p class='ocr_par' dir='ltr' id='par_1_127' title="bbox 98 4972 1613 5052">
     <span class='ocr_line' id='line_1_127' title="bbox 98 4972 1613 5052; baseline 0.007 -25"><span class='ocrx_word' id='word_1_922' title='bbox 98 4972 308 5052; x_wconf 69' lang='lat' dir='ltr'><strong>Diocles</strong></span> <span class='ocrx_word' id='word_1_923' title='bbox 319 4985 433 5052; x_wconf 84' lang='lat' dir='ltr'><strong>ante</strong></span> <span class='ocrx_word' id='word_1_924' title='bbox 455 4977 748 5052; x_wconf 80' lang='lat' dir='ltr'><strong>imperium.</strong></span> <span class='ocrx_word' id='word_1_925' title='bbox 772 4976 936 5046; x_wconf 79' lang='lat' dir='ltr'><strong>Infra,</strong></span> <span class='ocrx_word' id='word_1_926' title='bbox 959 4994 1080 5049; x_wconf 86' lang='lat' dir='ltr'><strong>cap.</strong></span> <span class='ocrx_word' id='word_1_927' title='bbox 1113 4979 1182 5035; x_wconf 82' lang='lat' dir='ltr'><strong>l9</strong></span> <span class='ocrx_word' id='word_1_928' title='bbox 1206 4998 1221 5034; x_wconf 91' lang='lat'><strong>:</strong></span> <span class='ocrx_word' id='word_1_929' title='bbox 1257 4979 1394 5036; x_wconf 81' lang='lat' dir='ltr'><strong>Huic</strong></span> <span class='ocrx_word' id='word_1_930' title='bbox 1416 4972 1613 5052; x_wconf 84' lang='lat' dir='ltr'><strong>purpu-</strong></span> 
     </span>
    </p>
   </div>
   <div class='ocr_carea' id='block_1_128' title="bbox 50 5043 1611 5120">
    <p class='ocr_par' dir='ltr' id='par_1_128' title="bbox 50 5043 1611 5120">
     <span class='ocr_line' id='line_1_128' title="bbox 50 5043 1611 5120; baseline 0.007 -20"><span class='ocrx_word' id='word_1_931' title='bbox 50 5062 138 5100; x_wconf 87' lang='lat' dir='ltr'><strong>am</strong></span> <span class='ocrx_word' id='word_1_932' title='bbox 173 5043 500 5120; x_wconf 81' lang='lat' dir='ltr'><strong>Diocletianus</strong></span> <span class='ocrx_word' id='word_1_933' title='bbox 529 5043 703 5120; x_wconf 81' lang='lat' dir='ltr'><strong>injecit</strong></span> <span class='ocrx_word' id='word_1_934' title='bbox 730 5065 876 5104; x_wconf 88' lang='lat' dir='ltr'><strong>suam</strong></span> <span class='ocrx_word' id='word_1_935' title='bbox 897 5043 1043 5118; x_wconf 24' lang='lat' dir='ltr'><strong>,vqua&#39;</strong></span> <span class='ocrx_word' id='word_1_936' title='bbox 1064 5069 1118 5106; x_wconf 90' lang='lat' dir='ltr'><strong>se</strong></span> <span class='ocrx_word' id='word_1_937' title='bbox 1145 5054 1318 5117; x_wconf 87' lang='lat' dir='ltr'><strong>exuit,</strong></span> <span class='ocrx_word' id='word_1_938' title='bbox 1340 5061 1389 5107; x_wconf 89' lang='lat' dir='ltr'><strong>et</strong></span> <span class='ocrx_word' id='word_1_939' title='bbox 1413 5043 1611 5110; x_wconf 78' lang='lat' dir='ltr'><strong>Diocles</strong></span> 
     </span>
    </p>
   </div>
   <div class='ocr_carea' id='block_1_129' title="bbox 49 5118 1604 5186">
    <p class='ocr_par' dir='ltr' id='par_1_129' title="bbox 49 5118 1604 5186">
     <span class='ocr_line' id='line_1_129' title="bbox 49 5118 1604 5186; baseline 0.005 -13"><span class='ocrx_word' id='word_1_940' title='bbox 49 5128 212 5173; x_wconf 87' lang='lat' dir='ltr'><strong>terum</strong></span> <span class='ocrx_word' id='word_1_941' title='bbox 236 5118 391 5184; x_wconf 80' lang='lat' dir='ltr'><strong>factus</strong></span> <span class='ocrx_word' id='word_1_942' title='bbox 411 5128 506 5173; x_wconf 91' lang='lat' dir='ltr'><strong>est.</strong></span> <span class='ocrx_word' id='word_1_943' title='bbox 536 5118 782 5186; x_wconf 76' lang='lat' dir='ltr'><strong>Epitome</strong></span> <span class='ocrx_word' id='word_1_944' title='bbox 812 5120 1041 5177; x_wconf 81' lang='lat' dir='ltr'><strong>Victoris</strong></span> <span class='ocrx_word' id='word_1_945' title='bbox 1066 5139 1080 5176; x_wconf 87' lang='lat'><strong>:</strong></span> <span class='ocrx_word' id='word_1_946' title='bbox 1104 5121 1453 5179; x_wconf 84' lang='lat' dir='ltr'><strong>Diocletianus</strong></span> <span class='ocrx_word' id='word_1_947' title='bbox 1478 5124 1604 5181; x_wconf 83' lang='lat' dir='ltr'><strong>Dal-</strong></span> 
     </span>
    </p>
   </div>
   <div class='ocr_carea' id='block_1_130' title="bbox 49 5187 1604 5264">
    <p class='ocr_par' dir='ltr' id='par_1_130' title="bbox 49 5187 1604 5264">
     <span class='ocr_line' id='line_1_130' title="bbox 49 5187 1604 5264; baseline 0.008 -25"><span class='ocrx_word' id='word_1_948' title='bbox 49 5198 201 5264; x_wconf 64' lang='lat' dir='ltr'><strong>nata,</strong></span> <span class='ocrx_word' id='word_1_949' title='bbox 233 5187 428 5264; x_wconf 82' lang='lat' dir='ltr'><strong>Anulini</strong></span> <span class='ocrx_word' id='word_1_950' title='bbox 454 5190 706 5264; x_wconf 65' lang='lat' dir='ltr'><strong>senatoris</strong></span> <span class='ocrx_word' id='word_1_951' title='bbox 734 5192 996 5247; x_wconf 84' lang='lat' dir='ltr'><strong>libertinus</strong></span> <span class='ocrx_word' id='word_1_952' title='bbox 1016 5234 1032 5259; x_wconf 90' lang='lat'><strong>,</strong></span> <span class='ocrx_word' id='word_1_953' title='bbox 1056 5205 1217 5249; x_wconf 90' lang='lat' dir='ltr'><strong>matre</strong></span> <span class='ocrx_word' id='word_1_954' title='bbox 1245 5197 1434 5264; x_wconf 79' lang='lat' dir='ltr'><strong>pariter</strong></span> <span class='ocrx_word' id='word_1_955' title='bbox 1453 5207 1604 5260; x_wconf 87' lang='lat' dir='ltr'><strong>atque</strong></span> 
     </span>
    </p>
   </div>
   <div class='ocr_carea' id='block_1_131' title="bbox 49 5258 1602 5333">
    <p class='ocr_par' dir='ltr' id='par_1_131' title="bbox 49 5258 1602 5333">
     <span class='ocr_line' id='line_1_131' title="bbox 49 5258 1602 5333; baseline 0.008 -24"><span class='ocrx_word' id='word_1_956' title='bbox 49 5258 223 5333; x_wconf 66' lang='grc' dir='ltr'><strong>ιι)ρὶἀο</strong></span> <span class='ocrx_word' id='word_1_957' title='bbox 250 5261 439 5313; x_wconf 86' lang='lat' dir='ltr'><strong>nomine</strong></span> <span class='ocrx_word' id='word_1_958' title='bbox 467 5258 712 5333; x_wconf 78' lang='lat' dir='ltr'><strong>Dioclea,</strong></span> <span class='ocrx_word' id='word_1_959' title='bbox 738 5279 954 5333; x_wconf 86' lang='lat' dir='ltr'><strong>quarunt</strong></span> <span class='ocrx_word' id='word_1_960' title='bbox 983 5258 1276 5328; x_wconf 51' lang='lat' dir='ltr'><strong>vacabulis&#39;,</strong></span> <span class='ocrx_word' id='word_1_961' title='bbox 1305 5269 1464 5321; x_wconf 87' lang='lat' dir='ltr'><strong>donec</strong></span> <span class='ocrx_word' id='word_1_962' title='bbox 1507 5258 1602 5321; x_wconf 86' lang='lat' dir='ltr'><strong>im-</strong></span> 
     </span>
    </p>
   </div>
   <div class='ocr_carea' id='block_1_132' title="bbox 49 5330 1601 5403">
    <p class='ocr_par' dir='ltr' id='par_1_132' title="bbox 49 5330 1601 5403">
     <span class='ocr_line' id='line_1_132' title="bbox 49 5330 1601 5403; baseline 0.005 -18"><span class='ocrx_word' id='word_1_963' title='bbox 49 5332 226 5403; x_wconf 77' lang='lat' dir='ltr'><strong>teriunt</strong></span> <span class='ocrx_word' id='word_1_964' title='bbox 249 5341 482 5396; x_wconf 84' lang='lat' dir='ltr'><strong>sumeret,</strong></span> <span class='ocrx_word' id='word_1_965' title='bbox 517 5330 719 5403; x_wconf 73' lang='lat' dir='ltr'><strong>Diocles</strong></span> <span class='ocrx_word' id='word_1_966' title='bbox 751 5330 1074 5403; x_wconf 81' lang='lat' dir='ltr'><strong>appellatus,</strong></span> <span class='ocrx_word' id='word_1_967' title='bbox 1106 5336 1195 5390; x_wconf 85' lang='lat' dir='ltr'><strong>ubi</strong></span> <span class='ocrx_word' id='word_1_968' title='bbox 1220 5337 1356 5392; x_wconf 88' lang='lat' dir='ltr'><strong>orbis</strong></span> <span class='ocrx_word' id='word_1_969' title='bbox 1383 5335 1601 5393; x_wconf 82' lang='lat' dir='ltr'><strong>Romani</strong></span> 
     </span>
    </p>
   </div>
   <div class='ocr_carea' id='block_1_133' title="bbox 51 5401 1603 5471">
    <p class='ocr_par' dir='ltr' id='par_1_133' title="bbox 51 5401 1603 5471">
     <span class='ocr_line' id='line_1_133' title="bbox 51 5401 1603 5471; baseline 0.004 -13"><span class='ocrx_word' id='word_1_970' title='bbox 51 5401 298 5458; x_wconf 78' lang='lat' dir='ltr'><strong>totentiam</strong></span> <span class='ocrx_word' id='word_1_971' title='bbox 332 5404 494 5471; x_wconf 83' lang='lat' dir='ltr'><strong>cepit,</strong></span> <span class='ocrx_word' id='word_1_972' title='bbox 526 5401 748 5458; x_wconf 80' lang='lat' dir='ltr'><strong>Graium</strong></span> <span class='ocrx_word' id='word_1_973' title='bbox 788 5401 969 5460; x_wconf 81' lang='lat' dir='ltr'><strong>nomen</strong></span> <span class='ocrx_word' id='word_1_974' title='bbox 1013 5407 1067 5460; x_wconf 89' lang='lat' dir='ltr'><strong>in</strong></span> <span class='ocrx_word' id='word_1_975' title='bbox 1097 5406 1384 5462; x_wconf 84' lang='lat' dir='ltr'><strong>Romanum</strong></span> <span class='ocrx_word' id='word_1_976' title='bbox 1410 5425 1603 5464; x_wconf 84' lang='lat' dir='ltr'><strong>rnorem</strong></span> 
     </span>
    </p>
   </div>
   <div class='ocr_carea' id='block_1_134' title="bbox 52 5472 1595 5551">
    <p class='ocr_par' dir='ltr' id='par_1_134' title="bbox 52 5472 1595 5551">
     <span class='ocr_line' id='line_1_134' title="bbox 52 5472 1595 5551; baseline 0.005 -22"><span class='ocrx_word' id='word_1_977' title='bbox 52 5473 280 5551; x_wconf 69' lang='lat' dir='ltr'><strong>oncertit.</strong></span> <span class='ocrx_word' id='word_1_978' title='bbox 318 5472 446 5551; x_wconf 73' lang='lat' dir='ltr'><strong>Vide</strong></span> <span class='ocrx_word' id='word_1_979' title='bbox 467 5473 749 5551; x_wconf 70' lang='lat' dir='ltr'><strong>Valesiqu</strong></span> <span class='ocrx_word' id='word_1_980' title='bbox 771 5476 844 5551; x_wconf 84' lang='lat' dir='ltr'><strong>_in</strong></span> <span class='ocrx_word' id='word_1_981' title='bbox 874 5478 1102 5551; x_wconf 73' lang='lat' dir='ltr'><strong>notisad</strong></span> <span class='ocrx_word' id='word_1_982' title='bbox 1129 5477 1442 5551; x_wconf 77' lang='lat' dir='ltr'><strong>Eusebium.</strong></span> <span class='ocrx_word' id='word_1_983' title='bbox 1478 5496 1595 5551; x_wconf 74' lang='lat' dir='ltr'><strong>pag.</strong></span> 
     </span>
    </p>
   </div>
   <div class='ocr_carea' id='block_1_135' title="bbox 52 5497 1598 5618">
    <p class='ocr_par' dir='ltr' id='par_1_135' title="bbox 52 5497 1598 5618">
     <span class='ocr_line' id='line_1_135' title="bbox 52 5497 1595 5551; baseline 0.005 -22"><span class='ocrx_word' id='word_1_984' title='bbox 52 5497 280 5529; x_wconf 77' lang='lat' dir='ltr'><strong>onverus.</strong></span> <span class='ocrx_word' id='word_1_985' title='bbox 327 5497 446 5528; x_wconf 74' lang='lat' dir='ltr'><strong>nuc</strong></span> <span class='ocrx_word' id='word_1_986' title='bbox 485 5497 749 5528; x_wconf 68' lang='lat' dir='ltr'><strong>vasculum</strong></span> <span class='ocrx_word' id='word_1_987' title='bbox 793 5497 844 5530; x_wconf 87' lang='lat' dir='ltr'><strong>In</strong></span> <span class='ocrx_word' id='word_1_988' title='bbox 874 5497 1016 5531; x_wconf 73' lang='lat' dir='ltr'><strong>noue</strong></span> <span class='ocrx_word' id='word_1_989' title='bbox 1035 5497 1102 5533; x_wconf 84' lang='lat' dir='ltr'><strong>au</strong></span> <span class='ocrx_word' id='word_1_990' title='bbox 1129 5497 1442 5542; x_wconf 69' lang='lat' dir='ltr'><strong>nuseotum.</strong></span> <span class='ocrx_word' id='word_1_991' title='bbox 1512 5497 1595 5551; x_wconf 86' lang='lat' dir='ltr'><strong>ag.</strong></span> 
     </span>
     <span class='ocr_line' id='line_1_136' title="bbox 52 5497 1598 5618; baseline 0.005 -17"><span class='ocrx_word' id='word_1_992' title='bbox 52 5547 158 5618; x_wconf 24' lang='lat'><strong>.65.</strong></span> <span class='ocrx_word' id='word_1_993' title='bbox 189 5544 549 5618; x_wconf 80' lang='lat' dir='ltr'><strong>Emendaudus</strong></span> <span class='ocrx_word' id='word_1_994' title='bbox 590 5559 722 5616; x_wconf 88' lang='lat' dir='ltr'><strong>ergo</strong></span> <span class='ocrx_word' id='word_1_995' title='bbox 767 5545 985 5602; x_wconf 85' lang='lat' dir='ltr'><strong>Flavius</strong></span> <span class='ocrx_word' id='word_1_996' title='bbox 1012 5549 1274 5618; x_wconf 84' lang='lat' dir='ltr'><strong>Vopiscus</strong></span> <span class='ocrx_word' id='word_1_997' title='bbox 1321 5551 1372 5606; x_wconf 93' lang='lat' dir='ltr'><strong>in</strong></span> <span class='ocrx_word' id='word_1_998' title='bbox 1417 5497 1541 5606; x_wconf 52' lang='lat' dir='ltr'><strong>logs</strong></span> <span class='ocrx_word' id='word_1_999' title='bbox 1566 5567 1598 5608; x_wconf 84' lang='lat' dir='ltr'><strong>a</strong></span> 
     </span>
    </p>
   </div>
   <div class='ocr_carea' id='block_1_136' title="bbox 51 5616 1599 5689">
    <p class='ocr_par' dir='ltr' id='par_1_136' title="bbox 51 5616 1599 5689">
     <span class='ocr_line' id='line_1_137' title="bbox 51 5616 1599 5689; baseline 0.005 -19"><span class='ocrx_word' id='word_1_1000' title='bbox 51 5617 356 5689; x_wconf 72' lang='lat' dir='ltr'><strong>Itthis_$ltpt&#39;a</strong></span> <span class='ocrx_word' id='word_1_1001' title='bbox 387 5616 558 5670; x_wconf 86' lang='lat' dir='ltr'><strong>relato</strong></span> <span class='ocrx_word' id='word_1_1002' title='bbox 585 5631 653 5671; x_wconf 80' lang='lat' dir='ltr'><strong>ex</strong></span> <span class='ocrx_word' id='word_1_1003' title='bbox 698 5618 804 5671; x_wconf 88' lang='lat' dir='ltr'><strong>vita</strong></span> <span class='ocrx_word' id='word_1_1004' title='bbox 849 5616 1160 5674; x_wconf 82' lang='lat' dir='ltr'><strong>Numeriani</strong></span> <span class='ocrx_word' id='word_1_1005' title='bbox 1213 5639 1227 5673; x_wconf 87' lang='lat'><strong>:</strong></span> <span class='ocrx_word' id='word_1_1006' title='bbox 1280 5622 1366 5675; x_wconf 82' lang='lat' dir='ltr'><strong>tibi</strong></span> <span class='ocrx_word' id='word_1_1007' title='bbox 1418 5622 1599 5689; x_wconf 67' lang='lat' dir='ltr'><strong>legcno</strong></span> 
     </span>
    </p>
   </div>
   <div class='ocr_carea' id='block_1_137' title="bbox 51 5685 1593 5811">
    <p class='ocr_par' dir='ltr' id='par_1_137' title="bbox 51 5685 1593 5811">
     <span class='ocr_line' id='line_1_138' title="bbox 51 5685 1593 5811; baseline 0.005 -70"><span class='ocrx_word' id='word_1_1008' title='bbox 51 5685 372 5811; x_wconf 63' lang='lat' dir='ltr'><strong>I)umll)iocles</strong></span> <span class='ocrx_word' id='word_1_1009' title='bbox 396 5689 607 5741; x_wconf 86' lang='lat' dir='ltr'><strong>nimium</strong></span> <span class='ocrx_word' id='word_1_1010' title='bbox 632 5704 847 5756; x_wconf 81' lang='lat' dir='ltr'><strong>avarus,</strong></span> <span class='ocrx_word' id='word_1_1011' title='bbox 885 5704 981 5759; x_wconf 88' lang='lat' dir='ltr'><strong>pro</strong></span> <span class='ocrx_word' id='word_1_1012' title='bbox 1010 5707 1079 5745; x_wconf 86' lang='lat' dir='ltr'><strong>eo</strong></span> <span class='ocrx_word' id='word_1_1013' title='bbox 1109 5692 1251 5762; x_wconf 85' lang='lat' dir='ltr'><strong>quod</strong></span> <span class='ocrx_word' id='word_1_1014' title='bbox 1280 5693 1353 5748; x_wconf 88' lang='lat' dir='ltr'><strong>ibi</strong></span> <span class='ocrx_word' id='word_1_1015' title='bbox 1380 5685 1593 5763; x_wconf 81' lang='lat' dir='ltr'><strong>legitur,</strong></span> 
     </span>
     <span class='ocr_line' id='line_1_139' title="bbox 79 5768 347 5811; baseline -0.015 0"><span class='ocrx_word' id='word_1_1016' title='bbox 79 5776 158 5811; x_wconf 79' lang='lat' dir='ltr'><strong>loc</strong></span> <span class='ocrx_word' id='word_1_1017' title='bbox 181 5768 347 5811; x_wconf 79' lang='lat' dir='ltr'><strong>cunne.</strong></span> 
     </span>
    </p>
   </div>
   <div class='ocr_carea' id='block_1_138' title="bbox 51 5761 347 5814">
    <p class='ocr_par' dir='ltr' id='par_1_138' title="bbox 51 5761 347 5814">
     <span class='ocr_line' id='line_1_140' title="bbox 51 5761 347 5814; baseline -0.024 0"><span class='ocrx_word' id='word_1_1018' title='bbox 51 5761 347 5814; x_wconf 75' lang='lat' dir='ltr'><strong>)ioclettane.</strong></span> 
     </span>
    </p>
   </div>
   <div class='ocr_carea' id='block_1_139' title="bbox 98 5827 1595 5961">
    <p class='ocr_par' dir='ltr' id='par_1_139' title="bbox 98 5827 1595 5961">
     <span class='ocr_line' id='line_1_141' title="bbox 98 5827 1595 5961; baseline 0.006 -75"><span class='ocrx_word' id='word_1_1019' title='bbox 98 5827 561 5961; x_wconf 49' lang='lat' dir='ltr'><strong>Suamg‘eliitii;ate</strong></span> <span class='ocrx_word' id='word_1_1020' title='bbox 586 5833 832 5907; x_wconf 81' lang='lat' dir='ltr'><strong>regnavit.</strong></span> <span class='ocrx_word' id='word_1_1021' title='bbox 864 5830 1001 5903; x_wconf 80' lang='lat' dir='ltr'><strong>Vide</strong></span> <span class='ocrx_word' id='word_1_1022' title='bbox 1025 5847 1146 5906; x_wconf 80' lang='lat' dir='ltr'><strong>qua:</strong></span> <span class='ocrx_word' id='word_1_1023' title='bbox 1173 5831 1492 5897; x_wconf 83' lang='lat' dir='ltr'><strong>adnotatuus</strong></span> <span class='ocrx_word' id='word_1_1024' title='bbox 1513 5836 1595 5902; x_wconf 82' lang='lat' dir='ltr'><strong>in-</strong></span> 
     </span>
     <span class='ocr_line' id='line_1_142' title="bbox 98 5923 509 5961; baseline -0.002 -2"><span class='ocrx_word' id='word_1_1025' title='bbox 98 5923 131 5961; x_wconf 81' lang='grc' dir='ltr'><strong>Ι.</strong></span> <span class='ocrx_word' id='word_1_1026' title='bbox 489 5938 509 5958; x_wconf 75' lang='grc' dir='ltr'><strong>ο</strong></span> 
     </span>
    </p>
   </div>
   <div class='ocr_carea' id='block_1_140' title="bbox 51 5914 509 5981">
    <p class='ocr_par' dir='ltr' id='par_1_140' title="bbox 51 5914 509 5981">
     <span class='ocr_line' id='line_1_143' title="bbox 51 5914 509 5981; baseline -0.011 -18"><span class='ocrx_word' id='word_1_1027' title='bbox 51 5917 131 5977; x_wconf 82' lang='lat' dir='ltr'><strong>ra,</strong></span> <span class='ocrx_word' id='word_1_1028' title='bbox 163 5914 227 5960; x_wconf 86' lang='lat' dir='ltr'><strong>aa</strong></span> <span class='ocrx_word' id='word_1_1029' title='bbox 251 5914 395 5981; x_wconf 80' lang='lat' dir='ltr'><strong>caput</strong></span> <span class='ocrx_word' id='word_1_1030' title='bbox 421 5914 509 5961; x_wconf 72' lang='lat'><strong>1&#39;1.</strong></span> 
     </span>
    </p>
   </div>
   <div class='ocr_carea' id='block_1_141' title="bbox 1714 4911 1829 4968">
    <p class='ocr_par' dir='ltr' id='par_1_141' title="bbox 1714 4911 1829 4968">
     <span class='ocr_line' id='line_1_144' title="bbox 1714 4911 1829 4968; baseline -0.017 -1"><span class='ocrx_word' id='word_1_1031' title='bbox 1714 4911 1829 4968; x_wconf 88' lang='lat' dir='ltr'><strong>leii.</strong></span> 
     </span>
    </p>
   </div>
   <div class='ocr_carea' id='block_1_142' title="bbox 1784 4982 3307 5057">
    <p class='ocr_par' dir='ltr' id='par_1_142' title="bbox 1784 4982 3307 5057">
     <span class='ocr_line' id='line_1_145' title="bbox 1784 4982 3307 5057; baseline 0.001 -21"><span class='ocrx_word' id='word_1_1032' title='bbox 1784 4983 2087 5057; x_wconf 77' lang='lat' dir='ltr'><strong>[inmortale</strong></span> <span class='ocrx_word' id='word_1_1033' title='bbox 2128 4985 2347 5057; x_wconf 87' lang='lat' dir='ltr'><strong>signum.</strong></span> <span class='ocrx_word' id='word_1_1034' title='bbox 2406 4983 2752 5052; x_wconf 86' lang='lat' dir='ltr'><strong>Lactantius,</strong></span> <span class='ocrx_word' id='word_1_1035' title='bbox 2803 4983 2994 5057; x_wconf 39' lang='lat' dir='ltr'><strong>liber</strong></span> <span class='ocrx_word' id='word_1_1036' title='bbox 3043 4982 3307 5046; x_wconf 85' lang='lat' dir='ltr'><strong>lnstitut..</strong></span> 
     </span>
    </p>
   </div>
   <div class='ocr_carea' id='block_1_143' title="bbox 1710 5054 3309 5129">
    <p class='ocr_par' dir='ltr' id='par_1_143' title="bbox 1710 5054 3309 5129">
     <span class='ocr_line' id='line_1_146' title="bbox 1710 5054 3309 5129; baseline 0.001 -20"><span class='ocrx_word' id='word_1_1037' title='bbox 1710 5069 1831 5129; x_wconf 81' lang='lat' dir='ltr'><strong>cap.</strong></span> <span class='ocrx_word' id='word_1_1038' title='bbox 1863 5056 1971 5111; x_wconf 73' lang='lat'><strong>27:</strong></span> <span class='ocrx_word' id='word_1_1039' title='bbox 2005 5054 2144 5129; x_wconf 77' lang='lat' dir='ltr'><strong>Quos</strong></span> <span class='ocrx_word' id='word_1_1040' title='bbox 2177 5054 2397 5129; x_wconf 80' lang='lat' dir='ltr'><strong>signum</strong></span> <span class='ocrx_word' id='word_1_1041' title='bbox 2435 5057 2723 5129; x_wconf 80' lang='lat' dir='ltr'><strong>immortale</strong></span> <span class='ocrx_word' id='word_1_1042' title='bbox 2777 5055 3013 5129; x_wconf 64' lang='lat' dir='ltr'><strong>muniet-it</strong></span> <span class='ocrx_word' id='word_1_1043' title='bbox 3067 5064 3309 5125; x_wconf 82' lang='lat' dir='ltr'><strong>tauquam</strong></span> 
     </span>
    </p>
   </div>
   <div class='ocr_carea' id='block_1_144' title="bbox 1710 5125 3146 5197">
    <p class='ocr_par' dir='ltr' id='par_1_144' title="bbox 1710 5125 3146 5197">
     <span class='ocr_line' id='line_1_147' title="bbox 1710 5125 3146 5197; baseline 0 -16"><span class='ocrx_word' id='word_1_1044' title='bbox 1710 5127 2121 5197; x_wconf 71' lang='lat' dir='ltr'><strong>inexpugnabilis</strong></span> <span class='ocrx_word' id='word_1_1045' title='bbox 2146 5125 2338 5183; x_wconf 65' lang='lat' dir='ltr'><strong>murus.</strong></span> <span class='ocrx_word' id='word_1_1046' title='bbox 2373 5127 2512 5184; x_wconf 82' lang='lat' dir='ltr'><strong>Alibi</strong></span> <span class='ocrx_word' id='word_1_1047' title='bbox 2539 5126 2673 5182; x_wconf 74' lang='lat' dir='ltr'><strong>dixit</strong></span> <span class='ocrx_word' id='word_1_1048' title='bbox 2697 5125 2896 5182; x_wconf 68' lang='lat' dir='ltr'><strong>caeleste</strong></span> <span class='ocrx_word' id='word_1_1049' title='bbox 2921 5127 3146 5196; x_wconf 87' lang='lat' dir='ltr'><strong>signum.</strong></span> 
     </span>
    </p>
   </div>
   <div class='ocr_carea' id='block_1_145' title="bbox 1781 5197 3305 5269">
    <p class='ocr_par' dir='ltr' id='par_1_145' title="bbox 1781 5197 3305 5269">
     <span class='ocr_line' id='line_1_148' title="bbox 1781 5197 3305 5269; baseline 0 -17"><span class='ocrx_word' id='word_1_1050' title='bbox 1781 5197 1959 5269; x_wconf 82' lang='lat' dir='ltr'><strong>Tagis.</strong></span> <span class='ocrx_word' id='word_1_1051' title='bbox 1988 5197 2124 5253; x_wconf 87' lang='lat' dir='ltr'><strong>Puto</strong></span> <span class='ocrx_word' id='word_1_1052' title='bbox 2153 5198 2268 5254; x_wconf 61' lang='lat' dir='ltr'><strong>haec</strong></span> <span class='ocrx_word' id='word_1_1053' title='bbox 2305 5198 2543 5254; x_wconf 87' lang='lat' dir='ltr'><strong>oratorio</strong></span> <span class='ocrx_word' id='word_1_1054' title='bbox 2590 5214 2742 5254; x_wconf 89' lang='lat' dir='ltr'><strong>more</strong></span> <span class='ocrx_word' id='word_1_1055' title='bbox 2793 5199 2933 5252; x_wconf 87' lang='lat' dir='ltr'><strong>dicta</strong></span> <span class='ocrx_word' id='word_1_1056' title='bbox 2982 5211 3125 5259; x_wconf 87' lang='lat' dir='ltr'><strong>esse,</strong></span> <span class='ocrx_word' id='word_1_1057' title='bbox 3182 5198 3305 5264; x_wconf 86' lang='lat' dir='ltr'><strong>quia</strong></span> 
     </span>
    </p>
   </div>
   <div class='ocr_carea' id='block_1_146' title="bbox 1710 5267 3307 5341">
    <p class='ocr_par' dir='ltr' id='par_1_146' title="bbox 1710 5267 3307 5341">
     <span class='ocr_line' id='line_1_149' title="bbox 1710 5267 3307 5341; baseline 0.001 -18"><span class='ocrx_word' id='word_1_1058' title='bbox 1710 5267 1883 5341; x_wconf 81' lang='lat' dir='ltr'><strong>Tages</strong></span> <span class='ocrx_word' id='word_1_1059' title='bbox 1911 5269 2157 5326; x_wconf 86' lang='lat' dir='ltr'><strong>Thuscus</strong></span> <span class='ocrx_word' id='word_1_1060' title='bbox 2178 5270 2276 5326; x_wconf 85' lang='lat' dir='ltr'><strong>fuit</strong></span> <span class='ocrx_word' id='word_1_1061' title='bbox 2301 5270 2429 5326; x_wconf 91' lang='lat' dir='ltr'><strong>olim</strong></span> <span class='ocrx_word' id='word_1_1062' title='bbox 2462 5285 2688 5341; x_wconf 86' lang='lat' dir='ltr'><strong>magnus</strong></span> <span class='ocrx_word' id='word_1_1063' title='bbox 2714 5284 2942 5341; x_wconf 79' lang='lat' dir='ltr'><strong>aruspex</strong></span> <span class='ocrx_word' id='word_1_1064' title='bbox 2971 5274 3030 5323; x_wconf 89' lang='lat' dir='ltr'><strong>et</strong></span> <span class='ocrx_word' id='word_1_1065' title='bbox 3049 5269 3307 5341; x_wconf 74' lang='lat' dir='ltr'><strong>magister</strong></span> 
     </span>
    </p>
   </div>
   <div class='ocr_carea' id='block_1_147' title="bbox 1708 5337 3302 5411">
    <p class='ocr_par' dir='ltr' id='par_1_147' title="bbox 1708 5337 3302 5411">
     <span class='ocr_line' id='line_1_150' title="bbox 1708 5337 3302 5411; baseline 0.003 -18"><span class='ocrx_word' id='word_1_1066' title='bbox 1708 5337 2035 5411; x_wconf 74' lang='lat' dir='ltr'><strong>aruspicum.</strong></span> <span class='ocrx_word' id='word_1_1067' title='bbox 2054 5343 2344 5407; x_wconf 69' lang='lat' dir='ltr'><strong>Arnobius,</strong></span> <span class='ocrx_word' id='word_1_1068' title='bbox 2368 5342 2507 5397; x_wconf 90' lang='lat' dir='ltr'><strong>libro</strong></span> <span class='ocrx_word' id='word_1_1069' title='bbox 2524 5337 2766 5397; x_wconf 78' lang='lat' dir='ltr'><strong>secundo</strong></span> <span class='ocrx_word' id='word_1_1070' title='bbox 2786 5337 3046 5395; x_wconf 87' lang='lat' dir='ltr'><strong>adversus</strong></span> <span class='ocrx_word' id='word_1_1071' title='bbox 3067 5337 3302 5411; x_wconf 86' lang='lat' dir='ltr'><strong>Gentes:</strong></span> 
     </span>
    </p>
   </div>
   <div class='ocr_carea' id='block_1_148' title="bbox 1708 5410 3303 5485">
    <p class='ocr_par' dir='ltr' id='par_1_148' title="bbox 1708 5410 3303 5485">
     <span class='ocr_line' id='line_1_151' title="bbox 1708 5410 3303 5485; baseline 0 -20"><span class='ocrx_word' id='word_1_1072' title='bbox 1708 5410 1992 5485; x_wconf 81' lang='lat' dir='ltr'><strong>Antequam</strong></span> <span class='ocrx_word' id='word_1_1073' title='bbox 2020 5411 2246 5485; x_wconf 12' lang='lat' dir='ltr'><strong>,TItages</strong></span> <span class='ocrx_word' id='word_1_1074' title='bbox 2274 5412 2513 5485; x_wconf 84' lang='lat' dir='ltr'><strong>Thuscus</strong></span> <span class='ocrx_word' id='word_1_1075' title='bbox 2561 5429 2681 5467; x_wconf 90' lang='lat' dir='ltr'><strong>oras</strong></span> <span class='ocrx_word' id='word_1_1076' title='bbox 2729 5411 3052 5485; x_wconf 76' lang='lat' dir='ltr'><strong>contingeret</strong></span> <span class='ocrx_word' id='word_1_1077' title='bbox 3070 5410 3303 5479; x_wconf 82' lang='lat' dir='ltr'><strong>luminis,</strong></span> 
     </span>
    </p>
   </div>
   <div class='ocr_carea' id='block_1_149' title="bbox 1707 5481 3303 5553">
    <p class='ocr_par' dir='ltr' id='par_1_149' title="bbox 1707 5481 3303 5553">
     <span class='ocr_line' id='line_1_152' title="bbox 1707 5481 3303 5553; baseline 0.001 -17"><span class='ocrx_word' id='word_1_1078' title='bbox 1707 5484 1978 5553; x_wconf 86' lang='lat' dir='ltr'><strong>quisquam</strong></span> <span class='ocrx_word' id='word_1_1079' title='bbox 2007 5481 2269 5539; x_wconf 67' lang='lat' dir='ltr'><strong>[taurinum</strong></span> <span class='ocrx_word' id='word_1_1080' title='bbox 2297 5483 2514 5549; x_wconf 86' lang='lat' dir='ltr'><strong>sciebat,</strong></span> <span class='ocrx_word' id='word_1_1081' title='bbox 2554 5493 2644 5537; x_wconf 89' lang='lat' dir='ltr'><strong>aut</strong></span> <span class='ocrx_word' id='word_1_1082' title='bbox 2672 5498 2781 5537; x_wconf 84' lang='lat' dir='ltr'><strong>esse</strong></span> <span class='ocrx_word' id='word_1_1083' title='bbox 2831 5481 3141 5537; x_wconf 84' lang='lat' dir='ltr'><strong>noscendum</strong></span> <span class='ocrx_word' id='word_1_1084' title='bbox 3179 5498 3303 5538; x_wconf 87' lang='lat' dir='ltr'><strong>con-</strong></span> 
     </span>
    </p>
   </div>
   <div class='ocr_carea' id='block_1_150' title="bbox 1709 5553 3302 5623">
    <p class='ocr_par' dir='ltr' id='par_1_150' title="bbox 1709 5553 3302 5623">
     <span class='ocr_line' id='line_1_153' title="bbox 1709 5553 3302 5623; baseline 0.001 -16"><span class='ocrx_word' id='word_1_1085' title='bbox 1709 5555 2104 5623; x_wconf 81' lang='lat' dir='ltr'><strong>discenduinque</strong></span> <span class='ocrx_word' id='word_1_1086' title='bbox 2133 5555 2367 5621; x_wconf 86' lang='lat' dir='ltr'><strong>curabat,</strong></span> <span class='ocrx_word' id='word_1_1087' title='bbox 2400 5573 2470 5610; x_wconf 87' lang='lat' dir='ltr'><strong>an</strong></span> <span class='ocrx_word' id='word_1_1088' title='bbox 2507 5553 2805 5623; x_wconf 16' lang='lat' dir='ltr'><strong>fulminum,</strong></span> <span class='ocrx_word' id='word_1_1089' title='bbox 2826 5567 2982 5623; x_wconf 84' lang='lat' dir='ltr'><strong>casus</strong></span> <span class='ocrx_word' id='word_1_1090' title='bbox 3008 5560 3115 5623; x_wconf 76' lang='lat' dir='ltr'><strong>aut</strong></span> <span class='ocrx_word' id='word_1_1091' title='bbox 3150 5563 3302 5608; x_wconf 80' lang='lat' dir='ltr'><strong>exto-</strong></span> 
     </span>
    </p>
   </div>
   <div class='ocr_carea' id='block_1_151' title="bbox 1706 5621 3302 5696">
    <p class='ocr_par' dir='ltr' id='par_1_151' title="bbox 1706 5621 3302 5696">
     <span class='ocr_line' id='line_1_154' title="bbox 1706 5621 3302 5696; baseline -0.001 -16"><span class='ocrx_word' id='word_1_1092' title='bbox 1706 5641 1820 5680; x_wconf 88' lang='lat' dir='ltr'><strong>rum</strong></span> <span class='ocrx_word' id='word_1_1093' title='bbox 1849 5621 2045 5694; x_wconf 80' lang='lat' dir='ltr'><strong>aliquid</strong></span> <span class='ocrx_word' id='word_1_1094' title='bbox 2081 5627 2455 5696; x_wconf 80' lang='lat' dir='ltr'><strong>signiﬁcaretur</strong></span> <span class='ocrx_word' id='word_1_1095' title='bbox 2482 5621 2536 5678; x_wconf 83' lang='lat' dir='ltr'><strong>in</strong></span> <span class='ocrx_word' id='word_1_1096' title='bbox 2563 5623 2756 5696; x_wconf 46' lang='lat' dir='ltr'><strong>venis?</strong></span> <span class='ocrx_word' id='word_1_1097' title='bbox 2794 5621 3058 5696; x_wconf 86' lang='lat' dir='ltr'><strong>Ubi__vi_de</strong></span> <span class='ocrx_word' id='word_1_1098' title='bbox 3109 5623 3302 5696; x_wconf 60' lang='lat' dir='ltr'><strong>obsera</strong></span> 
     </span>
    </p>
   </div>
   <div class='ocr_carea' id='block_1_152' title="bbox 1706 5692 3296 5754">
    <p class='ocr_par' dir='ltr' id='par_1_152' title="bbox 1706 5692 3296 5754">
     <span class='ocr_line' id='line_1_155' title="bbox 1706 5692 3296 5754; baseline 0.002 -7"><span class='ocrx_word' id='word_1_1099' title='bbox 1706 5692 1950 5752; x_wconf 61' lang='lat' dir='ltr'><strong>vationes</strong></span> <span class='ocrx_word' id='word_1_1100' title='bbox 1976 5692 2231 5754; x_wconf 72' lang='lat' dir='ltr'><strong>Gcbltarti</strong></span> <span class='ocrx_word' id='word_1_1101' title='bbox 2261 5694 2664 5752; x_wconf 83' lang='lat' dir='ltr'><strong>Elutenltorstii.</strong></span> <span class='ocrx_word' id='word_1_1102' title='bbox 2699 5694 2832 5748; x_wconf 85' lang='lat' dir='ltr'><strong>llinc</strong></span> <span class='ocrx_word' id='word_1_1103' title='bbox 2871 5692 2997 5745; x_wconf 86' lang='lat' dir='ltr'><strong>illud</strong></span> <span class='ocrx_word' id='word_1_1104' title='bbox 3034 5695 3296 5750; x_wconf 76' lang='lat' dir='ltr'><strong>Atumiani</strong></span> 
     </span>
    </p>
   </div>
   <div class='ocr_carea' id='block_1_153' title="bbox 1705 5762 3298 5833">
    <p class='ocr_par' dir='ltr' id='par_1_153' title="bbox 1705 5762 3298 5833">
     <span class='ocr_line' id='line_1_156' title="bbox 1705 5762 3298 5833; baseline 0 -12"><span class='ocrx_word' id='word_1_1105' title='bbox 1705 5768 1993 5823; x_wconf 80' lang='lat' dir='ltr'><strong>Marcellini</strong></span> <span class='ocrx_word' id='word_1_1106' title='bbox 2022 5786 2085 5823; x_wconf 84' lang='lat' dir='ltr'><strong>ex</strong></span> <span class='ocrx_word' id='word_1_1107' title='bbox 2119 5771 2251 5823; x_wconf 83' lang='lat' dir='ltr'><strong>libro</strong></span> <span class='ocrx_word' id='word_1_1108' title='bbox 2282 5784 2406 5827; x_wconf 81' lang='lat' dir='ltr'><strong>xvn.</strong></span> <span class='ocrx_word' id='word_1_1109' title='bbox 2440 5780 2561 5833; x_wconf 79' lang='lat' dir='ltr'><strong>pag.</strong></span> <span class='ocrx_word' id='word_1_1110' title='bbox 2597 5764 2691 5816; x_wconf 74' lang='lat'><strong>101</strong></span> <span class='ocrx_word' id='word_1_1111' title='bbox 2728 5779 2741 5815; x_wconf 90' lang='lat'><strong>:</strong></span> <span class='ocrx_word' id='word_1_1112' title='bbox 2775 5762 2842 5815; x_wconf 88' lang='lat' dir='ltr'><strong>lu</strong></span> <span class='ocrx_word' id='word_1_1113' title='bbox 2874 5762 3125 5826; x_wconf 81' lang='lat' dir='ltr'><strong>Tageticis</strong></span> <span class='ocrx_word' id='word_1_1114' title='bbox 3152 5766 3298 5822; x_wconf 73' lang='lat' dir='ltr'><strong>libris</strong></span> 
     </span>
    </p>
   </div>
   <div class='ocr_carea' id='block_1_154' title="bbox 1704 5833 3291 5910">
    <p class='ocr_par' dir='ltr' id='par_1_154' title="bbox 1704 5833 3291 5910">
     <span class='ocr_line' id='line_1_157' title="bbox 1704 5833 3291 5910; baseline -0.003 -16"><span class='ocrx_word' id='word_1_1115' title='bbox 1704 5839 1887 5906; x_wconf 87' lang='lat' dir='ltr'><strong>legitur</strong></span> <span class='ocrx_word' id='word_1_1116' title='bbox 1925 5836 2124 5910; x_wconf 83' lang='lat' dir='ltr'><strong>Vejovis</strong></span> <span class='ocrx_word' id='word_1_1117' title='bbox 2151 5839 2364 5909; x_wconf 73' lang='lat' dir='ltr'><strong>fulmine</strong></span> <span class='ocrx_word' id='word_1_1118' title='bbox 2391 5850 2510 5890; x_wconf 80' lang='lat' dir='ltr'><strong>mox</strong></span> <span class='ocrx_word' id='word_1_1119' title='bbox 2547 5833 2830 5910; x_wconf 82' lang='lat' dir='ltr'><strong>tangendos</strong></span> <span class='ocrx_word' id='word_1_1120' title='bbox 2874 5833 3005 5910; x_wconf 88' lang='lat' dir='ltr'><strong>adeo</strong></span> <span class='ocrx_word' id='word_1_1121' title='bbox 3045 5835 3291 5902; x_wconf 74' lang='lat' dir='ltr'><strong>hebetari,</strong></span> 
     </span>
    </p>
   </div>
   <div class='ocr_carea' id='block_1_155' title="bbox 1705 5905 3293 5984">
    <p class='ocr_par' dir='ltr' id='par_1_155' title="bbox 1705 5905 3293 5984">
     <span class='ocr_line' id='line_1_158' title="bbox 1705 5905 3293 5984; baseline 0 -17"><span class='ocrx_word' id='word_1_1122' title='bbox 1705 5905 1878 5969; x_wconf 76' lang='lat' dir='ltr'><strong>utnec</strong></span> <span class='ocrx_word' id='word_1_1123' title='bbox 1909 5905 2171 5984; x_wconf 71' lang='lat' dir='ltr'><strong>tonitrum,</strong></span> <span class='ocrx_word' id='word_1_1124' title='bbox 2230 5926 2317 5966; x_wconf 86' lang='lat' dir='ltr'><strong>nec</strong></span> <span class='ocrx_word' id='word_1_1125' title='bbox 2365 5909 2583 5981; x_wconf 81' lang='lat' dir='ltr'><strong>utujores</strong></span> <span class='ocrx_word' id='word_1_1126' title='bbox 2635 5905 2833 5984; x_wconf 73' lang='lat' dir='ltr'><strong>aliquos</strong></span> <span class='ocrx_word' id='word_1_1127' title='bbox 2861 5906 3058 5981; x_wconf 79' lang='lat' dir='ltr'><strong>possint</strong></span> <span class='ocrx_word' id='word_1_1128' title='bbox 3113 5910 3293 5978; x_wconf 80' lang='lat' dir='ltr'><strong>audire</strong></span> 
     </span>
    </p>
   </div>
  </div>
