3950 6368
463 329 574 391 355

1780 318 2119 381 STEPHANI
2159 314 2434 376 BALUZlI

3655 316 3751 385 336

463 465 494 504 a
523 448 811 511 Maxentio,
859 441 1104 517 quamvis
1158 455 1338 517 soceri
1358 439 1477 513 eius
1522 448 1687 517 esset,
1720 441 1887 517 immo
1915 455 2055 517 nun-
2079 439 2131 499 A
2159 437 2261 517 hoc
2291 437 2431 517 tihro
2458 433 2829 517 Laet_antii.__c,
2884 435 2976 503 18,
3007 434 3255 517 ᾀοορίηεε
3278 452 3349 517 eo
3378 445 3628 517 tempore
3648 459 3747 511 quo

462 536 625 592 quam
651 521 788 576 bene
814 513 969 592 inter
996 529 1092 592 eos
1115 514 1457 592 convenisse,
1490 516 1654 592 etiam
1685 515 1902 592 vivente
1933 513 2056 565 Dio-

466 584 721 657 cletiano,
744 598 800 644 ct
813 590 1009 645 bellum
1030 588 1170 642 inter
1196 601 1291 641 eos
1312 584 1477 640 fuisse
1492 584 1869 655 gravissimum
1895 598 1961 638 ex
1990 597 2059 657 eo

465 652 716 733 tempore.
730 675 836 733 quo
856 659 1153 733 Maxentius
1177 660 1408 728 sumpsit
1443 652 1762 727 purpuram,
1790 669 1961 726 usque
1990 652 2057 708 ad

467 731 749 805 imperium
772 731 983 805 Licinii.

540 797 773 860 Priorem
791 801 1062 857 nominari.
1083 801 1282 871 Supra,
1310 814 1363 856 c.
1388 800 1477 863 18,
1507 798 1754 855 Galerius
1784 797 2059 871 Maximia-

468 892 567 931 nus
588 876 865 944 alloquens
890 869 1276 928 Diocletianum
1302 873 1380 926 ait
1400 871 1507 944 :VSi
1531 871 1639 944 ipse
1659 871 1836 924 cedere
1864 869 2060 922 noluis-

465 957 558 1011 set,
578 964 644 1001 se
664 942 756 999 sibi
781 945 1155 1008 consulturum,
1188 960 1252 997 ue
1277 943 1501 1012 amplius
1534 942 1702 995 minor
1730 952 1778 995 et
1806 950 2060 994 extremus

467 1028 616 1073 esset.
648 1018 930 1080 Eusebius,
965 1016 1017 1070 in
1051 1015 1190 1070 libro
1221 1016 1394 1085 primo
1450 1017 1517 1067 de
1550 1013 1665 1085 Vita
1697 1012 2053 1077 Constantini,

464 1106 516 1146 c.
542 1091 633 1154 18,
684 1091 760 1143 ait
783 1086 1183 1145 Constantium.
1212 1084 1334 1141 eum
1360 1086 1602 1139 seniores
1632 1084 1854 1153 Augusti
1888 1085 2061 1152 impe-

469 1162 550 1216 rio
596 1176 655 1215 se
687 1159 1049 1222 abdicassent,
1097 1158 1329 1227 primum
1356 1159 1654 1226 Augustum
1697 1158 2059 1210 renuntiatum

465 1243 677 1299 csse,et
706 1231 933 1296 primum
959 1231 1257 1299 Augustum
1286 1231 1609 1298 appellatum
1641 1228 1780 1281 inter
1804 1236 2058 1295 quatuor,

466 1305 559 1373 qui
585 1298 922 1373 postmodum
950 1298 1212 1373 designati
1253 1312 1410 1373 sunt.
1460 1298 2061 1373 ldemﬂsetuperpriore

466 1367 596 1429 loco
621 1373 928 1428 nominatur
951 1371 1007 1425 in
1036 1367 1212 1425 Fastis
1252 1371 1503 1425 ldatianis
1535 1385 1563 1424 a
1593 1369 1830 1433 Zozimo,
1864 1367 2063 1421 Eutro-

468 1448 579 1512 pio,
609 1445 663 1499 in
709 1444 896 1498 codice
944 1441 1251 1503 Justiniani.
1286 1445 1338 1496 in
1388 1444 1557 1495 veteri
1616 1440 1967 1508 inscriptione
1991 1438 2061 1512 de

468 1510 879 1572 consecratione
904 1513 1260 1568 Thermarum
1291 1514 1764 1573 Diocletianarum,
1797 1522 1852 1565 et
1880 1512 1931 1564 in
1962 1510 2062 1564 ali-

469 1596 601 1658 quot
650 1585 773 1640 aliis
802 1584 1266 1658 inscriptionibus,
1291 1600 1412 1658 qua:
1448 1585 1609 1658 apud
1637 1582 1935 1658 Crute‘rum
1987 1582 2063 1636 le-

466 1654 687 1726 guntur,
722 1673 841 1728 pag.
871 1656 960 1720 58,
980 1654 1270 1728 ⁷159η161,
1299 1654 1751 1728 i6i,9.79L'1065.
1790 1654 1855 1728 lit
1882 1663 2060 1728 tamen

467 1724 646 1784 {Elius
672 1724 987 1798 spartianus
1015 1728 1065 1781 in
1085 1726 1240 1798 Aﬁlio
1276 1727 1435 1792 Vero,
1466 1736 1521 1781 et
1552 1725 1767 1779 Flavius
1801 1724 2063 1798 Vopiscus

469 1804 522 1855 in
546 1795 761 1865 Carino,
787 1799 1058 1855 Galerium
1082 1797 1457 1852 Maximiantnn
1488 1798 1768 1851 nominant
1789 1795 2064 1850 anteCon-

465 1873 742 1933 stantium,
770 1880 825 1925 et
875 1870 928 1924 id
980 1869 1196 1939 quidem
1257 1880 1498 1939 tempore
1540 1868 1877 1939 Diocletiani.
1921 1866 2065 1922 Sane

464 1959 675 2014 mquam
696 1942 975 2014 videbatur
993 1951 1050 2014 tit
1075 1943 1121 2014 is
1151 1942 1238 2007 qtti
1261 1938 1616 2014 adoptaliatur
1645 1955 1673 1991 a
1706 1938 2057 2014 Diocletiano,

465 2010 635 2087 ct'qui
670 2015 829 2087 ﬁliam
858 2013 975 2084 ejus
1001 2012 1272 2067 Valeriam
1302 2012 1532 2087 habebat
1554 2025 1799 2087 uxorem,
1829 2010 2063 2087 priorem

467 2080 645 2141 locum
680 2080 903 2139 haberet
955 2098 1114 2152 supra
1152 2098 1275 2136 eum
1326 2083 1414 2151 qui
1456 2082 1809 2152 adoptabatnr
1835 2096 1864 2133 a
1898 2080 2067 2134 Maxi-

466 2160 668 2223 miano,
700 2156 921 2210 secundi
948 2155 1056 2208 loci
1086 2155 1345 2224 principe.
1364 2154 1582 2217 Contra,
1614 2152 1806 2205 rationi
1834 2165 2066 2224 conserte

463 2242 679 2283 tanenm
716 2237 833 2282 erat
890 2234 947 2280 ut
987 2227 1070 2278 vir
1118 2240 1325 2295 magum
1373 2224 1667 2277 nobilitatis
1698 2264 1714 2289 ,
1758 2223 2063 2291 cuiusmodi

463 2311 578 2355 erat
614 2297 990 2362 Constantius,
1029 2311 1133 2349 non
1163 2304 1579 2365 postponeretur
1610 2295 1810 2347 homini
1837 2295 2061 2363 agresti,

464 2372 665 2439 pastori
695 2383 973 2439 pecorum,
1006 2375 1166 2436 atque
1212 2367 1361 2439 illum
1391 2375 1596 2439 postsc
1630 2365 1855 2439 haberet
1876 2368 1925 2417 in
1959 2366 2064 2439 _ad-_-

460 2436 860 2496 ininistrationc
900 2439 1226 2507 reipublicm.
1265 2437 1380 2505 Ego
1409 2436 1733 2491 crediderint
1791 2436 2063 2504 Spartiaui

460 2523 516 2568 et
555 2511 776 2581 V0pisci
818 2510 1127 2566 testimonia
1186 2509 1553 2579 postponenda
1583 2523 1704 2562 esse
1754 2508 2062 2581 auctoritati

460 2580 704 2639 veterum
757 2582 1191 2651 inscriptionum,
1229 2591 1284 2633 et
1339 2595 1524 2634 eorum
1556 2589 1832 2651 auctorum
1864 2580 1954 2648 qui
1981 2580 2062 2634 di-

462 2665 607 2710 serte
659 2655 813 2707 aiunt
858 2649 1086 2722 primum
1130 2652 1306 2705 locum
1339 2652 1520 2704 datum
1547 2664 1667 2704 esse
1704 2649 2058 2710 Constantio;

468 2727 765 2796 prtcsertiin
789 2740 910 2796 cuni
936 2724 969 2777 ii
994 2725 1084 2796 qui
1104 2724 1250 2777 illuni
1279 2722 1492 2777 Galerio
1523 2722 1763 2796 tribuunt
1785 2736 1890 2775 non
1919 2734 2060 2777 trac-

463 2793 693 2852 taverint
724 2797 860 2859 hanc
896 2794 1174 2849 historiam
1204 2810 1267 2847 ex
1300 2796 1572 2864 prolesso,
1625 2793 1719 2848 sed
1775 2808 1873 2863 per
1912 2803 2059 2848 tran—

460 2884 683 2923 sennam
709 2878 762 2921 et
782 2865 925 2920 aliud
971 2874 1213 2935 agentes.
1238 2864 1391 2932 Quod
1414 2866 1571 2919 etiam
1589 2865 1872 2919 dicendum
1896 2865 2059 2921 estde

455 2950 676 2994 auctore
707 2940 829 2992 vitm
858 2938 1027 2992 sancti
1063 2937 1306 3004 Procopii
1364 2937 1639 3006 martyris,
1669 2951 1788 3005 quae
1830 2936 2059 2991 habetur

456 3014 511 3066 in
544 3021 690 3067 tomo
709 3018 908 3079 quarto
934 3008 1097 3069 Surii,
1131 3008 1218 3064 ubi
1238 3007 1487 3064 Galerius
1512 3008 1686 3076 primo
1716 3009 1837 3062 loco
1882 3008 2059 3062 nomi-

458 3092 619 3138 natur
635 3090 761 3136 ante
785 3080 1183 3135 Constantium.

528 3156 572 3208 Α
599 3154 780 3208 tribus.
807 3151 864 3207 ld
880 3161 985 3217 est,
1015 3167 1043 3204 a
1074 3150 1310 3211 Galerio,
1336 3151 1539 3205 Severo
1565 3160 1617 3204 et
1638 3149 1944 3205 Maximino.

2163 508 2549 585 Diocletianum
2585 507 2908 585 impellebat
2959 507 3506 585 ad_a_bdicat_ionet_n.
3525 515 3633 581 jam

2161 594 2332 635 annos
2352 579 2657 651 quindecim
2680 580 2732 651 in
2757 579 2973 651 Illyrico
2988 578 3055 633 ad
3075 582 3247 651 ripam
3270 582 3499 637 Danubii
3528 578 3744 642 lucta-sse

2160 666 2282 707 cum
2312 651 2566 722 gentibus
2591 650 2857 717 barbaris,
2889 650 3274 722 iinterim’dum
3300 653 3393 707 alii
3420 655 3563 709 intra
3591 657 3746 711 laxio-

2161 738 2249 778 res
2270 721 2330 777 et
2350 724 2646 794 quietiores
2674 732 2848 794 terras
2867 721 3097 777 delicate
3122 722 3470 793 imperarent.
3508 726 3742 784 Profecto

2161 796 2207 849 si
2234 809 2403 849 annos
2434 810 2550 858 sex,
2573 793 2771 864 quibus
2797 793 2890 849 ille
2931 794 3319 863 rempublicam
3361 797 3743 855 administravit

2161 876 2284 941 post
2339 863 2614 921 secessum
2658 863 3012 941 Diocletiani,
3044 863 3305 941 addasad
3332 868 3638 941 quindecim
3658 873 3740 941 qui

2162 937 2483 992 et'lluxerant
2502 951 2625 991 cum
2658 935 2774 991 haec
2801 935 3125 992 dicebautur
3147 953 3175 990 a
3208 935 3553 1003 Maximiano,
3583 935 3743 997 mani-

2161 1009 2357 1064 l'estnm
2388 1010 2494 1064 erit
2536 1008 2686 1063 illum
2726 1016 2999 1081 mortuum
3051 1021 3175 1081 esse
3208 1011 3444 1064 vicesimo
3467 1015 3628 1081 primo
3650 1015 3739 1067 im-

2162 1082 2287 1150 perii
2316 1081 2398 1134 sui
2426 1096 2584 1143 anno,
2620 1088 2677 1133 ut
2725 1079 2920 1147 legitur
2946 1079 2999 1133 in
3038 1080 3263 1149 vulgatis
3291 1079 3616 1139 editiouibus
3644 1086 3742 1140 Eu-

2162 1152 2367 1206 sebiani
2424 1151 2699 1206 Chronici.
2770 1150 3087 1218 Quanquam
3153 1154 3204 1205 in
3273 1155 3637 1210 vetustissimo
3694 1169 3742 1212 et

2163 1224 2372 1290 optimo
2398 1223 2585 1278 codice
2624 1236 2727 1276 ms.
2756 1221 3096 1292 bibliotheca:
3125 1221 3476 1292 Colbertina,
3504 1238 3558 1280 et
3584 1228 3636 1282 in
3658 1243 3741 1281 va.

2162 1294 2257 1348 riis
2285 1295 2517 1365 antiquis
2547 1291 2952 1362 exemplaribus
2980 1308 3102 1363 qua:
3134 1293 3418 1365 iPontacns
3447 1291 3741 1356 tesmtnrse

2163 1366 2360 1420 vidisse
2392 1364 2508 1420 haec
2540 1373 2746 1419 tantum
2796 1365 3048 1434 leguntur
3075 1383 3087 1417 :
3114 1364 3356 1421 Galerius
3406 1367 3742 1427 inimicitus

2163 1438 2398 1490 moritur.
2428 1437 2652 1499 Verum,
2690 1449 2813 1490 cum
2841 1452 2901 1488 ea
2943 1438 3014 1491 sit
3038 1437 3335 1493 auctoritas
3381 1438 3662 1505 Lactantii,
3691 1450 3741 1497 ut

2162 1510 2212 1563 ei
2234 1508 2529 1566 contradici
2561 1523 2666 1561 non
2706 1509 2893 1576 possit,
2925 1517 2980 1563 et
3010 1507 3263 1564 Aurelius
3317 1509 3502 1566 Victor
3553 1514 3741 1569 Scribat

2163 1578 2438 1655 Galerium
2464 1580 2754 1655 potentiam
2777 1580 3008 1655 (iaisaris
3024 1595 3198 1655 a_nnos
3218 1581 3478 1655 tredecim
3500 1589 3739 1655 gessim.

2166 1650 2446 1720 imperium
2476 1651 2868 1721 quinquennio,
2897 1658 3008 1722 tum
3039 1651 3331 1722 Eutropius
3374 1655 3427 1707 in
3452 1650 3606 1710 initio
3632 1657 3741 1711 libri

2166 1724 2315 1794 noui,
2340 1733 2394 1778 et
2417 1732 2606 1776 auctor
2625 1722 2877 1794 Chronici
2894 1721 3264 1794 Alexandrini,
3296 1740 3350 1794 p.
3376 1724 3505 1788 651.
3531 1727 3741 1783 doceant

2094 1828 2142 1888 Β
2168 1792 3109 1888 sataesatae93193309"
3145 1792 3399 1888 -091er
3645 1810 3737 1881 ea

2168 1864 2369 1939 obiisse
2393 1865 2616 1939 Eboraci
2632 1865 2681 1939 in
2706 1864 3001 1939 Britannia,
3031 1880 3176 1920 anno
3195 1865 3409 1939 decimo
3430 1872 3592 1939 tertio
3612 1872 3742 1939 prin-

2167 1936 2378 2005 cipatus
2407 1936 2512 1995 sui.
2549 1938 2599 1988 in
2658 1934 2960 2005 fragmento
3006 1947 3265 2003 prieterea
3320 1938 3393 1993 de
3443 1934 3742 1996 Constantio

2166 2007 2390 2067 Chloro,
2407 2022 2461 2076 p.
2487 2006 2614 2067 472.
2633 2008 2836 2076 legatur
2858 2006 3129 2062 Galerium
3155 2009 3449 2078 imperasse
3478 2013 3627 2068 annis
3654 2029 3741 2068 no-

2167 2080 2489 2143 vemdecim,
2522 2093 2743 2133 necesse
2770 2090 2853 2134 est
2897 2088 2954 2131 ut
2984 2080 3036 2134 in
3060 2095 3179 2134 eam
3208 2085 3530 2138 sententiam
3572 2099 3741 2139 conce

2166 2149 2378 2215 damus,
2412 2166 2533 2219 qua:
2559 2151 2850 2219 potentiam
2877 2150 2995 2217 ejus
3027 2154 3161 2205 intra
3195 2155 3561 2209 novemdecim
3587 2171 3735 2210 annos

2166 2230 2401 2296 coercet,
2429 2231 2485 2296 et
2514 2222 2818 2296 quindecim
2849 2222 2968 2275 illos
2993 2238 3164 2276 annos
3186 2240 3283 2289 per
3313 2240 3449 2293 quos
3474 2242 3593 2280 cum
3618 2243 3735 2296 gen-

2167 2292 2310 2364 tibus
2333 2293 2574 2347 barbaris
2606 2295 2843 2354 luctavit,
2871 2296 3290 2363 interpretemur
3311 2292 3504 2364 partim
3534 2299 3603 2353 de
3624 2292 3733 2353 bel-

2166 2363 2230 2417 lis
2259 2380 2379 2433 qu:c
2410 2365 2520 2439 illic
2546 2366 2714 2439 gessit
2739 2380 2860 2417 cuni
2892 2364 3067 2418 adhuc
3106 2363 3346 2439 privatus
3373 2378 3536 2436 esset,
3563 2371 3732 2439 partim

2167 2448 2446 2505 postquam
2476 2435 2661 2509 Caesar
2686 2437 2858 2509 lactus
2889 2444 2993 2495 est.
3022 2446 3075 2489 et
3105 2437 3252 2491 initia
3279 2435 3607 2509 principatus
3631 2443 3732 2508 ejus

2164 2508 2579 2580 revocemusiad
2611 2506 2870 2580 kaiendas
2887 2509 3117 2580 martias
3156 2506 3285 2562 anni
3311 2506 3531 2569 295.’ut
3555 2514 3628 2567 sic
3651 2506 3733 2580 per

2162 2593 2335 2654 annos
2360 2577 2845 2654 155_Ca}sar_l'uissc
2863 2578 2969 2654 dici
2993 2582 3159 2647 possit
3183 2598 3324 2634 anno
3348 2580 3474 2649 515,
3498 2599 3599 2654 quo
3625 2577 3731 2638 Dio-

2163 2650 2425 2704 cletianus
2450 2650 2702 2719 deposuit
2733 2651 3041 2718 imperium.

2231 2720 2432 2776 Cursore
2454 2723 2562 2795 ﬁlio
2590 2736 2701 2795 suo.
2732 2720 2955 2795 Galerii,
2989 2731 3048 2776 ιη
3074 2723 3289 2792 opinor,
3323 2723 3482 2791 infra,
3511 2740 3621 2795 cap.
3649 2724 3727 2791 55,

2161 2794 2529 2866 commendatis
2574 2792 2773 2866 Licinio
2818 2793 3042 2866 conjuge
3082 2811 3176 2848 sua
3223 2806 3270 2848 et
3317 2797 3451 2863 ﬁlio.
3501 2792 3728 2866 Nuspiam

2159 2864 2284 2918 alibi
2317 2865 2543 2934 legimus
2582 2862 2798 2919 Galerio
2822 2862 2989 2919 lilium
3020 2865 3203 2921 fuisse.
3227 2862 3369 2921 Sane
3391 2868 3436 2921 si
3461 2862 3725 2932 habuisset,

2159 2950 2227 2990 ex
2256 2935 2432 3003 priore
2460 2949 2627 2989 uxore
2668 2934 2965 2991 habuisset.
2998 2936 3116 3003 Quo
3150 2952 3277 2993 casu
3325 2938 3565 2993 Cmsares
3613 2942 3725 2995 duos

2159 3014 2309 3061 extra
2335 3022 2485 3061 suam
2513 3006 2766 3060 familiam
2789 3022 2895 3060 non
2916 3009 3220 3077 qu:esiisset
3244 3026 3258 3064 :
3285 3011 3378 3064 sed
3409 3010 3572 3067 lilium
3591 3026 3722 3064 suum

2161 3078 2337 3144 primo
2378 3079 2565 3132 saltent
2601 3080 2717 3132 loco
2753 3079 3108 3134 nominasset.
3142 3081 3219 3134 Ex
3260 3081 3473 3137 Valeria
3520 3098 3616 3136 non
3647 3086 3725 3135 lia-

2158 3149 2292 3203 buit.
2324 3148 2537 3205 Sterilis
2566 3150 2710 3202 enim
2745 3149 2863 3213 fuit,
2895 3160 2952 3204 ut
2982 3150 3142 3206 docet
3179 3152 3315 3206 infra
3356 3152 3647 3207 Lactantius
3678 3153 3720 3206 in

529 3224 784 3279 Licinium
831 3238 883 3294 vi.
915 3239 961 3276 c.
992 3224 1231 3294 amicum.
1261 3221 1406 3276 Idem
1439 3221 1602 3276 tradit
1651 3223 1927 3294 Socrates,
1952 3223 1987 3275 Ι.
2012 3238 2051 3290 i,
2081 3218 2128 3284 C
2160 3222 2335 3294 capite
2361 3221 2828 3294 quinquagesimo.
2872 3221 2997 3294 ll:cc
3041 3222 3219 3292 itaque
3256 3224 3593 3294 intelligenda
3619 3233 3721 3278 sunt

457 3314 510 3351 c.
546 3297 717 3363 2,nbi
748 3296 821 3348 ait
848 3293 1117 3348 Galerium
1171 3293 1549 3348 Maximianntn
1591 3292 1793 3348 abiisse
1841 3308 1872 3347 e
1915 3294 2045 3361 vita,

456 3383 581 3421 cum
629 3366 892 3421 Licinium
941 3365 1089 3432 prius
1139 3367 1521 3433 imperatorem
1557 3363 1874 3429 creavisset,
1909 3375 2056 3419 vete-

458 3453 573 3492 rem
600 3439 855 3500 amicum,
888 3448 944 3489 et
973 3436 1413 3491 contubernalem
1462 3451 1639 3501 suum,
1668 3437 1760 3506 qui
1787 3450 1851 3491 ex
1890 3437 2051 3492 Dacia

456 3517 574 3564 erat
597 3507 874 3564 oriundus.

530 3579 616 3633 Ne
636 3578 802 3648 ﬁlium
825 3579 1132 3631 nominaret.
1164 3576 1276 3647 Ego
1321 3576 1558 3631 arbitror
1579 3577 1723 3633 hunc
1752 3577 1976 3633 istorum
1995 3588 2052 3635 et

456 3651 802 3719 sequentium
854 3648 1141 3703 verborum
1191 3662 1413 3703 sensum
1445 3662 1588 3702 esse.
1617 3648 1751 3702 Cum
1802 3648 2051 3707 Galerius

454 3722 717 3775 Licinium
751 3719 974 3775 haberet
994 3729 1230 3773 veterem
1257 3719 1488 3774 amicum
1514 3728 1569 3772 et
1586 3720 2046 3789 contubernalem,

455 3794 644 3846 bonum
698 3792 907 3855 militia,
936 3801 995 3845 ut
1018 3789 1184 3845 Taciti
1227 3790 1392 3845 verbo
1420 3798 1559 3852 utar,
1614 3799 1659 3843 et
1713 3792 1937 3845 victoria:
1961 3809 2047 3846 so-

455 3865 616 3930 cium,
672 3862 828 3931 cujus
872 3861 1111 3917 consiliis
1159 3861 1225 3915 ad
1280 3861 1458 3932 omnia
1508 3861 1738 3932 regenda
1774 3862 2044 3928 utebatur,

457 3936 836 3989 noluit'tamen
892 3933 1041 3988 illum
1094 3934 1273 3987 facere
1300 3931 1592 3995 Cresarcm,
1631 3946 1697 3985 ne
1730 3932 1894 3985 lilium
1921 3949 2044 3989 eum

455 4009 780 4071 nominaret,
807 4018 930 4060 cum
969 4019 1077 4075 quo
1102 4019 1199 4074 per
1242 4017 1459 4055 onmem
1476 4004 1643 4075 vitam
1668 4004 1871 4057 vixerat
1900 4005 2046 4061 velut

455 4078 640 4156 frater;
656 4096 668 4130 :
703 4078 797 4132 sed
821 4073 1110 4156 destinata
1134 4075 1205 4156 iu_
1232 4075 1446 4155 longum
1464 4073 1695 4156 jac-iens,
1724 4089 1847 4128 eum
1880 4077 1931 4129 in
1962 4078 2042 4156 l_o-

452 4164 574 4203 cum
602 4149 922 4212 Constantii,
942 4156 1034 4201 aut
1063 4146 1207 4201 brevi
1232 4146 1500 4209 morituri,
1524 4153 1614 4199 aut
1639 4154 1786 4201 certe
1816 4161 1910 4216 per
1930 4149 2040 4203 vim

453 4220 798 4284 deturbandi,
839 4221 1167 4273 substituere
1215 4216 1503 4287 cogitabat,
1536 4225 1594 4270 ut
1633 4218 2039 4289 siciAngustum

453 4301 509 4345 et
539 4294 754 4345 I'ratrem
789 4298 1143 4360 nuncuparet.
1176 4289 1308 4344 Nam
1342 4290 1430 4358 qui
1482 4289 1679 4343 liebaut
1704 4288 1945 4345 Caesares
1986 4294 2037 4347 in

454 4360 691 4415 ﬁliorum
719 4376 999 4416 numerum
1029 4361 1337 4424 veniebant,
1366 4370 1422 4414 et
1448 4360 1540 4414 lilii
1573 4365 1929 4430 Augustorum
1955 4364 2039 4418 di-

452 4432 731 4486 cebantur.
761 4431 861 4499 Qui
908 4447 1037 4488 vero
1087 4432 1532 4500 nnncupabantur
1586 4433 1807 4502 Augusti
1846 4433 2037 4491 fratres

454 4504 863 4573 imperatorum,
905 4503 1333 4571 appellabantur,
1366 4511 1424 4556 ut
1472 4518 1632 4573 supra
1684 4502 1915 4558 vidimus
1965 4507 2036 4562 de

455 4573 783 4628 Maximiano
826 4572 1094 4627 Herculio.

539 4619 1174 4698 vié'éiiiibiid'éeié'iéé'rei.
1223 4643 1303 4715 Ad
1346 4645 1667 4715 exemplum
1701 4645 2035 4715 Diocletiani,
2064 4619 2118 4678 Ῑ)

452 4717 542 4785 qui
577 4722 696 4784 post
744 4728 994 4785 emensos
1047 4713 1413 4768 novemdecim
1444 4729 1616 4768 annos
1666 4715 1877 4783 imperii
1931 4713 2039 4771 I104

454 4784 597 4841 mam
625 4784 866 4847 veniens,
884 4784 1031 4839 initia
1058 4785 1308 4853 vigesimi
1335 4793 1484 4839 tanto
1510 4795 1768 4852 apparatu
1795 4786 2038 4842 celebra-

452 4858 545 4923 vit,
576 4866 632 4911 ttt
681 4864 961 4925 propterea
1015 4856 1215 4910 dixerit
1263 4856 1460 4910 Sextus
1512 4856 1680 4910 Rufus
1707 4866 1885 4911 notam
1917 4875 2038 4915 esse

450 4943 705 4998 pompam
733 4926 991 4999 victorias,
1014 4942 1133 4996 quae
1174 4929 1274 4999 sub
1305 4927 1638 4999 Diocletiano
1683 4930 1926 4999 principe
1954 4946 2037 4987 re-

449 4996 655 5067 portata
682 4999 749 5054 de
776 4998 954 5053 Persis
982 5006 1087 5055 est.
1117 4996 1225 5052 Sed
1259 4997 1496 5053 multum
1513 5012 1581 5055 eo
1612 4996 1851 5068 tempore
1866 4996 2042 5058 dista-

445 5070 539 5126 bat
557 5071 805 5127 Galerius
824 5084 853 5122 a
871 5070 1233 5124 vicenualibus
1258 5067 1527 5123 suis.Nam
1545 5084 1610 5124 ex
1638 5067 1813 5140 capite
1838 5071 1906 5126 35
1936 5073 2031 5127 hu-

444 5141 532 5209 jus
579 5142 703 5197 libri
749 5140 1018 5212 colligitur
1059 5155 1121 5195 ea
1174 5141 1438 5212 celebrari
1496 5141 1745 5196 debuisse
1786 5141 2030 5199 kalendis

449 5213 692 5279 martiis,
749 5211 1141 5283 quaa’mortetn
1189 5211 1310 5285 ejus
1335 5212 1638 5285 subsecuta:
1682 5222 1824 5267 sunt.
1865 5213 2029 5285 Igitur

447 5296 691 5341 mortuus
727 5282 811 5339 cSt.
839 5299 980 5338 anno
1006 5299 1070 5338 ex
1104 5298 1210 5353 quo
1240 5282 1423 5337 Caesar
1470 5283 1641 5336 lactus
1688 5294 1774 5338 est
1816 5282 2027 5342 decimo

446 5370 591 5411 nouo
616 5356 984 5420 incunte,cum
1007 5354 1202 5409 obicrit
1229 5367 1415 5408 mense
1442 5355 1696 5424 maio,qui
1725 5357 1813 5408 l'nit
1841 5360 2025 5424 proxi-

447 5441 565 5479 mus
613 5436 738 5482 ante
763 5427 906 5482 diem
937 5425 1313 5481 vicennalium.
1344 5424 1583 5480 Mortuus
1599 5437 1680 5479 est
1701 5438 1878 5481 autem
1901 5443 2021 5484 cum

443 5507 624 5566 ageret
656 5506 901 5552 octavum
964 5500 1322 5559 consulatum,
1354 5506 1412 5550 ut
1438 5496 1691 5566 scriptum
1720 5508 1801 5552 est
1840 5500 1891 5553 in
1927 5503 2024 5558 hac

445 5569 670 5623 historia
699 5577 754 5622 ct
779 5570 831 5622 in
877 5568 1051 5622 Fastis
1095 5567 1364 5622 ldatianis.
1399 5573 1486 5630 At,
1520 5576 1563 5621 si
1594 5568 1690 5623 ista
1716 5585 1839 5623 vera
1873 5582 2016 5636 sunt,

439 5644 710 5706 quomodo
736 5641 848 5693 ﬁeri
882 5650 1055 5705 potest
1100 5651 1154 5693 ut
1181 5637 1430 5694 Galerius
1484 5641 1827 5708 imperaverit
1866 5647 2019 5700 annis

440 5720 617 5782 unoet
647 5713 830 5782 viginti
850 5712 871 5763 ?
891 5710 995 5764 Tot
1028 5710 1167 5764 enim
1195 5724 1544 5782 numerantur
1565 5728 1594 5763 a
1619 5714 1902 5767 consulatu
1928 5715 2020 5770 Τί-

435 5779 641 5836 beriani
672 5779 725 5836 ei
752 5782 952 5847 Dionis,
980 5797 1088 5851 quo
1112 5781 1358 5836 Galerius
1388 5782 1583 5837 dicitur
1612 5784 1782 5837 lactus
1810 5787 2012 5853 (laasar,

433 5866 604 5928 usque
637 5853 707 5914 ad
730 5853 1065 5913 consulatum
1107 5853 1224 5924 ejus
1269 5866 1536 5915 octavum.
1571 5854 1773 5919 Deinde
1815 5855 2015 5930 ipsein

2158 3292 2228 3366 de
2257 3291 2624 3366 Candidiano,
2658 3292 2748 3362 qui
2785 3292 2944 3362 paulo
2976 3303 3095 3362 post
3131 3291 3461 3360 nominatur,
3491 3306 3542 3351 et
3583 3309 3718 3366 quem

2157 3363 2471 3419 Lactantius
2520 3364 2656 3418 inl‘ra
2710 3365 2764 3436 in
2820 3366 3011 3419 eodem
3075 3367 3250 3435 capite
3304 3363 3720 3436 quinquagesimo

2155 3444 2377 3490 annotat
2432 3451 2499 3489 ex
2557 3434 2855 3490 concubina
2910 3445 3128 3497 natum,
3187 3452 3217 3491 a
3277 3434 3492 3492 Valeria
3545 3437 3718 3494 Galerii

2156 3522 2324 3561 uxore
2352 3508 2664 3579 adoptatum
2690 3509 2763 3579 ob
2792 3507 3157 3571 sterilitatem,
3186 3523 3248 3562 ac
3270 3508 3595 3579 desponsum
3615 3509 3719 3562 tiliae

2154 3581 2401 3648 septenni
2429 3578 2702 3633 Maximini
2736 3578 2979 3647 Augusti.
3016 3580 3166 3633 llunc
3195 3595 3325 3650 ergo
3357 3578 3619 3636 Caesarem
3653 3581 3722 3633 la-

2152 3664 2277 3705 cere
2304 3651 2612 3706 destinabat
2642 3657 2791 3720 pater
2828 3659 2945 3717 post
2976 3650 3246 3705 celebrata
3274 3651 3591 3707 vicennalia.
3630 3655 3720 3706 Uc-

2151 3721 2296 3775 cisus
2321 3732 2403 3777 est
2428 3732 2607 3776 autem
2645 3735 2674 3774 a
2710 3719 2919 3776 Licinio
2957 3720 3326 3777 Candidianus
3362 3737 3510 3779 anno
3544 3720 3721 3779 Christi

2150 3792 2276 3855 515,
2300 3795 2473 3848 aetatis
2493 3808 2605 3847 suae
2628 3792 2717 3847 16.

2223 3862 2347 3932 Ipse
2379 3864 2672 3935 deponeret.
2704 3863 3014 3937 Imperium.
3047 3863 3406 3937 Meditabatur
3432 3881 3561 3937 ergo
3583 3865 3721 3937 Gale-

2149 3935 2263 3990 rius
2292 3934 2655 3991 secessionem
2693 3952 2722 3988 a
2751 3934 3027 4004 republica
3060 3945 3179 4003 post
3217 3934 3632 3993 celebrationem
3654 3936 3724 3991 vi-

2148 4008 2472 4072 cennalium,
2507 4016 2565 4060 ut
2595 4007 2862 4061 fortunam
2908 4006 3223 4061 Diocletiani
3266 4008 3589 4064 imitaretur.
3628 4007 3721 4064 Sed

2148 4077 2291 4133 Deus
2320 4089 2511 4151 cuncta
2543 4077 2694 4151 illius
2714 4079 2948 4148 cogitata
2984 4078 3254 4151 dissolvit.
3282 4078 3417 4133 Nam
3451 4096 3621 4151 neque
3654 4079 3720 4134 vi-

2144 4151 2390 4205 cenualia
2429 4148 2743 4216 celebravit,
2775 4164 2947 4218 neque
2975 4148 3367 4204 Candidianum
3396 4148 3720 4209 fecit—Cresa-

2144 4235 2284 4286 rem,
2315 4237 2413 4278 nec
2443 4221 2700 4292 consequi
2730 4223 2902 4292 potuit
2925 4222 3021 4275 otii
3050 4221 3418 4277 dulcedinem.

2735 4332 2965 4390 CAPUT
3002 4332 3148 4391 XXI.

2214 4430 2603 4502 Torquebantur
2615 4430 2931 4484 decuriones.
2950 4429 3083 4484 lieni
3116 4432 3273 4484 istam
3297 4434 3578 4487 annotavit
3598 4431 3719 4488 an-

2143 4504 2341 4559 tantius
2371 4514 2622 4571 tanquam
2658 4511 2834 4556 actam
2869 4512 3058 4557 contra
3097 4504 3186 4569 jus
3223 4511 3279 4557 et
3333 4516 3563 4558 morem.
3604 4503 3720 4558 Nam

2138 4573 2263 4644 jure
2302 4575 2444 4629 civili
2488 4574 2853 4628 Romanorum
2893 4588 3001 4627 non
3039 4573 3237 4628 licebat
3276 4582 3536 4643 torquere
3572 4575 3717 4630 decu-

2144 4646 2345 4711 riones,
2371 4654 2429 4699 ut
2447 4654 2604 4715 patet;
2617 4660 2682 4699 ex
2705 4643 2931 4713 epistola
2951 4644 3287 4699 Cotistautiui
3315 4645 3382 4699 ad
3408 4647 3718 4702 l’robianuut

2142 4713 2519 4785 proconsulem
2531 4713 2753 4770 Africa).
2781 4715 2959 4783 Quare
2981 4716 3266 4781 Baronius,
3294 4716 3361 4770 ad
3383 4734 3583 4772 annum
3602 4717 3716 4779 5N,

2140 4786 2394 4861 admonet
2419 4786 2551 4842 Acta
2583 4787 2913 4861 purgationis
2952 4785 3446 4861 Fclicis,_episcopi
3474 4788 3718 4861 Aptnngif

2141 4860 2274 4924 tani,
2316 4867 2569 4927 corrupta
2606 4859 2992 4928 esseteo-loco
3024 4858 3111 4914 ubi
3150 4856 3401 4913 Elianus
3445 4856 3719 4928 proconsul

2104 4964 2115 4971 υ
2140 4929 2216 4984 ait
2243 4929 2310 4984 ad
2340 4926 2641 5001 lugentium
2675 4926 2836 4983 :Noli
2864 4929 3034 5000 itaque
3064 4928 3155 4983 tibi
3179 4929 3427 4993 blandiri,
3447 4926 3587 4999 quod
3614 4946 3718 4983 cum

2140 5002 2267 5055 mihi
2287 5000 2429 5057 dicas
2460 5000 2557 5056 Dei
2584 5001 2830 5054 cultorem
2849 5010 2897 5054 te
2920 5017 3048 5067 esse,
3074 5017 3135 5054 ac
3165 5010 3438 5071 propterea
3475 5019 3575 5055 non
3613 5017 3718 5071 pos-

2140 5073 2211 5142 sis
2247 5076 2500 5142 torqueri;
2538 5081 2594 5128 et
2632 5072 2953 5137 decurionem
2992 5071 3277 5141 legendum
3324 5071 3447 5128 Iteic
3477 5087 3595 5129 esse
3630 5085 3716 5142 pro

2138 5141 2238 5197 Dei
2266 5141 2533 5199 cultorem.
2574 5143 2766 5198 Postea
2797 5152 2997 5210 tamen,
3032 5153 3090 5198 ut
3127 5143 3238 5198 illic
3277 5143 3530 5199 observat
3571 5141 3715 5199 Baro-

2138 5216 2281 5282 nius,
2329 5216 2713 5271 Constantinus
2754 5215 2926 5284 legem
2969 5215 3109 5281 tulit,
3155 5227 3212 5270 ut
3254 5214 3578 5272 decuriones
3618 5222 3715 5270 tor—

2136 5290 2286 5356 queri
2316 5289 2504 5343 liceret
2527 5287 2581 5341 in
2611 5286 2839 5342 crimine
2867 5284 3006 5341 falsi.
3198 5293 3205 5300 ’

2211 5357 2697 5431 Perfectissimiuiri.
2719 5356 3046 5431 Lactantius,
3069 5357 3163 5412 lib.
3181 5357 3463 5431 vInstitut.
3488 5374 3607 5429 cap.
3624 5356 3711 5412 l5:

2135 5428 2302 5501 Nemo
2316 5426 2718 5501 perfectissimus
2745 5428 2845 5481 nisi
2873 5426 2960 5498 q'ui
2985 5445 3173 5501 omnes
3201 5430 3393 5499 gradus
3423 5426 3712 5499 impleverit.

2133 5500 2624 5557 PerlecdsSimatus
2655 5500 2906 5571 dignitas,
2934 5510 2993 5560 ut
3027 5501 3102 5555 ait
3142 5500 3385 5555 Valesius
3412 5502 3482 5556 ad
3517 5502 3603 5556 lib.
3635 5514 3712 5553 xxi

2131 5574 2401 5628 Annniani
2431 5572 2744 5637 Marcellini,
2774 5573 2950 5625 minor
2989 5581 3106 5626 erat
3142 5573 3538 5639 clarissimatu;
3585 5583 3635 5625 et
3664 5577 3713 5621 ut

2128 5642 2423 5698 Clarissimi
2452 5644 2592 5714 apud
2632 5643 2940 5712 priciectum
2982 5643 3098 5697 urbi
3132 5645 3623 5714 conveniebantur,
3643 5641 3713 5695 sic

2126 5714 2504 5785 perfectissimi
2531 5717 2673 5785 apud
2702 5714 2952 5767 vicariam
2980 5714 3376 5781 pra-lecturum.
3408 5714 3539 5769 Vide
3560 5713 3709 5785 etiam

2126 5783 2282 5841 notas
2307 5783 2648 5841 Balduini‘in
2685 5785 2928 5839 liumcnii
2960 5788 3262 5840 orationem
3302 5785 3370 5840 de
3408 5786 3610 5845 scholis
3638 5783 3708 5836 in-

2124 5858 2455 5928 staurandis,
2478 5857 2749 5948 iuratum,
2782 5859 2837 5928 in
2874 5856 3017 5928 μοιίθ
3050 5856 3122 5927 θα
3164 5856 3562 5945 θρὲειοιβαῌρ
3596 5851 3709 5937 libri
