3950 6368
202 312 321 380 337

953 311 1161 372 ΝΟΤᾹΞ
1197 312 1268 372 IN
1306 312 1435 371 LIB.
1478 313 1569 375 DE
1608 315 1962 378 MORTIBUS
1994 320 2378 385 PERSECUT.
2418 327 2572 385 CAP.
2611 329 2801 387 XXIV.

3424 337 3533 394 338

203 431 781 517 decimi_S_ymmacbi,
816 442 872 490 et
902 430 1163 517 Iacobum
1191 430 1609 517 Gothofredum,
1630 433 1697 489 ad
1725 449 1820 490 eo-
1848 435 1901 495 A
1927 437 2154 517 linebat,
2185 441 2401 497 modum
2423 459 2671 513 agrorum
2706 455 2763 504 et
2792 460 3073 502 numerum
3098 446 3367 517 capitum,
3412 458 3523 506 tam

210 511 393 564 dicem
422 505 892 569 'I‘lieudosianum,
927 514 965 557 t.
1000 520 1078 568 tn,
1108 520 1164 574 p.
1190 505 1316 561 413.

287 582 618 651 Gynazceunt.
653 578 913 651 Gynaecon
936 616 953 643 ,
987 585 1044 631 ut
1064 576 1333 651 ‘voxipsa
1363 575 1620 651 loquitur,
1647 587 1816 651 gerant

209 646 631 708 loea'destinala
674 646 927 718 operibus
969 646 1342 710 muliebribus,
1386 648 1439 718 in
1479 664 1599 715 qua:
1643 649 1814 704 inter-

207 726 340 778 dum
394 738 569 793 preme
624 716 742 775 loco
777 719 1185 793 _dejiciebantur_
1214 728 1270 773 et
1308 716 1417 793 viri
1451 728 1514 793 et
1551 718 1810 793 Reatinus.

208 794 373 850 Plura
397 789 466 850 de
495 793 648 846 istius
666 790 809 845 modi
836 793 1106 861 uymcceis
1136 789 1447 861 observavit
1468 790 1549 844 vir
1576 790 1816 845 clarissi-

206 882 333 920 mus
381 865 613 920 Carolus
660 860 978 917 Dufrcsnius
1025 862 1077 916 in
1121 875 1223 916 suo
1265 860 1564 921 Glossario,
1613 874 1666 916 et
1713 877 1814 918 uos

204 941 374 993 etiam
410 937 462 991 in
488 936 631 989 notis
644 932 710 987 ad
734 934 1085 1002 Reginonetn,
1115 948 1167 999 ι).
1199 933 1327 997 568,
1354 941 1410 988 et
1438 932 1504 986 ad
1535 931 1810 1001 Capitula-

209 1009 318 1075 ria,
363 1026 418 1076 p.
466 1007 625 1062 1009.
668 1005 801 1059 Vide
842 1019 1057 1074 quoque
1078 1002 1280 1060 Valesii
1325 1003 1706 1059 annotationes
1745 1004 1813 1059 ad

207 1079 532 1144 Eusebium,
566 1095 620 1147 p.
648 1076 774 1133 211.

280 1144 582 1207 ιηςονιυηιζ
604 1147 918 1214 Theatrum,
942 1145 1059 1202 sive
1080 1144 1562 1214 amphitheatrum,
1585 1145 1676 1202 ubi
1697 1144 1811 1203 Indi

206 1223 412 1292 publici
460 1220 778 1286 edebantur,
826 1229 885 1292 ut
934 1217 1472 1292 pluribuspstendit
1506 1217 1808 1292 idem‘Du-

204 1288 466 1351 fresnius.
494 1293 795 1357 Salvianus,
827 1291 920 1345 lib.
960 1305 1031 1351 v1,
1058 1305 1109 1359 p.
1144 1288 1249 1342 122
1273 1288 1525 1346 secunda:
1555 1289 1811 1345 editionis

204 1378 413 1421 nostra:
442 1382 455 1417 :
495 1364 741 1432 Equidem
769 1364 887 1431 quia
916 1362 1127 1430 longum
1151 1370 1225 1415 est
1257 1377 1389 1414 nunc
1419 1360 1586 1416 dicere
1613 1360 1676 1415 de
1701 1378 1809 1416 am-

204 1439 381 1503 nibus,
412 1433 803 1504 ampltitlteatris
835 1432 1061 1504 scilicet,
1098 1432 1261 1498 odeis,
1295 1433 1537 1504 lusoriis,
1570 1433 1770 1502 pompis
1790 1473 1807 1499 ,
1843 1443 1854 1455 '

203 1510 442 1573 athletis,
475 1502 582 1563 etc.
603 1506 738 1562 Acta
765 1514 971 1560 sancta:
1009 1502 1288 1572 Seraphin:
1332 1502 1551 1574 virginis
1578 1514 1633 1559 et
1660 1521 1807 1559 mar-

204 1581 369 1652 tyris,
400 1595 522 1648 cap.
569 1578 604 1632 5
638 1595 652 1630 :
686 1575 886 1631 Prwses
910 1592 1026 1631 vero
1058 1586 1170 1644 post
1209 1574 1588 1652 tertiumdiern
1608 1576 1808 1652 paravit

202 1645 460 1707 lusorium
473 1645 629 1703 trans
658 1658 862 1718 pontem
887 1662 1046 1718 super
1069 1662 1247 1718 arcum
1267 1645 1473 1718 Albini,
1504 1648 1588 1718 ubi
1614 1647 1807 1701 solebat

202 1723 323 1788 ﬁeri
375 1722 614 1775 (lieniela.
660 1716 817 1775 Aliud
863 1727 990 1774 sunt
1037 1717 1255 1773 lusoria:
1302 1716 1443 1785 apud
1495 1717 1804 1787 Vopiscum,

202 1809 377 1884 naves
433 1792 685 1884 nimirum
716 1831 730 1855 ,
769 1805 905 1859 quas
938 1788 1180 1872 .Roniaui
1220 1788 1803 1884 liabebantjnkﬂunti-
1835 1821 1885 1884 Β

203 1867 370 1922 nibus
421 1881 541 1935 quae
590 1863 888 1935 [Iunianum
936 1860 1224 1930 imperium
1275 1859 1737 1935 distermiuabant
1773 1876 1804 1916 a

200 1930 479 2002 barbaris,
508 1950 722 2002 semper
765 1933 1057 1987 instructas
1093 1940 1149 1987 et
1189 1940 1401 2001 paratas
1441 1930 1508 1984 ad
1537 1932 1806 1988 arcendos

201 2025 400 2064 eorum
437 2008 696 2062 transitus
738 2013 795 2059 et
836 2004 1106 2067 incursus,
1138 2012 1195 2056 ut
1239 2004 1471 2073 explicat
1509 2002 1806 2060 Salmasius

202 2080 260 2133 iu
307 2079 451 2134 notis
481 2078 547 2133 ad
590 2076 841 2132 eumdem
872 2074 1188 2145 Vopiscum,
1226 2088 1277 2142 p.
1323 2073 1451 2127 475.
1509 2077 1581 2129 De
1610 2076 1807 2145 quibus

199 2152 376 2205 etiam
420 2150 542 2206 fuse
577 2148 688 2218 agit
712 2146 946 2218 lacubus
976 2144 1341 2218 Gothofredus
1381 2145 1445 2218 ad
1493 2147 1571 2218 lit.
1603 2144 1806 2202 codicis

204 2221 485 2276 'l‘beodos.
532 2215 635 2275 De'
654 2217 860 2273 lusoriis
905 2215 1154 2270 Danubii.
1201 2216 1342 2271 Alibi
1392 2216 1623 2271 lusorias
1664 2219 1804 2272 idem

203 2296 352 2349 valet
382 2310 446 2346 ac
467 2292 785 2351 derisorius,
812 2298 871 2342 ut
898 2289 950 2343 in
978 2288 1115 2345 libro
1141 2303 1290 2352 me,
1322 2286 1587 2354 Digestor.
1611 2290 1649 2345 1.
1667 2290 1762 2344 υΙι.
1788 2306 1801 2344 :

204 2364 297 2419 Ne
319 2365 445 2434 quid
474 2366 526 2419 in
556 2364 668 2418 loco
699 2362 901 2434 publica
929 2360 1164 2434 ﬁatLubi
1197 2361 1267 2434 ita
1296 2359 1492 2434 legitur
1521 2376 1534 2412 :
1568 2360 1668 2434 Qui
1703 2362 1800 2415 ad-

204 2431 384 2492 versus
412 2436 633 2493 edictum
663 2433 895 2504 primoris
931 2431 1282 2504 (adiﬁcauerit,
1322 2432 1500 2504 tollere
1529 2432 1807 2500 uadi/icium

201 2507 376 2563 debet.
406 2508 648 2576 Alioquin
684 2509 837 2559 inane
873 2512 919 2558 et
964 2503 1213 2576 lusorium
1252 2503 1486 2576 prwtoris
1538 2505 1809 2576 imperium

203 2582 325 2634 erit.
374 2579 507 2634 Item
538 2573 784 2641 Seneca,
809 2576 901 2631 lib.
934 2590 965 2629 v
991 2574 1061 2629 de
1103 2573 1339 2628 Bcnelic.
1384 2588 1507 2641 cap.
1539 2578 1572 2629 8
1604 2593 1618 2630 :
1659 2573 1808 2629 Velut

205 2651 465 2705 lusoriunt
507 2666 689 2704 nomen
717 2649 888 2702 statint
920 2647 1125 2700 transit.
1160 2645 1313 2714 Apud
1352 2645 1603 2700 eumdem
1646 2647 1804 2716 epist.

204 2723 319 2804 ξος
354 2722 731 2804 Spectaculuni
745 2736 847 2804 non
868 2717 1020 2801 ﬁdele
1047 2728 1094 2772 et
1122 2717 1393 2799 lusorium.
1416 2717 1483 2804 Iit
1507 2717 1559 2771 in
1582 2718 1809 2799 epistola

206 2786 411 2850 Gelasii
440 2809 590 2863 papa:
611 2792 675 2847 ad
693 2786 1078 2863 Eupbetnium,
1098 2788 1406 2863 opiscopum
1429 2786 1812 2863 Constantino-

206 2858 535 2933 potitantim,
593 2863 682 2917 ubi
736 2858 816 2918 sic
862 2861 1021 2931 vulgo
1065 2858 1260 2929 legitur
1302 2877 1315 2912 :
1351 2861 1452 2933 Aut
1498 2862 1564 2913 ad
1612 2862 1811 2915 veniam

206 2930 439 2991 luxuria:
465 2937 529 2990 de
552 2951 633 2989 me
655 2930 981 3005 cognosceris
1003 2932 1101 3005 ista
1117 2930 1478 3005 jactare.:l’ro
1504 2947 1611 3001 quo
1629 2933 1689 3005 in
1714 2948 1808 2987 ve-

207 3006 530 3063 tustissimis
553 3016 609 3062 et
637 3002 855 3075 optimis
883 3002 1163 3075 codicibus
1189 3018 1321 3075 mss.
1344 3003 1603 3058 Ecclesiae
1625 3003 1810 3075 Bello-

207 3078 466 3134 vacensis
511 3088 565 3134 et
610 3074 924 3133 multasterii
966 3074 1314 3146 Corbejcnsis
1350 3075 1611 3144 scriptum
1655 3074 1807 3129 vidi:

208 3151 316 3205 Aut
345 3150 414 3202 da
440 3150 659 3214 ueniant,
691 3148 878 3219 lusorie
916 3148 980 3200 de
1007 3162 1085 3201 me
1118 3147 1436 3216 cognosceris
1467 3147 1565 3201 ista
1584 3150 1807 3219 jactare.

1926 510 2222 595 liberorum
2232 529 2414 595 quam
2453 510 2773 595 servilium,
2811 530 2867 595 ut
2894 518 3139 595 pluribus
3166 510 3401 595 erudite
3415 537 3524 595 suo

1920 596 2073 664 more
2093 584 2625 664 explicatAIIetlricus
2651 584 2989 664 Valesius—ad
3016 589 3362 664 Ammianum
3385 592 3523 647 Mar-

1917 655 2195 736 cellinum,
2219 670 2270 724 p.
2299 657 2423 712 167.
2447 656 2712 736 Cieterum
2743 661 2828 736 bic
2857 660 3294 736 L:_tc_tantiilo_cus
3313 664 3517 736 confir-

1919 736 2027 801 mat
2073 729 2454 801 conjecturam
2466 729 2787 801 doctissimi
2822 733 2919 786 viri
2952 732 3138 788 Jacobi
3174 732 3517 801 Gothofredi,

1916 799 2006 867 qui
2029 796 2158 874 ex_l_.
2191 811 2229 850 ιι
2259 798 2380 853 cod.
2415 799 2712 874 'I‘ltcodos.,
2744 802 2816 855 De
2831 820 3008 870 censu,
3031 804 3248 874 collegit
3269 796 3521 860 mutatio;

1916 884 2043 945 nem
2071 867 2310 945 aliquam
2342 884 2371 923 a
2409 869 2629 945 Galerio
2666 867 3003 929 Maximiano
3022 867 3217 930 factam
3263 890 3388 933 esse
3426 892 3522 945 per

1916 937 2236 1021 Lyciamie}
2278 940 2649 1021 Pamphyliam
2676 956 2812 1021 post
2855 945 3274 1021 abdicationem
3301 937 3515 1021 Diocle-

1916 1013 2349 1086 tjani,_niinirum
2364 1013 2624 1086 urbanam
2639 1015 2852 1086 plebem
2865 1018 3178 1086 capitationi
3196 1018 3516 1086 subiectam.

1914 1078 2441 1164 Quae-lexmagnam
2481 1078 2722 1155 profecto
2753 1078 2950 1142 lucem'
2968 1089 3165 1158 accipit
3198 1105 3266 1145 ex
3294 1078 3403 1145 isto
3426 1078 3519 1145 (εει-ἒ

1913 1153 2029 1220 pite
2054 1150 2348 1208 Lactantii.

1990 1222 2623 1299 Seruicontraaomiuos.
2657 1227 2863 1299 Regula
2899 1228 3038 1297 juris
3063 1238 3169 1294 est,
3215 1240 3274 1286 ut
3312 1230 3519 1288 Casau-

1912 1294 2200 1378 bonusait
2239 1296 2307 1351 ad
2344 1297 2592 1378 Flavium
2639 1294 2956 1378 Vopiscum,
2999 1315 3218 1357 servum
3265 1303 3317 1357 in
3360 1313 3522 1373 caput

1913 1366 2117 1442 domini
2150 1382 2260 1442 non
2288 1382 2449 1437 posse
2474 1366 2817 1441 interrogari.
2849 1372 2957 1428 Sed
2982 1382 3209 1442 excepta
3239 1383 3365 1429 sunt
3390 1366 3522 1429 eon-

1913 1438 2198 1494 stitutione
2229 1437 2415 1513 Severi
2438 1442 2651 1513 aliquot
2683 1437 2938 1510 crimina,
2980 1437 3253 1505 adulterii,
3290 1445 3522 1501 fraudati

1913 1523 2111 1585 census
2163 1519 2219 1565 et
2265 1512 2585 1585 niajestatis.
2666 1514 2814 1569 Hanc
2859 1516 3022 1585 igitur
3077 1516 3521 1572 constitutionem

1914 1578 2035 1655 lege
2060 1595 2155 1636 sua
2187 1583 2333 1655 antiq
2345 1578 2485 1638 uavit
2511 1585 2728 1641 Tacitus
2750 1578 3062 1655 impe'rator.
3088 1585 3337 1642 Galerius
3364 1603 3523 1643 revo-

1915 1652 2293 1733 _cavit_,._nesci_o
2318 1670 2386 1711 an
2416 1655 2535 1726 lege
2563 1658 2696 1733 lata,
2712 1652 2879 1733 peric
2907 1658 2960 1713 in
2997 1659 3343 1733 executione.
3377 1659 3521 1714 Pau-

1911 1720 2019 1803 Iu_s,
2057 1722 2150 1777 lib.
2194 1720 2512 1793 tSentent;
2544 1728 2638 1803 tit.
2675 1730 2744 1783 13
2773 1746 2788 1803 ς
2822 1726 2885 1783 In
2921 1738 3077 1803 caput
3106 1730 3303 1784 domini
3326 1741 3519 1801 patro-

1912 1799 2045 1871 nive,
2077 1810 2168 1850 nec
2193 1811 2389 1871 servus,
2414 1814 2507 1871 nec
2534 1799 2744 1855 libertus
2771 1800 3080 1871 interrogari
3107 1810 3290 1870 potest.

1986 1864 2115 1931 Quae
2157 1868 2392 1942 uictores.
2424 1868 2628 1937 Primo,
2659 1872 2831 1926 secuti
2872 1864 3026 1927 vetus
3057 1864 3353 1942 exemplar,
3399 1873 3523 1929 edi-

1912 1934 2167 2019 deramus
2186 1955 2219 2019 kz
2401 1934 2633 2019 veterem:
2652 1943 2857 2019 Postea
2872 1944 3181 1999 emendatio
3220 1934 3283 2000 se
3327 1934 3524 2000 obtulit

1912 2009 2152 2084 ing_enio.
2186 2009 2390 2084 Deinde
2420 2014 2762 2082 reposuimus
2788 2015 2950 2068 etiam
2979 2032 3069 2082 ea,
3107 2031 3205 2084 pro
3230 2024 3299 2070 et.

1984 2077 2251 2162 Trajanus
2286 2079 2465 2162 Dacis.
2482 2077 2750 2162 '_Galerius
2793 2086 2937 2141 enim
2974 2077 3522 2162 Maximianusortus

1910 2160 2031 2206 erat
2067 2167 2098 2209 e
2127 2152 2286 2227 Dacia
2314 2153 2542 2227 ripensi,
2571 2171 2601 2211 e
2642 2156 2764 2212 loco
2789 2173 2949 2227 quem
2991 2158 3107 2226 ipse
3135 2158 3520 2212 Romulianum

1911 2236 1978 2299 ex
2004 2224 2224 2299 nomine
2256 2222 2501 2299 Βρηιιιιιιε
2526 2229 2732 2299 imatris
2769 2222 3081 2299 appellavit.
3117 2228 3256 2299 baud
3292 2229 3451 2298 longe
3488 2246 3521 2283 a

1913 2292 2159 2368 sardiea,
2194 2305 2251 2350 ut
2291 2296 2491 2368 docent
2522 2292 2821 2368 Eutropius
2844 2292 2911 2356 ὀι
2937 2296 3206 2356 Eusebius
3254 2300 3309 2354 in
3351 2292 3525 2355 ΟῙιιο-

1917 2365 2060 2440 nico.
2089 2365 2218 2421 Duae
2242 2382 2404 2436 porro
2419 2367 2642 2440 ,Trajani
2666 2365 3046 2440 expeditiones
3068 2372 3123 2425 in
3152 2372 3323 2427 Dacos
3346 2371 3524 2439 fuere,

1912 2436 2088 2520 prima
2142 2450 2336 2519 quarto
2380 2439 2497 2507 ejus
2515 2436 2857 2520 Iconsulatu,
2908 2445 3081 2520 altera
3129 2444 3342 2520 quinto,
3391 2436 3521 2520 cuni

1913 2518 2126 2563 sextum
2151 2513 2261 2581 jam
2291 2525 2492 2565 annum
2514 2513 2827 2578 imperaret,
2860 2523 2917 2569 ut
2952 2514 3019 2569 ad
3049 2513 3390 2581 Spartianum
3420 2516 3522 2570 ob-

1915 2580 2157 2634 servavit
2184 2580 2561 2637 Casaubonus.
2595 2585 2660 2638 Et
2686 2585 2991 2653 Xiphilinus
3017 2580 3236 2655 quidem
3260 2602 3326 2641 ex
3352 2586 3525 2642 Dione

1915 2662 2309 2727 commemorat
2379 2663 2661 2727 utramque
2722 2656 2936 2727 Trajani
2999 2657 3400 2726 expeditionem
3464 2658 3519 2712 in

1917 2721 2093 2798 Dacos
2124 2742 2137 2777 :
2165 2725 2263 2778 sed
2311 2725 2497 2798 nullibi
2533 2721 2777 2782 meminit
2809 2721 2992 2783 tributi
3033 2721 3115 2783 eis
3144 2730 3415 2798 imperati.
3444 2728 3519 2782 Il-

1916 2791 2009 2846 lud
2047 2803 2256 2870 tantum
2298 2795 2654 2870 ait,l)aciam
2700 2800 2895 2853 factum
2938 2800 3103 2854 fuisse
3146 2791 3513 2870 provinciam;

1914 2865 2060 2942 qitod
2090 2866 2254 2920 etiam
2288 2869 2449 2942 tradit
2476 2868 2691 2924 Flavius
2720 2870 2985 2942 Vopiscus
3011 2871 3064 2925 in
3096 2865 3160 2925 DI
3194 2872 3512 2927 Aureliano.

1918 2934 2187 3000 Sed,cum
2215 2953 2277 2991 ea
2310 2937 2469 2993 fuerit
2494 2951 2640 2995 certa
2668 2957 2731 2996 ac
2756 2934 3009 2997 constans
3027 2943 3207 3012 regula
3236 2943 3375 3012 apud
3404 2943 3517 2997 Ilo-

1918 3022 2129 3084 ma_nos,
2148 3017 2206 3084 ut
2228 3025 2581 3084 quaecumque
2598 3027 2731 3081 gens
2757 3029 2875 3082 quae
2897 3016 2949 3069 in
2976 3013 3268 3084 provinciae
3291 3014 3515 3069 formam

1916 3078 2138 3153 redacta
2188 3080 2360 3153 fuerat
2400 3078 2675 3153 vectigalis
2736 3078 2902 3150 esset,
2945 3078 3007 3138 ac
3053 3085 3235 3153 populi
3287 3085 3513 3139 Romani

1920 3151 2253 3223 magistratui
2279 3151 2521 3223 obediret
2538 3193 2553 3219 ,
2584 3156 3037 3223 quemadmodum
3054 3151 3317 3209 eli—servat
3356 3157 3514 3223 Sigo-

208 3221 404 3295 Neque
429 3220 668 3295 insolens
697 3228 781 3295 est
810 3217 897 3272 bic
929 3233 1102 3295 error.
1135 3219 1399 3273 Ubservat
1425 3215 1801 3295 eiiim'Salma
1838 3215 1887 3279 Ο
1919 3215 2040 3275 nius
2083 3222 2136 3275 in
2174 3221 2311 3276 libro
2360 3215 2636 3295 priino'd'e
2676 3226 2800 3293 jure
2845 3226 3272 3291 Provinciarum,
3318 3215 3515 3295 ambigi

209 3289 329 3348 sius
359 3294 411 3346 in
455 3292 574 3347 loco
613 3291 770 3361 paulo
813 3298 947 3361 ante,
967 3289 1233 3361 laudato,
1258 3305 1354 3357 pro
1395 3304 1461 3343 eo
1499 3291 1643 3359 quod
1686 3290 1802 3359 ipse

210 3363 357 3435 apud
389 3360 677 3434 Vopiscum
708 3360 1185 3435 edidit,_Bomanas
1216 3360 1435 3435 lusorias
1474 3361 1677 3435 barbari
1713 3362 1803 3435 Aiu-

211 3430 522 3501 céndissen't,
556 3437 715 3504 vulgo
755 3430 949 3504 excudi
985 3433 1228 3504 solitum,
1259 3430 1522 3504 Romanas
1551 3432 1802 3504 luxurias.

212 3506 287 3562 Et
312 3506 548 3562 Iacobus
588 3502 951 3562 Gothofredus
981 3503 1034 3557 in
1075 3503 1194 3557 loco
1232 3503 1394 3572 paulo
1428 3513 1554 3558 ante
1593 3503 1810 3559 laudato

165 3586 179 3598 '
212 3586 613 3634 commemorat
671 3576 775 3630 tria
828 3574 947 3629 loca
1007 3573 1209 3629 codicis
1265 3572 1660 3639 Tbeodosiani,
1719 3574 1808 3629 ubi

212 3652 478 3718 scriptum
501 3658 584 3704 est
605 3648 824 3703 luxui-iis
855 3661 951 3718 pro
983 3645 1206 3718 lusoriis.

292 3714 524 3792 Spiritus
551 3714 865 3792 redderetur.
885 3717 1213 3792 Lactantius,
1243 3714 1336 3770 lib.
1365 3714 1667 3792 vInstitut.,
1687 3729 1807 3792 cap.

217 3794 278 3847 11
322 3788 351 3845 ε’
370 3790 693 3847 Contendant
718 3791 876 3860 igitur
904 3799 958 3843 ut
985 3790 1208 3854 vincant,
1241 3798 1286 3842 et
1311 3788 1587 3860 exquisitos
1611 3788 1813 3842 dolores

218 3864 520 3932 corporibus
563 3862 882 3927 immittunt,
923 3870 971 3916 et
1008 3860 1138 3914 nihil
1179 3859 1325 3914 aliud
1363 3859 1619 3932 devitant,
1659 3874 1815 3928 quam

218 3946 275 3989 ut
309 3929 374 3989 ne
402 3935 522 3989 torti
547 3934 853 3988 moriantur.
882 3932 949 3987 Et
971 3932 1129 4002 paulo
1158 3942 1280 4000 post
1309 3950 1322 3984 :
1351 3929 1443 3984 Illi
1463 3940 1635 3984 autem
1660 3933 1817 3999 perti-

219 4008 340 4061 naci
368 4007 586 4061 stultitia
602 4005 785 4078 jubent
811 4001 987 4058 curant
1017 4005 1163 4058 tortis
1192 4003 1459 4074 diligenter
1478 4001 1726 4068 adhiberi,
1763 4010 1821 4056 ut

222 4078 292 4132 ad
335 4078 468 4133 alios
516 4076 777 4132 cruciatus
825 4078 1049 4129 membra
1093 4087 1419 4139 renoventur,
1464 4084 1514 4129 et
1558 4082 1821 4143 reparetur

224 4166 386 4208 novus
411 4149 618 4222 sanguis
653 4151 721 4203 ad
749 4163 967 4219 pinnam.

814 4238 1041 4296 CAPUT
1082 4237 1249 4294 XXII.

304 4313 473 4369 Nulla
514 4330 663 4383 poena
706 4329 880 4383 penes.
934 4311 992 4383 In
1048 4310 1560 4383 vetericxemplari
1608 4310 1824 4381 legitur,

230 4385 403 4469 qulla
434 4377 595 4470 poenis
625 4377 762 4440 eum.
781 4385 921 4439 levis.
956 4382 1199 4437 Pessima
1240 4382 1399 4437 lectio
1429 4377 1633 4437 bonum
1665 4377 1828 4438 nobis

379 4475 390 4488 .
414 4474 441 4508 ν
494 4496 507 4511 ο

231 4460 560 4583 maliftdcditsa
582 4527 788 4597 capitis.
813 4524 1136 4581 Emendatio
1155 4541 1370 4596 quoque
1390 4525 1489 4578 ista
1517 4536 1698 4579 nostra
1723 4532 1825 4580 est.

232 4600 366 4655 Nam
401 4610 555 4655 vetus
600 4597 968 4672 codexdbabet
1004 4615 1021 4672 _:
1061 4597 1127 4651 In
1165 4613 1321 4672 causa
1368 4613 1517 4672 plena
1552 4597 1737 4672 capitis
1780 4604 1829 4650 et
1855 4610 1911 4672 D

230 4672 606 4726 animadversio
634 4670 796 4743 gladii
825 4669 1099 4743 admodum
1128 4670 1324 4737 paucis,
1352 4680 1457 4743 etc.
1485 4668 1699 4724 Scilicet
1724 4682 1830 4724 vox

238 4761 391 4815 plena
430 4745 481 4798 in
516 4740 660 4797 hunc
694 4740 869 4815 locum
897 4742 1112 4811 irrepsit
1142 4757 1208 4797 ex
1239 4741 1536 4815 superiore.

309 4814 510 4869 Bonam
538 4824 770 4868 mortem.
805 4812 860 4866 Id
892 4822 996 4877 est,
1030 4829 1136 4867 non
1165 4825 1406 4867 coactam
1437 4814 1488 4864 vi
1526 4822 1828 4867 tormento-

237 4903 378 4951 rum,
418 4888 511 4942 sed
558 4885 767 4940 facilem
797 4896 851 4940 et
880 4884 1083 4953 absque
1117 4884 1445 4941 cruciatibus
1483 4901 1494 4935 ι
1524 4883 1829 4952 cnjusmodi

238 4970 365 5014 sunt
406 4957 675 5028 prosectio
721 4972 1001 5020 venarum,
1034 4954 1385 5024 strangulatio
1413 4966 1486 5028 et
1536 4970 1824 5028 venenum.

241 5026 418 5090 Infra,
434 5045 556 5099 cap.
578 5028 732 5083 Qtide
760 5028 965 5082 Severo
996 5045 1008 5078 :
1040 5028 1153 5099 Quo
1184 5031 1319 5099 facta
1346 5026 1474 5099 nihil
1500 5027 1643 5099 aliud
1662 5027 1831 5099 impe~

242 5105 411 5163 travit,
443 5096 541 5155 nisi
560 5102 745 5154 bonam
766 5110 996 5152 mortem.
1032 5096 1168 5150 Nunt
1188 5098 1328 5150 venis
1357 5098 1403 5152 ei
1434 5098 1624 5163 incisis,
1651 5098 1832 5151 leniter

244 5175 373 5226 mori
402 5184 610 5227 coactus
634 5182 727 5226 est.
753 5171 817 5224 Et
844 5186 964 5236 cap.
996 5170 1066 5222 50
1091 5171 1158 5222 de
1188 5168 1511 5231 Maximiano
1541 5169 1791 5223 Herculio
1816 5185 1828 5221 :

244 5242 518 5300 Postremo
548 5244 704 5296 datur
722 5242 769 5295 ei
793 5249 1011 5307 potestas
1034 5240 1203 5294 libera:
1232 5241 1426 5303 mortis,
1460 5257 1520 5294 ac
1550 5240 1741 5293 nodum
1763 5240 1836 5293 in-

247 5319 426 5387 {armis
454 5313 728 5387 lethitrabe
752 5312 993 5387 ne_ctitab
1016 5311 1157 5387 alta._
1172 5310 1282 5366 Sed
1312 5313 1364 5365 in
1391 5311 1837 5387 b_oc_La_ctantius

247 5382 624 5441 adversantem
664 5384 767 5439 sibi
792 5384 1033 5438 Tacitum
1072 5382 1253 5443 habet.
1288 5383 1429 5453 quod
1470 5384 1544 5437 ait
1574 5382 1838 5437 Severum

249 5459 604 5513 leuitermori
661 5465 903 5509 eoactum
948 5455 1131 5509 incisis
1179 5455 1349 5509 venis.
1412 5454 1542 5507 Nam
1593 5453 1836 5518 Tacitus,

253 5530 344 5585 lib.
380 5545 472 5584 th
512 5527 821 5590 Annalium,
850 5536 1101 5582 extremo
1129 5541 1295 5595 agens
1326 5525 1394 5579 de
1435 5523 1718 5590 Petronio,
1750 5523 1842 5595 qui

251 5617 317 5655 eo
342 5615 543 5671 genere
575 5599 1061 5671 mortisextinetus
1089 5594 1195 5663 est,
1227 5599 1303 5652 ait
1332 5613 1346 5650 :
1383 5596 1515 5651 Max
1543 5594 1846 5652 lentitudine

1917 3308 2026 3347 non
2070 3302 2244 3367 potest
2284 3294 2411 3367 quin
2441 3294 2617 3367 Dacia
2651 3297 2926 3351 tributaria
2974 3295 3157 3361 fuerit,
3208 3294 3513 3367 pratsertitn

1911 3379 2037 3418 cum
2066 3364 2380 3419 Lactantius
2403 3364 2455 3419 id
2487 3369 2760 3434 expressis
2787 3370 2965 3423 verbis
2992 3364 3244 3423 afﬁrmet.

1982 3434 2208 3509 lnjttria:
2237 3445 2391 3491 tutos.
2422 3436 2477 3490 In
2502 3439 2671 3493 veteri
2693 3439 2830 3494 libro
2860 3440 3119 3495 mendose
3141 3442 3402 3509 scriptum
3430 3451 3517 3496 est

1911 3508 2262 3580 injurietatis;
2306 3517 2488 3583 atque
2538 3510 2612 3564 ita
2658 3526 2758 3583 nos
2806 3512 2980 3583 primo
3028 3508 3315 3568 edidimus.
3365 3512 3437 3567 At
3464 3513 3519 3567 in

1911 3578 2153 3634 extrema
2201 3578 2392 3649 pagina
2420 3583 2724 3657 monuimus
2752 3578 3030 3657 legendum
3057 3599 3178 3638 che
3200 3584 3407 3657 injuria;
3436 3593 3518 3637 tu-

1914 3661 2026 3724 tos;
2057 3664 2219 3724 quam
2246 3652 2700 3718 emendationem,
2723 3652 2846 3724 quia
2876 3664 3027 3710 certa
3054 3664 3154 3723 est,
3176 3652 3320 3711 nunc
3337 3664 3516 3711 trans—

1918 3720 2137 3777 tulimus
2165 3722 2216 3776 in
2250 3729 2477 3778 textum.

2475 3814 2706 3873 CAPUT
2760 3816 2951 3876 XXIV.

1996 3926 2384 3990 Constantinum
2402 3930 2695 3987 remitteret.
2723 3930 2995 3999 Zozimns,
3017 3933 3108 4001 qui
3130 3931 3378 3987 inimicus
3398 3939 3519 3987 erat

1924 3999 2302 4066 Constantino,
2329 4001 2606 4056 liiStoriam
2636 4004 2774 4059 banc
2812 4004 2965 4057 aliter
2992 3999 3361 4072 tractatquain
3386 4002 3519 4057 Lac-
3584 4034 3587 4037 »

1926 4072 2129 4142 tantius
2151 4112 2179 4142 ,γ
2196 4072 2491 4127 discessum
2523 4074 2641 4142 ejus
2665 4090 2695 4127 a
2723 4075 2893 4131 latere
2914 4073 3114 4129 Galerii
3147 4090 3253 4127 non
3277 4072 3522 4129 referens

1926 4140 1993 4214 ad
2023 4141 2273 4214 mandata
2303 4140 2601 4199 COnstantii
2625 4184 2640 4210 ,
2686 4144 2781 4199 sed
2810 4146 2875 4200 ad
2902 4145 3246 4201 ambitionem
3294 4155 3345 4199 et
3371 4146 3524 4214 cupi-

1928 4211 2150 4267 ditatem
2194 4213 2529 4269 Constantini
2572 4215 2887 4283 jamdudum
2932 4230 3055 4269 cum
3103 4217 3284 4271 animo
3328 4231 3427 4271 suo
3444 4211 3522 4271 'dc

1932 4283 2159 4356 imperio
2187 4285 2500 4356 cogitantis,
2529 4287 2640 4354 qui,
2672 4303 2738 4343 ex
2765 4301 2872 4356 quo
2898 4286 3161 4341 Severum
3179 4299 3234 4342 et
3279 4288 3522 4343 Maximi-

1932 4370 2072 4429 num
2110 4354 2352 4429 Caesares
2408 4354 2579 4429 factos
2625 4354 2865 4425 vidit,'ea
2894 4358 3007 4411 loca
3032 4358 3384 4429 relinquenda
3410 4370 3526 4414 sta-

1936 4426 2035 4499 tuit
2063 4426 2114 4479 in
2145 4426 2337 4495 quibus
2364 4428 2575 4492 agebat,
2599 4437 2655 4482 et
2672 4428 2740 4483 ad
2771 4440 2971 4499 patrem
2995 4426 3365 4485 Consumtimn
3400 4446 3525 4499 pro-

1938 4496 2103 4552 ﬁcisci
2127 4537 2141 4563 ,
2172 4499 2258 4567 qui
2289 4500 2427 4570 apud
2452 4500 2694 4554 nationes
2721 4496 3077 4565 transalpinas
3098 4513 3236 4566 erat,
3258 4513 3313 4557 et
3336 4496 3527 4556 ιη’Βινίο

1939 4570 2119 4640 tannia
2170 4571 2484 4640 plerumque
2532 4571 2764 4625 vivebat.
2815 4570 3015 4626 Eadem
3069 4573 3229 4630 habet
3271 4575 3525 4628 Aurelius

1935 4639 2121 4696 Victor
2148 4642 2200 4695 in
2231 4641 2369 4697 libro
2388 4639 2456 4697 de
2484 4642 2806 4709 Caesaribus,
2832 4644 3074 4699 scribens
3091 4644 3522 4702 Constantinum.

1936 4715 2108 4787 (ξιιῇιιεΑ
2116 4713 2225 4783 jam
2262 4724 2372 4787 tum
2404 4732 2432 4787 a
2464 4731 2630 4787 puero
2668 4717 2854 4783 ingens
2883 4724 3180 4787 potensque
3196 4719 3406 4770 animus
3436 4730 3527 4768 ar-

1936 4784 2069 4838 dore
2100 4785 2439 4853 imperitandi
2467 4786 2798 4855 agitabatur,
2847 4784 2970 4841 cum
3016 4784 3249 4843 tolerare
3278 4787 3529 4855 nequiret

1939 4855 2194 4912 Severum
2226 4867 2280 4910 et
2310 4857 2649 4910 Maximinum
2679 4858 2846 4912 factos
2878 4859 3041 4912 fuisse
3067 4861 3327 4920 Cwsares,
3358 4873 3418 4910 se
3441 4858 3524 4908 vi-

1936 4929 2132 5002 delicet
2164 4928 2543 5002 pra‘tcrtnisso,
2567 4926 2704 4995 fuga:
2724 4938 3031 4984 eomtnenlo
3057 4930 3224 5002 (quod
3251 4926 3529 5002 apudﬂEu-

1937 4999 2143 5053 scbinm
2189 5014 2402 5069 quoque
2435 5000 2628 5068 legitur
2677 5003 2726 5052 in
2778 5002 2918 5055 libro
2949 4997 3120 5069 primo
3149 5001 3216 5053 dc
3245 5001 3349 5051 vita
3381 4997 3526 5051 Con-

1940 5070 2185 5132 stantini,
2208 5085 2326 5138 cap.
2353 5071 2459 5139 20)
2493 5074 2543 5124 in
2580 5070 2903 5125 Britanniam
2932 5073 2997 5125 ad
3033 5084 3234 5137 patrem
3264 5070 3529 5122 Constan-

1943 5142 2072 5195 tium
2103 5142 2224 5193 vitae
2257 5143 2435 5195 ultima
2458 5150 2702 5210 agentem
2736 5144 3065 5209 pervenisse.
3088 5158 3258 5210 coque
3290 5150 3525 5199 mortuo.

1942 5212 2151 5267 cunctis
2176 5212 2268 5281 qui
2295 5213 2519 5267 aderant
2546 5212 2912 5267 annitentibus
2932 5253 2948 5276 ,
2984 5214 3263 5280 imperium
3291 5212 3524 5279 cepisse.

1944 5283 2051 5339 Sed
2080 5284 2130 5336 in
2165 5282 2407 5351 Epitome
2432 5282 2679 5346 Victoris,
2703 5282 2789 5335 ubi
2813 5283 3001 5337 eadem
3030 5293 3361 5351 repetuntur,
3391 5282 3532 5335 male

1944 5356 2203 5423 scriptum
2248 5363 2331 5408 est
2360 5355 2776 5408 Constantinum
2801 5352 3147 5423 juvenculum
3171 5368 3199 5405 a
3228 5352 3446 5407 Galerio
3476 5354 3529 5405 in

1945 5422 2078 5481 urbe
2105 5426 2270 5479 Roma
2299 5425 2572 5493 religionis
2599 5423 2781 5492 specie
2809 5422 3053 5476 obsidem
3089 5433 3292 5477 tentmn
3324 5422 3528 5488 fuisse;

1989 5496 2088 5550 uod
2122 5506 2240 5564 post
2266 5495 2548 5562 Epitomen
2576 5495 2716 5564 illam
2743 5494 3011 5564 scriplere
3036 5493 3196 5564 etiam
3232 5494 3490 5547 Baronius
3510 5535 3526 5562 ,

1995 5560 2253 5621 atndcnus
2278 5560 2333 5621 et
2358 5566 2614 5620 Morinus.
2646 5562 2844 5618 Verum
2889 5560 3133 5616 Galerius
3166 5564 3383 5617 Itoiiiam
3418 5560 3531 5617 tum

1954 5639 2210 5708 temporis
2239 5652 2345 5691 non
2375 5636 2597 5697 viderat,
2626 5643 2683 5686 ut
2701 5632 3145 5708 certo_colli_gitur
3165 5650 3230 5688 ex
3252 5632 3423 5708 capite
3462 5634 3531 5708 27

1955 5702 2112 5764 istius
2142 5708 2322 5777 operis
2345 5748 2360 5767 ,
2387 5719 2440 5760 et
2480 5717 2746 5771 nunquam
2777 5702 2975 5777 pcdeut
3000 5706 3054 5777 in
3102 5708 3286 5759 urbem
3335 5705 3534 5777 intulit.

1958 5773 2220 5835 Praeterea
2268 5789 2519 5832 constans
2548 5784 2631 5828 est
2659 5773 2896 5844 omnium
2942 5773 3273 5844 Scriptorum
3315 5775 3539 5842 Opinio,

1961 5868 2084 5907 eum
2149 5850 2389 5906 obsidem
2437 5844 2575 5916 apud
2630 5842 3016 5898 Diocletianum
3061 5842 3112 5899 et
3159 5845 3538 5903 Maxiunanum

252 5668 415 5727 exitus
442 5687 620 5742 graves
647 5669 901 5723 cruciatus
930 5668 1191 5735 aﬂ'erente.

826 5760 1052 5816 CAPUT
1092 5759 1283 5826 XXIII.

330 5853 527 5910 Census
557 5854 610 5906 in
640 5852 948 5922 provincias.
981 5851 1262 5924 Cetiqttalis
1288 5850 1555 5921 professio
1584 5849 1691 5906 duo
1720 5865 1853 5907 eon-
