3950 6368
117 327 234 386 315

838 327 1047 389 ΝΟΤᾹΞ
1086 327 1153 387 ΙΝ
1191 322 1321 386 LIB.
1365 326 1455 385 DE
1494 314 1848 388 MORTIBUS
1885 326 2268 390 PERSECUT.
2310 329 2465 391 CAP.
2506 329 2718 391 XXVII.
2752 328 2766 362 ‘

3326 327 3435 392 346

120 445 389 501 territum
420 446 621 515 injecto
645 461 913 502 armorum
953 445 1186 500 civilium
1215 449 1381 498 metu.
1413 442 1517 496 Alii
1544 453 1731 499 contra
1761 449 1809 508 Α
1840 451 1986 513 patet
2020 443 2172 499 illum
2217 443 2301 499 bis
2331 442 2383 500 in
2414 441 2641 501 Galliam
2667 444 2964 517 profectum
2986 436 3272 517 antequam
3300 445 3432 501 Car-

119 517 388 572 scribunt
420 519 825 581 Diocletianum,
859 532 999 580 cum,
1032 517 1433 585 ingravescente
1462 528 1613 577 :evo,
1643 530 1734 584 pa-

123 604 252 641 rum
296 604 360 644 se
404 589 657 644 idoneum
707 587 1031 643 moderando
1070 587 1299 654 imperio
1326 600 1447 640 esse
1486 586 1734 652 sentiret,

121 668 417 714 auctorem
443 661 693 716 llerculio
713 660 898 723 fuisse,
914 669 972 713 ιιι
988 659 1326 730 inprivatam
1348 657 1733 730 concederent,

121 731 296 799 eique
334 748 479 802 (egre
496 732 758 803 collegam
800 729 1279 802 obtemperavisse,
1308 729 1403 784 sed
1433 738 1610 784 tamen
1641 730 1738 785 ob-

125 805 551 865 temperavisse.

202 870 456 928 Libenter
484 875 722 943 arripuit.
758 875 1053 944 Purpuram
1084 887 1244 944 quam
1274 871 1617 944 deposuerat.
1653 870 1738 927 ln-

121 947 270 1019 certi
323 942 680 1019 pattegyriCus
733 942 890 1016 paulo
916 943 1318 1019 antelaudatus
1353 960 1366 996 :
1407 942 1551 1019 Fecit
1603 948 1737 1019 enim

125 1015 305 1069 Itoma
329 1018 444 1090 ipsa
460 1015 555 1086 pro
581 1015 838 1090 majestate
860 1016 1080 1070 nominis
1106 1017 1207 1077 sui,
1232 1026 1298 1090 ut
1311 1015 1596 1090 ostenderet
1620 1018 1740 1090 pos-

120 1104 184 1140 se
208 1104 266 1141 se
308 1089 466 1141 etiam
492 1086 881 1158 imperatoribus
918 1090 1185 1156 imperare.
1238 1086 1459 1142 Abduxit
1488 1088 1738 1143 exercitus

123 1172 275 1225 suos,
307 1176 372 1212 ac
411 1161 502 1213 tibi
524 1160 776 1224 reddidit;
805 1170 849 1213 et
879 1158 1076 1213 cuntad
1105 1158 1355 1214 sedandos
1384 1159 1581 1212 animos
1608 1175 1734 1213 auc-

120 1231 391 1283 toritatcm
419 1232 603 1299 privati
623 1232 868 1300 principis
879 1231 1156 1295 attulisses,
1170 1230 1426 1300 supplices
1446 1230 1536 1284 libi
1559 1247 1737 1285 manus

122 1300 385 1375 tendens,
415 1304 493 1357 vel
541 1304 708 1370 potius
736 1302 1081 1375 queribunda,
1133 1302 1366 1356 clamavit
1410 1318 1428 1355 :
1462 1300 1740 1375 Quousque

124 1373 226 1424 hoc
244 1414 257 1435 ,
292 1373 628 1438 Maximiane,
657 1372 844 1442 patiar,
868 1387 971 1429 etc.
997 1374 1062 1428 Et
1090 1375 1245 1441 paulo
1269 1384 1389 1440 post
1418 1390 1432 1425 :
1462 1372 1487 1425 Ι
1499 1375 1739 1443 mperasti

144 1444 332 1518 {rident
363 1457 575 1517 rogatus
605 1464 636 1499 a
663 1448 839 1515 fratre,
870 1463 1050 1518 rursus
1075 1446 1267 1514 impera
1285 1447 1469 1518 jussus
1497 1462 1529 1497 a
1556 1455 1734 1499 matre.

174 1515 440 1584 urpuram
464 1518 620 1573 facile
649 1518 957 1572 resumebat
990 1515 1298 1581 Herculius,
1318 1515 1517 1585 quippe
1547 1519 1634 1582 qui
1658 1526 1739 1571 ter

124 1587 435 1659 sumpsisse
463 1588 748 1643 invenitur.
780 1588 955 1659 Atque
976 1589 1078 1643 hoc
1107 1588 1400 1659 pessimum
1431 1587 1735 1657 exetuplum

123 1671 293 1731 causa
320 1657 425 1713 luit
447 1662 636 1715 mortis
666 1657 885 1724 Licinii;
918 1676 1077 1731 quem
1104 1657 1224 1713 eum
1253 1659 1633 1731 constituimus
1662 1660 1738 1713 vi-

122 1728 314 1801 cisset,
350 1746 415 1784 ac
434 1732 484 1786 ei
504 1734 663 1785 vitam
689 1727 1069 1797 conccssiisset,
1095 1739 1279 1801 postea
1308 1727 1541 1801 Herculii
1566 1729 1737 1785 Maxi-

122 1800 288 1853 miani
326 1803 489 1856 soceri
518 1804 598 1856 sui
633 1814 801 1858 motus
829 1804 1060 1874 exemplo
1080 1800 1107 1866 ,ί
1142 1819 1205 1857 ne
1231 1802 1417 1856 iterum
1454 1800 1736 1870 depositam

124 1888 423 1944 purpuram
470 1876 523 1928 in
558 1876 829 1943 perniciem
876 1874 1194 1944 Reipublicae
1216 1881 1464 1937 sumeret,
1513 1874 1734 1929 tumultu

121 1943 359 2017 militari
393 1946 705 2017 erigentibus
736 1948 787 1999 in
829 1943 1194 2000 Thessalonica
1223 2015 1235 2017 _
1248 1944 1406 2017 jussit
1438 1944 1634 2017 occidi;
1676 1955 1734 2017 nt

122 2012 328 2097 legitur
353 2016 407 2097 in
440 2012 760 2097 Fragtiiento
783 2017 848 2071 de
875 2019 1190 2097 Constantio
1208 2012 1428 2097 Chloro,
1456 2030 1576 2097 pag.
1599 2016 1730 2081 475,

124 2083 442 2142 Bottifacius
479 2083 572 2142 vui
630 2092 824 2144 timens
874 2107 962 2153 ne,
1008 2089 1051 2141 si
1083 2087 1402 2143 Ca-lestinus
1433 2101 1463 2139 ν
1505 2083 1729 2143 liberam

123 2158 294 2210 vitam
323 2171 532 2225 ageret,
560 2162 949 2227 poutiliuitum,
981 2177 1086 2226 quo
1115 2174 1174 2215 se
1200 2158 1560 2225 abdicaverat,
1584 2175 1732 2213 resu-

123 2239 324 2300 meret,
358 2247 483 2283 enim
514 2231 566 2285 iu
595 2232 833 2287 custodia
861 2232 1089 2286 detineri
1115 2229 1293 2300 jussit.
1320 2227 1418 2284 Cui
1448 2230 1733 2300 pmiverat

119 2298 339 2354 Callisti
372 2317 410 2354 ll
434 2305 738 2371 exemplum
766 2318 891 2371 erga
924 2298 1239 2356 Buriliuum.

192 2371 505 2428 Ravennam
516 2376 763 2446 confugit.
788 2373 1100 2429 Zozimusin
1130 2371 1731 2446 Iibro_secnndoscribit

123 2442 442 2498 Herculium
489 2442 857 2502 circumvento
884 2446 1238 2500 sacramentis
1267 2444 1470 2499 Severo
1511 2459 1731 2513 persua-

120 2515 287 2579 sisse,
327 2524 387 2569 ut
425 2517 678 2572 Ravenna
707 2518 1004 2578 excedens,
1035 2533 1143 2585 quo
1170 2532 1230 2572 se
1257 2515 1589 2578 contulerat,
1621 2515 1730 2572 Ro-

121 2602 269 2639 mam
302 2589 705 2657 venireteoque
737 2600 1067 2659 pergentem,
1102 2588 1189 2643 ubi
1218 2587 1504 2659 quemdam
1524 2586 1601 2659 ad
1648 2588 1729 2659 lo-

118 2674 245 2712 cum
271 2660 536 2726 venisset,
564 2677 721 2731 quem
740 2658 877 2715 Tres
919 2662 1168 2716 tabernas
1193 2668 1410 2723 vocant,
1433 2658 1500 2731 ab
1522 2658 1728 2716 insidiis

119 2744 262 2800 quas
309 2746 379 2786 eo
422 2732 539 2785 loco
569 2730 865 2787 Maxentius
895 2732 1273 2795 collocaverat,
1303 2730 1723 2800 apprehensum,

120 2799 329 2857 inserta
369 2804 562 2871 laqueo
595 2806 805 2858 cervice
842 2814 1110 2859 necatum.
1141 2803 1335 2858 Incerti
1373 2799 1726 2870 panegyricus

118 2872 487 2928 Constantino
514 2876 689 2929 dictus
728 2886 852 2943 post
880 2874 1157 2929 victoriam
1186 2873 1255 2927 de
1285 2872 1554 2927 Maxentio
1602 2888 1726 2942 par-

123 2955 231 2998 tam
267 2963 285 2999 :
317 2945 545 3001 Duxerat
590 2963 826 3016 magnum
875 2947 1091 3001 Severus
1122 2945 1418 3016 exercitum,
1443 2952 1489 2998 el
1534 2946 1726 2998 hostem

117 3031 273 3069 suum
292 3017 511 3084 perﬁdia
535 3014 760 3073 desertus
779 3025 1077 3072 armaverat.
1104 3015 1305 3071 Auctor
1331 3014 1633 3084 Ft'agtttenli
1658 3017 1725 3071 de

118 3086 445 3160 Constantio
470 3089 692 3153 tthoro,
722 3104 841 3160 pag.
871 3088 1015 3145 472:
1048 3088 1288 3143 Desertus
1314 3087 1593 3160 Severusa
1616 3088 1725 3142 suis

122 3159 256 3228 fugit
280 3159 593 3215 Ravennam.
620 3158 1053 3216 Per‘Maxentium
1074 3160 1239 3226 ﬁlium
1260 3159 1358 3227 (sic
1380 3158 1521 3214 enim
1546 3159 1733 3226 legem

1842 525 2067 569 nuutum
2103 525 2341 585 peteret,
2398 530 2452 571 et
2497 519 2883 574 Diocletianum
2914 535 3018 576 non
3055 520 3281 584 vidisse,
3328 517 3429 574 nisi

1839 595 1963 711 post
2011 588 2223 657 nuptias
2265 587 2601 646 Constantini
2632 600 2685 645 et
2732 590 2962 646 Faustae.
3004 591 3073 646 At
3100 592 3240 647 enim
3287 590 3430 661 quod

1885 658 2148 711 actantius
2172 670 2225 711 et
2252 658 2498 711 Zozimus
2524 662 2705 711 aiunt-
2741 662 3047 711 Hercnlinm
3075 660 3430 711 Constantino

1885 658 2148 714 actantius
2172 670 2225 714 et
2252 658 2498 715 Zozimus
2524 662 2706 727 aiunt,
2739 662 3047 719 Herculium
3075 658 3431 718 Constantino

1841 729 2004 784 tiliam
2032 730 2376 806 promisisse,
2409 733 2564 787 aliter
2596 733 2791 806 legitur
2818 734 2870 789 in
2892 736 3211 806 panegyrico
3241 734 3427 806 incerti

1838 800 2076 856 auctoris
2103 800 2247 856 dicto
2291 802 2343 855 in
2391 805 2587 873 nuptiis
2614 800 2953 861 Constantini
2980 800 3304 869 et'Faustic,
3340 804 3428 860 ubi

1838 873 2209 945 scriptumest
2246 873 2656 930 Constantinum
2701 892 2819 931 eam
2860 878 3156 945 postulasse
3198 894 3225 929 a
3258 876 3427 930 Maxi-

1838 944 2037 998 miano.
2096 943 2201 999 Sed
2244 950 2471 1016 profecto
2520 948 2653 1001 sicut
2677 956 2798 1009 tuo,
2832 943 3198 1013 Constantine,
3255 963 3431 1002 socero

1836 1026 1955 1089 ante
1984 1026 2057 1070 est
2084 1016 2352 1089 conciliata
2380 1015 2638 1082 divinitas,
2662 1035 2815 1086 quam
2835 1019 2897 1071 ab
2922 1031 2979 1072 eo
3005 1020 3187 1089 pignus
3218 1020 3316 1087 ipsi
3345 1036 3432 1073 ca-

1837 1086 2094 1170 rissimum
2126 1087 2438 1170 postulares,
2486 1089 2560 1170 sic
2584 1098 2629 1142 et
2656 1106 2794 1142 nunc
2820 1086 3015 1170 quoque
3041 1086 3093 1143 in
3119 1086 3431 1170 liacpgratuo

1838 1156 2030 1212 latione
2056 1156 2201 1229 prius
2244 1158 2336 1213 illa
2364 1158 2580 1231 dicenda
2608 1168 2727 1213 sunt
2752 1202 2765 1226 ,
2790 1156 2902 1231 quae
2928 1156 2979 1215 in
3008 1170 3055 1214 te
3082 1156 3430 1231 considerans

1837 1237 2008 1302 tantus
2036 1231 2242 1302 iste,iet_
2251 1229 2451 1302 paterni
2468 1271 2480 1293 ,
2510 1243 2557 1284 et
2585 1232 2660 1284 tui
2689 1229 2869 1286 auctor
2894 1230 3114 1302 imperii,
3134 1233 3335 1285 lwtatus
3355 1239 3429 1286 est

1836 1299 1976 1369 quod
2000 1301 2187 1370 petisti.
2219 1299 2320 1358 Ubi
2351 1302 2563 1355 interim
2590 1299 2983 1358 observandum
3008 1311 3090 1358 est
3106 1302 3256 1365 illud,
3283 1303 3426 1371 quod

1836 1371 1911 1424 ait
1936 1373 2186 1446 scriptor
2206 1373 2361 1446 istius
2387 1374 2694 1446 panegyrici
2716 1415 2731 1441 ,
2759 1373 3064 1446 llerculium
3094 1388 3214 1428 esse
3240 1384 3425 1427 aucto-

1838 1458 1951 1517 rem
1982 1443 2189 1515 imperii
2214 1441 2577 1517 Constantini:
2608 1445 2722 1514 Qua
2750 1444 2818 1501 de
2858 1460 2915 1500 re
2958 1445 3081 1501 vide
3107 1461 3225 1517 qua'.
3259 1461 3423 1516 supra

1837 1513 1981 1569 dicta
2007 1513 2132 1570 sunt
2160 1516 2225 1569 ad
2256 1528 2415 1583 caput
2441 1516 2532 1571 ’25.

1915 1586 2044 1641 Sim:
2073 1588 2284 1641 minoris
2314 1588 2455 1656 ﬁliaz.
2489 1588 2615 1643 lleic
2639 1588 2917 1644 admoneri
2960 1588 3236 1651 convenit,
3274 1603 3427 1643 men-

1839 1656 1972 1732 dose
2004 1659 2249 1732 in_vete_ri
2278 1659 2466 1732 codice
2506 1662 2764 1732 scriptum
2811 1676 2932 1717 esse
2954 1703 2967 1727 ,
3003 1663 3075 1717 sic
3104 1660 3427 1732 minorisfa-

1839 1727 2016 1783 milite.
2065 1728 2317 1800 lntelligit
2350 1740 2527 1787 autem
2576 1727 2847 1788 Faustam.
2895 1732 3003 1788 Sed
3051 1727 3428 1800 inquirendum

1765 1838 1811 1899 Β
1952 1800 2002 1853 in
2036 1810 2295 1899 tempus,”
2296 1818 2404 1872 quo
2432 1804 2640 1899 nuptis;
2655 1804 2990 1899 Constantini
3021 1814 3074 1859 et
3106 1800 3429 1886 Faustzece-

1842 1870 2059 1946 lebrata}
2080 1870 2223 1927 sunt.
2255 1870 2474 1946 Cér‘tnm
2498 1870 2579 1930 est
2608 1876 2867 1946 Severum
2895 1880 3191 1946 Augustum
3220 1875 3458 1946 extinc-'

1838 1951 1946 1997 tum
1978 1943 2141 1999 fuisse
2164 1960 2305 1999 anno
2339 1943 2535 2000 Christi
2580 1946 2685 2001 507
2702 1938 2937 2002 fleunte
2958 1938 3326 2016 ,"quanquam
3357 1945 3428 2002 de

1834 2029 2022 2069 mense
2070 2030 2175 2069 non
2223 2026 2454 2070 constat.
2491 2017 2680 2073 Postea
2727 2018 3091 2074 Maximianus
3146 2017 3425 2073 Herculius

1834 2084 2046 2139 Fausta-
2071 2098 2224 2156 pater
2251 2089 2301 2141 in
2332 2087 2562 2144 Galliam
2598 2090 2871 2158 proiectus
2900 2100 2982 2144 est
3004 2131 3018 2153 ,
3043 2102 3094 2143 lli
3118 2089 3422 2144 Constanti-

1833 2172 1959 2231 num
1989 2158 2227 2231 partibus
2258 2159 2370 2213 suis
2412 2161 2745 2228 conciliaret,
2793 2161 3070 2231 promissis
3096 2160 3170 2215 illi
3214 2159 3425 2216 Fausta:

1833 2227 2058 2302 minoris
2088 2229 2213 2302 lilia:
2268 2231 2468 2299 nuptiis
2499 2248 2512 2293 ;
2553 2227 2738 2302 eoque
2773 2227 3037 2302 promisso
3082 2233 3299 2302 impleto
3324 2274 3337 2297 ,
3369 2239 3427 2287 ut

1832 2297 2084 2371 Zozitnus
2131 2301 2240 2369 ait,
2283 2297 2609 2371 persuadere
2640 2297 2935 2359 conabatur
2975 2297 3321 2359 Constantino
3368 2313 3426 2358 ut

1831 2369 2195 2427 discedentem
2247 2369 2311 2428 ei
2354 2372 2502 2429 Italia
2531 2374 2804 2430 Galerium
2832 2374 3208 2431 Maximiauutn
3234 2390 3423 2442 prose-

1830 2452 2110 2516 queretur.
2142 2444 2221 2499 Ex
2251 2443 2445 2514 quibus
2489 2446 2668 2501 verbis
2696 2446 2967 2516 colligitur
3015 2447 3227 2516 nuptias
3255 2448 3423 2502 tuisse

1829 2512 2133 2588 celebratas
2158 2532 2223 2571 eo
2266 2512 2509 2585 iempore
2530 2559 2545 2584 ,
2594 2534 2700 2588 quo
2729 2512 2979 2574 Galérius
3005 2512 3122 2573 erat
3151 2518 3202 2572 in
3232 2516 3376 2572 Italia
3404 2558 3421 2584 ,

1828 2585 1912 2660 vel
1935 2597 2079 2641 certe
2106 2603 2229 2642 cum
2259 2588 2311 2660 in
2337 2585 2780 2660 procinctu—esset
2811 2589 3007 2646 Italica:
3032 2589 3417 2659 expeditionis.

1830 2656 1961 2710 Cum
2010 2667 2189 2732 autem
2235 2656 2355 2732 ille'
2384 2662 2433 2713 iu
2467 2660 2736 2732 Illyriorum
2766 2677 2831 2716 ex
2863 2660 3012 2717 Italia
3044 2656 3212 2718 redux
3262 2661 3423 2732 luerit

1829 2741 1971 2784 anno
1995 2730 2186 2784 eodeni
2232 2730 2335 2786 507
2362 2741 2489 2794 ante
2517 2730 2754 2787 incusem
2784 2734 3143 2799 septembrem
3171 2774 3186 2797 ,
3227 2741 3282 2786 ut
3307 2730 3424 2801 opi-

1830 2814 1930 2870 nor
1951 2841 1965 2867 ,
1994 2811 2047 2854 et
2072 2818 2135 2857 ex
2169 2807 2343 2870 capite
2362 2801 2432 2857 27
2464 2802 2616 2859 istius
2665 2804 2786 2858 libri
2816 2804 3168 2860 'Lactautiani
3211 2813 3423 2860 constet

1830 2868 2137 2946 llerculium
2170 2868 2393 2929 Romam
2418 2874 2607 2929 iterum
2643 2876 2939 2943 profectum
2968 2886 3087 2946 post
3116 2876 3290 2945 fugam
3313 2874 3420 2931 Ga-

1830 2941 1946 2995 lerii
1970 2984 1983 3007 ,
2032 2959 2095 2997 ac
2124 2960 2246 2998 cum
2290 2961 2500 3000 rursum
2531 2941 2720 3002 eodem
2760 2963 2901 3003 anno
2934 2941 3195 3003 rediissef
3206 2947 3259 3001 in
3288 2946 3417 3002 Gal-

1828 3013 1965 3087 llas,
2005 3014 2079 3068 ibi
2109 3015 2493 3087 aliquantulum
2546 3028 2810 3073 moratmn
2854 3034 3010 3083 esse,
3052 3027 3106 3073 et
3151 3027 3332 3087 postea
3362 3016 3417 3072 in

1827 3083 2095 3156 Illyricum
2119 3085 2185 3140 ad
2201 3083 2395 3142 urbem
2422 3089 2709 3143 PtillttOllltt‘.
2721 3090 3051 3145 Carnuntum
3067 3083 3296 3152 venisse,
3316 3088 3417 3142 ibi-

1827 3170 1931 3231 que
1962 3157 2125 3231 fuisse
2154 3160 2186 3212 5
2217 3159 2334 3214 itIUs
2371 3161 2677 3215 novembris
2697 3202 2711 3225 ,
2745 3178 2852 3231 quo
2872 3161 2959 3216 die
2990 3158 3225 3216 Licinius
3253 3176 3279 3211 a
3305 3158 3417 3216 Ga-

118 3223 279 3303 du'm)
297 3241 533 3287 evocatus
565 3232 687 3287 illuc
714 3234 844 3287 venit
878 3223 1175 3293 Herculius,
1207 3223 1293 3301 qui
1322 3247 1414 3301 per
1438 3223 1725 3303 perjuriuitt
1749 3223 1794 3287 C
1829 3223 1964 3303 lcrio
2004 3229 2174 3283 lactus
2206 3240 2287 3283 est
2315 3230 2606 3300 imperator
2631 3273 2647 3298 ,
2693 3223 3034 3287 manifestum
3077 3231 3419 3288 Constantini

124 3300 373 3372 Severum
410 3303 676 3372 deceptum
720 3306 968 3359 custodite
995 3303 1225 3369 tradidit,
1254 3313 1301 3357 et
1322 3300 1724 3372 ’captivi'habitu

123 3371 175 3424 in
202 3373 381 3427 urbem
412 3376 680 3441 perduxit,
712 3376 833 3429 etin
860 3376 985 3429 villa
1012 3374 1215 3437 publica
1256 3371 1437 3443 Appia
1465 3373 1558 3425 via:
1577 3373 1725 3443 trice-

122 3444 253 3515 simo
280 3446 525 3499 milliaria
554 3447 798 3501 custodiri
827 3447 965 3515 fecit.
993 3445 1179 3500 Postea
1199 3441 1316 3498 cum
1341 3441 1579 3498 Galerius
1611 3441 1722 3498 Ita-

124 3512 244 3568 liam
269 3526 477 3591 peteret,
505 3518 595 3571 ille
606 3512 878 3591 jugulatus
894 3527 989 3591 est,
1013 3529 1059 3591 et
1081 3516 1264 3591 deinde
1284 3516 1475 3569 relatus
1497 3515 1565 3591 ad
1587 3524 1724 3570 octa-

122 3600 239 3640 vum
257 3588 580 3653 milliarium,
604 3586 837 3644 conditus
858 3590 911 3643 in
934 3587 1136 3643 Catieni
1156 3595 1495 3642 monumento.
1519 3586 1593 3640 Ex
1617 3603 1723 3653 quo

126 3658 246 3712 loro
290 3659 513 3726 collegit
563 3661 827 3716 Henricus
864 3660 1111 3715 Valesius
1167 3658 1274 3712 t‘atli
1308 3658 1619 3726 Eutwpiuin
1666 3668 1722 3714 et

124 3726 403 3784 Aurelium
428 3726 724 3797 Victorem,
757 3732 846 3801 qtti
891 3735 1148 3787 Severum
1178 3730 1449 3785 Ravenna:
1482 3730 1722 3786 occisum

124 3817 244 3855 esse
274 3802 538 3857 scribunt.
582 3804 657 3859 De
679 3805 797 3858 loco
827 3804 988 3873 igitur
1020 3802 1111 3857 ubi
1143 3802 1376 3873 Severus
1406 3803 1569 3873 vitam
1603 3802 1723 3855 titti-

124 3876 197 3926 vit
238 3875 661 3930 controvertitur
706 3871 1158 3929 inter'eruditos.‘
1187 3873 1319 3928 Nam
1357 3871 1613 3943 Scaliger,
1667 3874 1721 3929 in

124 3945 679 4000 animadversionihus
705 3947 771 4002 ad
800 3946 1114 4012 Eusebium,
1161 3948 1236 4001 ait
1262 3961 1365 3998 nou
1385 3944 1630 3999 dubitare
1660 3960 1721 4001 se

125 4016 254 4084 quin
289 4017 394 4071 illm
424 4017 562 4073 Tres
615 4018 854 4074 taberna:
880 4018 933 4073 in
963 4033 1092 4087 agro
1137 4016 1447 4071 Ravennate
1497 4014 1716 4087 fuerint,

125 4102 299 4161 {temne
336 4090 494 4143 aliter
520 4090 696 4158 colligi
726 4106 887 4156 posse
936 4086 1016 4144 ex,
1036 4089 1216 4144 verbis
1253 4086 1476 4161 Zozitni.
1517 4086 1720 4161 Contra

128 4156 368 4214 Valesius
423 4156 701 4216 contendit
727 4161 860 4217 'I‘rcs
906 4162 1025 4215 illas
1054 4160 1305 4215 tabernas
1358 4158 1523 4213 fuisse
1551 4159 1604 4214 in
1633 4159 1719 4213 via

126 4228 293 4299 Appia
322 4248 486 4303 prope
514 4233 759 4289 Romam.
792 4220 989 4288 Partim
1017 4243 1196 4286 autem
1229 4230 1505 4303 probabile
1555 4241 1640 4285 est
1666 4231 1719 4286 id

126 4302 265 4374 Quod
283 4302 599 4374 Sigoniusiu
626 4307 763 4359 libro
790 4305 1029 4361 secundo
1052 4304 1119 4357 de
1140 4302 1469 4374 Uccideutali
1495 4302 1719 4371 imperio

125 4372 430 4442 collegit—ex
457 4376 696 4443 Zozimo,
730 4376 987 4432 Severum
1032 4374 1334 4429 Maximiani
1364 4372 1524 4428 tidem
1564 4387 1720 4427 secu-

128 4447 510 4503 tunrllavenua
533 4449 855 4511 excessisse,
885 4457 1047 4517 atque
1066 4446 1132 4501 ad
1156 4445 1289 4500 Tres
1320 4443 1572 4517 tabernas
1587 4459 1719 4517 sese

124 4518 431 4580 Contulisse,
466 4520 607 4574 haud
654 4520 817 4577 dubia
863 4513 974 4580 sne'
1004 4518 1224 4573 duetum
1255 4515 1440 4569 urbem
1473 4531 1531 4568 se
1556 4513 1718 4571 Maxi-

125 4588 285 4642 miani
308 4605 464 4658 Opera
488 4600 851 4662 recepturum.
883 4592 1053 4659 Quam
1078 4587 1279 4662 Sigouii
1305 4586 1613 4662 Opinionem
1632 4603 1718 4662 se-

123 4668 400 4735 cutns_est
448 4658 809 4735 Hieronymus
858 4662 1073 4717 Rubeus
1103 4664 1158 4716 in
1194 4660 1332 4714 libro
1362 4658 1599 4714 secundo
1628 4658 1718 4715 lli-

124 4740 255 4782 stor.
290 4731 674 4789 Ravennatum'.

211 4800 354 4855 Venis
378 4806 569 4860 incisis.
595 4806 796 4860 Contra
814 4805 1062 4859 Zozimus
1091 4804 1239 4870 libtt,
1267 4812 1322 4858 et
1346 4813 1533 4857 auctor
1562 4802 1719 4873 Frag-

126 4878 290 4926 menti
323 4875 730 4931 de'Constantio
775 4878 976 4930 Chloro
1005 4876 1283 4940 scribunt,
1318 4885 1375 4929 ut
1405 4875 1561 4943 paulo
1590 4887 1717 4930 ante

126 4943 367 5011 vidimus,
398 4948 654 5003 Severum
679 4948 860 5002 fractis
882 4948 1073 5017 laqueo
1099 4947 1398 5002 cervicibus
1414 4946 1710 5015 expirasse.

674 5058 900 5115 CAPUT
937 5058 1148 5113 XXVII.

196 5150 445 5224 Adjtmcto
497 5151 803 5206 Maximino.
846 5151 1215 5222 Cognomeuto
1242 5151 1370 5206 Daia
1410 5152 1493 5207 vel
1534 5153 1709 5223 Data,

126 5223 215 5289 qui
245 5221 514 5278 Orientem
542 5221 971 5277 administrabat.
1688 5221 1697 5291 ς

201 5292 551 5361 l’roﬁciscitur
580 5296 634 5348 in
660 5293 907 5349 Calliam.
946 5295 1074 5349 llttic
1103 5295 1394 5348 narrationi
1426 5294 1581 5349 ﬁdem
1612 5294 1707 5349 ad-

127 5366 285 5416 struit
322 5368 473 5420 etiam
505 5365 782 5432 Zozimus,
818 5375 992 5419 tamen
1031 5366 1132 5420 etsi
1160 5367 1210 5419 in
1240 5381 1416 5420 rerum
1444 5377 1587 5421 erret
1616 5382 1708 5420 or-

126 5435 253 5506 dine
306 5439 709 5499 uarrandarum,
749 5437 1051 5491 llercnlium
1108 5436 1357 5506 inquiens
1385 5453 1450 5492 eo
1506 5448 1703 5493 conatu

128 5504 465 5572 frustratum,
506 5524 612 5578 quo
641 5508 1024 5563 Diocletianum
1061 5504 1370 5576 pertrahere
1406 5508 1553 5563 nisus
1585 5519 1701 5563 erat

126 5578 190 5630 ad
246 5580 618 5633 resumendutn
672 5581 983 5646 imperium,
1036 5594 1246 5650 rursum
1295 5595 1484 5635 versus
1535 5581 1701 5650 Alpes

126 5651 481 5714 contendisse,
511 5661 566 5703 ιιι
594 5662 1018 5706 commorautem
1046 5651 1115 5704 ibi
1138 5649 1549 5705 Constantinum
1570 5649 1700 5705 cen-

130 5722 357 5784 veniret,
386 5731 438 5774 et
470 5722 629 5792 tiliam
660 5720 709 5774 ei
741 5720 985 5775 FauStam
1012 5722 1344 5790 promisisse,
1378 5737 1549 5792 eoque
1575 5738 1698 5792 pro-

126 5793 287 5845 misso
315 5792 551 5859 impleto,
581 5790 764 5845 fallere
786 5806 1032 5847 conatum
1063 5795 1352 5847 hominem.
1393 5790 1589 5855 Errat,
1616 5794 1698 5846 iu~

120 5876 307 5930 quam,
353 5862 618 5920 Zozimus.
657 5864 813 5931 Nam,
838 5879 904 5921 ex
947 5865 1118 5936 capite
1148 5865 1215 5919 27
1256 5875 1308 5920 et
1337 5864 1407 5919 29
1438 5863 1697 5923 Lactantii

1827 3307 1881 3351 et
1923 3298 2132 3373 Fausta:
2181 3298 2399 3371 nuptias
2429 3304 2702 3373 aliquanto
2739 3312 2982 3373 tempore
3009 3313 3134 3359 ante
3177 3318 3418 3358 mensem

1824 3372 2185 3443 Septembrem
2211 3375 2336 3427 anui
2361 3373 2468 3430 307
2494 3372 2704 3430 cuiisse.
2733 3372 2789 3431 Si
2818 3386 2962 3429 certa
2992 3384 3178 3430 essent
3198 3390 3319 3443 quae
3347 3373 3419 3431 de

1822 3438 2159 3515 Constantini
2192 3444 2354 3499 initiis
2398 3445 2649 3501 dicuntur
2684 3463 2713 3515 a
2748 3447 2811 3500 Il.
2846 3446 2908 3501 P.
2937 3446 3098 3502 Petro
3140 3438 3231 3502 Fr:
3261 3444 3417 3501 Chii-

1825 3512 1972 3567 lletio
2003 3514 2055 3568 in
2093 3516 2364 3589 notisad
2417 3516 2662 3588 Vigilium
2702 3512 3039 3587 ‘Tapsensem
3065 3559 3082 3584 ,
3131 3533 3236 3573 non
3280 3532 3418 3589 opus

1824 3595 1979 3658 eSset
1996 3601 2057 3639 ea
2090 3586 2429 3658 inquisitione
2448 3586 2499 3643 iti
2523 3606 2625 3658 qua
2649 3605 2747 3644 nos
2772 3586 3027 3645 hactenus
3047 3586 3410 3645 cxercuiuius.

1826 3655 1874 3709 Is
1896 3656 2041 3730 enim
2073 3655 2350 3714 contendit
2401 3655 2612 3729 nuptias
2637 3660 2974 3718 Constantini
3020 3677 3142 3716 cum
3176 3660 3372 3716 Fausta
3395 3702 3414 3730 ,

1825 3728 2109 3802 etinitiutn
2138 3740 2378 3800 augusta:
2400 3728 2680 3802 dignitatis
2710 3734 2764 3788 in
2799 3749 2922 3788 eum
2953 3733 3160 3789 collatm
3185 3750 3214 3786 a
3244 3728 3413 3787 Naxi-'-

1825 3800 2004 3874 [ttjgtto
2074 3816 2305 3874 socero,
2364 3800 2609 3859 evenisse
2663 3804 2697 3859 8
2751 3804 2965 3861 kalend.
3024 3805 3232 3874 augusti
3288 3803 3417 3859 anni

1823 3868 2180 3946 507‘,_eatlem
2211 3874 2460 3946 nimirum
2500 3879 2817 3931 auctoritate
2856 3893 2957 3946 qua
3002 3868 3417 3931 Constantinum

1822 3942 2010 4013 scribit
2055 3945 2225 4012 primo
2267 3945 2534 4002 Czesarem
2567 3947 2764 4003 factum
2792 3965 2820 4002 a
2844 3942 3057 4003 Galerio
3088 3962 3230 4001 anno
3264 3946 3371 4001 505
3392 3986 3411 4013 ,

1910 4010 2110 4086 lialcnd
2139 4018 2379 4086 augusti,
2419 4028 2472 4073 et
2498 4035 2712 4074 rursum
2766 4019 3032 4074 Caesarem
3086 4010 3416 4072 declaratum

1822 4083 1857 4137 8
1910 4083 2166 4157 kalendas
2204 4083 2413 4157 augusti
2466 4091 2591 4144 anui
2638 4090 2785 4155 506,
2840 4089 3134 4144 secundum
3205 4086 3414 4141 obitum

1826 4156 2011 4223 patris.
2066 4159 2172 4213 Sed
2218 4156 2337 4226 quia
2372 4160 2488 4215 haec
2514 4178 2541 4213 a
2570 4161 2683 4215 viro
2704 4162 3005 4215 clarissimo
3049 4176 3153 4212 non
3183 4157 3414 4227 proban-

1824 4234 1910 4299 tur
1933 4267 1947 4291 ,
1999 4232 2303 4285 necessaria
2332 4230 2427 4285 fuit
2452 4248 2513 4285 ea
2541 4247 2668 4288 cura
2695 4273 2709 4297 ,
2740 4247 2897 4299 quam
2931 4247 3028 4286 nos
3070 4227 3416 4285 adhibuimus

1824 4297 1875 4351 in
1902 4298 2544 4374 investigandotempore
2567 4297 2787 4374 istarum
2828 4304 3153 4374 nuptiarum.

1893 4368 1995 4423 Ille
2024 4373 2232 4426 interea.
2265 4368 2513 4428 Galerius
2544 4368 2918 4428 Maximianus:
2944 4372 3209 4428 Cit-ternm
3241 4379 3413 4427 totum

1823 4438 1966 4494 hunc
2012 4454 2325 4514 apparatum
2363 4441 2563 4498 Galerii
2596 4450 2674 4499 sic
2704 4446 2895 4512 paucis,
2928 4444 3235 4514 perstringit
3261 4442 3413 4497 Zozi-

1824 4526 1985 4584 mus:
2037 4511 2166 4566 Cum
2193 4525 2365 4570 autem
2416 4511 2769 4569 Maximianus
2812 4511 3048 4571 Galerius
3090 4511 3229 4569 haud
3266 4530 3413 4584 (equo

1821 4583 2015 4638 tulisset
2041 4588 2211 4656 animo
2238 4603 2353 4655 qua?
2381 4588 2434 4639 in
2465 4586 2705 4642 Severum
2733 4585 2987 4642 Ca'sarem
3012 4588 3277 4655 designata
3300 4583 3413 4656 fue-

1821 4663 1968 4720 rant,
1998 4659 2061 4709 ab
2093 4655 2298 4712 Oriente
2327 4657 2545 4713 Romam
2589 4659 2811 4713 eundum
2851 4662 3053 4724 statuit,
3089 4668 3134 4712 et
3161 4655 3414 4712 admisso-

1822 4741 1936 4801 rum
1964 4728 2166 4801 nomine
2194 4731 2401 4785 meritas
2453 4729 2713 4785 Maxentio
2755 4748 2932 4801 poenas
2978 4730 3305 4800 irrogandas.
3343 4727 3413 4801 Ut

1820 4795 1873 4848 in
1905 4795 2113 4874 Italiam
2140 4802 2428 4869 appulerat,
2462 4818 2642 4869 parum
2662 4795 2801 4874 ﬁdos
2830 4820 2949 4874 erga
2977 4820 3029 4857 se
3056 4795 3277 4874 militum
3304 4799 3413 4874 ani-

1824 4884 1935 4943 mos
1950 4872 2191 4936 sentiens,
2205 4874 2274 4925 ad
2289 4873 2545 4926 Orientem
2576 4873 2722 4943 nullo
2749 4871 3016 4927 corttmisso
3035 4873 3219 4943 pra'lio
3239 4871 3407 4943 rediit.

1894 4939 2157 5012 Populum
2183 4944 2552 4999 trucidaturus.
2590 4942 2964 5012 Fragmentum
2996 4939 3064 4999 de
3092 4941 3410 4999 Constantio

1818 5008 2056 5074 Chloro,
2107 5030 2226 5084 pag.
2265 5015 2371 5070 472
2400 5032 2415 5072 z
2448 5014 2644 5070 Dehinc
2678 5008 2913 5070 Galerius
2959 5031 3077 5068 cum
3120 5014 3407 5084 ingentibus

1817 5084 1978 5152 copiis
2011 5084 2227 5139 Romam
2275 5088 2442 5151 venit,
2495 5088 2717 5141 minatus
2762 5087 2976 5140 civitatis
3020 5087 3315 5146 interitum,
3361 5093 3410 5137 et

1815 5165 1984 5209 castra
2017 5154 2324 5211 Interamna:
2350 5158 2420 5210 ad
2462 5155 2686 5211 Tiberim
2712 5157 2903 5225 posuit.
2941 5154 3081 5209 Tunc
3107 5157 3299 5225 legatos
3338 5153 3409 5208 ad

1814 5227 1987 5283 urbem
2006 5227 2140 5281 misit
2166 5226 2417 5282 Licinium
2432 5237 2478 5282 et
2494 5227 2744 5298 Probum,
2766 5245 2855 5298 per
2876 5227 3186 5294 colloquium
3210 5234 3405 5298 petens,

1812 5307 1868 5349 ut
1896 5314 2052 5365 gener
2079 5300 2220 5363 apud
2249 5316 2477 5353 socerum
2501 5294 2523 5365 ,’
2550 5301 2602 5353 id
2624 5309 2696 5353 est
2717 5340 2731 5364 ,
2766 5294 3064 5352 Maxentius
3086 5298 3226 5367 apud
3253 5295 3407 5350 Gale-

1810 5369 1940 5442 rium
1970 5371 2201 5436 precibus
2232 5373 2392 5442 magis
2420 5387 2576 5441 quam
2625 5372 2812 5442 armis
2845 5378 3023 5442 optata
3068 5378 3400 5442 mercaretur.

1812 5436 1916 5501 Qui
1960 5450 2277 5511 contemptus
2315 5436 2839 5511 vagnovitipromissis
2881 5436 3117 5511 virorum
3156 5437 3407 5493 Maxentii

1807 5520 1978 5575 partes
2033 5509 2481 5567 suas'deseruisse.
2526 5510 2720 5576 Quibus
2764 5509 3092 5579 perturbatus
3134 5520 3271 5563 retro
3296 5524 3406 5563 ver-

1805 5595 1894 5633 sus
1920 5591 2026 5645 est;
2051 5592 2120 5648 et,
2148 5592 2204 5635 ut
2233 5582 2383 5636 militi
2411 5598 2508 5636 suo
2535 5582 2762 5651 pra’dam
2800 5594 3176 5651 quamcumque
3200 5583 3405 5649 confer-

1805 5661 1911 5715 ret,
1942 5652 2230 5722 ﬂamminia
2245 5653 2407 5726 jussit
2430 5648 2647 5726 auferri.
2679 5650 2812 5716 Quid
2836 5648 2954 5726 sibi
2984 5648 3249 5726 _velit_l_toc
3280 5648 3403 5726 lacu

1804 5737 1906 5776 Vox
1936 5719 2260 5791 Ῑιυωωῑυῑωξ
2275 5726 2484 5777 nescire
2505 5719 2574 5777 se
2610 5721 2807 5774 fatetur
2834 5719 3096 5791 Henricus
3126 5719 3395 5789 Valesius,

1806 5804 1859 5847 ct
1890 5788 2078 5849 deesse
2105 5794 2221 5848 heie
2248 5793 2501 5847 noutmlla
2534 5799 2712 5860 putat,
2763 5807 2881 5860 quae
2912 5788 2979 5841 all
3003 5788 3397 5860 Maxitniauutn

1805 5864 2116 5928 Het'cnliutn
2153 5865 2506 5936 pertinebant.
2538 5859 2665 5929 ligo
2713 5859 2890 5929 potius
2928 5859 3392 5941 esistitnaverim,
