3950 6368
93 336 215 405 353

804 336 1047 407 moi/t3
1082 346 1151 405 IN
1189 348 1317 406 LIB.
1363 350 1451 407 ne
1488 332 1839 407 norimus
1879 340 2267 409 perissem.
2307 351 2458 410 car.
2504 350 2673 413 xxx.

3314 358 3421 418 554

97 465 216 532 bis,
253 468 350 524 ubi
407 470 604 547 legitur
647 468 947 547 Herculium
1000 468 1069 523 ab
1104 467 1317 547 Illyrico
1359 468 1717 539 repudiatum,
1748 467 1801 527 Α
1900 466 2084 547 Generi
2125 467 2311 547 ﬁlium.
2343 467 2474 522 Nam
2503 469 2850 547 Constantius
2869 468 3215 547 Eoustantiui
3246 487 3418 547 pater,

100 547 379 609 tanquam
409 540 636 595 sialiter
663 540 925 611 repudiari
972 555 1076 593 non
1109 542 1391 608 potuisset,
1423 555 1580 610 quam
1617 555 1715 593 nc-

101 618 235 682 gata
283 613 334 665 ei
386 613 716 668 habitatione
756 612 964 682 lllyrici.
1005 612 1173 666 Verus
1218 620 1405 666 autem
1430 611 1717 666 verbon

104 680 397 754 liumenii,
425 694 486 738 ut
510 699 610 753 ego
634 680 847 754 quidem
868 684 1119 754 arbitror,
1150 698 1343 738 sensus
1364 683 1451 738 hic
1476 696 1599 754 esse
1622 682 1720 737 de-

101 750 224 827 bet,
283 765 347 807 ιιι
373 757 444 811 ab
471 750 678 827 Illyrico
706 754 1014 827 repudiatus
1056 753 1287 819 dicatur,
1327 755 1450 827 quia
1482 753 1616 827 illic,
1642 761 1719 827 Διιι

102 825 378 893 diximus,
404 824 748 882 suasionibus
772 824 884 880 suis
913 826 1128 881 efﬁcere
1152 842 1256 880 non
1294 824 1466 896 potuit
1505 837 1561 879 ιιι
1596 824 1721 880 Dio-

102 896 387 968 cletianus
418 908 716 953 resumeret
745 898 1045 966 imperium.
1072 897 1255 968 Neque
1276 914 1405 953 vero
1433 896 1716 966 repudium

98 966 249 1040 illud
270 971 503 1040 contigit
529 984 670 1024 anno
691 968 927 1040 secundo
948 978 1068 1040 post
1095 966 1430 1024 consulatum
1453 969 1719 1025 decimum

99 1037 381 1112 Herculii.
412 1037 464 1095 id
492 1050 594 1109 est,
627 1054 768 1095 anno
791 1037 988 1095 Christi
1012 1041 1143 1106 3m,
1170 1049 1230 1095 ut
1253 1050 1404 1112 putat
1449 1040 1716 1107 Valesius,

99 1110 212 1165 sed
241 1111 426 1166 statim
455 1123 576 1183 post
599 1112 846 1184 collatam
880 1113 933 1165 in
985 1112 1247 1184 Licinium
1257 1110 1587 1184 dignitatem
1618 1112 1723 1184 im-

99 1182 469 1253 peratoriam.
498 1183 774 1253 Siquidem
797 1183 1105 1238 Lactantius
1124 1184 1192 1238 de
1222 1182 1461 1238 discessu
1489 1183 1606 1252 ejus
1649 1182 1719 1237 ab

102 1252 341 1323 Illyrico
368 1256 449 1310 sic
471 1255 681 1319 scribit,
706 1264 956 1325 tauquam
986 1255 1055 1309 de
1080 1254 1199 1325 luga
1225 1255 1530 1324 desperata,
1558 1256 1719 1308 adeo-

100 1341 225 1394 que
244 1326 317 1380 de
342 1325 584 1381 discessu
637 1327 815 1381 subito
839 1336 893 1380 et
941 1328 1201 1396 praecipiti
1233 1326 1584 1394 profectione.
1614 1326 1718 1379 De-

102 1396 283 1467 nique
316 1396 547 1452 reditum
587 1396 819 1452 Herculii
856 1397 923 1451 ad
968 1396 1376 1452 Constantinum
1422 1398 1500 1452 sic
1538 1404 1722 1451 narrat

99 1466 392 1540 Valesius,
427 1480 680 1540 tanquam
726 1468 772 1522 si
802 1469 1036 1523 nondum
1067 1469 1160 1523 ille
1200 1468 1606 1524 Constantinum
1639 1470 1720 1523 vi-

98 1539 290 1611 discet
319 1548 440 1611 post
456 1539 793 1595 exactionem
823 1556 977 1611 suam
1005 1540 1073 1594 ab
1105 1543 1237 1595 urbe
1259 1542 1449 1603 Homa,
1478 1541 1721 1610 adeoque

100 1610 263 1680 apud
286 1607 412 1665 eum
433 1621 760 1682 conquestus
788 1628 892 1666 non
920 1607 1108 1667 luisset
1137 1612 1207 1668 de
1243 1612 1335 1666 lilii
1362 1613 1444 1665 sui
1487 1607 1722 1667 crudeli-

101 1692 227 1737 tate
247 1682 533 1737 adversum
564 1697 657 1747 se;
684 1698 805 1736 eum
834 1692 1011 1738 tamen
1039 1693 1190 1739 certo
1239 1683 1472 1738 sciamus
1494 1699 1561 1737 ex
1591 1685 1722 1737 Lac-

100 1755 293 1826 tantio
342 1754 647 1826 Herculium
675 1755 842 1809 Roma
870 1757 1148 1826 profugum
1200 1757 1412 1810 venisse
1468 1755 1639 1823 primo
1666 1759 1718 1810 in

96 1823 353 1898 Galliam
383 1825 451 1880 ad
499 1823 1186 1891 Constantinum,et'hinc
1228 1828 1279 1881 in
1336 1827 1599 1898 Illyricum
1653 1826 1719 1882 ad

101 1894 489 1970 Galerium_et_
503 1898 918 1970 Diocletianum,
945 1909 1000 1953 et
1029 1898 1099 1953 ab
1137 1900 1242 1953 isto
1271 1894 1603 1970 repudiatum
1636 1914 1723 1954 re-

97 1968 284 2023 diisse
313 1970 369 2022 in
399 1966 625 2023 Galliam
656 1969 722 2023 ad
752 1968 1186 2024 Constantinum.

183 2037 425 2108 Utroque
444 2051 709 2108 praesente.
739 2040 1072 2095 Diocletiano
1094 2042 1343 2096 nimirum
1367 2051 1422 2097 et
1445 2041 1721 2096 Maximia-

98 2126 186 2166 no
221 2110 501 2166 Herculio.
546 2109 720 2167 Uuinu
754 2112 875 2167 heie
899 2113 1134 2167 occurrit
1166 2113 1581 2169 examinandum
1604 2155 1618 2175 .
1651 2129 1718 2169 an

100 2185 352 2254 istorum
386 2185 672 2252 praesentia
717 2184 973 2238 trahenda
1011 2184 1166 2238 sitad
1194 2199 1539 2249 consensum,
1575 2200 1718 2254 pra:-

97 2253 311 2308 sertim
341 2268 465 2308 cum
501 2254 602 2309 ista
628 2264 920 2324 agerentur
946 2271 975 2308 a
1004 2254 1242 2319 Galerio,
1274 2256 1490 2310 homine
1524 2253 1713 2310 admo-

96 2325 246 2379 dum
281 2326 550 2394 pervicaci
576 2341 643 2381 ac
668 2327 904 2395 superbo
925 2368 938 2389 ,
968 2336 1024 2380 et
1052 2329 1139 2397 qui
1173 2328 1362 2381 stricto
1397 2328 1543 2382 velut
1587 2343 1719 2383 ense

95 2397 431 2467 supplicare
452 2406 639 2452 suetus
663 2408 801 2462 erat,
823 2407 878 2452 et
900 2414 966 2451 an
989 2413 1291 2452 consensus
1309 2399 1399 2453 ille
1427 2399 1717 2455 trahendus

96 2483 335 2523 rursum
364 2469 529 2541 sitad
554 2478 809 2535 caeteros,
855 2484 1020 2539 penes
1047 2469 1519 2541 quosireipublicm
1546 2479 1721 2541 potes-

97 2552 190 2593 tas
232 2547 380 2593 erat.
431 2538 566 2593 Nam
617 2541 666 2594 id
698 2538 880 2595 dicere
927 2538 1138 2595 videtur
1163 2538 1427 2595 Eusebius
1467 2538 1561 2597 lib.
1599 2556 1716 2609 vni,

93 2625 230 2681 cap.
265 2610 340 2687 135
365 2629 379 2665 :
405 2614 623 2687 Antium;
644 2611 699 2687 δὲ
740 2613 823 2667 ἐπὶ
860 2614 1060 2687 τούτοις
1102 2614 1201 2687 ὑπὸ
1242 2622 1404 2673 κοινῆς·
1429 2614 1603 2687 ψῆφοι(
1618 2621 1718 2668 τῶν

94 2680 447 2760 ξφα-πάκτων
470 2686 805 2760 αὐτοκράτωρ
825 2687 925 2760 κοιὶᾷ
947 2686 1201 2745 σεϐαστός
1231 2680 1527 2760 dumi-iurist
1565 2686 1718 2760 Hauc

96 2754 291 2824 locum
340 2754 665 2824 interpretes
714 2754 785 2809 in'
816 2758 995 2809 varios
1019 2769 1211 2810 sensus
1239 2754 1618 2810 traduxerunt.
1651 2756 1717 2812 Et

94 2823 367 2879 Bullinus
392 2823 613 2896 quidem
659 2826 728 2880 ita
750 2829 921 2882 vertit
949 2843 961 2879 :
998 2827 1105 2882 Sed
1133 2836 1181 2881 et
1209 2825 1436 2880 Licinius
1459 2828 1718 2882 communi

93 2898 349 2969 amasium
372 2900 623 2969 sententia
641 2898 871 2969 adscitus
897 2900 951 2951 in
977 2900 1275 2967 imperium,
1314 2901 1571 2969 Augustus
1598 2917 1717 2968 pro-

94 2968 408 3022 nuntiatur.
443 2968 712 3024 Masculus
746 2986 759 3023 :
794 2968 1025 3023 Licinius
1046 2986 1163 3023 vero
1180 2968 1440 3023 communi
1466 2974 1717 3027 sententia

95 3048 475 3111 potentatuum
525 3051 573 3094 et
620 3042 731 3111 ipse
775 3038 1053 3109 imperaior
1101 3052 1145 3094 et
1186 3042 1449 3111 Augustus
1488 3054 1710 3098 creatur.

94 3110 642 3183 Chgiswphorsonus
674 3129 688 3166 :
718 3111 949 3166 Ucinius
976 3113 1214 3183 deinceps
1253 3110 1508 3167 communi
1538 3130 1714 3171 eorum

91 3180 370 3257 suffragio
394 3193 445 3236 et
471 3199 719 3257 consensu
748 3200 901 3257 penes
920 3199 1054 3257 quos
1076 3180 1276 3238 summa
1303 3194 1525 3257 potestas
1562 3197 1669 3240 erat
1692 3229 1707 3257 ,

94 3256 399 3325 imperator
439 3266 486 3307 et
526 3256 786 3324 Augustus
812 3256 1122 3309 declaratur.
1163 3257 1402 3325 Denique
1430 3256 1712 3315 Valesius:
1742 3260 1788 3322 C

90 3324 350 3379 Licinius
418 3329 675 3379 communi
732 3327 1099 3395 imperatorum
1171 3325 1419 3397 sull'ragio
1491 3328 1714 3396 impera-

92 3407 205 3469 tori
236 3405 294 3451 et
343 3397 603 3469 Augustus
649 3399 938 3452 declaratus
1002 3410 1097 3452 est.
1142 3398 1389 3453 Bullinus
1442 3398 1601 3468 igitur
1658 3401 1710 3456 in

88 3468 393 3541 ambigqu
419 3469 674 3541 relinquit
743 3483 880 3539 quos
910 3470 1132 3541 intelligi
1175 3471 1326 3524 velit.
1384 3469 1566 3540 Neque
1602 3472 1712 3526 cla-

91 3541 219 3595 rius
246 3555 314 3596 se
345 3538 620 3596 Masculus
657 3538 930 3610 explicat,
977 3538 1107 3611 quid
1152 3538 1521 3610 potentatuuin
1552 3557 1711 3599 voca-

91 3612 236 3684 bulo
258 3611 573 3681 signiﬁcare
594 3613 748 3684 uelit,
780 3613 1044 3668 incertum
1084 3612 1495 3684 relinquens.At
1523 3613 1711 3669 Chriso

90 3682 480 3754 topborsonus
508 3692 564 3737 et
592 3682 834 3739 Valesius
873 3685 1074 3755 aperte
1113 3682 1461 3755 pronuntiant
1519 3684 1568 3739 id
1601 3686 1709 3741 fac—

89 3765 213 3808 tum
248 3768 380 3809 esse
402 3758 675 3810 communi
719 3758 1137 3829 imperatorum,
1179 3758 1292 3829 sive
1323 3770 1511 3812 eorum
1542 3772 1708 3825 penes

88 3839 240 3890 quos
258 3840 477 3898 summa
506 3836 746 3895 potestas
771 3827 910 3891 erat,
944 3829 1221 3898 suffragio.
1251 3827 1446 3883 Verum
1476 3831 1576 3883 isui
1626 3831 1706 3884 iu-

91 3897 432 3967 terpretatio
481 3898 769 3967 plttrimum
817 3898 978 3954 habet
1022 3897 1371 3954 difﬁcultatis.
1418 3899 1551 3954 Nam
1581 3916 1703 3955 cum

88 3967 254 4040 istud
272 3969 569 4040 concilium
601 3971 1027 4040 prmcipitanter,
1065 3981 1122 4025 ut
1153 3971 1326 4040 palam
1353 3980 1457 4037 est,
1486 3982 1701 4040 captum

88 4055 129 4113 ιι
146 4039 387 4105 Galerio
412 4041 503 4107 sit,
533 4039 792 4113 temporis
819 4046 1079 4112 angustia:
1110 4039 1217 4097 neu
1240 4039 1608 4112 permiserunt
1647 4055 1705 4099 ut

88 4110 409 4179 Cassi-um,
438 4114 528 4182 qui
553 4113 608 4167 in
636 4110 924 4181 provinciis
951 4123 1124 4177 erant,
1156 4110 1453 4170 consensus
1481 4124 1703 4185 expete-

91 4191 289 4248 retur;
339 4193 395 4237 et
425 4198 531 4238 non
557 4194 674 4238 erat
715 4186 801 4239 hic
830 4200 949 4240 mos
984 4186 1200 4240 Galerii.
1245 4185 1508 4241 Praeterea
1552 4197 1703 4242 certo

88 4254 282 4324 colligi
308 4264 488 4324 potest
511 4271 576 4310 ex
607 4254 839 4312 Eusebio
870 4266 925 4311 et
955 4256 1265 4324 Lactantio,
1300 4258 1373 4311 uti
1404 4268 1588 4326 postea
1615 4259 1700 4313 di-

89 4339 317 4392 cemus,
368 4340 542 4396 neque
572 4326 938 4395 Maximinum,
973 4343 1144 4396 neque
1178 4328 1587 4383 Constantinum
1622 4331 1701 4384 in-

92 4405 415 4468 termgatos
440 4397 627 4452 fuisse.
656 4399 840 4469 Neque
864 4400 1138 4467 probabile
1168 4399 1292 4453 item
1314 4410 1396 4453 est
1440 4399 1697 4454 Maxentii

90 4482 435 4523 consensum
466 4468 631 4541 luisse
659 4468 997 4541 requisitum,
1023 4472 1283 4525 adversus
1312 4486 1472 4540 quem
1502 4470 1696 4525 bellum

94 4541 423 4608 parabatur.
456 4540 743 4610 Reliquum
786 4543 945 4608 igitur
972 4553 1055 4598 est
1083 4552 1139 4596 ut
1166 4541 1254 4596 hic
1282 4541 1496 4595 Ettsebil
1546 4543 1697 4597 locus

93 4612 444 4714 intelligant;
460 4613 530 4667 de
546 4613 977 4714 humanioribus,
1009 4614 1262 4714 niIi'niruu'i
1281 4613 1347 4667 de
1369 4612 1695 4714 Diocletiano
1718 4652 1773 4714 Β

93 4694 372 4714 unum.“
447 4698 544 4714 ηηι.
654 4702 682 4714 η
761 4701 1022 4714 ..-............
1099 4701 1223 4714 ........
1350 4701 1434 4714 .....
1483 4701 1568 4714 ...η
1598 4700 1666 4714 ..η

90 4694 373 4737 veterano
397 4682 544 4752 Rege
563 4724 578 4750 ,
614 4685 682 4738 de
709 4684 1023 4739 Maximiano
1054 4684 1321 4745 Herculio,
1348 4685 1434 4754 qui
1460 4693 1568 4738 tum
1598 4686 1695 4739 im-

90 4755 319 4826 perium
352 4766 737 4826 resumpserat,
775 4757 918 4811 etde
940 4756 1155 4812 Galerio
1190 4757 1529 4811 Maximiano.
1562 4756 1694 4811 Nam

93 4824 150 4895 hi
186 4834 308 4881 tres
353 4834 460 4880 tum
497 4824 653 4882 erant
678 4827 972 4895 Carnunti,
1001 4843 1123 4883 cum
1154 4827 1390 4882 Licinius
1421 4826 1588 4882 lactus
1614 4836 1699 4883 est

92 4894 406 4967 Augustus.
435 4896 622 4968 Itaque
648 4912 835 4954 verum
863 4894 968 4953 non
997 4908 1081 4954 est
1105 4900 1249 4953 omni
1277 4913 1341 4954 ex
1368 4908 1515 4968 parte
1556 4900 1698 4968 quod

94 4968 226 5022 beic
246 4968 329 5022 ait
351 4968 635 5034 Eusebius,
660 4970 919 5025 bicinium
949 4972 1142 5025 factum
1169 4986 1288 5024 esse
1316 4971 1695 5039 imperatorem

94 5048 151 5092 et
171 5040 486 5110 Augustum
503 5042 777 5096 communi
790 5056 977 5097 eorum
997 5056 1283 5109 consensu,
1311 5042 1401 5111 qui
1419 5054 1529 5096 tum
1554 5058 1698 5098 rem-

93 5111 380 5179 publicam
404 5112 769 5181 possidebant.

170 5181 290 5237 Sea:
313 5186 546 5249 fuerunt.
574 5183 831 5239 Nimirum
862 5184 1211 5239 Maximianus
1245 5184 1524 5239 Herculius
1543 5225 1557 5249 ,
1596 5184 1703 5240 Ga-

95 5252 272 5307 lerius
307 5252 698 5325 Maximianus,
731 5256 1048 5311 Maximinus
1073 5266 1431 5325 cognomento
1458 5255 1588 5311 Daia
1617 5257 1701 5311 vel

96 5325 267 5387 lina.
292 5324 703 5393 Constantinus,
734 5327 1033 5384 Maxentius
1056 5336 1112 5383 et
1138 5324 1393 5383 Licinius.

168 5393 439 5450 Generum
484 5413 656 5453 suum.
691 5398 1096 5453 Constantinum
1119 5442 1131 5458 ,
1162 5403 1249 5468 qui
1300 5399 1579 5460 Faustam,
1615 5414 1701 5455 se-

96 5466 275 5521 nioris
315 5468 625 5523 Maximiani
657 5470 919 5525 minorem
953 5472 1114 5524 liliam
1134 5513 1149 5536 ,
1183 5466 1348 5540 paulo
1376 5480 1501 5524 ante
1524 5472 1696 5525 duxe-

96 5547 214 5611 rat_,-
256 5540 457 5593 eodem
486 5554 630 5593 anno
674 5542 946 5611 nimirum,
977 5558 1083 5611 quo
1113 5553 1167 5597 et
1198 5543 1430 5598 Severus
1456 5544 1695 5606 occisas,

95 5621 150 5685 et
178 5609 428 5685 Licinius
458 5611 630 5685 lactus
661 5621 744 5666 est
772 5609 1080 5682 imperator.
1121 5613 1315 5668 Incerti
1348 5615 1701 5685 panegyricus

95 5678 433 5754 Maximiano
456 5693 514 5735 et
538 5678 895 5754 Constantino
917 5685 1091 5739 dictus
1120 5686 1169 5738 in
1211 5678 1411 5754 nuptiis
1454 5678 1697 5738 Faesus:

101 5750 146 5829 ζ)
172 5754 426 5829 divinum
444 5761 617 5829 tuum,
648 5753 961 5810 Maximillae
980 5798 994 5818 ,
1022 5750 1302 5829 judicium,
1331 5757 1418 5829 qui
1446 5759 1583 5811 hunc
1605 5755 1701 5829 tibi

89 5824 217 5894 jure
237 5823 549 5897 adoptionis
563 5834 811 5903 nepotem,
844 5823 1125 5903 majestatis
1143 5828 1318 5899 ordine
1331 5823 1518 5898 ﬁlium,
1550 5827 1701 5882 etiam

96 5894 488 5969 gmm'esse
514 5894 759 5959 voluisti!

1752 1867 1802 1927 B

1823 540 2121 607 repudiata,
2152 540 2414 616 ut__jussu_s
2439 551 2575 616 erat,
2612 542 3211 616 ΙίριιξιιιινΤΙιρηιΙοιαςιιιι
3241 540 3417 616 duxit,

1821 625 1983 696 quam
2012 612 2253 664 nonnulli
2285 613 2500 666 tradunt
2526 614 2760 669 Herculii
2793 615 2956 670 liliam
2981 617 3167 687 fuisse,
3195 620 3288 674 alii
3314 612 3422 690 pri-

1820 696 2035 740 vnanam
2046 722 2059 736 .
2140 704 2157 715 ‘

1874 696 2120 826 83min:
2137 753 2550 826 regiantvestem.
2575 755 2627 809 ld
2649 764 2754 822 est,
2780 772 3104 826 purpuram;
3129 768 3182 814 et
3208 762 3285 815 sie
3314 763 3419 817 ite-

1820 843 1940 883 rum
1965 824 2032 879 ad
2063 826 2224 879 vitam
2258 824 2519 893 privatam
2554 827 2734 882 rediit.
2774 824 2992 883 Factum
3024 824 3163 887 istud
3193 835 3260 886 ab
3288 834 3421 889 Iler-

1822 900 1967 973 guliu
1989 896 2177 973 scribit
2211 896 2511 973 lladt'jantts
2545 895 2858 954 Valcsiusin
2882 901 3017 973 libro
3045 905 3217 973 primo
3240 915 3418 960 rerum

1822 969 2228 1047 Francicarum,
2255 983 2307 1037 p.
2332 967 2394 1022 ιιι
2414 1013 2426 1033 ,
2450 977 2736 1047 numquam
2766 967 3198 1047 proﬁcisceretur
3220 975 3271 1029 in
3298 976 3421 1047 Illy-

1823 1056 2006 1117 rycum
2031 1082 2072 1117 ,_
2094 1040 2146 1093 id
2173 1049 2281 1117 est,
2322 1056 2465 1094 anno
2491 1041 2595 1117 307
2638 1055 2887 1098 exeunte.
2924 1043 3124 1117 Verum
3158 1040 3421 1117 repugnat

1832 1110 2142 1184 Lactantius
2172 1110 2297 1166 huic
2339 1112 2656 1181 sententite,
2710 1118 2800 1184 qui
2845 1116 3134 1170 secundam
3183 1110 3420 1175 Herculii

1823 1182 2213 1259 abdicationem
2245 1184 2447 1259 diserte
2477 1195 2693 1259 revocat
2712 1182 2778 1259 ad
2803 1187 3097 1254 posteriora
3130 1198 3411 1259 tempora:

1823 1255 1916 1309 scd
1943 1268 2141 1308 annum
2174 1270 2279 1308 non
2322 1254 2539 1308 indicat.
2568 1255 2849 1310 Probabile
2884 1265 3057 1311 tamen
3091 1271 3172 1312 est
3207 1254 3257 1313 id
3304 1260 3419 1316 fac-

1826 1337 1937 1380 tum
1967 1342 2071 1379 non
2102 1328 2171 1379 ita
2205 1327 2372 1379 multo
2400 1336 2683 1396 postquam
2709 1327 2774 1379 ad
2799 1328 3205 1382 Constantinum
3229 1331 3421 1385 rediis-

1822 1408 1906 1453 set
1934 1412 1998 1453 ex
2022 1397 2255 1468 Illyrico,
2307 1396 2356 1450 id
2385 1408 2487 1461 est,
2523 1413 2665 1452 anno
2694 1398 2799 1454 508
2829 1400 3069 1465 ineunte,
3095 1401 3213 1465 ipso
3239 1403 3419 1456 decies

1823 1479 1879 1543 et
1904 1468 2229 1543 Maximiano
2251 1469 2459 1543 septies,
2479 1470 2813 1543 consulibus.
2838 1470 2970 1524 Nam
2996 1470 3139 1525 nulla
3164 1469 3422 1543 deinceps

1825 1540 2133 1613 facinorum
2156 1540 2272 1609 ejus
2299 1542 2501 1594 mentio
2545 1542 2773 1596 habetur
2802 1558 2972 1613 usque
3003 1543 3068 1597 ad
3093 1557 3291 1597 annum
3316 1540 3421 1601 5l0

1824 1626 1932 1680 quo
1960 1611 2205 1687 interiit:
2239 1619 2293 1665 et
2322 1614 2404 1665 vir
2422 1613 2802 1687 cupidissimus
2832 1611 3095 1685 signando
3122 1630 3294 1669 annos
3324 1632 3420 1687 per

1824 1683 2143 1757 consulatus
2164 1694 2313 1757 suos,
2338 1686 2523 1738 consul
2538 1684 2795 1757 deinceps
2823 1683 2928 1739 non
2949 1687 3216 1757 reperitur
3233 1683 3419 1742 fuisse.

1901 1754 2097 1826 Relicta
2118 1753 2337 1826 militum
2370 1763 2532 1822 parte.
2576 1756 2627 1808 In
2658 1753 3120 1826 potestatc;soceri
3148 1761 3228 1811 sui
3260 1759 3424 1814 Maxi-

1828 1823 2155 1898 mianified
2172 1824 2335 1878 homo
2359 1827 2592 1898 perlidus
2613 1823 2708 1881 eos
2739 1826 3044 1884 sollicitavit
3064 1828 3129 1883 ad
3154 1827 3424 1898 defectio.

1829 1912 1971 1951 nem.
2012 1896 2209 1961 Testis,
2244 1905 2439 1965 praeter
2467 1896 2825 1963 Laetantium,
2858 1900 3149 1954 Eumenius
3173 1901 3223 1953 in
3258 1896 3422 1969 pane—

1824 1968 2012 2040 gyrieo
2032 1983 2191 2038 quem
2218 1977 2401 2036 postea
2432 1969 2568 2023 dixit
2588 1970 2961 2032 Constantino,
2995 1972 3081 2025 ubi
3104 1985 3225 2027 cum
3249 1968 3418 2029 dixis-

1824 2051 1907 2110 set
1935 2039 2316 2095 Maximianum
2339 2054 2541 2109 genero
2561 2054 2660 2095 suo
2689 2039 2962 2110 peierasse
2982 2084 2995 2107 ,
3027 2044 3208 2097 statim
3234 2045 3419 2101 addit:

1826 2109 1954 2164 Htrc
1977 2120 2052 2164 est
2082 2111 2231 2185 ﬁdes,
2256 2112 2363 2163 lucc
2393 2112 2572 2182 religio
2594 2109 2811 2179 palatini
2833 2115 3046 2167 sacrarii
3072 2115 3250 2167 devota
3273 2133 3423 2185 pene-

1824 2185 2041 2237 tralibtts
2067 2224 2080 2245 ,
2102 2193 2185 2256 ut
2213 2183 2347 2256 lente
2367 2190 2415 2234 et
2442 2192 2769 2248 cunctanter,
2804 2186 2921 2256 jam
2949 2186 3136 2239 scilicet
3166 2183 3280 2239 cum
3318 2189 3423 2243 illis

1824 2256 1942 2308 belli
1967 2255 2218 2317 consiliis,
2235 2254 2428 2329 itinere
2449 2260 2683 2329 confecto
2700 2295 2716 2321 ,
2744 2254 3057 2329 consumptis
3082 2258 3242 2328 capiis
3271 2274 3422 2313 man-

1823 2329 2045 2385 sionum,
2079 2340 2141 2378 ne
2159 2325 2273 2399 quis
2293 2326 2531 2391 consequi
2553 2336 2720 2394 posset
2741 2325 3013 2399 exercitus,
3052 2325 3259 2399 repente
3286 2332 3424 2387 intra

1824 2399 2040 2465 parietes
2069 2396 2349 2449 consideret
2380 2408 2697 2469 purpuratus
2719 2439 2733 2462 ,
2766 2408 2812 2451 et
2837 2398 2915 2452 bis
2953 2396 3245 2469 depositum
3275 2404 3424 2456 tertio

1823 2476 2098 2538 usurparet
2126 2468 2427 2535 imperium,
2471 2468 2663 2523 litteras
2691 2471 2759 2523 ad
2786 2468 3141 2524 sollicitandos
3173 2476 3424 2529 exercitus

1822 2541 2059 2603 mitteret,
2092 2539 2244 2607 ﬁdem
2274 2539 2495 2593 militum
2512 2542 2838 2609 praemiorum
2864 2544 3198 2596 ostentatione
3215 2545 3424 2601 turbare

1820 2617 2031 2664 tentaret
2060 2652 2073 2675 ,
2115 2624 2291 2685 secure
2322 2612 2509 2685 scilicet
2541 2627 2732 2685 usurus
2761 2618 2984 2667 exercitu
3010 2657 3023 2679 ,
3053 2630 3202 2685 quem
3224 2618 3424 2673 uenales

1823 2698 2007 2736 manus
2037 2681 2220 2736 [rabere
2247 2682 2520 2737 docuisset.
2566 2684 2722 2738 Istius
2752 2685 2855 2739 loci
2881 2681 3100 2741 sensum
3148 2685 3423 2745 Livineius

1820 2754 1893 2807 ait
1927 2754 2083 2830 hunc
2098 2769 2255 2816 esse,
2310 2764 2366 2806 ut
2398 2755 2749 2830 Maximianus
2777 2755 3057 2813 Herculius
3089 2759 3423 2830 intelligatur

1822 2827 2178 2899 resumpsisse
2204 2838 2493 2899 purpuram
2519 2827 2745 2896 Arclati,
2765 2842 2886 2882 cum
2919 2830 3050 2884 urbe
3073 2827 3290 2899 pulsus,
3320 2832 3423 2886 Ita-

1821 2897 1888 2951 lia
1921 2897 2150 2966 l'ugatus,
2179 2912 2243 2950 ac
2283 2896 2499 2968 Illyrico
2522 2902 2856 2966 repudiatus,
2897 2914 2924 2953 a
2958 2896 3311 2955 Conistatttititi
3339 2915 3424 2958 est

1820 2979 2097 3038 exceptus.
2130 2968 2299 3023 Recte
2325 2983 2489 3034 sane,
2536 2979 2791 3038 quantum
2834 2972 2899 3024 ad
2950 2972 3262 3028 Historiam.
3310 2973 3421 3029 Sed

1820 3043 2002 3112 nescio
2028 3042 2117 3095 ubi
2151 3042 2415 3112 invenerit
2458 3049 2573 3093 acta
2614 3043 2728 3094 haec
2773 3056 2895 3096 esse
2931 3041 3073 3112 apud
3117 3044 3415 3099 Arelatem.

1816 3110 2005 3182 Neque
2045 3116 2189 3167 enim
2214 3112 2265 3164 id
2312 3110 2440 3182 dicit
2471 3112 2766 3166 Eumenius
2788 3154 2802 3177 ,
2844 3114 2937 3167 sed
2963 3110 3166 3168 tantum
3196 3131 3256 3169 se
3285 3131 3421 3170 eon-

1818 3180 2043 3237 clusisse
2071 3187 2124 3237 in
2154 3182 2370 3238 civitate
2397 3180 2732 3254 Arelatensi,
2778 3199 2885 3253 quo
2933 3201 3055 3239 eum
3105 3197 3419 3254 persecutus

1820 3262 1904 3328 est
1920 3257 2198 3328 exercitus
2224 3253 2601 3328 Constantini,
2648 3264 2703 3309 ct
2746 3256 2868 3311 inde
2910 3253 3196 3311 Massiliam
3230 3273 3419 3328 postea

1821 3323 2056 3400 fugisse._
2074 3327 2195 3400 Mihi
2225 3335 2433 3379 certum
2490 3326 2699 3380 videtur
2743 3328 3046 3383 Herculium
3088 3323 3415 3400 purpuram,

1815 3411 1974 3471 quam
2008 3397 2091 3451 bis
2130 3398 2491 3464 deposuerat,
2538 3400 2894 3471 resutnpsisse
2936 3401 2987 3454 in
3033 3397 3144 3467 ipsa
3192 3397 3417 3458 civitate

1816 3467 2185 3544 'lirevirorum,
2213 3478 2305 3522 aut
2327 3482 2435 3544 non
2460 3470 2647 3544 _multo
2682 3467 2896 3544 procul.
2924 3472 2978 3526 ld
3004 3474 3135 3526 mihi
3159 3474 3416 3544 colligere

1815 3539 2093 3615 videorex
2125 3540 2206 3595 his
2233 3538 2414 3615 verbis
2456 3538 2760 3615 Lactantii,
2813 3542 2905 3615 ubi
2933 3543 3005 3597 ait
3051 3559 3173 3598 eum
3230 3538 3416 3615 paucis

1813 3620 1935 3680 post
1963 3611 2175 3683 diebus,
2196 3626 2354 3680 quam
2379 3613 2764 3683 tionsuintinus
2786 3614 3059 3683 prolectus
3076 3625 3194 3670 erat
3219 3611 3416 3671 adver-

1811 3697 1930 3736 sum
1960 3682 2220 3748 Francos,
2243 3696 2364 3736 eum
2396 3682 2679 3760 thesauros
2696 3682 2937 3754 publicos
2965 3688 3267 3755 invasisset,
3288 3704 3414 3760 pur—

1812 3768 1998 3823 puram
2014 3766 2236 3825 repente
2251 3757 2569 3824 sumpsisse,
2592 3771 2714 3809 cum
2765 3760 3061 3813 aestimaret
3096 3757 3413 3814 Constanti-

1811 3841 1938 3880 num
1980 3828 2209 3882 intrasse
2246 3825 2382 3881 lines
2408 3826 2781 3881 barbarorum.
2816 3829 2946 3884 Nam
2976 3828 3308 3885 Francorum
3349 3834 3413 3885 li-

1810 3913 1925 3951 mes
1952 3908 2068 3972 erat
2098 3899 2239 3972 circa
2276 3897 2596 3972 Danubium.
2633 3900 2697 3953 Et
2737 3899 2976 3954 thesauri
3011 3901 3203 3970 publici
3227 3944 3242 3967 ,
3274 3918 3414 3972 quos

1810 3977 1921 4043 tum
1951 3970 2147 4043 invasit
2168 3969 2471 4043 Herculius,
2494 3986 2598 4043 non
2625 3972 2752 4025 alibi
2771 3969 3069 4043 potuerunt
3092 3987 3214 4027 esse
3246 3969 3406 4043 quam

1807 4040 1859 4095 in
1894 4041 2089 4111 palatio
2128 4040 2497 4110 Imperatoris,
2529 4042 2580 4095 id
2611 4053 2714 4107 est,
2743 4043 3033 4097 incivitate
3060 4040 3404 4099 'l‘reverensi.

1807 4111 1987 4183 Itaque
2011 4113 2293 4168 Herculius
2316 4128 2419 4166 non
2440 4113 2628 4186 potuit
2657 4114 2794 4186 intra
2826 4128 3025 4183 paucos
3055 4114 3172 4186 dies
3200 4131 3407 4186 purpu-

1804 4199 1921 4310 r'iam
1949 4199 2224 4266 resumere
2250 4183 2451 4239 Arelati
2478 4223 2493 4249 ,
2524 4196 2644 4253 quae
2682 4185 2841 4255 longo
2872 4185 3156 4241 intervallo
3185 4183 3352 4243 distat.
3376 4202 3405 4241 a

1854 4271 2077 4310 τιτι-8ης.

1854 4271 2077 4311 Γυνειδις.

1877 4326 2029 4393 Quod
2058 4328 2241 4401 ipsum
2256 4342 2356 4401 non
2384 4326 2599 4379 deceret.
2647 4324 2943 4401 Eumenius
2983 4328 3035 4382 in
3079 4330 3408 4401 panegyrico

1801 4394 2139 4471 Constantini
2158 4416 2170 4450 :
2198 4396 2409 4450 Talibus
2431 4407 2479 4450 te
2499 4412 2590 4471 pro
2615 4397 2836 4471 utilitate
2850 4415 2912 4451 ac
2932 4394 3180 4471 dignilate
3197 4394 3406 4470 publica

1799 4468 1951 4522 rebus
1971 4471 2221 4543 intentum
2239 4477 2524 4543 averterunt
2541 4469 2595 4543 in
2624 4486 2676 4522 se
2701 4470 2818 4543 novi
2836 4468 3007 4543 motus
3028 4473 3139 4543 ejus
3160 4468 3399 4543 hominis,

1799 4556 1948 4611 quem
1969 4541 2283 4595 successibus
2312 4541 2412 4593 tuis
2437 4540 2658 4594 maxime
2685 4540 2858 4609 favere
2887 4540 3161 4603 decuisset.

2379 4651 2608 4709 CAPUT
2647 4652 2821 4711 XXX.

1874 4748 2048 4830 ligfert
2076 4750 2145 4803 ad
2159 4750 2433 4830 lnaritum.
2455 4748 2755 4830 Eutropius
2778 4753 2870 4830 lib.
2893 4769 2932 4830 _x
2963 4771 2978 4809 :
3002 4753 3225 4811 Detectis
3245 4758 3401 4830 igitur

1798 4822 1999 4877 insidiis
2028 4837 2117 4891 per
2149 4820 2399 4874 Faustam
2440 4821 2604 4888 ﬁliam
2623 4861 2639 4887 ,
2670 4838 2785 4892 qua:
2815 4824 2991 4878 dolum
3030 4830 3135 4882 viro
3163 4820 3401 4885 enuntia-

1800 4902 1959 4957 verot,
1994 4894 2220 4971 pro[ugit
2253 4892 2528 4971 Herculius
2555 4892 2884 4971 Massiliam;
2912 4898 3079 4971 iliique
3099 4916 3395 4971 oppressus,

1920 4963 2146 5040 asqdedit
2169 4965 2462 5040 justissima
2483 4964 2640 5019 exitu.
2673 4963 2900 5040 allitur
2928 4963 3240 5040 Eutropius.
3265 4963 3396 5025 Natu

1855 5037 2088 5091 erculius
2108 5035 2231 5089 ante
2260 5035 2549 5090 Massiliam
2574 5036 2877 5111 prolugerat
2896 5079 2910 5102 ,
2943 5035 3114 5111 quam
3129 5041 3271 5096 hunc
3300 5043 3399 5097 do-

1806 5106 1917 5162 lum
1938 5117 2305 5176 componeret,
2331 5117 2390 5161 ut
2411 5116 2556 5177 patet
2577 5122 2644 5162 ex
2673 5106 2975 5164 Lactantio:
2995 5111 3222 5167 Gravius
3234 5115 3394 5168 etiam

1805 5180 2000 5235 erravit
2030 5177 2299 5243 Zozimus,
2325 5180 2477 5233 aiens
2496 5178 2822 5244 Herculium,
2849 5184 2990 5250 quod
3020 5183 3214 5236 Fausta
3235 5198 3397 5238 cona-

1807 5259 1918 5305 tum
1949 5250 2090 5304 illius
2110 5252 2507 5315 autc-vertisset,
2531 5264 2593 5303 ac
2617 5265 2728 5303 rem
2753 5262 2915 5305 totam
2939 5252 3292 5309 Constantino
3316 5256 3395 5309 in-

1805 5322 2058 5385 dicassct,
2089 5322 2584 5391 itidt-sperationem
2601 5336 2777 5375 rerum
2806 5324 3046 5376 omnium
3079 5326 3391 5392 adductum,

1804 5395 1942 5463 apud
1985 5393 2209 5447 Tarsum
2248 5395 2437 5446 morbo
2485 5394 2774 5463 extinctum
2803 5408 2944 5446 esse.
2990 5394 3241 5449 Confudit
3275 5397 3394 5452 heic

1803 5462 2047 5520 videlicirt
2079 5463 2458 5518 Maximianum
2502 5479 2621 5517 cum
2652 5462 2962 5527 Maximino,
2995 5468 3084 5533 qui
3116 5466 3391 5524 Orientem

1806 5535 2044 5608 tenebat.
2073 5546 2127 5608 et
2166 5536 2252 5608 qui
2284 5535 2470 5608 pulsus
2497 5551 2525 5586 a
2556 5534 2795 5599 Licinio,
2842 5536 2979 5608 apud
3000 5535 3242 5608 _Tarsum
3272 5555 3395 5608 pos-

1805 5616 1979 5663 tremo
2009 5607 2061 5660 in
2085 5605 2269 5661 Cilicia
2301 5606 2453 5671 obiit,
2486 5615 2540 5659 ut
2568 5607 2908 5657 annutabitur
2938 5604 3093 5657 infra.
3126 5608 3232 5662 Sed
3263 5604 3395 5664 neu-

1805 5686 1888 5734 ler
1911 5679 2092 5731 dolum
2123 5675 2431 5743 explicavit,
2462 5690 2620 5745 quem
2664 5675 2908 5726 retulisse
2941 5674 3190 5745 videntur
3214 5681 3279 5731 ad
3309 5685 3391 5733 in-

1804 5752 2077 5803 vasionem
2113 5748 2339 5822 imperii.
2369 5744 2523 5822 Unus
2560 5744 2857 5822 Eucherius
2878 5783 2890 5805 ,
2940 5744 3221 5822 episeopus
3252 5749 3392 5822 [ηις-

1805 5820 2084 5896 dimensis,
2116 5821 2164 5896 in
2194 5818 2414 5896 historia
2429 5814 3142 5896 Martyrum‘Aga-uncusiunt
3169 5814 3393 5896 annuli]-

1808 5891 1891 5957 vit
1916 5890 2295 5951 Maximiauuui
2344 5885 2653 5974 Herculium
2692 5885 2956 5965 struxisse
2987 5885 3209 5949 insidias
3251 5890 3392 5972 Con.
