3950 6368
541 330 752 402 559ῗῖ’,

1869 320 2207 384 STEPHANI
2248 316 2514 382 BALUZII
3722 329 3802 387 360

542 455 736 523 telliges
766 451 898 507 unde
939 450 1029 505 tibi
1069 450 1169 504 sint
1212 450 1463 518 poscenda
1488 447 1728 503 remedia.
1776 445 1914 499 Nam
1944 455 1989 499 et
2021 460 2121 523 ego
2149 444 2203 504 Α
2227 441 2364 496 dices
2391 459 2508 523 vero
2532 458 2617 513 per
2632 443 2863 523 singnlas
2890 445 3116 523 civitates
3146 444 3314 523 edicta
3347 445 3625 523 mittentes,
3642 448 3798 523 legem-

541 515 742 595 quidem
782 524 911 577 mori
933 539 1047 595 cunt
1080 515 1273 595 cwteris
1301 530 1474 589 potero
1490 529 1606 595 ;__tu
1629 529 1807 595 tamen
1850 534 1888 595 an
1916 515 2124 595 nwdicis

540 589 641 651 non
670 595 941 649 curaberis.
988 593 1126 646 Tunc
1153 594 1372 663 primum
1399 609 1454 645 se
1497 590 1843 646 Maximianus
1871 589 2125 663 hominem

539 685 646 723 esse
665 666 930 728 intellexit,
953 675 1057 720 etc.
1083 661 1337 719 Eamdem
1363 663 1638 718 historiam
1658 661 1978 731 compendio
2005 673 2126 728 per-

540 738 1018 800 strinxitOrosius,
1050 737 1140 793 lib.
1189 752 1312 799 vni,
1348 750 1466 805 cap.
1496 736 1598 799 28,
1636 744 1691 789 et
1729 750 1795 788 ex
1834 748 1900 786 eo
1937 739 2126 805 auctor

540 810 786 865 llistorim
816 809 1192 870 miscellaneze,
1222 808 1313 861 lib.
1342 804 1508 861 xtiAt
1527 804 2121 878 EutychiusiuAnuali-

538 881 636 935 bus
688 880 847 934 tradit
884 879 1260 934 Maximianum
1316 890 1509 946 sponte
1547 875 1781 932 sensisse
1822 891 1881 929 ac
1924 875 2124 929 dixisse

534 967 594 1008 se
619 966 679 1006 ca
710 952 844 1022 pati,
874 952 994 1020 quia
1026 950 1349 1022 christianos
1376 949 1727 1022 interfecerit,
1760 958 1813 1002 et
1837 948 2041 1022 litteras
2070 948 2121 1022 in

533 1019 726 1077 omnes
770 1019 1072 1091 provincias
1098 1037 1222 1077 suas
1262 1021 1494 1085 dedisse,
1528 1033 1584 1074 ut
1611 1019 1911 1083 christiani,
1943 1019 2031 1088 qui
2070 1019 2121 1073 in

533 1094 842 1149 carceribus
870 1105 1044 1157 erant,
1072 1092 1493 1148 dimitterentur.
1520 1091 1626 1148 Sed
1674 1092 1814 1146 idem
1866 1102 2042 1144 tamen
2070 1091 2121 1144 in

533 1164 637 1220 hoc
660 1166 898 1234 graviter
922 1175 1086 1228 errat,
1118 1165 1259 1235 quod
1289 1180 1412 1219 eum
1443 1179 1509 1220 ex
1561 1166 1660 1216 hoc
1711 1162 1900 1217 morbo
1928 1176 2125 1235 conva-_

502 1233 701 1292 'luisse
743 1236 924 1293 scribit
973 1233 1221 1305 precibus
1270 1236 1709 1299 christiauorum,
1736 1249 1799 1288 ac
1845 1241 2029 1302 postea
2056 1233 2124 1287 ad

535 1313 796 1390 majorem
821 1307 1112 1390 impietatis
1136 1307 1382 1390 gradum,
1410 1322 1577 1390 quain.
1599 1316 1756 1390 antea
1793 1305 2121 1390 prolapsum,

532 1378 870 1434 Christianos
897 1377 1110 1448 ubique
1147 1377 1370 1448 jussisse
1411 1378 1579 1433 occidi
1620 1386 1675 1432 et
1719 1377 1930 1446 penitus
1961 1377 2126 1448 extir-

536 1452 669 1520 pari.
693 1452 794 1519 Qui
823 1466 973 1505 error
998 1446 1046 1504 ei
1075 1446 1254 1504 evenit
1279 1465 1347 1504 ex
1368 1450 1682 1503 confusione
1709 1448 1987 1520 nominum
2015 1446 2125 1520 illa-

534 1518 753 1577 ximiani
780 1530 838 1577 et
862 1521 1150 1586 Maximini,
1184 1521 1310 1575 dum
1341 1522 1430 1575 uni
1466 1521 1668 1581 tribuit,
1697 1519 1836 1590 quod
1865 1534 1894 1572 a
1915 1518 2125 1573 duobus

535 1592 735 1648 factum
763 1608 885 1649 esse
904 1603 1133 1648 constat.
1170 1593 1391 1646 Fallitur
1419 1594 1579 1649 etiam
1606 1592 1804 1646 Setinis
1838 1590 2122 1657 Calvisius,

533 1666 623 1731 qui
657 1675 765 1719 tum
813 1674 961 1734 putat
1011 1664 1438 1732 persecutionem
1480 1664 1829 1718 decennalem
1856 1662 2125 1731 quievisse

537 1746 656 1804 post
696 1736 926 1791 edictum
970 1736 1096 1789 illud
1128 1744 1461 1805 mortemque
1507 1735 1728 1798 Galerii,
1757 1741 2126 1805 cumoctavus

537 1818 740 1862 tantum
769 1808 1156 1877 persecutioois
1185 1823 1356 1860 annus
1378 1804 1548 1871 esset,
1579 1816 1636 1859 ut
1663 1820 1826 1873 supra
1867 1804 2122 1877 diximus.

607 1876 845 1932 Edictum
869 1879 1024 1932 misit.
1056 1878 1216 1933 Extat
1244 1878 1381 1947 apud
1408 1878 1719 1940 Eusebium,
1752 1878 1788 1930 Ι.
1818 1891 1935 1935 VIII.
1962 1891 2011 1929 c.
2038 1876 2125 1939 17,

532 1964 597 2004 ex
632 1952 794 2004 latina
826 1951 1002 2020 lingua
1035 1951 1350 2004 translatum
1383 1950 1452 2004 ab
1480 1964 1545 2003 eo
1573 1951 1623 2002 in
1654 1964 1892 2020 graecum
1920 1963 2130 2020 sermo-

533 2036 674 2086 nem,
707 2031 763 2076 et
787 2017 922 2076 dein
934 2037 999 2077 ex
1028 2020 1217 2077 Grmco
1246 2036 1458 2075 versum
1486 2021 1537 2073 in
1568 2021 1788 2073 latinum
1814 2034 1843 2072 a
1878 2017 2125 2082 ltufliuo,

534 2102 590 2146 ιιι
627 2095 741 2161 ipse
779 2093 937 2146 docet
969 2109 983 2144 :
1011 2091 1138 2147 Han:
1166 2094 1228 2145 de
1270 2090 1454 2145 Latino
1491 2092 1544 2145 in
1589 2090 1823 2145 (.‘rwcnm
1864 2106 2008 2144 versa
2035 2105 2131 2143 nos

532 2180 738 2217 rursum
787 2163 1158 2233 transfudimus
1190 2165 1241 2216 in
1270 2163 1531 2216 Latinum.
1574 2162 1727 2229 Quod
1770 2164 1930 2232 igitur
1971 2161 2131 2216 hodie

484 2232 494 2242 ’
534 2235 761 2304 legimus
786 2232 952 2304 prima
982 2235 1166 2299 latina,
1191 2234 1511 2288 beneticium
1537 2246 1621 2289 est
1648 2233 1931 2288 Lactantii.

1087 2344 1313 2402 CAPUT
1356 2344 1595 2401 XXXIV.

605 2450 686 2504 Ad
706 2450 864 2504 bonas
894 2460 1082 2504 mentes
1111 2448 1223 2501 red.
1251 2447 1578 2510 Lactantius,
1609 2445 1701 2500 lib.
1722 2462 1774 2512 v,
1799 2461 1919 2516 cap.
1950 2447 2041 2513 19,
2062 2448 2128 2502 ad

538 2529 641 2577 hoc
671 2522 913 2576 fortassis
939 2522 1170 2575 edictum
1198 2518 1490 2591 respiciens
1522 2535 1537 2570 ε
1570 2520 1675 2573 Sed
1706 2520 1813 2571 lucc
1841 2522 1954 2589 ipsa
1982 2522 2129 2591 igno-

530 2595 663 2648 ratio
706 2593 883 2664 efﬁcit,
925 2603 979 2646 ut
1019 2592 1072 2664 in
1113 2589 1820 2664 persequendissapientibus
1860 2601 1965 2643 tam
2005 2589 2131 2646 ntali

533 2666 657 2728 sint,
689 2661 983 2735 ﬁnguntque
1009 2662 1114 2716 illis
1139 2662 1433 2726 consulere,
1466 2661 1582 2735 illos
1612 2662 1679 2714 ad
1705 2662 1885 2735 bonam
1914 2672 2129 2717 utentem

534 2736 661 2790 velle
692 2733 961 2790 'reiiocare.
995 2738 1123 2789 Acta
1169 2742 1473 2787 sanctorum
1502 2734 1807 2799 Saturnini,
1858 2733 2027 2788 Dativi
2070 2746 2128 2790 ct

539 2806 757 2873 Felicis,
786 2821 904 2877 cap.
937 2808 968 2862 7
995 2824 1007 2859 :
1043 2804 1303 2859 Debueras
1329 2805 1460 2859 alios
1488 2805 1555 2856 ad
1585 2805 1767 2857 bonam
1791 2815 2006 2859 mentem
2047 2822 2131 2860 re-

532 2894 733 2944 vocare,
766 2889 813 2932 et
856 2895 958 2932 non
1001 2885 1178 2931 contra
1221 2887 1475 2947 prmcepta
1499 2878 1863 2948 imperatorum
1888 2886 1934 2930 et
1958 2877 2129 2931 Cresa-

528 2967 644 3004 rum
673 2951 856 3018 facere.

606 3022 677 3077 Ut
716 3039 819 3076 non
865 3032 962 3076 vet.
996 3023 1119 3076 inst.
1151 3036 1256 3089 seq.
1300 3019 1473 3073 Taxat
1521 3019 1863 3084 christianos,
1902 3020 2047 3089 quod
2097 3035 2127 3075 a

532 3094 705 3158 prisca
731 3095 819 3148 illa
853 3103 1131 3165 parentum
1155 3106 1375 3148 suorum
1406 3091 1749 3165 simplicitate
1774 3092 2121 3165 defecissent.

430 3170 436 3177 ’
529 3164 797 3220 Eusebius
834 3163 997 3228 sane,
1025 3165 1115 3219 lib.
1148 3178 1264 3227 vui,
1293 3177 1414 3231 cap.
1443 3163 1469 3216 1
1496 3204 1510 3228 ,
1543 3163 1916 3217 calamitosum
1946 3164 2129 3219 Eccle-

2159 1842 2207 1902 B

2227 527 2324 583 que
2350 518 2674 586 prteferentes
2696 516 2920 570 relaxari
2942 527 3149 571 cunctos
3183 518 3271 588 qui
3306 519 3614 572 tenebantur
3635 516 3701 571 in
3718 537 3801 572 rar-

2226 601 2360 659 eere,
2384 590 2569 655 quique
2590 588 2643 640 in
2666 588 2905 651 metallis,
2931 599 3020 642 ant
3039 588 3343 659 quibuslibet
3364 590 3587 645 uinculis
3609 606 3799 645 assem-

2227 656 2435 733 bantur,
2467 675 2643 711 omnes
2663 660 2931 733 abscedere
2957 656 3141 733 liberos
3161 662 3368 733 jubent.

2299 728 2532 801 Conjnge
2556 747 2674 785 sua.
2725 730 2933 785 Valeria
2962 728 3276 786 Diocletiani
3308 731 3437 785 ﬁlia.
3473 732 3600 788 llaec
3659 743 3800 791 tamen

2227 815 2332 873 non
2365 800 2561 855 mansit
2586 802 2638 855 in
2669 802 2789 873 aula
2819 800 3029 865 Licinii,
3060 805 3130 857 ob
3162 804 3416 858 ferociam
3446 804 3564 873 ejus
3597 824 3611 858 :
3639 809 3729 861 sed
3748 809 3796 863 ad

2227 871 2274 945 bl
2296 874 2575 945 ixiiniuum
2603 871 2842 943 confugit
2862 873 2996 945 .ubi
3027 875 3259 945 pessime
3288 871 3490 931 habita
3519 886 3636 942 est,
3666 889 3718 934 ut
3740 881 3797 934 vi-

2227 941 2473 998 debimus
2497 943 2656 1005 infra,
2691 941 2811 1012 cap.
2844 944 2938 1001 59.

2233 1014 2458 1141 eoFilio.
2482 1016 2838 1081 Candidiano,
2860 1017 2929 1072 de
2951 1033 3059 1089 quo
3105 1018 3308 1074 dictum
3356 1027 3442 1075 est
3472 1033 3637 1091 supra
3662 1063 3680 1089 ,
3706 1036 3800 1094 cap.

2307 1157 2574 1235 Horrenda
2608 1160 2722 1235 tabe
2749 1169 3097 1235 consumptus.
3128 1160 3399 1235 Bullinus,
3423 1162 3515 1218 lib.
3565 1178 3683 1231 vni,
3706 1180 3797 1235 cap.

2230 1230 2320 1295 15,
2373 1232 2447 1284 ait
2471 1229 2744 1285 Galerium
2802 1244 2907 1285 tam
2955 1229 3137 1287 multis
3188 1234 3462 1302 variisque
3507 1229 3727 1303 morbis,
3761 1229 3801 1293 et

2228 1304 2476 1370 corporis
2498 1304 2619 1356 tabe
2647 1313 2806 1373 atque
2831 1305 3035 1357 insania
3076 1307 3273 1359 mentis
3318 1304 3575 1360 affectum
3603 1322 3739 1373 esse,
3757 1322 3797 1363 ut

2230 1386 2342 1441 post
2367 1374 2545 1444 longos
2558 1384 2708 1442 atque
2728 1377 3101 1429 inextricabilem
3124 1377 3420 1447 languores,
3444 1377 3685 1432 scelerum
3704 1397 3796 1432 suo-

2226 1461 2345 1498 rum
2373 1446 2524 1519 furiis
2547 1447 2769 1519 agitatus
2794 1488 2808 1510 ,
2834 1457 3017 1519 sponte
3041 1447 3196 1500 vitam
3217 1446 3475 1518 nefariam
3502 1451 3744 1519 proderet,
3765 1452 3800 1505 id

2229 1526 2347 1589 est,
2374 1514 2433 1570 ut
2459 1514 2686 1572 Orosius
2724 1514 2960 1589 explicat
2988 1518 3043 1571 in
3072 1519 3251 1589 capite
3287 1514 3364 1573 28
3407 1514 3527 1574 libri
3582 1514 3798 1589 septimi,

2228 1587 2331 1642 vim
2355 1590 2469 1642 vita:
2495 1604 2605 1641 sua:
2626 1588 2817 1642 attulit.
2852 1588 2957 1644 Sed
2994 1589 3108 1645 bzec
3136 1587 3259 1644 vera
3291 1606 3399 1645 non
3426 1601 3573 1647 sunt.
3597 1587 3798 1648 Hunnus

2230 1670 2413 1713 autem
2442 1668 2526 1713 est
2551 1675 2695 1713 anno
2717 1659 2914 1714 Christi
2936 1661 3178 1728 5ll.quo
3204 1663 3401 1716 inierat
3430 1677 3626 1717 nonum
3653 1676 3701 1718 et
3725 1667 3799 1720 de.

2230 1733 2429 1807 conum
2461 1731 2674 1807 imperii
2704 1732 2786 1807 sui
2816 1747 3038 1807 annum.
3072 1731 3145 1807 lta
3175 1736 3321 1807 enim
3342 1734 3613 1807 colligitur
3633 1738 3684 1789 iu
3718 1740 3799 1807 pri-

2234 1804 2335 1857 mis
2380 1819 2442 1855 i-x
2476 1801 2755 1856 Lactantio
2801 1812 2937 1858 teste
2969 1804 3420 1859 luculentissima.
3447 1801 3578 1860 Nam
3615 1801 3732 1861 cum
3748 1826 3794 1862 et

2234 1876 2408 1949 capite
2432 1875 2503 1927 55
2541 1884 2753 1928 constet
2789 1875 3061 1949 Galerium
3086 1886 3374 1949 agrotare
3416 1880 3643 1949 coepisse
3680 1895 3794 1933 anno

2234 1946 2446 1999 decimo
2474 1954 2531 2000 et
2554 1960 2749 1999 octavo
2774 1948 2982 2015 imperii
3015 1948 3095 2000 sui
3117 1989 3131 2012 ,
3159 1956 3215 2002 et
3240 1949 3487 2003 morbum
3506 1946 3631 2017 ejus
3658 1952 3793 2005 dura.

2235 2017 2378 2071 visse
2410 2032 2504 2084 per
2532 2027 2732 2071 annum
2768 2027 3069 2087 perpetem,
3097 2034 3158 2072 ac
3185 2030 3371 2089 postea
3401 2021 3550 2074 illum
3578 2020 3796 2077 deﬁcien-

2234 2098 2343 2143 tem
2373 2102 2516 2141 anuo
2571 2091 2816 2158 sequenti
2865 2092 3101 2145 edictum
3149 2090 3365 2147 misisse
3409 2103 3466 2146 ut
3517 2092 3797 2148 Christianis

2235 2159 2424 2213 liceret
2450 2159 2616 2215 Deum
2648 2161 2863 2228 publice
2893 2161 3109 2229 colere,
3155 2172 3537 2232 mortuumque
3567 2178 3681 2219 esse
3707 2183 3795 2217 eum

2224 2232 2342 2304 jam
2362 2232 2545 2304 futura
2585 2243 2747 2285 essent
2784 2233 3102 2299 visennalia,
3130 2232 3360 2287 kalendis
3404 2235 3602 2289 martiis
3635 2239 3796 2304 impet-

2232 2301 2466 2357 dentibus
2487 2343 2502 2366 ,
2527 2304 2732 2375 clarum
2765 2315 2845 2357 est
2874 2320 2998 2358 eum
3033 2321 3137 2359 non
3184 2308 3499 2375 pervenisse
3536 2309 3599 2359 ad
3628 2301 3792 2361 annum

2236 2375 2554 2445 vigesimum
2600 2374 2810 2445 imperii
2871 2376 2987 2437 sui,
3041 2375 3135 2430 sed
3190 2388 3461 2431 mortuum
3506 2393 3625 2433 esse
3683 2396 3794 2432 anno

2232 2444 2444 2500 decimo
2497 2444 2979 2501 nouo.Conseutit
3027 2448 3307 2502 Lactantio
3348 2450 3606 2504 Aurelius
3650 2449 3796 2505 Victor

2235 2515 2285 2590 in
2317 2515 2455 2590 libro
2481 2516 2550 2571 de
2579 2514 2919 2585 Cmsaribus,
2951 2520 3038 2573 ubi
3083 2520 3157 2573 ait
3205 2519 3478 2575 Galerium
3537 2525 3791 2590 potentiam

2231 2585 2464 2662 Cmsaris
2488 2590 2727 2662 gessisse
2753 2606 2929 2662 anites
2958 2590 3239 2651 tredecim,
3270 2585 3638 2662 quinquennio
3658 2595 3793 2662 impe-

2232 2660 2372 2734 rium
2423 2660 2684 2734 tenuisse.
2741 2660 2880 2714 llttir
2921 2663 3253 2733 quinquennii
3292 2660 3600 2733 imperium,
3627 2660 3791 2734 inquit,

2234 2731 2530 2805 Constantio
2555 2748 2783 2784 annuum
2811 2731 2941 2803 fuit,
2969 2734 3085 2786 'cum
3132 2751 3257 2788 sane
3302 2731 3513 2805 uterque
3561 2731 3793 2805 potentiam

2234 2800 2497 2855 Cwsarum
2520 2819 2686 2856 annos
2714 2800 2951 2857 tredecim
2982 2806 3270 2873 gessissent.
3302 2800 3458 2874 Quod
3488 2800 3792 2861 conﬁrmatur

2233 2875 2553 2928 auctoritate
2582 2875 2825 2944 Eutropii
2857 2877 3086 2930 iniuitio
3120 2877 3239 2931 libri
3274 2880 3400 2931 noni
3421 2920 3437 2937 ,
3481 2890 3536 2933 et
3563 2894 3625 2932 ex
3653 2878 3789 2933 Chro-

2233 2945 2354 2998 nico
2383 2947 2792 3020 ‘Alcxandrino,
2822 2962 2941 3018 pag.
2992 2946 3119 3020 651,
3155 2948 3244 3004 ubi
3285 2952 3546 3020 scriptum
3580 2960 3656 3004 est
3679 2950 3789 3004 Con-

2232 3017 2510 3083 smntium,
2541 3020 2629 3087 qui
2650 3016 2833 3072 Caesar
2852 3016 2973 3073 cum
2991 3018 3208 3076 Galerio
3238 3016 3412 3075 factus
3439 3032 3542 3086 est,
3566 3031 3618 3075 et
3636 3024 3787 3075 eodem

2232 3087 2320 3162 die
2344 3087 2631 3162 Augustus
2651 3099 2990 3160 nuncupatus
3016 3100 3100 3145 est
3120 3132 3135 3157 ,
3177 3109 3285 3162 quo
3323 3092 3595 3159 Galerius,
3626 3093 3787 3147 abiisse

2234 3158 2464 3235 Eboraci
2514 3160 2565 3213 in
2606 3158 2878 3235 Britannia
2906 3178 3050 3216 anno
3074 3158 3284 3219 decimo
3316 3168 3475 3220 tertio
3507 3158 3787 3235 principatus

529 3238 624 3290 size
663 3238 804 3291 illius
832 3238 930 3291 a-vi
975 3247 1175 3291 statum
1203 3233 1542 3300 describens,
1575 3235 1824 3297 invidias,
1851 3234 2125 3292 obtrecta-
2153 3234 2201 3298 C
2234 3231 2313 3285 sui
2333 3241 2574 3305 ,_exacto
2597 3232 2868 3299 videlicet,
2896 3249 3017 3288 cuiu
3046 3236 3113 3288 ab
3142 3237 3345 3305 aliquot
3371 3231 3639 3293 mensibus
3671 3231 3785 3291 iniis-

530 3308 725 3372 tiones,
752 3308 904 3378 quasi
955 3308 1088 3363 bella
1125 3306 1376 3361 intestina
1428 3306 1568 3378 inter
1595 3304 1951 3371 Christianos,
1983 3308 2126 3361 anti-

527 3379 713 3449 stitum
743 3377 1003 3434 adversus
1031 3378 1299 3433 antistites
1339 3377 1653 3449 certamina,
1680 3388 1731 3431 et
1759 3387 1954 3431 caetera
2008 3394 2128 3449 qum

529 3448 658 3506 iram
700 3451 795 3504 Dei
833 3452 1092 3504 adversus
1127 3450 1273 3519 ipsos
1297 3448 1622 3514 excitarunt,
1654 3449 1778 3503 hinc
1802 3460 1973 3503 ortam
2006 3448 2127 3505 esse

526 3523 603 3574 ait
628 3521 1059 3590 persecutionem
1091 3519 1406 3590 Diocletiani
1444 3529 1499 3573 et
1524 3519 1825 3573 Maximiani
1869 3520 2127 3577 adversus

530 3589 850 3662 Ecclesiam.
871 3590 1001 3647 Vide
1027 3592 1187 3646 etiam
1222 3589 1518 3656 Bullinum,
1544 3591 1635 3645 hb.
1660 3591 1809 3656 eod.,
1841 3606 1961 3662 cap.
1987 3593 2039 3659 l,
2071 3602 2127 3648 et

526 3659 864 3718 Lactantium
884 3705 899 3728 ,
933 3664 1086 3716 initio
1113 3662 1233 3716 libri
1260 3661 1325 3715 de
1346 3664 1573 3724 Upilicio
1593 3662 1704 3716 Dei.

599 3735 963 3808 Signiﬁcaturi
1011 3749 1204 3787 sumus.
1251 3732 1386 3787 Male
1436 3733 1714 3797 Bullinus,
1763 3734 2121 3808 indicavimus,

524 3823 639 3864 rem
666 3805 819 3878 quasi
849 3806 957 3878 jam
997 3813 1270 3878 peractam
1318 3817 1578 3878 narrans,
1607 3818 1727 3858 cum
1771 3806 1837 3878 ad
1888 3805 2122 3862 futurum

451 3906 469 3925 ο
526 3874 813 3936 referatur.
850 3874 1045 3947 Neque
1093 3874 1614 3948 istudtribueudum
1660 3877 1831 3930 errori
1876 3885 2125 3948 typogra-

525 3953 775 4022 phorum,
808 3964 928 4004 cum
959 3944 1103 4002 hanc
1134 3946 1420 4022 lectionem
1448 3944 1739 4022 es_l_iil_i_eant
1783 3944 2119 4022 tresjet'usti

521 4016 737 4079 codices
760 4016 1106 4089 manuscripti
1139 4019 1480 4074 bibliothecae
1500 4017 1847 4071 Colbcrtinze.
1877 4016 2121 4075 Christo-

468 4096 474 4103 “
523 4096 826 4165 phorsouus
846 4102 903 4150 et
932 4092 1176 4165 Valesius
1217 4098 1362 4165 recte
1385 4098 1669 4165 χθιζιβιδιιιιι
1690 4090 2117 4160 signiﬁcabimus.

594 4170 666 4221 Ac
686 4184 797 4221 sua.
830 4167 956 4220 Haec
987 4163 1148 4219 verba
1178 4160 1359 4216 omisit
1385 4159 1653 4226 Bullinus,
1684 4159 1805 4232 qua:
1845 4175 1991 4219 recte
2027 4165 2121 4220 alii

524 4247 903 4308 reposuerunt.

595 4303 661 4362 In
686 4304 1196 4363 sedibus.»Rufliuus
1236 4303 1398 4359 vertit
1424 4304 1478 4359 in
1505 4304 1717 4371 laribus,
1769 4306 2123 4374 quemadmo-

520 4379 647 4433 dum
678 4380 873 4448 legitur
898 4381 950 4434 iu
981 4394 1087 4432 uno
1107 4377 1296 4432 codice
1324 4376 1651 4448 Golbertino.
1676 4376 1782 4432 Sed
1814 4377 1902 4431 alii
1930 4389 1984 4433 et
2004 4379 2121 4434 edi-

522 4454 699 4505 tiones
729 4446 928 4506 habent
962 4450 1017 4503 in
1061 4449 1339 4503 laboribus.
1367 4446 1890 4518 Christophorsonus
1936 4453 2117 4519 vertit,

520 4522 574 4575 in
604 4523 709 4576 suis
729 4521 973 4593 faratiliis;
993 4520 1256 4583 Valesius,
1286 4522 1341 4573 in
1364 4521 1470 4573 suis
1500 4520 1792 4574 domiciliis.

1078 4631 1306 4688 CAPUT
1346 4631 1566 4687 XXXV.

597 4727 915 4798 Proponltur
956 4723 1295 4798 Nicomediaz.
1322 4725 1560 4779 Absente
1607 4724 1861 4780 nimirum
1906 4726 2124 4784 Galerio

522 4796 795 4870 Augusto,
825 4798 914 4868 qui
942 4797 1081 4866 apud
1133 4796 1408 4870 Sardicam
1459 4798 1775 4870 tegmtabat.
1824 4799 2007 4868 Itaque
2032 4816 2125 4854 ve-

521 4865 641 4927 rum
715 4865 997 4925 essenon
1046 4876 1223 4936 potest
1267 4865 1409 4936 quod
1463 4868 1538 4919 ait
1592 4867 1672 4921 vir
1725 4865 2122 4926 eruditis-simus

522 4943 786 4999 Henricus
838 4940 1079 4996 Valesius
1125 4940 1176 4993 in
1230 4939 1670 4993 annotationibus
1713 4940 1780 4994 ad
1827 4941 2118 4998 Eusebium

520 5031 638 5086 pag.
671 5014 805 5082 171,
835 5013 940 5068 hoc
981 5011 1211 5066 edictmn
1242 5012 1498 5086 emissum
1551 5010 1712 5086 fuisse
1738 5022 1860 5082 post
1906 5012 2117 5086 initium

517 5081 641 5140 auiti
668 5086 766 5141 511
794 5126 810 5149 ,
852 5092 977 5139 ante.
1021 5097 1258 5136 mensem
1292 5083 1563 5135 martium.
1591 5081 1722 5137 Nam
1742 5081 1889 5138 attni
1918 5083 2116 5143 Galerii

517 5158 647 5226 imp.
668 5155 1144 5226 consurgebantcx
1174 5151 1419 5226 kalendis
1449 5156 1673 5209 martiis.

622 5247 713 5299 pso
741 5224 895 5283 octies
923 5237 969 5280 et
996 5224 1280 5299 .ilaximtno
1305 5225 1418 5299 iter.
1460 5240 1602 5299 cons.
1653 5226 1707 5299 lu
1733 5225 1906 5281 Fastis
1952 5227 2116 5284 Maxi-

516 5296 727 5356 mianus
753 5302 950 5355 dicitur
970 5297 1166 5352 consul
1197 5312 1310 5361 vni,
1341 5298 1509 5350 solus.
1531 5296 1683 5364 Quod
1710 5299 1870 5352 etiam
1897 5301 2118 5356 tradunt

515 5382 704 5427 auctor
751 5374 1000 5442 ignotus;
1018 5368 1085 5422 de
1134 5368 1448 5442 consulibus
1479 5409 1510 5442 ,γ
1551 5380 1604 5442 et
1661 5381 1848 5424 auctor
1903 5388 2113 5442 quoque

514 5443 583 5496 de
615 5438 955 5510 pontificibus
984 5440 1262 5505 Romanis,
1295 5456 1323 5491 a
1350 5438 1680 5507 Cuspiniano
1701 5442 1870 5496 citati.
1901 5438 1973 5497 At
1989 5438 2111 5500 bcic

513 5514 1061 5570 additurMasiminus
1111 5515 1336 5586 iterum.
1379 5511 1535 5577 Quod
1584 5512 1737 5586 valde
1776 5516 1969 5586 mirum
1994 5527 2099 5586 est,

514 5587 811 5656 praesertim
838 5600 960 5640 cum
985 5585 1249 5656 deprime
1264 5583 1410 5656 illius
1425 5585 1708 5638 consulatu
1726 5585 1868 5640 nulla
1896 5583 2100 5656 uspiam

515 5654 718 5712 inentio
740 5657 1017 5711 habeatur.
1054 5654 1249 5710 Verum
1290 5654 1538 5728 dubitare
1587 5671 1692 5709 non
1726 5656 1852 5710 licet
1892 5654 2022 5728 quin
2056 5661 2102 5714 is

513 5728 707 5782 iterum
734 5730 920 5782 consul
953 5729 1130 5791 fuerit,
1153 5742 1272 5780 cum
1301 5725 1788 5794 luculentissimum
1815 5728 1883 5785 de
1905 5725 1973 5785 eo
2000 5745 2097 5786 ex-

515 5808 589 5854 tet
621 5799 878 5855 Lactantii
912 5798 1294 5853 testimonium.

513 5871 1118 5947 kApei-tiscarceribus.
1149 5868 1417 5950 ltutﬁnus,
1469 5870 1563 5928 lib.
1592 5886 1673 5943 Ix,
1720 5886 1841 5948 cap.
1891 5874 1917 5934 1
1955 5874 2100 5933 :Ju-

2150 4636 2205 4697 D

2232 3310 2316 3356 set
2338 3303 2605 3377 decimum
2632 3305 3072 3373 quartutn.Atqui
3101 3303 3285 3374 supra,
3317 3322 3438 3377 cap.
3477 3311 3558 3374 l7,
3584 3309 3785 3377 probari-

2233 3389 2353 3428 mus
2402 3375 2786 3446 Diocletianum
2814 3389 2869 3430 et
2907 3378 3284 3432 Maximianum
3320 3375 3627 3444 deposuisse
3651 3381 3783 3446 impe-

2233 3447 2369 3523 rium
2384 3462 2526 3501 anno
2540 3444 2740 3523 Christi
2763 3448 2890 3523 505,
2917 3448 3158 3523 kalendis
3182 3450 3352 3523 maiis.
3390 3450 3573 3523 Itaque
3598 3452 3678 3520 qui
3700 3444 3781 3503 tum

2231 3518 2411 3591 Caesar
2440 3519 2642 3591 eratab
2663 3520 2817 3572 annis
2847 3521 3104 3574 tredecim
3122 3562 3139 3587 ,
3167 3522 3455 3591 adoptatus
3487 3518 3649 3577 fuerat
3673 3537 3784 3574 anno

2231 3586 2431 3643 Christi
2463 3588 2570 3646 293
2590 3632 2605 3654 ,
2655 3590 2898 3645 kalendis
2944 3586 3169 3646 martiis.
3219 3586 3372 3659 Quod
3400 3596 3443 3647 si
3475 3594 3630 3648 addas
3660 3592 3783 3660 quia-

2230 3661 2549 3738 qucunium,
2588 3676 2688 3738 seu
2719 3663 2896 3731 petitis
2927 3667 3240 3718 sexennium
3278 3665 3513 3735 imperii,
3550 3664 3688 3719 facile
3706 3678 3779 3738 re-

2232 3736 2406 3801 peries
2442 3736 2767 3803 consurgere
2808 3750 3087 3789 numerum
3134 3751 3397 3791 annorum
3429 3736 3776 3800 novemdecim,

2229 3806 2423 3872 quibus
2451 3820 2574 3859 eum
2608 3806 2902 3874 imperasse
2938 3809 3209 3877 colligitur
3249 3823 3316 3862 ex
3348 3808 3634 3862 Lactantio.
3675 3808 3776 3860 Nam

2223 3885 2282 3929 et
2316 3885 2503 3929 auctor
2537 3892 2749 3946 quoque
2806 3877 3086 3945 fragmenti
3132 3878 3199 3932 de
3237 3880 3553 3934 Constantio
3590 3879 3775 3940 (Zbloru,

2229 3961 2353 4018 pag.
2380 3946 2509 4021 492,
2539 3947 3091 4021 etttndeiuG.ileritttn
3136 3951 3301 4005 tradit
3337 3953 3624 4021 imperasse
3645 3962 3777 4003 annos

2228 4020 2626 4075 novemdecim.
2657 4019 2809 4088 Quod
2837 4036 2960 4074 eum
2983 4023 3188 4076 videret
3220 4022 3301 4076 vir
3323 4019 3644 4078 clarissimus
3668 4022 3774 4073 ΙΙι-ιι-

2226 4091 2369 4145 ricus
2390 4091 2652 4154 Valesius,
2681 4105 3103 4162 persuasumque
3128 4093 3355 4149 haberet
3393 4095 3538 4149 illum
3570 4106 3774 4163 regnasse

2227 4175 2324 4231 per
2348 4178 2518 4217 annos
2546 4165 2729 4233 viginti
2773 4175 2827 4218 et
2861 4179 3058 4232 unum,
3097 4165 3174 4219 sic
3215 4167 3391 4220 locum
3429 4165 3684 4235 tragmenti
3716 4164 3773 4215 in-

2227 4242 2552 4306 terpretatus
2576 4246 2678 4299 est,
2711 4244 2769 4287 ut
2795 4235 2999 4306 diceret
3041 4236 3209 4290 annos
3236 4238 3453 4306 quidem
3487 4241 3551 4293 l9
3585 4239 3771 4306 integras

2225 4319 2289 4359 ac
2306 4307 2492 4374 plenos
2512 4305 2805 4374 imperasse
2822 4304 3116 4375 Galerium,
3137 4309 3230 4362 sed
3249 4304 3507 4376 praeterea
3522 4311 3645 4364 duos
3656 4304 3769 4360 senii-

2226 4376 2413 4451 plenos
2442 4393 2536 4431 seu
2551 4392 2734 4451 cavos.
2760 4378 2815 4432 In
2838 4379 3220 4434 constitutione
3236 4395 3384 4444 sane,
3403 4397 3558 4451 quam
3588 4381 3771 4436 Lactan-

2225 4448 2331 4521 tius
2352 4464 2513 4517 supra
2543 4450 2847 4518 descripsit,
2871 4465 2991 4518 quae
3015 4451 3138 4505 data
3166 4461 3249 4505 est
3276 4448 3437 4521 paulo
3453 4463 3571 4505 ante
3592 4461 3769 4505 lllttl‘letll

2225 4520 2363 4591 ejus,
2396 4524 2406 4572 i
2417 4537 2508 4588 pse
2534 4535 2592 4573 se
2610 4532 2764 4575 vocat
2790 4522 3167 4590 imperatorem
3189 4523 3256 4578 19
3280 4520 3426 4591 apud
3458 4524 3714 4577 Eusebium
3735 4527 3771 4569 rl

2232 4589 2522 4645 ιιιιηίιιυιιι.
2549 4592 2672 4647 Scio
2707 4589 2956 4647 eumdem
2988 4594 3162 4650 virum
3192 4589 3626 4660 eruditissimum,
3648 4604 3768 4662 qnelll

2233 4662 2394 4736 paulo
2414 4671 2539 4717 ante
2569 4664 3066 4736 nominavi,istaita
3101 4667 3465 4736 interpretari,
3494 4678 3545 4720 ut
3571 4667 3659 4720 hoc
3683 4665 3769 4716 loco

2232 4747 2332 4807 vox
2368 4732 2661 4807 Imperator
2688 4750 2794 4789 non
2835 4735 3097 4805 signiticet
3135 4732 3451 4802 dignitatem
3485 4742 3767 4807 Augustam;

2228 4804 2373 4858 aliud
2418 4807 2563 4860 enim
2608 4806 2753 4860 illam
2785 4808 2837 4860 in
2876 4809 3043 4863 titulis
3071 4810 3454 4878 imperatorum
3484 4804 3767 4878 signiﬁcare.

2227 4890 2349 4952 cum
2392 4879 2566 4952 primo
2607 4878 2724 4952 loco
2759 4879 2993 4952 ponitur,
3021 4876 3160 4934 aliud
3188 4897 3311 4935 cum
3354 4876 3771 4952 subjuugiturreat-

2230 4948 2357 5023 teris
2402 4949 2751 5023 titulis.‘Nam
2783 4965 2882 5004 vox
2928 4950 3226 5019 imperator,
3254 4968 3373 5023 qua:
3423 4948 3647 5008 secuiido
3683 4951 3771 5002 loco

2227 5021 2464 5088 ponitur,
2497 5020 2742 5090 designat
2779 5023 3055 5076 victoriam
3087 5020 3502 5093 imperatorum;
3530 5035 3582 5079 et
3606 5022 3770 5093 quoties

2228 5101 2346 5160 post
2377 5102 2584 5160 partam
2613 5095 2887 5146 victoriam
2919 5099 3273 5162 imperatores
3291 5096 3357 5150 ab
3381 5096 3609 5151 exercitu
3628 5094 3772 5161 appel-

2225 5162 2316 5238 l_a_ti
2365 5167 2495 5229 sint,
2532 5164 2791 5238 ostendit,
2850 5165 3109 5238 utdocet
3156 5168 3272 5221 Dio.
3335 5167 3517 5238 Neque
3550 5182 3642 5236 ego
3670 5177 3771 5217 sane

2221 5234 2497 5310 disputare
2529 5236 2648 5310 heic
2678 5237 2835 5310 velint
2865 5236 3123 5292 adversus
3153 5239 3290 5293 hanc
3315 5234 3770 5310 interpretationem

2223 5307 2320 5359 viri
2351 5307 2657 5361 clarissimi.
2690 5306 2821 5361 Illud
2854 5316 3057 5363 tantum
3088 5311 3229 5364 volui
3285 5306 3509 5367 monere
3543 5309 3770 5366 Galerium

2219 5378 2601 5447 imperatorem
2631 5378 2697 5432 19
2741 5379 3005 5437 nominari
3037 5382 3088 5434 in
3123 5382 3277 5436 titulo
3302 5382 3450 5437 illius
3471 5378 3773 5438 edicti.0biit

2220 5461 2401 5503 autem
2431 5448 2698 5514 Galerius,
2723 5460 2777 5504 ut
2805 5451 2983 5520 colligi
3008 5462 3185 5521 potest
3208 5469 3273 5508 ex
3304 5453 3599 5519 Laetantio,
3625 5460 3772 5508 mense

2214 5523 2357 5575 maio
2369 5521 2509 5590 apud
2532 5520 2829 5594 Serdicam.
2849 5522 2921 5576 At
2939 5520 3246 5594 Onuphrius
3268 5526 3576 5588 l’anvinius,
3587 5527 3637 5594 in
3654 5534 3774 5577 com-

2211 5588 2475 5647 mentario
2500 5592 2566 5647 ad
2596 5592 2790 5648 librqu
2822 5588 3118 5650 secundum
3146 5594 3460 5663 Fastorum,
3496 5588 3642 5652 tradit
3673 5604 3769 5647 eum

2209 5664 2407 5736 abiisse
2443 5665 2585 5717 circa
2637 5679 2874 5719 mensem
2919 5669 3300 5733 septembrem.
3339 5669 3526 5724 Melius
3563 5664 3770 5736 Sigonius

2209 5734 2260 5810 in
2293 5735 2429 5810 libro
2457 5736 2694 5810 secundo
2742 5737 2809 5789 de
2838 5739 3165 5810 occidentali
3195 5741 3453 5810 imperio,
3503 5741 3584 5793 ubi
3617 5732 3771 5810 scribit

2212 5804 2480 5882 Galerium
2511 5809 2620 5882 vita
2646 5808 2943 5863 excessisse
2972 5826 3076 5863 non
3106 5804 3285 5866 multo
3306 5804 3518 5882 post“
3551 5805 3768 5866 kalendas

2206 5878 2396 5952 iunias.
2424 5877 2482 5937 lu
2511 5876 2613 5943 hoc
2639 5887 2817 5945 tamen
2842 5891 3009 5955 errat,
3038 5882 3180 5958 quod
3207 5876 3321 5957 tqpi
3347 5884 3604 5944 Licinium
3622 5882 3766 5951 impe-
