  <div class='ocr_page' id='page_1' title='image "/cluster/home/n/w/nwhite01/storage/ocr_20150623/7/hvd.32044015471246/189.png"; bbox 0 0 3950 6368; ppageno 0'>
   <div class='ocr_carea' id='block_1_1' title="bbox 424 288 528 344">
    <p class='ocr_par' dir='ltr' id='par_1_1' title="bbox 424 288 528 344">
     <span class='ocr_line' id='line_1_1' title="bbox 424 288 528 344; baseline -0.01 0"><span class='ocrx_word' id='word_1_1' title='bbox 424 288 528 344; x_wconf 76' lang='lat'><strong>367</strong></span> 
     </span>
    </p>
   </div>
   <div class='ocr_carea' id='block_1_2' title="bbox 1750 261 2405 324">
    <p class='ocr_par' dir='ltr' id='par_1_2' title="bbox 1750 261 2405 324">
     <span class='ocr_line' id='line_1_2' title="bbox 1750 261 2405 324; baseline -0.012 0"><span class='ocrx_word' id='word_1_2' title='bbox 1750 263 2092 324; x_wconf 78' lang='lat' dir='ltr'><strong>STEPHANI</strong></span> <span class='ocrx_word' id='word_1_3' title='bbox 2135 261 2405 320; x_wconf 76' lang='lat' dir='ltr'><strong>BALUle</strong></span> 
     </span>
    </p>
   </div>
   <div class='ocr_carea' id='block_1_3' title="bbox 3617 261 3721 318">
    <p class='ocr_par' dir='ltr' id='par_1_3' title="bbox 3617 261 3721 318">
     <span class='ocr_line' id='line_1_3' title="bbox 3617 261 3721 318; baseline 0.01 -1"><span class='ocrx_word' id='word_1_4' title='bbox 3617 261 3706 318; x_wconf 75' lang='lat'><strong>368</strong></span> <span class='ocrx_word' id='word_1_5' title='bbox 3718 285 3721 288; x_wconf 93' lang='grc'><strong>·</strong></span> 
     </span>
    </p>
   </div>
   <div class='ocr_carea' id='block_1_4' title="bbox 426 376 3708 483">
    <p class='ocr_par' dir='ltr' id='par_1_4' title="bbox 426 376 3708 483">
     <span class='ocr_line' id='line_1_4' title="bbox 426 376 3708 483; baseline -0 1"><span class='ocrx_word' id='word_1_6' title='bbox 426 402 785 468; x_wconf 55' lang='lat' dir='ltr'><strong>Constantini.</strong></span> <span class='ocrx_word' id='word_1_7' title='bbox 825 399 918 483; x_wconf 65' lang='lat' dir='ltr'><strong>qui.</strong></span> <span class='ocrx_word' id='word_1_8' title='bbox 957 403 1160 483; x_wconf 53' lang='lat' dir='ltr'><strong>smmis</strong></span> <span class='ocrx_word' id='word_1_9' title='bbox 1348 391 1725 483; x_wconf 50' lang='lat' dir='ltr'><strong>Eumelus“</strong></span> <span class='ocrx_word' id='word_1_10' title='bbox 1759 386 2013 474; x_wconf 60' lang='grc' dir='ltr'>ιίεξιεειιίί</span> <span class='ocrx_word' id='word_1_11' title='bbox 2039 377 2819 483; x_wconf 53' lang='grc' dir='ltr'><strong>ιδ’ευέξέίε..ξξίνξτιέιι.ε.,δηηξίςτξο</strong></span> <span class='ocrx_word' id='word_1_12' title='bbox 2843 376 3575 483; x_wconf 47' lang='lat' dir='ltr'><strong>sanescentia:</strong></span> <span class='ocrx_word' id='word_1_13' title='bbox 3598 382 3708 483; x_wconf 65' lang='lat'><strong>3:23-</strong></span> 
     </span>
    </p>
   </div>
   <div class='ocr_carea' id='block_1_5' title="bbox 425 459 2018 542">
    <p class='ocr_par' dir='ltr' id='par_1_5' title="bbox 425 459 2018 542">
     <span class='ocr_line' id='line_1_5' title="bbox 425 459 2018 542; baseline -0.014 -7"><span class='ocrx_word' id='word_1_14' title='bbox 425 459 643 536; x_wconf 68' lang='lat' dir='ltr'><strong>eversas</strong></span> <span class='ocrx_word' id='word_1_15' title='bbox 684 459 818 530; x_wconf 78' lang='lat' dir='ltr'><strong>adeo</strong></span> <span class='ocrx_word' id='word_1_16' title='bbox 845 459 1030 542; x_wconf 86' lang='lat' dir='ltr'><strong>iniquo</strong></span> <span class='ocrx_word' id='word_1_17' title='bbox 1062 466 1245 542; x_wconf 81' lang='lat' dir='ltr'><strong>tulerit</strong></span> <span class='ocrx_word' id='word_1_18' title='bbox 1278 466 1480 542; x_wconf 83' lang='lat' dir='ltr'><strong>animo,</strong></span> <span class='ocrx_word' id='word_1_19' title='bbox 1510 470 1569 517; x_wconf 92' lang='lat' dir='ltr'><strong>ut</strong></span> <span class='ocrx_word' id='word_1_20' title='bbox 1609 475 1728 518; x_wconf 91' lang='lat' dir='ltr'><strong>eam</strong></span> <span class='ocrx_word' id='word_1_21' title='bbox 1753 459 2018 542; x_wconf 64' lang='lat' dir='ltr'><strong>injuriam</strong></span> 
     </span>
    </p>
   </div>
   <div class='ocr_carea' id='block_1_6' title="bbox 425 535 2023 614">
    <p class='ocr_par' dir='ltr' id='par_1_6' title="bbox 425 535 2023 614">
     <span class='ocr_line' id='line_1_6' title="bbox 425 535 2023 614; baseline -0.012 -7"><span class='ocrx_word' id='word_1_22' title='bbox 425 535 592 607; x_wconf 85' lang='lat' dir='ltr'><strong>armis</strong></span> <span class='ocrx_word' id='word_1_23' title='bbox 623 535 997 604; x_wconf 76' lang='lat' dir='ltr'><strong>vindicandam</strong></span> <span class='ocrx_word' id='word_1_24' title='bbox 1030 538 1260 614; x_wconf 77' lang='lat' dir='ltr'><strong>putarit;</strong></span> <span class='ocrx_word' id='word_1_25' title='bbox 1293 537 1519 614; x_wconf 80' lang='lat' dir='ltr'><strong>ejusque</strong></span> <span class='ocrx_word' id='word_1_26' title='bbox 1541 535 1854 614; x_wconf 71' lang='lat' dir='ltr'><strong>memoriam</strong></span> <span class='ocrx_word' id='word_1_27' title='bbox 1883 535 2023 614; x_wconf 49' lang='lat' dir='ltr'><strong>acri:</strong></span> 
     </span>
    </p>
   </div>
   <div class='ocr_carea' id='block_1_7' title="bbox 424 603 2020 681">
    <p class='ocr_par' dir='ltr' id='par_1_7' title="bbox 424 603 2020 681">
     <span class='ocr_line' id='line_1_7' title="bbox 424 603 2020 681; baseline -0.011 -4"><span class='ocrx_word' id='word_1_28' title='bbox 424 603 616 679; x_wconf 48' lang='lat' dir='ltr'><strong>is?“</strong></span> <span class='ocrx_word' id='word_1_29' title='bbox 659 603 1047 674; x_wconf 78' lang='lat' dir='ltr'><strong>contumeliose</strong></span> <span class='ocrx_word' id='word_1_30' title='bbox 1083 603 1339 681; x_wconf 48' lang='lat' dir='ltr'><strong>sugillat,’</strong></span> <span class='ocrx_word' id='word_1_31' title='bbox 1359 603 1526 681; x_wconf 75' lang='lat' dir='ltr'><strong>quod</strong></span> <span class='ocrx_word' id='word_1_32' title='bbox 1548 603 2020 681; x_wconf 77' lang='lat' dir='ltr'><strong>Cu_m___Maximiani</strong></span> 
     </span>
    </p>
   </div>
   <div class='ocr_carea' id='block_1_8' title="bbox 425 675 2019 752">
    <p class='ocr_par' dir='ltr' id='par_1_8' title="bbox 425 675 2019 752">
     <span class='ocr_line' id='line_1_8' title="bbox 425 675 2019 752; baseline -0.01 -4"><span class='ocrx_word' id='word_1_33' title='bbox 425 675 609 749; x_wconf 74' lang='lat' dir='ltr'><strong>soceri</strong></span> <span class='ocrx_word' id='word_1_34' title='bbox 631 692 714 748; x_wconf 87' lang='lat' dir='ltr'><strong>sui</strong></span> <span class='ocrx_word' id='word_1_35' title='bbox 745 698 948 745; x_wconf 90' lang='lat' dir='ltr'><strong>statuas</strong></span> <span class='ocrx_word' id='word_1_36' title='bbox 975 675 1212 739; x_wconf 72' lang='lat' dir='ltr'><strong>subverti</strong></span> <span class='ocrx_word' id='word_1_37' title='bbox 1240 679 1568 752; x_wconf 12' lang='lat' dir='ltr'><strong>jussissetgin</strong></span> <span class='ocrx_word' id='word_1_38' title='bbox 1587 675 1804 752; x_wconf 71' lang='lat' dir='ltr'><strong>Galliis,</strong></span> <span class='ocrx_word' id='word_1_39' title='bbox 1837 691 2019 745; x_wconf 89' lang='lat' dir='ltr'><strong>parem</strong></span> 
     </span>
    </p>
   </div>
   <div class='ocr_carea' id='block_1_9' title="bbox 426 745 2018 828">
    <p class='ocr_par' dir='ltr' id='par_1_9' title="bbox 426 745 2018 828">
     <span class='ocr_line' id='line_1_9' title="bbox 426 745 2018 828; baseline -0.011 -8"><span class='ocrx_word' id='word_1_40' title='bbox 426 745 599 820; x_wconf 33' lang='lat' dir='ltr'><strong>sibiva</strong></span> <span class='ocrx_word' id='word_1_41' title='bbox 617 745 887 818; x_wconf 78' lang='lat' dir='ltr'><strong>Maxentio</strong></span> <span class='ocrx_word' id='word_1_42' title='bbox 921 758 1039 828; x_wconf 84' lang='lat' dir='ltr'><strong>ejus</strong></span> <span class='ocrx_word' id='word_1_43' title='bbox 1068 754 1178 808; x_wconf 92' lang='lat' dir='ltr'><strong>lllio</strong></span> <span class='ocrx_word' id='word_1_44' title='bbox 1207 745 1398 828; x_wconf 78' lang='lat' dir='ltr'><strong>factam</strong></span> <span class='ocrx_word' id='word_1_45' title='bbox 1440 749 1688 828; x_wconf 81' lang='lat' dir='ltr'><strong>injuriatn</strong></span> <span class='ocrx_word' id='word_1_46' title='bbox 1732 745 1873 828; x_wconf 79' lang='lat' dir='ltr'><strong>ferre</strong></span> <span class='ocrx_word' id='word_1_47' title='bbox 1914 764 2018 804; x_wconf 93' lang='lat' dir='ltr'><strong>non</strong></span> 
     </span>
    </p>
   </div>
   <div class='ocr_carea' id='block_1_10' title="bbox 465 819 2021 900">
    <p class='ocr_par' dir='ltr' id='par_1_10' title="bbox 465 819 2021 900">
     <span class='ocr_line' id='line_1_10' title="bbox 465 819 2021 900; baseline -0.011 -10"><span class='ocrx_word' id='word_1_48' title='bbox 465 819 680 891; x_wconf 90' lang='lat' dir='ltr'><strong>otuerit.</strong></span> <span class='ocrx_word' id='word_1_49' title='bbox 699 833 822 889; x_wconf 84' lang='lat' dir='ltr'><strong>Veri</strong></span> <span class='ocrx_word' id='word_1_50' title='bbox 845 819 996 885; x_wconf 74' lang='lat' dir='ltr'><strong>amor</strong></span> <span class='ocrx_word' id='word_1_51' title='bbox 1013 837 1066 883; x_wconf 92' lang='lat' dir='ltr'><strong>et</strong></span> <span class='ocrx_word' id='word_1_52' title='bbox 1093 825 1266 900; x_wconf 84' lang='lat' dir='ltr'><strong>magni</strong></span> <span class='ocrx_word' id='word_1_53' title='bbox 1286 819 1542 894; x_wconf 86' lang='lat' dir='ltr'><strong>principis</strong></span> <span class='ocrx_word' id='word_1_54' title='bbox 1561 819 1817 900; x_wconf 75' lang='lat' dir='ltr'><strong>memoria</strong></span> <span class='ocrx_word' id='word_1_55' title='bbox 1840 831 2021 900; x_wconf 83' lang='lat' dir='ltr'><strong>postu-</strong></span> 
     </span>
    </p>
   </div>
   <div class='ocr_carea' id='block_1_11' title="bbox 449 890 2019 973">
    <p class='ocr_par' dir='ltr' id='par_1_11' title="bbox 449 890 2019 973">
     <span class='ocr_line' id='line_1_11' title="bbox 449 890 2019 973; baseline -0.01 -11"><span class='ocrx_word' id='word_1_56' title='bbox 449 890 649 973; x_wconf 72' lang='lat' dir='ltr'><strong>aut,ut</strong></span> <span class='ocrx_word' id='word_1_57' title='bbox 674 905 794 960; x_wconf 89' lang='lat' dir='ltr'><strong>heic</strong></span> <span class='ocrx_word' id='word_1_58' title='bbox 819 890 1212 973; x_wconf 54' lang='lat' dir='ltr'><strong>observemus;</strong></span> <span class='ocrx_word' id='word_1_59' title='bbox 1225 890 1544 973; x_wconf 78' lang='lat' dir='ltr'><strong>itiiiiiensttm</strong></span> <span class='ocrx_word' id='word_1_60' title='bbox 1574 907 1695 946; x_wconf 89' lang='lat' dir='ltr'><strong>esse</strong></span> <span class='ocrx_word' id='word_1_61' title='bbox 1727 890 2019 973; x_wconf 80' lang='lat' dir='ltr'><strong>discrimen</strong></span> 
     </span>
    </p>
   </div>
   <div class='ocr_carea' id='block_1_12' title="bbox 428 964 2009 1034">
    <p class='ocr_par' dir='ltr' id='par_1_12' title="bbox 428 964 2009 1034">
     <span class='ocr_line' id='line_1_12' title="bbox 428 964 2009 1034; baseline -0.011 -1"><span class='ocrx_word' id='word_1_62' title='bbox 428 964 567 1034; x_wconf 77' lang='lat' dir='ltr'><strong>inter</strong></span> <span class='ocrx_word' id='word_1_63' title='bbox 593 978 709 1032; x_wconf 78' lang='lat' dir='ltr'><strong>bzcc</strong></span> <span class='ocrx_word' id='word_1_64' title='bbox 737 975 845 1030; x_wconf 92' lang='lat' dir='ltr'><strong>duo</strong></span> <span class='ocrx_word' id='word_1_65' title='bbox 883 972 1142 1028; x_wconf 77' lang='lat' dir='ltr'><strong>facinora.</strong></span> <span class='ocrx_word' id='word_1_66' title='bbox 1175 964 1561 1023; x_wconf 85' lang='lat' dir='ltr'><strong>Constantinus</strong></span> <span class='ocrx_word' id='word_1_67' title='bbox 1591 971 1860 1018; x_wconf 87' lang='lat' dir='ltr'><strong>everterat</strong></span> <span class='ocrx_word' id='word_1_68' title='bbox 1903 973 2009 1017; x_wconf 85' lang='lat' dir='ltr'><strong>sta-</strong></span> 
     </span>
    </p>
   </div>
   <div class='ocr_carea' id='block_1_13' title="bbox 429 1036 2018 1109">
    <p class='ocr_par' dir='ltr' id='par_1_13' title="bbox 429 1036 2018 1109">
     <span class='ocr_line' id='line_1_13' title="bbox 429 1036 2018 1109; baseline -0.011 -4"><span class='ocrx_word' id='word_1_69' title='bbox 429 1061 546 1104; x_wconf 90' lang='lat' dir='ltr'><strong>tuas</strong></span> <span class='ocrx_word' id='word_1_70' title='bbox 574 1047 772 1104; x_wconf 91' lang='lat' dir='ltr'><strong>inimici</strong></span> <span class='ocrx_word' id='word_1_71' title='bbox 801 1046 904 1109; x_wconf 90' lang='lat' dir='ltr'><strong>sui,</strong></span> <span class='ocrx_word' id='word_1_72' title='bbox 935 1042 1030 1099; x_wconf 88' lang='lat' dir='ltr'><strong>sed</strong></span> <span class='ocrx_word' id='word_1_73' title='bbox 1061 1039 1275 1103; x_wconf 77' lang='lat' dir='ltr'><strong>mortui,</strong></span> <span class='ocrx_word' id='word_1_74' title='bbox 1307 1045 1362 1092; x_wconf 91' lang='lat' dir='ltr'><strong>et</strong></span> <span class='ocrx_word' id='word_1_75' title='bbox 1389 1036 1477 1105; x_wconf 91' lang='lat' dir='ltr'><strong>qui</strong></span> <span class='ocrx_word' id='word_1_76' title='bbox 1517 1045 2018 1109; x_wconf 80' lang='lat' dir='ltr'><strong>proptere:i_contu-</strong></span> 
     </span>
    </p>
   </div>
   <div class='ocr_carea' id='block_1_14' title="bbox 427 1104 2022 1186">
    <p class='ocr_par' dir='ltr' id='par_1_14' title="bbox 427 1104 2022 1186">
     <span class='ocr_line' id='line_1_14' title="bbox 427 1104 2022 1186; baseline -0.009 -11"><span class='ocrx_word' id='word_1_77' title='bbox 427 1123 644 1176; x_wconf 79' lang='lat' dir='ltr'><strong>meliam</strong></span> <span class='ocrx_word' id='word_1_78' title='bbox 667 1118 769 1173; x_wconf 91' lang='lat' dir='ltr'><strong>sibi</strong></span> <span class='ocrx_word' id='word_1_79' title='bbox 793 1104 1080 1186; x_wconf 83' lang='lat' dir='ltr'><strong>irrogatam</strong></span> <span class='ocrx_word' id='word_1_80' title='bbox 1109 1111 1296 1186; x_wconf 79' lang='lat' dir='ltr'><strong>ulcisci</strong></span> <span class='ocrx_word' id='word_1_81' title='bbox 1331 1104 1659 1186; x_wconf 82' lang='lat' dir='ltr'><strong>n_on_potui_t.</strong></span> <span class='ocrx_word' id='word_1_82' title='bbox 1692 1105 1771 1186; x_wconf 37' lang='lat' dir='ltr'><strong>At.</strong></span> <span class='ocrx_word' id='word_1_83' title='bbox 1803 1104 2022 1186; x_wconf 64' lang='lat' dir='ltr'><strong>Maxen-</strong></span> 
     </span>
    </p>
   </div>
   <div class='ocr_carea' id='block_1_15' title="bbox 427 1177 2020 1260">
    <p class='ocr_par' dir='ltr' id='par_1_15' title="bbox 427 1177 2020 1260">
     <span class='ocr_line' id='line_1_15' title="bbox 427 1177 2020 1260; baseline -0.009 -13"><span class='ocrx_word' id='word_1_84' title='bbox 427 1194 534 1248; x_wconf 91' lang='lat' dir='ltr'><strong>tius</strong></span> <span class='ocrx_word' id='word_1_85' title='bbox 560 1177 1212 1260; x_wconf 50' lang='lat' dir='ltr'><strong>dejeceratveiieraiidas,</strong></span> <span class='ocrx_word' id='word_1_86' title='bbox 1245 1189 1302 1260; x_wconf 79' lang='lat' dir='ltr'><strong>ut</strong></span> <span class='ocrx_word' id='word_1_87' title='bbox 1326 1181 1398 1234; x_wconf 89' lang='lat' dir='ltr'><strong>ait</strong></span> <span class='ocrx_word' id='word_1_88' title='bbox 1438 1177 1737 1260; x_wconf 64' lang='lat' dir='ltr'><strong>Nazarins,</strong></span> <span class='ocrx_word' id='word_1_89' title='bbox 1762 1178 2020 1260; x_wconf 76' lang='lat' dir='ltr'><strong>imagines</strong></span> 
     </span>
    </p>
   </div>
   <div class='ocr_carea' id='block_1_16' title="bbox 429 1249 2018 1334">
    <p class='ocr_par' dir='ltr' id='par_1_16' title="bbox 429 1249 2018 1334">
     <span class='ocr_line' id='line_1_16' title="bbox 429 1249 2018 1334; baseline -0.01 -17"><span class='ocrx_word' id='word_1_90' title='bbox 429 1249 684 1334; x_wconf 72' lang='lat' dir='ltr'><strong>principis</strong></span> <span class='ocrx_word' id='word_1_91' title='bbox 725 1259 954 1334; x_wconf 79' lang='lat' dir='ltr'><strong>viventis</strong></span> <span class='ocrx_word' id='word_1_92' title='bbox 993 1271 1056 1311; x_wconf 90' lang='lat' dir='ltr'><strong>ac</strong></span> <span class='ocrx_word' id='word_1_93' title='bbox 1094 1254 1511 1334; x_wconf 75' lang='lat' dir='ltr'><strong>fortissimorum</strong></span> <span class='ocrx_word' id='word_1_94' title='bbox 1541 1251 1876 1334; x_wconf 75' lang='lat' dir='ltr'><strong>exercituum</strong></span> <span class='ocrx_word' id='word_1_95' title='bbox 1917 1249 2018 1334; x_wconf 73' lang='lat' dir='ltr'><strong>dit-</strong></span> 
     </span>
    </p>
   </div>
   <div class='ocr_carea' id='block_1_17' title="bbox 427 1321 2022 1404">
    <p class='ocr_par' dir='ltr' id='par_1_17' title="bbox 427 1321 2022 1404">
     <span class='ocr_line' id='line_1_17' title="bbox 427 1321 2022 1404; baseline -0.01 -15"><span class='ocrx_word' id='word_1_96' title='bbox 427 1321 617 1399; x_wconf 68' lang='lat' dir='ltr'><strong>cloris,</strong></span> <span class='ocrx_word' id='word_1_97' title='bbox 646 1333 736 1404; x_wconf 91' lang='lat' dir='ltr'><strong>qui</strong></span> <span class='ocrx_word' id='word_1_98' title='bbox 768 1340 1049 1402; x_wconf 89' lang='lat' dir='ltr'><strong>propterea</strong></span> <span class='ocrx_word' id='word_1_99' title='bbox 1082 1325 1355 1404; x_wconf 83' lang='lat' dir='ltr'><strong>et_potuit_,</strong></span> <span class='ocrx_word' id='word_1_100' title='bbox 1391 1333 1443 1404; x_wconf 80' lang='lat' dir='ltr'><strong>et</strong></span> <span class='ocrx_word' id='word_1_101' title='bbox 1482 1321 1670 1404; x_wconf 82' lang='lat' dir='ltr'><strong>debuit</strong></span> <span class='ocrx_word' id='word_1_102' title='bbox 1697 1336 1819 1404; x_wconf 84' lang='lat' dir='ltr'><strong>eum</strong></span> <span class='ocrx_word' id='word_1_103' title='bbox 1861 1321 2022 1404; x_wconf 37' lang='lat' dir='ltr'><strong>crasti-</strong></span> 
     </span>
    </p>
   </div>
   <div class='ocr_carea' id='block_1_18' title="bbox 429 1391 2021 1474">
    <p class='ocr_par' dir='ltr' id='par_1_18' title="bbox 429 1391 2021 1474">
     <span class='ocr_line' id='line_1_18' title="bbox 429 1391 2021 1474; baseline -0.009 -14"><span class='ocrx_word' id='word_1_104' title='bbox 429 1422 577 1472; x_wconf 74' lang='lat' dir='ltr'><strong>gare,</strong></span> <span class='ocrx_word' id='word_1_105' title='bbox 606 1391 638 1459; x_wconf 63' lang='grc' dir='ltr'><strong>ιι</strong></span> <span class='ocrx_word' id='word_1_106' title='bbox 666 1391 782 1474; x_wconf 68' lang='lat' dir='ltr'><strong>quo</strong></span> <span class='ocrx_word' id='word_1_107' title='bbox 812 1391 1108 1474; x_wconf 71' lang='lat' dir='ltr'><strong>cdtntanta</strong></span> <span class='ocrx_word' id='word_1_108' title='bbox 1149 1391 1438 1474; x_wconf 73' lang='lat' dir='ltr'><strong>ignominia</strong></span> <span class='ocrx_word' id='word_1_109' title='bbox 1486 1393 1643 1474; x_wconf 72' lang='lat' dir='ltr'><strong>imsus</strong></span> <span class='ocrx_word' id='word_1_110' title='bbox 1681 1400 1846 1474; x_wconf 76' lang='lat' dir='ltr'><strong>esset.</strong></span> <span class='ocrx_word' id='word_1_111' title='bbox 1877 1391 2021 1446; x_wconf 83' lang='lat' dir='ltr'><strong>Sane</strong></span> 
     </span>
    </p>
   </div>
   <div class='ocr_carea' id='block_1_19' title="bbox 429 1461 2020 1544">
    <p class='ocr_par' dir='ltr' id='par_1_19' title="bbox 429 1461 2020 1544">
     <span class='ocr_line' id='line_1_19' title="bbox 429 1461 2020 1544; baseline -0.01 -12"><span class='ocrx_word' id='word_1_112' title='bbox 429 1461 812 1536; x_wconf 73' lang='lat' dir='ltr'><strong>iliceietianus.</strong></span> <span class='ocrx_word' id='word_1_113' title='bbox 845 1484 902 1527; x_wconf 90' lang='lat' dir='ltr'><strong>ut</strong></span> <span class='ocrx_word' id='word_1_114' title='bbox 937 1470 1073 1527; x_wconf 84' lang='lat' dir='ltr'><strong>infra</strong></span> <span class='ocrx_word' id='word_1_115' title='bbox 1106 1461 1295 1522; x_wconf 75' lang='lat' dir='ltr'><strong>scribit</strong></span> <span class='ocrx_word' id='word_1_116' title='bbox 1324 1461 1834 1544; x_wconf 78' lang='lat' dir='ltr'><strong>Lactantius,_adeo</strong></span> <span class='ocrx_word' id='word_1_117' title='bbox 1871 1477 2020 1517; x_wconf 88' lang='lat' dir='ltr'><strong>eom-</strong></span> 
     </span>
    </p>
   </div>
   <div class='ocr_carea' id='block_1_20' title="bbox 428 1544 2016 1615">
    <p class='ocr_par' dir='ltr' id='par_1_20' title="bbox 428 1544 2016 1615">
     <span class='ocr_line' id='line_1_20' title="bbox 428 1544 2016 1615; baseline -0.009 -13"><span class='ocrx_word' id='word_1_118' title='bbox 428 1559 605 1603; x_wconf 91' lang='lat' dir='ltr'><strong>motus</strong></span> <span class='ocrx_word' id='word_1_119' title='bbox 628 1556 711 1602; x_wconf 92' lang='lat' dir='ltr'><strong>est</strong></span> <span class='ocrx_word' id='word_1_120' title='bbox 739 1561 858 1600; x_wconf 93' lang='lat' dir='ltr'><strong>cum</strong></span> <span class='ocrx_word' id='word_1_121' title='bbox 888 1544 1096 1598; x_wconf 89' lang='lat' dir='ltr'><strong>videret</strong></span> <span class='ocrx_word' id='word_1_122' title='bbox 1130 1548 1334 1594; x_wconf 90' lang='lat' dir='ltr'><strong>statuas</strong></span> <span class='ocrx_word' id='word_1_123' title='bbox 1369 1552 1496 1590; x_wconf 86' lang='lat' dir='ltr'><strong>suas</strong></span> <span class='ocrx_word' id='word_1_124' title='bbox 1526 1545 1714 1597; x_wconf 86' lang='lat' dir='ltr'><strong>everti,</strong></span> <span class='ocrx_word' id='word_1_125' title='bbox 1737 1549 1866 1615; x_wconf 72' lang='lat' dir='ltr'><strong>qua:</strong></span> <span class='ocrx_word' id='word_1_126' title='bbox 1895 1548 2016 1615; x_wconf 79' lang='lat' dir='ltr'><strong>cum</strong></span> 
     </span>
    </p>
   </div>
   <div class='ocr_carea' id='block_1_21' title="bbox 427 1604 2016 1684">
    <p class='ocr_par' dir='ltr' id='par_1_21' title="bbox 427 1604 2016 1684">
     <span class='ocr_line' id='line_1_21' title="bbox 427 1604 2016 1684; baseline -0.009 -12"><span class='ocrx_word' id='word_1_127' title='bbox 427 1621 618 1674; x_wconf 80' lang='lat' dir='ltr'><strong>statuis</strong></span> <span class='ocrx_word' id='word_1_128' title='bbox 649 1617 880 1673; x_wconf 89' lang='lat' dir='ltr'><strong>llerculii</strong></span> <span class='ocrx_word' id='word_1_129' title='bbox 907 1615 1206 1684; x_wconf 71' lang='lat' dir='ltr'><strong>conjuncta:</strong></span> <span class='ocrx_word' id='word_1_130' title='bbox 1233 1617 1407 1684; x_wconf 76' lang='lat' dir='ltr'><strong>erant,</strong></span> <span class='ocrx_word' id='word_1_131' title='bbox 1445 1617 1622 1684; x_wconf 81' lang='lat' dir='ltr'><strong>tamen</strong></span> <span class='ocrx_word' id='word_1_132' title='bbox 1651 1605 1749 1660; x_wconf 89' lang='lat' dir='ltr'><strong>etsi</strong></span> <span class='ocrx_word' id='word_1_133' title='bbox 1781 1607 1886 1684; x_wconf 85' lang='lat' dir='ltr'><strong>ista</strong></span> <span class='ocrx_word' id='word_1_134' title='bbox 1917 1604 2016 1659; x_wconf 79' lang='lat' dir='ltr'><strong>ad-</strong></span> 
     </span>
    </p>
   </div>
   <div class='ocr_carea' id='block_1_22' title="bbox 430 1678 2021 1745">
    <p class='ocr_par' dir='ltr' id='par_1_22' title="bbox 430 1678 2021 1745">
     <span class='ocr_line' id='line_1_22' title="bbox 430 1678 2021 1745; baseline -0.007 -3"><span class='ocrx_word' id='word_1_135' title='bbox 430 1707 617 1745; x_wconf 60' lang='lat' dir='ltr'><strong>versus</strong></span> <span class='ocrx_word' id='word_1_136' title='bbox 643 1707 763 1744; x_wconf 91' lang='lat' dir='ltr'><strong>eum</strong></span> <span class='ocrx_word' id='word_1_137' title='bbox 803 1702 908 1742; x_wconf 90' lang='lat' dir='ltr'><strong>non</strong></span> <span class='ocrx_word' id='word_1_138' title='bbox 946 1678 1135 1740; x_wconf 70' lang='lat' dir='ltr'><strong>fierent</strong></span> <span class='ocrx_word' id='word_1_139' title='bbox 1169 1681 1414 1742; x_wconf 85' lang='lat' dir='ltr'><strong>consilio,</strong></span> <span class='ocrx_word' id='word_1_140' title='bbox 1457 1678 1549 1732; x_wconf 91' lang='lat' dir='ltr'><strong>sed</strong></span> <span class='ocrx_word' id='word_1_141' title='bbox 1591 1678 1930 1740; x_wconf 85' lang='lat' dir='ltr'><strong>necessitate.</strong></span> <span class='ocrx_word' id='word_1_142' title='bbox 1963 1687 2021 1731; x_wconf 92' lang='lat' dir='ltr'><strong>ut</strong></span> 
     </span>
    </p>
   </div>
   <div class='ocr_carea' id='block_1_23' title="bbox 429 1749 2016 1830">
    <p class='ocr_par' dir='ltr' id='par_1_23' title="bbox 429 1749 2016 1830">
     <span class='ocr_line' id='line_1_23' title="bbox 429 1749 2016 1830; baseline -0.009 -15"><span class='ocrx_word' id='word_1_143' title='bbox 429 1763 553 1817; x_wconf 91' lang='lat' dir='ltr'><strong>biuc</strong></span> <span class='ocrx_word' id='word_1_144' title='bbox 579 1759 847 1830; x_wconf 89' lang='lat' dir='ltr'><strong>acceperit</strong></span> <span class='ocrx_word' id='word_1_145' title='bbox 875 1770 1122 1830; x_wconf 82' lang='lat' dir='ltr'><strong>magnum</strong></span> <span class='ocrx_word' id='word_1_146' title='bbox 1153 1749 1711 1830; x_wconf 66' lang='lat' dir='ltr'><strong>atqueincredibilem</strong></span> <span class='ocrx_word' id='word_1_147' title='bbox 1741 1749 2016 1830; x_wconf 78' lang='lat' dir='ltr'><strong>dolorem,</strong></span> 
     </span>
    </p>
   </div>
   <div class='ocr_carea' id='block_1_24' title="bbox 427 1821 2026 1904">
    <p class='ocr_par' dir='ltr' id='par_1_24' title="bbox 427 1821 2026 1904">
     <span class='ocr_line' id='line_1_24' title="bbox 427 1821 2026 1904; baseline -0.008 -18"><span class='ocrx_word' id='word_1_148' title='bbox 427 1852 490 1886; x_wconf 84' lang='lat' dir='ltr'><strong>ac</strong></span> <span class='ocrx_word' id='word_1_149' title='bbox 546 1821 1241 1904; x_wconf 13' lang='lat' dir='ltr'><strong>proptereaimoriendtim&#39;</strong></span> <span class='ocrx_word' id='word_1_150' title='bbox 1271 1823 1371 1878; x_wconf 89' lang='lat' dir='ltr'><strong>sibi</strong></span> <span class='ocrx_word' id='word_1_151' title='bbox 1419 1836 1538 1876; x_wconf 79' lang='lat' dir='ltr'><strong>esse</strong></span> <span class='ocrx_word' id='word_1_152' title='bbox 1583 1821 2026 1904; x_wconf 45' lang='lat' dir='ltr'><strong>decreverit.._At</strong></span> 
     </span>
    </p>
   </div>
   <div class='ocr_carea' id='block_1_25' title="bbox 428 1891 2025 1974">
    <p class='ocr_par' dir='ltr' id='par_1_25' title="bbox 428 1891 2025 1974">
     <span class='ocr_line' id='line_1_25' title="bbox 428 1891 2025 1974; baseline -0.008 -16"><span class='ocrx_word' id='word_1_153' title='bbox 428 1891 808 1960; x_wconf 72' lang='lat' dir='ltr'><strong>Constantinus</strong></span> <span class='ocrx_word' id='word_1_154' title='bbox 847 1901 1095 1974; x_wconf 77' lang='lat' dir='ltr'><strong>injuriatn</strong></span> <span class='ocrx_word' id='word_1_155' title='bbox 1138 1897 1305 1974; x_wconf 81' lang='lat' dir='ltr'><strong>illam,</strong></span> <span class='ocrx_word' id='word_1_156' title='bbox 1350 1907 1454 1964; x_wconf 84' lang='lat' dir='ltr'><strong>qua</strong></span> <span class='ocrx_word' id='word_1_157' title='bbox 1499 1901 1617 1974; x_wconf 89' lang='lat' dir='ltr'><strong>erat</strong></span> <span class='ocrx_word' id='word_1_158' title='bbox 1659 1891 2025 1974; x_wconf 69' lang='lat' dir='ltr'><strong>magnitudine</strong></span> 
     </span>
    </p>
   </div>
   <div class='ocr_carea' id='block_1_26' title="bbox 428 1962 2026 2040">
    <p class='ocr_par' dir='ltr' id='par_1_26' title="bbox 428 1962 2026 2040">
     <span class='ocr_line' id='line_1_26' title="bbox 428 1962 2026 2040; baseline -0.009 -9"><span class='ocrx_word' id='word_1_159' title='bbox 428 1977 615 2040; x_wconf 91' lang='lat' dir='ltr'><strong>animi,</strong></span> <span class='ocrx_word' id='word_1_160' title='bbox 637 1962 918 2030; x_wconf 72' lang='lat' dir='ltr'><strong>remittere</strong></span> <span class='ocrx_word' id='word_1_161' title='bbox 936 1970 1205 2040; x_wconf 69' lang='lat' dir='ltr'><strong>Maxentio</strong></span> <span class='ocrx_word' id='word_1_162' title='bbox 1229 1962 1606 2040; x_wconf 78' lang='lat' dir='ltr'><strong>paratuserat,</strong></span> <span class='ocrx_word' id='word_1_163' title='bbox 1628 1963 1675 2040; x_wconf 79' lang='lat' dir='ltr'><strong>_s_i</strong></span> <span class='ocrx_word' id='word_1_164' title='bbox 1695 1963 1740 2040; x_wconf 82' lang='lat' dir='ltr'><strong>is</strong></span> <span class='ocrx_word' id='word_1_165' title='bbox 1753 1962 1820 2040; x_wconf 72' lang='lat' dir='ltr'><strong>ad</strong></span> <span class='ocrx_word' id='word_1_166' title='bbox 1842 1977 2026 2040; x_wconf 66' lang='lat' dir='ltr'><strong>aequas</strong></span> 
     </span>
    </p>
   </div>
   <div class='ocr_carea' id='block_1_27' title="bbox 431 2032 2024 2116">
    <p class='ocr_par' dir='ltr' id='par_1_27' title="bbox 431 2032 2024 2116">
     <span class='ocr_line' id='line_1_27' title="bbox 431 2032 2024 2116; baseline -0.008 -18"><span class='ocrx_word' id='word_1_167' title='bbox 431 2052 574 2116; x_wconf 88' lang='lat' dir='ltr'><strong>pacis</strong></span> <span class='ocrx_word' id='word_1_168' title='bbox 598 2032 936 2101; x_wconf 84' lang='lat' dir='ltr'><strong>conditiones</strong></span> <span class='ocrx_word' id='word_1_169' title='bbox 962 2032 1294 2097; x_wconf 72' lang='lat' dir='ltr'><strong>descendere</strong></span> <span class='ocrx_word' id='word_1_170' title='bbox 1319 2035 1598 2116; x_wconf 81' lang='lat' dir='ltr'><strong>voluisset.</strong></span> <span class='ocrx_word' id='word_1_171' title='bbox 1626 2033 1734 2115; x_wconf 80' lang='lat' dir='ltr'><strong>Sed</strong></span> <span class='ocrx_word' id='word_1_172' title='bbox 1758 2034 1856 2116; x_wconf 36' lang='lat' dir='ltr'><strong>ille!</strong></span> <span class='ocrx_word' id='word_1_173' title='bbox 1876 2032 2024 2116; x_wconf 73' lang='lat' dir='ltr'><strong>Con-</strong></span> 
     </span>
    </p>
   </div>
   <div class='ocr_carea' id='block_1_28' title="bbox 429 2105 2026 2186">
    <p class='ocr_par' dir='ltr' id='par_1_28' title="bbox 429 2105 2026 2186">
     <span class='ocr_line' id='line_1_28' title="bbox 429 2105 2026 2186; baseline -0.009 -14"><span class='ocrx_word' id='word_1_174' title='bbox 429 2105 722 2173; x_wconf 71' lang='lat' dir='ltr'><strong>stautinum</strong></span> <span class='ocrx_word' id='word_1_175' title='bbox 779 2123 1096 2186; x_wconf 89' lang='lat' dir='ltr'><strong>aspernatus</strong></span> <span class='ocrx_word' id='word_1_176' title='bbox 1142 2118 1225 2164; x_wconf 89' lang='lat' dir='ltr'><strong>est</strong></span> <span class='ocrx_word' id='word_1_177' title='bbox 1270 2127 1282 2162; x_wconf 87' lang='lat'><strong>:</strong></span> <span class='ocrx_word' id='word_1_178' title='bbox 1328 2107 1623 2186; x_wconf 79' lang='lat' dir='ltr'><strong>appetitum</strong></span> <span class='ocrx_word' id='word_1_179' title='bbox 1675 2105 1791 2186; x_wconf 79' lang='lat' dir='ltr'><strong>ejus</strong></span> <span class='ocrx_word' id='word_1_180' title='bbox 1840 2105 2026 2176; x_wconf 88' lang='lat' dir='ltr'><strong>(verba</strong></span> 
     </span>
    </p>
   </div>
   <div class='ocr_carea' id='block_1_29' title="bbox 431 2177 2024 2255">
    <p class='ocr_par' dir='ltr' id='par_1_29' title="bbox 431 2177 2024 2255">
     <span class='ocr_line' id='line_1_29' title="bbox 431 2177 2024 2255; baseline -0.004 -19"><span class='ocrx_word' id='word_1_181' title='bbox 431 2203 557 2244; x_wconf 58' lang='grc' dir='ltr'>διιιιι</span> <span class='ocrx_word' id='word_1_182' title='bbox 585 2187 819 2255; x_wconf 82' lang='lat' dir='ltr'><strong>Nazarii)</strong></span> <span class='ocrx_word' id='word_1_183' title='bbox 846 2177 1066 2254; x_wconf 80' lang='lat' dir='ltr'><strong>refugit,</strong></span> <span class='ocrx_word' id='word_1_184' title='bbox 1087 2189 1370 2235; x_wconf 88' lang='lat' dir='ltr'><strong>aversatus</strong></span> <span class='ocrx_word' id='word_1_185' title='bbox 1404 2177 1510 2240; x_wconf 76' lang='lat' dir='ltr'><strong>est,</strong></span> <span class='ocrx_word' id='word_1_186' title='bbox 1545 2177 1786 2255; x_wconf 85' lang='lat' dir='ltr'><strong>horruit;</strong></span> <span class='ocrx_word' id='word_1_187' title='bbox 1815 2187 1872 2255; x_wconf 82' lang='lat' dir='ltr'><strong>et</strong></span> <span class='ocrx_word' id='word_1_188' title='bbox 1902 2191 2024 2231; x_wconf 94' lang='lat' dir='ltr'><strong>cum</strong></span> 
     </span>
    </p>
   </div>
   <div class='ocr_carea' id='block_1_30' title="bbox 429 2248 2026 2328">
    <p class='ocr_par' dir='ltr' id='par_1_30' title="bbox 429 2248 2026 2328">
     <span class='ocr_line' id='line_1_30' title="bbox 429 2248 2026 2328; baseline -0.008 -15"><span class='ocrx_word' id='word_1_189' title='bbox 429 2265 677 2316; x_wconf 84' lang='lat' dir='ltr'><strong>voluntas</strong></span> <span class='ocrx_word' id='word_1_190' title='bbox 707 2248 1280 2328; x_wconf 67' lang='lat' dir='ltr'><strong>pacilicaudialienata</strong></span> <span class='ocrx_word' id='word_1_191' title='bbox 1301 2259 1464 2328; x_wconf 80' lang='lat' dir='ltr'><strong>esset,</strong></span> <span class='ocrx_word' id='word_1_192' title='bbox 1496 2263 1561 2302; x_wconf 91' lang='lat' dir='ltr'><strong>eo</strong></span> <span class='ocrx_word' id='word_1_193' title='bbox 1589 2248 1876 2328; x_wconf 78' lang='lat' dir='ltr'><strong>dementia:</strong></span> <span class='ocrx_word' id='word_1_194' title='bbox 1900 2263 2026 2316; x_wconf 89' lang='lat' dir='ltr'><strong>pro-</strong></span> 
     </span>
    </p>
   </div>
   <div class='ocr_carea' id='block_1_31' title="bbox 426 2320 2024 2400">
    <p class='ocr_par' dir='ltr' id='par_1_31' title="bbox 426 2320 2024 2400">
     <span class='ocr_line' id='line_1_31' title="bbox 426 2320 2024 2400; baseline -0.008 -16"><span class='ocrx_word' id='word_1_195' title='bbox 426 2335 611 2398; x_wconf 83' lang='lat' dir='ltr'><strong>cessit,</strong></span> <span class='ocrx_word' id='word_1_196' title='bbox 639 2320 811 2400; x_wconf 82' lang='lat' dir='ltr'><strong>inquit</strong></span> <span class='ocrx_word' id='word_1_197' title='bbox 831 2327 972 2400; x_wconf 82' lang='lat' dir='ltr'><strong>idem</strong></span> <span class='ocrx_word' id='word_1_198' title='bbox 999 2324 1278 2400; x_wconf 73' lang='lat' dir='ltr'><strong>Nazarius,</strong></span> <span class='ocrx_word' id='word_1_199' title='bbox 1306 2333 1358 2374; x_wconf 90' lang='lat' dir='ltr'><strong>ut</strong></span> <span class='ocrx_word' id='word_1_200' title='bbox 1391 2321 1525 2400; x_wconf 88' lang='lat' dir='ltr'><strong>ultro</strong></span> <span class='ocrx_word' id='word_1_201' title='bbox 1551 2320 1706 2372; x_wconf 86' lang='lat' dir='ltr'><strong>etiam</strong></span> <span class='ocrx_word' id='word_1_202' title='bbox 1738 2320 2024 2400; x_wconf 73' lang='lat' dir='ltr'><strong>lacesseret,</strong></span> 
     </span>
    </p>
   </div>
   <div class='ocr_carea' id='block_1_32' title="bbox 426 2392 2026 2472">
    <p class='ocr_par' dir='ltr' id='par_1_32' title="bbox 426 2392 2026 2472">
     <span class='ocr_line' id='line_1_32' title="bbox 426 2392 2026 2472; baseline -0.008 -16"><span class='ocrx_word' id='word_1_203' title='bbox 426 2421 576 2472; x_wconf 85' lang='lat' dir='ltr'><strong>quem</strong></span> <span class='ocrx_word' id='word_1_204' title='bbox 598 2392 814 2455; x_wconf 45' lang='lat' dir='ltr'><strong>&#39;antbire</strong></span> <span class='ocrx_word' id='word_1_205' title='bbox 840 2392 1286 2472; x_wconf 65' lang='lat' dir='ltr'><strong>deberet._Uude_</strong></span> <span class='ocrx_word' id='word_1_206' title='bbox 1308 2399 1540 2472; x_wconf 75' lang='lat' dir='ltr'><strong>constat,</strong></span> <span class='ocrx_word' id='word_1_207' title='bbox 1578 2392 1896 2472; x_wconf 69' lang='lat' dir='ltr'><strong>arrogantite</strong></span> <span class='ocrx_word' id='word_1_208' title='bbox 1929 2392 2026 2472; x_wconf 77' lang='lat' dir='ltr'><strong>i_m-</strong></span> 
     </span>
    </p>
   </div>
   <div class='ocr_carea' id='block_1_33' title="bbox 429 2462 2026 2543">
    <p class='ocr_par' dir='ltr' id='par_1_33' title="bbox 429 2462 2026 2543">
     <span class='ocr_line' id='line_1_33' title="bbox 429 2462 2026 2543; baseline -0.008 -15"><span class='ocrx_word' id='word_1_209' title='bbox 429 2462 620 2530; x_wconf 86' lang='lat' dir='ltr'><strong>merito</strong></span> <span class='ocrx_word' id='word_1_210' title='bbox 647 2475 795 2543; x_wconf 91' lang='lat' dir='ltr'><strong>argui</strong></span> <span class='ocrx_word' id='word_1_211' title='bbox 827 2468 1237 2543; x_wconf 83' lang='lat' dir='ltr'><strong>Constantinum</strong></span> <span class='ocrx_word' id='word_1_212' title='bbox 1275 2465 1326 2519; x_wconf 93' lang='lat' dir='ltr'><strong>iu</strong></span> <span class='ocrx_word' id='word_1_213' title='bbox 1358 2463 1460 2543; x_wconf 76' lang='lat' dir='ltr'><strong>hoc</strong></span> <span class='ocrx_word' id='word_1_214' title='bbox 1493 2463 1611 2516; x_wconf 93' lang='lat' dir='ltr'><strong>loco</strong></span> <span class='ocrx_word' id='word_1_215' title='bbox 1634 2480 1653 2543; x_wconf 84' lang='lat'><strong>_:</strong></span> <span class='ocrx_word' id='word_1_216' title='bbox 1683 2465 1771 2543; x_wconf 91' lang='lat' dir='ltr'><strong>qui</strong></span> <span class='ocrx_word' id='word_1_217' title='bbox 1805 2462 1849 2515; x_wconf 94' lang='lat' dir='ltr'><strong>si</strong></span> <span class='ocrx_word' id='word_1_218' title='bbox 1885 2463 2026 2543; x_wconf 68' lang='lat' dir='ltr'><strong>inju-</strong></span> 
     </span>
    </p>
   </div>
   <div class='ocr_carea' id='block_1_34' title="bbox 428 2532 2028 2600">
    <p class='ocr_par' dir='ltr' id='par_1_34' title="bbox 428 2532 2028 2600">
     <span class='ocr_line' id='line_1_34' title="bbox 428 2532 2028 2600; baseline -0.008 1"><span class='ocrx_word' id='word_1_219' title='bbox 428 2547 563 2600; x_wconf 89' lang='lat' dir='ltr'><strong>riatn</strong></span> <span class='ocrx_word' id='word_1_220' title='bbox 592 2532 741 2600; x_wconf 72' lang='lat' dir='ltr'><strong>suam</strong></span> <span class='ocrx_word' id='word_1_221' title='bbox 785 2543 927 2597; x_wconf 89' lang='lat' dir='ltr'><strong>ultus</strong></span> <span class='ocrx_word' id='word_1_222' title='bbox 958 2555 1064 2594; x_wconf 93' lang='lat' dir='ltr'><strong>non</strong></span> <span class='ocrx_word' id='word_1_223' title='bbox 1108 2539 1296 2592; x_wconf 89' lang='lat' dir='ltr'><strong>fuisset</strong></span> <span class='ocrx_word' id='word_1_224' title='bbox 1335 2535 1593 2589; x_wconf 89' lang='lat' dir='ltr'><strong>adversus</strong></span> <span class='ocrx_word' id='word_1_225' title='bbox 1634 2533 1842 2587; x_wconf 79' lang='lat' dir='ltr'><strong>hOstem</strong></span> <span class='ocrx_word' id='word_1_226' title='bbox 1886 2532 2028 2588; x_wconf 85' lang='lat' dir='ltr'><strong>fero-</strong></span> 
     </span>
    </p>
   </div>
   <div class='ocr_carea' id='block_1_35' title="bbox 429 2605 2026 2682">
    <p class='ocr_par' dir='ltr' id='par_1_35' title="bbox 429 2605 2026 2682">
     <span class='ocr_line' id='line_1_35' title="bbox 429 2605 2026 2682; baseline -0.008 -11"><span class='ocrx_word' id='word_1_227' title='bbox 429 2633 546 2672; x_wconf 85' lang='lat' dir='ltr'><strong>cem</strong></span> <span class='ocrx_word' id='word_1_228' title='bbox 588 2632 651 2671; x_wconf 89' lang='lat' dir='ltr'><strong>ac</strong></span> <span class='ocrx_word' id='word_1_229' title='bbox 693 2613 920 2670; x_wconf 76' lang='lat' dir='ltr'><strong>bonitati</strong></span> <span class='ocrx_word' id='word_1_230' title='bbox 949 2611 1079 2682; x_wconf 75' lang='lat' dir='ltr'><strong>ejus</strong></span> <span class='ocrx_word' id='word_1_231' title='bbox 1105 2607 1449 2682; x_wconf 79' lang='lat' dir='ltr'><strong>illudentcm,</strong></span> <span class='ocrx_word' id='word_1_232' title='bbox 1486 2605 1724 2682; x_wconf 78' lang='lat' dir='ltr'><strong>proiecto</strong></span> <span class='ocrx_word' id='word_1_233' title='bbox 1767 2605 2026 2673; x_wconf 84' lang='lat' dir='ltr'><strong>majorem</strong></span> 
     </span>
    </p>
   </div>
   <div class='ocr_carea' id='block_1_36' title="bbox 431 2677 2025 2758">
    <p class='ocr_par' dir='ltr' id='par_1_36' title="bbox 431 2677 2025 2758">
     <span class='ocr_line' id='line_1_36' title="bbox 431 2677 2025 2758; baseline -0.008 -16"><span class='ocrx_word' id='word_1_234' title='bbox 431 2687 895 2758; x_wconf 10' lang='lat' dir='ltr'><strong>ignominiamiex</strong></span> <span class='ocrx_word' id='word_1_235' title='bbox 944 2677 1013 2758; x_wconf 70' lang='lat' dir='ltr'><strong>ea</strong></span> <span class='ocrx_word' id='word_1_236' title='bbox 1073 2677 1609 2758; x_wconf 59' lang='lat' dir='ltr'><strong>injurimcblivione</strong></span> <span class='ocrx_word' id='word_1_237' title='bbox 1665 2686 2025 2747; x_wconf 87' lang='lat' dir='ltr'><strong>reportasset,</strong></span> 
     </span>
    </p>
   </div>
   <div class='ocr_carea' id='block_1_37' title="bbox 431 2747 1621 2829">
    <p class='ocr_par' dir='ltr' id='par_1_37' title="bbox 431 2747 1621 2829">
     <span class='ocr_line' id='line_1_37' title="bbox 431 2747 1621 2829; baseline -0.013 -15"><span class='ocrx_word' id='word_1_238' title='bbox 431 2747 590 2829; x_wconf 69' lang='lat' dir='ltr'><strong>quam</strong></span> <span class='ocrx_word' id='word_1_239' title='bbox 616 2768 671 2812; x_wconf 94' lang='lat' dir='ltr'><strong>ut</strong></span> <span class='ocrx_word' id='word_1_240' title='bbox 699 2757 874 2812; x_wconf 88' lang='lat' dir='ltr'><strong>verbis</strong></span> <span class='ocrx_word' id='word_1_241' title='bbox 906 2753 1030 2829; x_wconf 83' lang='lat' dir='ltr'><strong>ullis</strong></span> <span class='ocrx_word' id='word_1_242' title='bbox 1047 2747 1315 2829; x_wconf 67' lang='lat' dir='ltr'><strong>explicari</strong></span> <span class='ocrx_word' id='word_1_243' title='bbox 1337 2747 1542 2829; x_wconf 73' lang='lat' dir='ltr'><strong>possit.</strong></span> 
     </span>
    </p>
   </div>
   <div class='ocr_carea' id='block_1_38' title="bbox 505 2815 2029 2896">
    <p class='ocr_par' dir='ltr' id='par_1_38' title="bbox 505 2815 2029 2896">
     <span class='ocr_line' id='line_1_38' title="bbox 505 2815 2029 2896; baseline -0.008 -12"><span class='ocrx_word' id='word_1_244' title='bbox 505 2829 557 2883; x_wconf 85' lang='grc' dir='ltr'><em>Ν</em></span> <span class='ocrx_word' id='word_1_245' title='bbox 563 2845 694 2884; x_wconf 88' lang='lat' dir='ltr'><strong>ecem</strong></span> <span class='ocrx_word' id='word_1_246' title='bbox 719 2829 877 2896; x_wconf 80' lang='lat' dir='ltr'><strong>patris</strong></span> <span class='ocrx_word' id='word_1_247' title='bbox 917 2825 1014 2879; x_wconf 84' lang='lat' dir='ltr'><strong>sui.</strong></span> <span class='ocrx_word' id='word_1_248' title='bbox 1040 2815 1362 2896; x_wconf 72' lang='lat' dir='ltr'><strong>Maximiani</strong></span> <span class='ocrx_word' id='word_1_249' title='bbox 1389 2817 1624 2896; x_wconf 65' lang='lat' dir='ltr'><strong>Herculii</strong></span> <span class='ocrx_word' id='word_1_250' title='bbox 1646 2833 1852 2896; x_wconf 80' lang='lat' dir='ltr'><strong>,_q_uem</strong></span> <span class='ocrx_word' id='word_1_251' title='bbox 1875 2815 2029 2896; x_wconf 87' lang='lat' dir='ltr'><strong>_Con_-</strong></span> 
     </span>
    </p>
   </div>
   <div class='ocr_carea' id='block_1_39' title="bbox 431 2889 2030 2968">
    <p class='ocr_par' dir='ltr' id='par_1_39' title="bbox 431 2889 2030 2968">
     <span class='ocr_line' id='line_1_39' title="bbox 431 2889 2030 2968; baseline -0.009 -10"><span class='ocrx_word' id='word_1_252' title='bbox 431 2903 700 2958; x_wconf 89' lang='lat' dir='ltr'><strong>stantinus</strong></span> <span class='ocrx_word' id='word_1_253' title='bbox 719 2889 1050 2968; x_wconf 48' lang='lat' dir='ltr'><strong>&#39;strangulari</strong></span> <span class='ocrx_word' id='word_1_254' title='bbox 1069 2896 1306 2968; x_wconf 85' lang='lat' dir='ltr'><strong>jusserat</strong></span> <span class='ocrx_word' id='word_1_255' title='bbox 1343 2891 1483 2968; x_wconf 80' lang='lat' dir='ltr'><strong>apud</strong></span> <span class='ocrx_word' id='word_1_256' title='bbox 1528 2889 1853 2968; x_wconf 80' lang='lat' dir='ltr'><strong>Massil_i_am._</strong></span> <span class='ocrx_word' id='word_1_257' title='bbox 1875 2889 2030 2945; x_wconf 84' lang='lat' dir='ltr'><strong>Zozi-</strong></span> 
     </span>
    </p>
   </div>
   <div class='ocr_carea' id='block_1_40' title="bbox 432 2960 2030 3038">
    <p class='ocr_par' dir='ltr' id='par_1_40' title="bbox 432 2960 2030 3038">
     <span class='ocr_line' id='line_1_40' title="bbox 432 2960 2030 3038; baseline -0.008 -9"><span class='ocrx_word' id='word_1_258' title='bbox 432 2989 586 3038; x_wconf 91' lang='lat' dir='ltr'><strong>mus,</strong></span> <span class='ocrx_word' id='word_1_259' title='bbox 625 2971 712 3025; x_wconf 91' lang='lat' dir='ltr'><strong>lib.</strong></span> <span class='ocrx_word' id='word_1_260' title='bbox 745 2986 818 3024; x_wconf 87' lang='lat' dir='ltr'><strong>tt:</strong></span> <span class='ocrx_word' id='word_1_261' title='bbox 865 2960 1179 3038; x_wconf 73' lang='lat' dir='ltr'><strong>Maxentius</strong></span> <span class='ocrx_word' id='word_1_262' title='bbox 1204 2960 1492 3019; x_wconf 77' lang='lat' dir='ltr'><strong>occasiones</strong></span> <span class='ocrx_word' id='word_1_263' title='bbox 1519 2960 1737 3038; x_wconf 71' lang='lat' dir='ltr'><strong>gerendi</strong></span> <span class='ocrx_word' id='word_1_264' title='bbox 1783 2960 2030 3038; x_wconf 76' lang='lat' dir='ltr'><strong>adversus</strong></span> 
     </span>
    </p>
   </div>
   <div class='ocr_carea' id='block_1_41' title="bbox 429 3033 2034 3116">
    <p class='ocr_par' dir='ltr' id='par_1_41' title="bbox 429 3033 2034 3116">
     <span class='ocr_line' id='line_1_41' title="bbox 429 3033 2034 3116; baseline -0.009 -16"><span class='ocrx_word' id='word_1_265' title='bbox 429 3033 817 3100; x_wconf 80' lang='lat' dir='ltr'><strong>Constantinum</strong></span> <span class='ocrx_word' id='word_1_266' title='bbox 839 3041 958 3116; x_wconf 80' lang='lat' dir='ltr'><strong>belli</strong></span> <span class='ocrx_word' id='word_1_267' title='bbox 991 3036 1245 3116; x_wconf 24' lang='lat' dir='ltr'><strong>qu‘terebat</strong></span> <span class='ocrx_word' id='word_1_268' title='bbox 1263 3051 1473 3116; x_wconf 28' lang='lat' dir='ltr'><strong>haeque.</strong></span> <span class='ocrx_word' id='word_1_269' title='bbox 1494 3033 1667 3086; x_wconf 84' lang='lat' dir='ltr'><strong>dolere</strong></span> <span class='ocrx_word' id='word_1_270' title='bbox 1693 3043 1899 3116; x_wconf 71' lang='lat' dir='ltr'><strong>prapter</strong></span> <span class='ocrx_word' id='word_1_271' title='bbox 1925 3033 2034 3116; x_wconf 82' lang='lat' dir='ltr'><strong>obi-</strong></span> 
     </span>
    </p>
   </div>
   <div class='ocr_carea' id='block_1_42' title="bbox 430 3103 2034 3184">
    <p class='ocr_par' dir='ltr' id='par_1_42' title="bbox 430 3103 2034 3184">
     <span class='ocr_line' id='line_1_42' title="bbox 430 3103 2034 3184; baseline -0.009 -12"><span class='ocrx_word' id='word_1_272' title='bbox 430 3129 537 3172; x_wconf 88' lang='lat' dir='ltr'><strong>tum</strong></span> <span class='ocrx_word' id='word_1_273' title='bbox 575 3117 732 3184; x_wconf 74' lang='lat' dir='ltr'><strong>patris</strong></span> <span class='ocrx_word' id='word_1_274' title='bbox 775 3116 855 3168; x_wconf 86' lang='lat' dir='ltr'><strong>sui</strong></span> <span class='ocrx_word' id='word_1_275' title='bbox 909 3103 1178 3176; x_wconf 72' lang='lat' dir='ltr'><strong>simulans,</strong></span> <span class='ocrx_word' id='word_1_276' title='bbox 1213 3107 1294 3161; x_wconf 87' lang='lat' dir='ltr'><strong>cui</strong></span> <span class='ocrx_word' id='word_1_277' title='bbox 1322 3103 1501 3160; x_wconf 84' lang='lat' dir='ltr'><strong>mortis</strong></span> <span class='ocrx_word' id='word_1_278' title='bbox 1539 3103 2034 3160; x_wconf 84' lang='lat' dir='ltr'><strong>causant&#39;Constan-</strong></span> 
     </span>
    </p>
   </div>
   <div class='ocr_carea' id='block_1_43' title="bbox 435 3186 921 3257">
    <p class='ocr_par' dir='ltr' id='par_1_43' title="bbox 435 3186 921 3257">
     <span class='ocr_line' id='line_1_43' title="bbox 435 3186 921 3257; baseline -0.01 -14"><span class='ocrx_word' id='word_1_279' title='bbox 435 3192 571 3243; x_wconf 84' lang='lat' dir='ltr'><strong>tinus</strong></span> <span class='ocrx_word' id='word_1_280' title='bbox 603 3186 921 3257; x_wconf 69' lang='lat' dir='ltr'><strong>praebuisset.</strong></span> 
     </span>
    </p>
   </div>
   <div class='ocr_carea' id='block_1_44' title="bbox 505 3247 2044 3312">
    <p class='ocr_par' dir='ltr' id='par_1_44' title="bbox 505 3247 2044 3312">
     <span class='ocr_line' id='line_1_44' title="bbox 505 3247 2044 3312; baseline -0.005 0"><span class='ocrx_word' id='word_1_281' title='bbox 505 3247 855 3312; x_wconf 73' lang='lat' dir='ltr'><strong>Intestabilem</strong></span> <span class='ocrx_word' id='word_1_282' title='bbox 907 3256 989 3310; x_wconf 90' lang='lat' dir='ltr'><strong>vel</strong></span> <span class='ocrx_word' id='word_1_283' title='bbox 1043 3251 1372 3308; x_wconf 75' lang='lat' dir='ltr'><strong>exitiabilem.</strong></span> <span class='ocrx_word' id='word_1_284' title='bbox 1424 3248 1538 3304; x_wconf 81' lang='lat' dir='ltr'><strong>[loc</strong></span> <span class='ocrx_word' id='word_1_285' title='bbox 1581 3249 1634 3304; x_wconf 94' lang='lat' dir='ltr'><strong>in</strong></span> <span class='ocrx_word' id='word_1_286' title='bbox 1685 3247 1807 3304; x_wconf 90' lang='lat' dir='ltr'><strong>loco</strong></span> <span class='ocrx_word' id='word_1_287' title='bbox 1847 3248 2044 3304; x_wconf 87' lang='lat' dir='ltr'><strong>desunt</strong></span> 
     </span>
    </p>
   </div>
   <div class='ocr_carea' id='block_1_45' title="bbox 439 3319 2040 3399">
    <p class='ocr_par' dir='ltr' id='par_1_45' title="bbox 439 3319 2040 3399">
     <span class='ocr_line' id='line_1_45' title="bbox 439 3319 2040 3399; baseline -0.006 -13"><span class='ocrx_word' id='word_1_288' title='bbox 439 3331 640 3399; x_wconf 81' lang='lat' dir='ltr'><strong>aliquot</strong></span> <span class='ocrx_word' id='word_1_289' title='bbox 665 3329 856 3383; x_wconf 84' lang='lat' dir='ltr'><strong>litterae</strong></span> <span class='ocrx_word' id='word_1_290' title='bbox 884 3329 936 3380; x_wconf 94' lang='lat' dir='ltr'><strong>in</strong></span> <span class='ocrx_word' id='word_1_291' title='bbox 966 3324 1134 3399; x_wconf 79' lang='lat' dir='ltr'><strong>veteri</strong></span> <span class='ocrx_word' id='word_1_292' title='bbox 1159 3321 1492 3399; x_wconf 75' lang='lat' dir='ltr'><strong>exemplari,</strong></span> <span class='ocrx_word' id='word_1_293' title='bbox 1534 3321 1622 3376; x_wconf 84' lang='lat' dir='ltr'><strong>tibi</strong></span> <span class='ocrx_word' id='word_1_294' title='bbox 1672 3319 1788 3375; x_wconf 66' lang='lat' dir='ltr'><strong>haec</strong></span> <span class='ocrx_word' id='word_1_295' title='bbox 1836 3331 2040 3399; x_wconf 79' lang='lat' dir='ltr'><strong>tantum</strong></span> 
     </span>
    </p>
   </div>
   <div class='ocr_carea' id='block_1_46' title="bbox 438 3391 2040 3472">
    <p class='ocr_par' dir='ltr' id='par_1_46' title="bbox 438 3391 2040 3472">
     <span class='ocr_line' id='line_1_46' title="bbox 438 3391 2040 3472; baseline -0.007 -15"><span class='ocrx_word' id='word_1_296' title='bbox 438 3391 708 3472; x_wconf 78' lang='lat' dir='ltr'><strong>leguntur,</strong></span> <span class='ocrx_word' id='word_1_297' title='bbox 741 3399 1002 3472; x_wconf 65' lang='lat' dir='ltr'><strong>stabilem.</strong></span> <span class='ocrx_word' id='word_1_298' title='bbox 1040 3397 1114 3450; x_wconf 69' lang='lat' dir='ltr'><strong>lix</strong></span> <span class='ocrx_word' id='word_1_299' title='bbox 1145 3410 1264 3472; x_wconf 69' lang='lat' dir='ltr'><strong>quo</strong></span> <span class='ocrx_word' id='word_1_300' title='bbox 1301 3391 1620 3472; x_wconf 79' lang='lat' dir='ltr'><strong>collegimus</strong></span> <span class='ocrx_word' id='word_1_301' title='bbox 1668 3391 2040 3472; x_wconf 77' lang='lat' dir='ltr'><strong>reponendum</strong></span> 
     </span>
    </p>
   </div>
   <div class='ocr_carea' id='block_1_47' title="bbox 435 3463 2042 3529">
    <p class='ocr_par' dir='ltr' id='par_1_47' title="bbox 435 3463 2042 3529">
     <span class='ocr_line' id='line_1_47' title="bbox 435 3463 2042 3529; baseline -0.005 -1"><span class='ocrx_word' id='word_1_302' title='bbox 435 3463 557 3528; x_wconf 66' lang='lat' dir='ltr'><strong>esse</strong></span> <span class='ocrx_word' id='word_1_303' title='bbox 584 3463 939 3525; x_wconf 82' lang='lat' dir='ltr'><strong>intestabilem.</strong></span> <span class='ocrx_word' id='word_1_304' title='bbox 974 3463 1298 3522; x_wconf 85' lang='lat' dir='ltr'><strong>lntestabilis</strong></span> <span class='ocrx_word' id='word_1_305' title='bbox 1327 3474 1506 3520; x_wconf 92' lang='lat' dir='ltr'><strong>autem</strong></span> <span class='ocrx_word' id='word_1_306' title='bbox 1557 3463 1698 3519; x_wconf 88' lang='lat' dir='ltr'><strong>idem</strong></span> <span class='ocrx_word' id='word_1_307' title='bbox 1749 3465 1923 3529; x_wconf 87' lang='lat' dir='ltr'><strong>valet,</strong></span> <span class='ocrx_word' id='word_1_308' title='bbox 1977 3479 2042 3520; x_wconf 89' lang='lat' dir='ltr'><strong>ac</strong></span> 
     </span>
    </p>
   </div>
   <div class='ocr_carea' id='block_1_48' title="bbox 438 3541 1103 3600">
    <p class='ocr_par' dir='ltr' id='par_1_48' title="bbox 438 3541 1103 3600">
     <span class='ocr_line' id='line_1_48' title="bbox 438 3541 1103 3600; baseline -0.015 0"><span class='ocrx_word' id='word_1_309' title='bbox 438 3543 772 3600; x_wconf 75' lang='lat' dir='ltr'><strong>detestabilis</strong></span> <span class='ocrx_word' id='word_1_310' title='bbox 797 3551 853 3596; x_wconf 91' lang='lat' dir='ltr'><strong>et</strong></span> <span class='ocrx_word' id='word_1_311' title='bbox 878 3541 1103 3593; x_wconf 90' lang='lat' dir='ltr'><strong>invisus.</strong></span> 
     </span>
    </p>
   </div>
   <div class='ocr_carea' id='block_1_49' title="bbox 511 3603 2041 3676">
    <p class='ocr_par' dir='ltr' id='par_1_49' title="bbox 511 3603 2041 3676">
     <span class='ocr_line' id='line_1_49' title="bbox 511 3603 2041 3676; baseline -0.006 -7"><span class='ocrx_word' id='word_1_312' title='bbox 511 3614 751 3669; x_wconf 74' lang='lat' dir='ltr'><strong>Finxisse</strong></span> <span class='ocrx_word' id='word_1_313' title='bbox 772 3611 1100 3666; x_wconf 73' lang='lat' dir='ltr'><strong>discordiam.</strong></span> <span class='ocrx_word' id='word_1_314' title='bbox 1124 3607 1432 3676; x_wconf 87' lang='lat' dir='ltr'><strong>Eutropius,</strong></span> <span class='ocrx_word' id='word_1_315' title='bbox 1458 3605 1550 3660; x_wconf 91' lang='lat' dir='ltr'><strong>lib.</strong></span> <span class='ocrx_word' id='word_1_316' title='bbox 1579 3620 1643 3659; x_wconf 88' lang='lat' dir='ltr'><strong>x:</strong></span> <span class='ocrx_word' id='word_1_317' title='bbox 1667 3603 1800 3659; x_wconf 82' lang='lat' dir='ltr'><strong>Inde</strong></span> <span class='ocrx_word' id='word_1_318' title='bbox 1822 3605 1890 3658; x_wconf 92' lang='lat' dir='ltr'><strong>ad</strong></span> <span class='ocrx_word' id='word_1_319' title='bbox 1911 3604 2041 3660; x_wconf 80' lang='lat' dir='ltr'><strong>Gal-</strong></span> 
     </span>
    </p>
   </div>
   <div class='ocr_carea' id='block_1_50' title="bbox 434 3677 2043 3754">
    <p class='ocr_par' dir='ltr' id='par_1_50' title="bbox 434 3677 2043 3754">
     <span class='ocr_line' id='line_1_50' title="bbox 434 3677 2043 3754; baseline -0.006 -12"><span class='ocrx_word' id='word_1_320' title='bbox 434 3690 532 3743; x_wconf 87' lang='lat' dir='ltr'><strong>lias</strong></span> <span class='ocrx_word' id='word_1_321' title='bbox 563 3689 820 3754; x_wconf 77' lang='lat' dir='ltr'><strong>profectus</strong></span> <span class='ocrx_word' id='word_1_322' title='bbox 843 3691 934 3746; x_wconf 88' lang='lat' dir='ltr'><strong>est,</strong></span> <span class='ocrx_word' id='word_1_323' title='bbox 963 3681 1083 3735; x_wconf 83' lang='lat' dir='ltr'><strong>dolo</strong></span> <span class='ocrx_word' id='word_1_324' title='bbox 1111 3679 1415 3748; x_wconf 88' lang='lat' dir='ltr'><strong>composito,</strong></span> <span class='ocrx_word' id='word_1_325' title='bbox 1446 3687 1708 3746; x_wconf 79' lang='lat' dir='ltr'><strong>tamquam</strong></span> <span class='ocrx_word' id='word_1_326' title='bbox 1729 3693 1761 3730; x_wconf 89' lang='lat' dir='ltr'><strong>a</strong></span> <span class='ocrx_word' id='word_1_327' title='bbox 1777 3677 1887 3747; x_wconf 75' lang='lat' dir='ltr'><strong>ﬁlio</strong></span> <span class='ocrx_word' id='word_1_328' title='bbox 1912 3687 2043 3733; x_wconf 84' lang='lat' dir='ltr'><strong>esset</strong></span> 
     </span>
    </p>
   </div>
   <div class='ocr_carea' id='block_1_51' title="bbox 443 3758 711 3829">
    <p class='ocr_par' dir='ltr' id='par_1_51' title="bbox 443 3758 711 3829">
     <span class='ocr_line' id='line_1_51' title="bbox 443 3758 711 3829; baseline -0.019 -15"><span class='ocrx_word' id='word_1_329' title='bbox 443 3758 711 3829; x_wconf 77' lang='lat' dir='ltr'><strong>expulsus.</strong></span> 
     </span>
    </p>
   </div>
   <div class='ocr_carea' id='block_1_52' title="bbox 1014 3839 1468 3900">
    <p class='ocr_par' dir='ltr' id='par_1_52' title="bbox 1014 3839 1468 3900">
     <span class='ocr_line' id='line_1_52' title="bbox 1014 3839 1468 3900; baseline -0.013 0"><span class='ocrx_word' id='word_1_330' title='bbox 1014 3841 1242 3900; x_wconf 84' lang='lat' dir='ltr'><strong>CAPUT</strong></span> <span class='ocrx_word' id='word_1_331' title='bbox 1283 3839 1468 3898; x_wconf 78' lang='lat' dir='ltr'><strong>XLIV.</strong></span> 
     </span>
    </p>
   </div>
   <div class='ocr_carea' id='block_1_53' title="bbox 515 3955 1709 4023">
    <p class='ocr_par' dir='ltr' id='par_1_53' title="bbox 515 3955 1709 4023">
     <span class='ocr_line' id='line_1_53' title="bbox 515 3955 1709 4023; baseline -0.01 0"><span class='ocrx_word' id='word_1_332' title='bbox 515 3968 661 4023; x_wconf 72' lang='lat' dir='ltr'><strong>Inter</strong></span> <span class='ocrx_word' id='word_1_333' title='bbox 690 3981 795 4020; x_wconf 88' lang='lat' dir='ltr'><strong>eos.</strong></span> <span class='ocrx_word' id='word_1_334' title='bbox 827 3961 1152 4018; x_wconf 82' lang='lat' dir='ltr'><strong>Maxentium</strong></span> <span class='ocrx_word' id='word_1_335' title='bbox 1192 3968 1247 4014; x_wconf 93' lang='lat' dir='ltr'><strong>et</strong></span> <span class='ocrx_word' id='word_1_336' title='bbox 1274 3955 1709 4013; x_wconf 89' lang='lat' dir='ltr'><strong>Constantinum.</strong></span> 
     </span>
    </p>
   </div>
   <div class='ocr_carea' id='block_1_54' title="bbox 516 4027 2041 4108">
    <p class='ocr_par' dir='ltr' id='par_1_54' title="bbox 516 4027 2041 4108">
     <span class='ocr_line' id='line_1_54' title="bbox 516 4027 2041 4108; baseline -0.007 -14"><span class='ocrx_word' id='word_1_337' title='bbox 516 4040 836 4108; x_wconf 73' lang='lat' dir='ltr'><strong>Responsum</strong></span> <span class='ocrx_word' id='word_1_338' title='bbox 858 4040 1142 4108; x_wconf 81' lang='lat' dir='ltr'><strong>acceperat.</strong></span> <span class='ocrx_word' id='word_1_339' title='bbox 1176 4029 1370 4108; x_wconf 85' lang='lat' dir='ltr'><strong>lncer_t_i</strong></span> <span class='ocrx_word' id='word_1_340' title='bbox 1397 4027 2041 4108; x_wconf 81' lang='lat' dir='ltr'><strong>pancgyricus_Co_nstan-</strong></span> 
     </span>
    </p>
   </div>
   <div class='ocr_carea' id='block_1_55' title="bbox 444 4099 2042 4177">
    <p class='ocr_par' dir='ltr' id='par_1_55' title="bbox 444 4099 2042 4177">
     <span class='ocr_line' id='line_1_55' title="bbox 444 4099 2042 4177; baseline -0.006 -11"><span class='ocrx_word' id='word_1_341' title='bbox 444 4115 556 4167; x_wconf 83' lang='lat' dir='ltr'><strong>tino</strong></span> <span class='ocrx_word' id='word_1_342' title='bbox 602 4099 779 4166; x_wconf 87' lang='lat' dir='ltr'><strong>dictus</strong></span> <span class='ocrx_word' id='word_1_343' title='bbox 827 4115 948 4177; x_wconf 86' lang='lat' dir='ltr'><strong>post</strong></span> <span class='ocrx_word' id='word_1_344' title='bbox 979 4099 1264 4162; x_wconf 72' lang='lat' dir='ltr'><strong>devictum</strong></span> <span class='ocrx_word' id='word_1_345' title='bbox 1321 4099 1645 4177; x_wconf 86' lang='lat' dir='ltr'><strong>Maxentium</strong></span> <span class='ocrx_word' id='word_1_346' title='bbox 1691 4101 1966 4177; x_wconf 66' lang='lat' dir='ltr'><strong>z§tultum</strong></span> <span class='ocrx_word' id='word_1_347' title='bbox 1993 4111 2042 4156; x_wconf 82' lang='lat' dir='ltr'><strong>ct</strong></span> 
     </span>
    </p>
   </div>
   <div class='ocr_carea' id='block_1_56' title="bbox 445 4172 2037 4254">
    <p class='ocr_par' dir='ltr' id='par_1_56' title="bbox 445 4172 2037 4254">
     <span class='ocr_line' id='line_1_56' title="bbox 445 4172 2037 4254; baseline -0.005 -18"><span class='ocrx_word' id='word_1_348' title='bbox 445 4199 655 4254; x_wconf 82' lang='lat' dir='ltr'><strong>nequam</strong></span> <span class='ocrx_word' id='word_1_349' title='bbox 679 4172 872 4235; x_wconf 82' lang='lat' dir='ltr'><strong>animal</strong></span> <span class='ocrx_word' id='word_1_350' title='bbox 896 4192 1148 4254; x_wconf 81' lang='lat' dir='ltr'><strong>nusquam</strong></span> <span class='ocrx_word' id='word_1_351' title='bbox 1176 4183 1320 4229; x_wconf 78' lang='lat' dir='ltr'><strong>extra</strong></span> <span class='ocrx_word' id='word_1_352' title='bbox 1349 4173 1568 4254; x_wconf 74' lang='lat' dir='ltr'><strong>parietes</strong></span> <span class='ocrx_word' id='word_1_353' title='bbox 1594 4173 1769 4241; x_wconf 85' lang='lat' dir='ltr'><strong>egredi</strong></span> <span class='ocrx_word' id='word_1_354' title='bbox 1787 4172 2037 4254; x_wconf 25' lang='lat' dir='ltr'><strong>“audebat.</strong></span> 
     </span>
    </p>
   </div>
   <div class='ocr_carea' id='block_1_57' title="bbox 446 4244 2043 4322">
    <p class='ocr_par' dir='ltr' id='par_1_57' title="bbox 446 4244 2043 4322">
     <span class='ocr_line' id='line_1_57' title="bbox 446 4244 2043 4322; baseline -0.005 -14"><span class='ocrx_word' id='word_1_355' title='bbox 446 4244 531 4308; x_wconf 81' lang='grc' dir='ltr'><strong>1ιὰ</strong></span> <span class='ocrx_word' id='word_1_356' title='bbox 557 4256 687 4308; x_wconf 89' lang='lat' dir='ltr'><strong>enim</strong></span> <span class='ocrx_word' id='word_1_357' title='bbox 713 4262 802 4305; x_wconf 89' lang='lat' dir='ltr'><strong>aut</strong></span> <span class='ocrx_word' id='word_1_358' title='bbox 817 4244 1090 4322; x_wconf 85' lang='lat' dir='ltr'><strong>prodigiis,</strong></span> <span class='ocrx_word' id='word_1_359' title='bbox 1123 4256 1210 4301; x_wconf 90' lang='lat' dir='ltr'><strong>aut</strong></span> <span class='ocrx_word' id='word_1_360' title='bbox 1254 4256 1418 4299; x_wconf 83' lang='lat' dir='ltr'><strong>metus</strong></span> <span class='ocrx_word' id='word_1_361' title='bbox 1465 4244 1546 4298; x_wconf 85' lang='lat' dir='ltr'><strong>sui</strong></span> <span class='ocrx_word' id='word_1_362' title='bbox 1579 4246 1844 4316; x_wconf 75' lang='lat' dir='ltr'><strong>prtesagiis</strong></span> <span class='ocrx_word' id='word_1_363' title='bbox 1871 4260 2043 4300; x_wconf 79' lang='lat' dir='ltr'><strong>move-</strong></span> 
     </span>
    </p>
   </div>
   <div class='ocr_carea' id='block_1_58' title="bbox 446 4327 2040 4459">
    <p class='ocr_par' dir='ltr' id='par_1_58' title="bbox 446 4327 2040 4459">
     <span class='ocr_line' id='line_1_58' title="bbox 446 4327 2040 4459; baseline -0.003 -10"><span class='ocrx_word' id='word_1_364' title='bbox 446 4327 734 4449; x_wconf 45' lang='lat' dir='ltr'><strong>“135mm</strong></span> <span class='ocrx_word' id='word_1_365' title='bbox 763 4393 870 4447; x_wconf 79' lang='lat' dir='ltr'><strong>kal.</strong></span> <span class='ocrx_word' id='word_1_366' title='bbox 911 4389 1047 4445; x_wconf 82' lang='lat' dir='ltr'><strong>Nov.</strong></span> <span class='ocrx_word' id='word_1_367' title='bbox 1084 4387 1181 4443; x_wconf 84' lang='lat' dir='ltr'><strong>Hic</strong></span> <span class='ocrx_word' id='word_1_368' title='bbox 1200 4403 1330 4459; x_wconf 83' lang='lat' dir='ltr'><strong>ergo</strong></span> <span class='ocrx_word' id='word_1_369' title='bbox 1351 4386 1467 4442; x_wconf 90' lang='lat' dir='ltr'><strong>dies</strong></span> <span class='ocrx_word' id='word_1_370' title='bbox 1489 4387 1692 4459; x_wconf 87' lang='lat' dir='ltr'><strong>primus</strong></span> <span class='ocrx_word' id='word_1_371' title='bbox 1713 4385 2040 4445; x_wconf 81' lang='lat' dir='ltr'><strong>Maxentium</strong></span> 
     </span>
    </p>
   </div>
   <div class='ocr_carea' id='block_1_59' title="bbox 449 4458 2038 4532">
    <p class='ocr_par' dir='ltr' id='par_1_59' title="bbox 449 4458 2038 4532">
     <span class='ocr_line' id='line_1_59' title="bbox 449 4458 2038 4532; baseline -0.004 -11"><span class='ocrx_word' id='word_1_372' title='bbox 449 4466 584 4521; x_wconf 84' lang='lat' dir='ltr'><strong>vidit</strong></span> <span class='ocrx_word' id='word_1_373' title='bbox 617 4467 1047 4532; x_wconf 53' lang='lat' dir='ltr'><strong>imperatorem;</strong></span> <span class='ocrx_word' id='word_1_374' title='bbox 1069 4458 1280 4532; x_wconf 84' lang='lat' dir='ltr'><strong>contra</strong></span> <span class='ocrx_word' id='word_1_375' title='bbox 1305 4474 1464 4530; x_wconf 88' lang='lat' dir='ltr'><strong>quam</strong></span> <span class='ocrx_word' id='word_1_376' title='bbox 1499 4458 1613 4532; x_wconf 16' lang='lat' dir='ltr'><strong>Aalii</strong></span> <span class='ocrx_word' id='word_1_377' title='bbox 1637 4460 1918 4532; x_wconf 81' lang='lat' dir='ltr'><strong>scribunt,</strong></span> <span class='ocrx_word' id='word_1_378' title='bbox 1947 4461 2038 4530; x_wconf 85' lang='lat' dir='ltr'><strong>qui</strong></span> 
     </span>
    </p>
   </div>
   <div class='ocr_carea' id='block_1_60' title="bbox 449 4530 2119 4624">
    <p class='ocr_par' dir='ltr' id='par_1_60' title="bbox 449 4530 2119 4624">
     <span class='ocr_line' id='line_1_60' title="bbox 449 4530 2119 4624; baseline -0.004 -32"><span class='ocrx_word' id='word_1_379' title='bbox 449 4538 515 4592; x_wconf 90' lang='lat' dir='ltr'><strong>ad</strong></span> <span class='ocrx_word' id='word_1_380' title='bbox 542 4537 682 4591; x_wconf 89' lang='lat' dir='ltr'><strong>diem</strong></span> <span class='ocrx_word' id='word_1_381' title='bbox 696 4530 871 4624; x_wconf 38' lang='lat' dir='ltr'><strong>&#39;.8&quot;kal.</strong></span> <span class='ocrx_word' id='word_1_382' title='bbox 901 4530 1149 4624; x_wconf 74' lang='lat' dir='ltr'><strong>Qctobris</strong></span> <span class='ocrx_word' id='word_1_383' title='bbox 1169 4545 1291 4585; x_wconf 90' lang='lat' dir='ltr'><strong>eum</strong></span> <span class='ocrx_word' id='word_1_384' title='bbox 1323 4530 1604 4599; x_wconf 90' lang='lat' dir='ltr'><strong>imperium</strong></span> <span class='ocrx_word' id='word_1_385' title='bbox 1621 4530 1894 4590; x_wconf 73' lang='lat' dir='ltr'><strong>invasisse</strong></span> <span class='ocrx_word' id='word_1_386' title='bbox 1907 4532 2040 4586; x_wconf 91' lang='lat' dir='ltr'><strong>scri-</strong></span> <span class='ocrx_word' id='word_1_387' title='bbox 2062 4563 2119 4624; x_wconf 72' lang='grc' dir='ltr'><strong><em>Β</em></strong></span> 
     </span>
    </p>
   </div>
   <div class='ocr_carea' id='block_1_61' title="bbox 450 4605 2028 4678">
    <p class='ocr_par' dir='ltr' id='par_1_61' title="bbox 450 4605 2028 4678">
     <span class='ocr_line' id='line_1_61' title="bbox 450 4605 2028 4678; baseline -0.003 -16"><span class='ocrx_word' id='word_1_388' title='bbox 450 4613 604 4672; x_wconf 91' lang='lat' dir='ltr'><strong>bunt,</strong></span> <span class='ocrx_word' id='word_1_389' title='bbox 632 4605 803 4678; x_wconf 82' lang='lat' dir='ltr'><strong>pridie</strong></span> <span class='ocrx_word' id='word_1_390' title='bbox 827 4605 1120 4678; x_wconf 82' lang='lat' dir='ltr'><strong>extinctum</strong></span> <span class='ocrx_word' id='word_1_391' title='bbox 1145 4616 1160 4654; x_wconf 71' lang='grc' dir='ltr'>ε</span> <span class='ocrx_word' id='word_1_392' title='bbox 1187 4615 1414 4678; x_wconf 79' lang='lat' dir='ltr'><strong>quorum</strong></span> <span class='ocrx_word' id='word_1_393' title='bbox 1439 4612 1685 4678; x_wconf 84' lang='lat' dir='ltr'><strong>neutrum</strong></span> <span class='ocrx_word' id='word_1_394' title='bbox 1713 4617 1899 4678; x_wconf 72' lang='lat' dir='ltr'><strong>verum</strong></span> <span class='ocrx_word' id='word_1_395' title='bbox 1923 4614 2028 4678; x_wconf 85' lang='lat' dir='ltr'><strong>est.</strong></span> 
     </span>
    </p>
   </div>
   <div class='ocr_carea' id='block_1_62' title="bbox 451 4671 2033 4741">
    <p class='ocr_par' dir='ltr' id='par_1_62' title="bbox 451 4671 2033 4741">
     <span class='ocr_line' id='line_1_62' title="bbox 451 4671 2033 4741; baseline -0.005 -5"><span class='ocrx_word' id='word_1_396' title='bbox 451 4671 798 4736; x_wconf 45' lang='lat' dir='ltr'><strong>(laesos-enim</strong></span> <span class='ocrx_word' id='word_1_397' title='bbox 827 4685 910 4730; x_wconf 88' lang='lat' dir='ltr'><strong>est</strong></span> <span class='ocrx_word' id='word_1_398' title='bbox 942 4673 1030 4727; x_wconf 89' lang='lat' dir='ltr'><strong>die</strong></span> <span class='ocrx_word' id='word_1_399' title='bbox 1076 4672 1240 4725; x_wconf 88' lang='lat' dir='ltr'><strong>natali</strong></span> <span class='ocrx_word' id='word_1_400' title='bbox 1271 4686 1390 4741; x_wconf 91' lang='lat' dir='ltr'><strong>suo,</strong></span> <span class='ocrx_word' id='word_1_401' title='bbox 1423 4683 1483 4726; x_wconf 89' lang='lat' dir='ltr'><strong>ut</strong></span> <span class='ocrx_word' id='word_1_402' title='bbox 1507 4671 1702 4725; x_wconf 89' lang='lat' dir='ltr'><strong>docent</strong></span> <span class='ocrx_word' id='word_1_403' title='bbox 1724 4671 2033 4728; x_wconf 86' lang='lat' dir='ltr'><strong>Lactantius</strong></span> 
     </span>
    </p>
   </div>
   <div class='ocr_carea' id='block_1_63' title="bbox 450 4741 2034 4816">
    <p class='ocr_par' dir='ltr' id='par_1_63' title="bbox 450 4741 2034 4816">
     <span class='ocr_line' id='line_1_63' title="bbox 450 4741 2034 4816; baseline -0.003 -11"><span class='ocrx_word' id='word_1_404' title='bbox 450 4761 504 4806; x_wconf 90' lang='lat' dir='ltr'><strong>et</strong></span> <span class='ocrx_word' id='word_1_405' title='bbox 553 4761 737 4804; x_wconf 86' lang='lat' dir='ltr'><strong>auctor</strong></span> <span class='ocrx_word' id='word_1_406' title='bbox 779 4741 1085 4816; x_wconf 69' lang='lat' dir='ltr'><strong>panegyrici</strong></span> <span class='ocrx_word' id='word_1_407' title='bbox 1129 4742 1292 4816; x_wconf 81' lang='lat' dir='ltr'><strong>paulo</strong></span> <span class='ocrx_word' id='word_1_408' title='bbox 1321 4751 1465 4816; x_wconf 79' lang='lat' dir='ltr'><strong>ante</strong></span> <span class='ocrx_word' id='word_1_409' title='bbox 1511 4743 1727 4816; x_wconf 75' lang='lat' dir='ltr'><strong>laudati.</strong></span> <span class='ocrx_word' id='word_1_410' title='bbox 1777 4745 1880 4816; x_wconf 84' lang='lat' dir='ltr'><strong>Sed</strong></span> <span class='ocrx_word' id='word_1_411' title='bbox 1932 4746 2034 4801; x_wconf 89' lang='lat' dir='ltr'><strong>iste</strong></span> 
     </span>
    </p>
   </div>
   <div class='ocr_carea' id='block_1_64' title="bbox 455 4813 2036 4884">
    <p class='ocr_par' dir='ltr' id='par_1_64' title="bbox 455 4813 2036 4884">
     <span class='ocr_line' id='line_1_64' title="bbox 455 4813 2036 4884; baseline -0.004 -7"><span class='ocrx_word' id='word_1_412' title='bbox 455 4823 704 4877; x_wconf 86' lang='lat' dir='ltr'><strong>tamenin</strong></span> <span class='ocrx_word' id='word_1_413' title='bbox 738 4813 839 4873; x_wconf 81' lang='lat' dir='ltr'><strong>hoc</strong></span> <span class='ocrx_word' id='word_1_414' title='bbox 859 4813 1090 4878; x_wconf 73' lang='lat' dir='ltr'><strong>fallitur,</strong></span> <span class='ocrx_word' id='word_1_415' title='bbox 1117 4813 1259 4884; x_wconf 90' lang='lat' dir='ltr'><strong>quod</strong></span> <span class='ocrx_word' id='word_1_416' title='bbox 1283 4814 1378 4879; x_wconf 88' lang='lat' dir='ltr'><strong>ait,</strong></span> <span class='ocrx_word' id='word_1_417' title='bbox 1412 4813 1737 4868; x_wconf 79' lang='lat' dir='ltr'><strong>Maxentium</strong></span> <span class='ocrx_word' id='word_1_418' title='bbox 1773 4815 1915 4872; x_wconf 91' lang='lat' dir='ltr'><strong>diem</strong></span> <span class='ocrx_word' id='word_1_419' title='bbox 1942 4831 2036 4871; x_wconf 89' lang='lat' dir='ltr'><strong>na-</strong></span> 
     </span>
    </p>
   </div>
   <div class='ocr_carea' id='block_1_65' title="bbox 453 4886 2035 4956">
    <p class='ocr_par' dir='ltr' id='par_1_65' title="bbox 453 4886 2035 4956">
     <span class='ocr_line' id='line_1_65' title="bbox 453 4886 2035 4956; baseline -0.002 -10"><span class='ocrx_word' id='word_1_420' title='bbox 453 4895 572 4948; x_wconf 81' lang='lat' dir='ltr'><strong>talis</strong></span> <span class='ocrx_word' id='word_1_421' title='bbox 601 4894 680 4947; x_wconf 91' lang='lat' dir='ltr'><strong>sni</strong></span> <span class='ocrx_word' id='word_1_422' title='bbox 712 4889 861 4944; x_wconf 69' lang='lat' dir='ltr'><strong>cazde</strong></span> <span class='ocrx_word' id='word_1_423' title='bbox 884 4903 979 4943; x_wconf 90' lang='lat' dir='ltr'><strong>sua</strong></span> <span class='ocrx_word' id='word_1_424' title='bbox 1004 4886 1263 4956; x_wconf 76' lang='lat' dir='ltr'><strong>signasse,</strong></span> <span class='ocrx_word' id='word_1_425' title='bbox 1287 4901 1356 4940; x_wconf 90' lang='lat' dir='ltr'><strong>ne</strong></span> <span class='ocrx_word' id='word_1_426' title='bbox 1379 4886 1737 4954; x_wconf 88' lang='lat' dir='ltr'><strong>septenarium</strong></span> <span class='ocrx_word' id='word_1_427' title='bbox 1759 4887 1904 4942; x_wconf 91' lang='lat' dir='ltr'><strong>illum</strong></span> <span class='ocrx_word' id='word_1_428' title='bbox 1936 4905 2035 4943; x_wconf 90' lang='lat' dir='ltr'><strong>uu-</strong></span> 
     </span>
    </p>
   </div>
   <div class='ocr_carea' id='block_1_66' title="bbox 452 4956 2032 5026">
    <p class='ocr_par' dir='ltr' id='par_1_66' title="bbox 452 4956 2032 5026">
     <span class='ocr_line' id='line_1_66' title="bbox 452 4956 2032 5026; baseline -0.002 -8"><span class='ocrx_word' id='word_1_429' title='bbox 452 4981 658 5019; x_wconf 84' lang='lat' dir='ltr'><strong>merum</strong></span> <span class='ocrx_word' id='word_1_430' title='bbox 682 4975 892 5016; x_wconf 90' lang='lat' dir='ltr'><strong>sacrum</strong></span> <span class='ocrx_word' id='word_1_431' title='bbox 923 4969 978 5013; x_wconf 92' lang='lat' dir='ltr'><strong>et</strong></span> <span class='ocrx_word' id='word_1_432' title='bbox 996 4956 1300 5026; x_wconf 87' lang='lat' dir='ltr'><strong>religiosum</strong></span> <span class='ocrx_word' id='word_1_433' title='bbox 1329 4957 1414 5013; x_wconf 92' lang='lat' dir='ltr'><strong>vel</strong></span> <span class='ocrx_word' id='word_1_434' title='bbox 1445 4956 1746 5013; x_wconf 87' lang='lat' dir='ltr'><strong>inchoando</strong></span> <span class='ocrx_word' id='word_1_435' title='bbox 1789 4959 2032 5015; x_wconf 88' lang='lat' dir='ltr'><strong>violaret.</strong></span> 
     </span>
    </p>
   </div>
   <div class='ocr_carea' id='block_1_67' title="bbox 452 5027 2034 5099">
    <p class='ocr_par' dir='ltr' id='par_1_67' title="bbox 452 5027 2034 5099">
     <span class='ocr_line' id='line_1_67' title="bbox 452 5027 2034 5099; baseline -0.002 -9"><span class='ocrx_word' id='word_1_436' title='bbox 452 5036 586 5090; x_wconf 85' lang='lat' dir='ltr'><strong>Nam</strong></span> <span class='ocrx_word' id='word_1_437' title='bbox 615 5037 658 5089; x_wconf 87' lang='lat' dir='ltr'><strong>si</strong></span> <span class='ocrx_word' id='word_1_438' title='bbox 686 5048 860 5089; x_wconf 66' lang='lat' dir='ltr'><strong>caesus</strong></span> <span class='ocrx_word' id='word_1_439' title='bbox 897 5039 985 5087; x_wconf 90' lang='lat' dir='ltr'><strong>est</strong></span> <span class='ocrx_word' id='word_1_440' title='bbox 1009 5029 1125 5099; x_wconf 89' lang='lat' dir='ltr'><strong>ipso</strong></span> <span class='ocrx_word' id='word_1_441' title='bbox 1172 5027 1261 5084; x_wconf 92' lang='lat' dir='ltr'><strong>die</strong></span> <span class='ocrx_word' id='word_1_442' title='bbox 1310 5028 1504 5084; x_wconf 91' lang='lat' dir='ltr'><strong>natalis</strong></span> <span class='ocrx_word' id='word_1_443' title='bbox 1539 5029 1642 5093; x_wconf 92' lang='lat' dir='ltr'><strong>sui,</strong></span> <span class='ocrx_word' id='word_1_444' title='bbox 1691 5031 2034 5087; x_wconf 88' lang='lat' dir='ltr'><strong>manifestum</strong></span> 
     </span>
    </p>
   </div>
   <div class='ocr_carea' id='block_1_68' title="bbox 452 5100 2034 5173">
    <p class='ocr_par' dir='ltr' id='par_1_68' title="bbox 452 5100 2034 5173">
     <span class='ocr_line' id='line_1_68' title="bbox 452 5100 2034 5173; baseline -0.002 -11"><span class='ocrx_word' id='word_1_445' title='bbox 452 5119 556 5173; x_wconf 88' lang='lat' dir='ltr'><strong>est,</strong></span> <span class='ocrx_word' id='word_1_446' title='bbox 597 5120 797 5162; x_wconf 80' lang='lat' dir='ltr'><strong>caesum</strong></span> <span class='ocrx_word' id='word_1_447' title='bbox 844 5119 910 5159; x_wconf 91' lang='lat' dir='ltr'><strong>eo</strong></span> <span class='ocrx_word' id='word_1_448' title='bbox 943 5100 1053 5173; x_wconf 73' lang='lat' dir='ltr'><strong>die,</strong></span> <span class='ocrx_word' id='word_1_449' title='bbox 1112 5113 1244 5173; x_wconf 12' lang='lat' dir='ltr'><strong>quor,</strong></span> <span class='ocrx_word' id='word_1_450' title='bbox 1273 5100 1554 5170; x_wconf 90' lang='lat' dir='ltr'><strong>imperium</strong></span> <span class='ocrx_word' id='word_1_451' title='bbox 1609 5101 1822 5158; x_wconf 86' lang='lat' dir='ltr'><strong>inierat.</strong></span> <span class='ocrx_word' id='word_1_452' title='bbox 1880 5103 2034 5160; x_wconf 84' lang='lat' dir='ltr'><strong>Hunc</strong></span> 
     </span>
    </p>
   </div>
   <div class='ocr_carea' id='block_1_69' title="bbox 451 5171 2028 5248">
    <p class='ocr_par' dir='ltr' id='par_1_69' title="bbox 451 5171 2028 5248">
     <span class='ocr_line' id='line_1_69' title="bbox 451 5171 2028 5248; baseline -0.008 -15"><span class='ocrx_word' id='word_1_453' title='bbox 451 5171 647 5248; x_wconf 80' lang='lat' dir='ltr'><strong>quippe</strong></span> <span class='ocrx_word' id='word_1_454' title='bbox 670 5176 814 5232; x_wconf 91' lang='lat' dir='ltr'><strong>diem</strong></span> <span class='ocrx_word' id='word_1_455' title='bbox 852 5171 1058 5248; x_wconf 79' lang='lat' dir='ltr'><strong>antiqui</strong></span> <span class='ocrx_word' id='word_1_456' title='bbox 1086 5172 1346 5248; x_wconf 80' lang='lat' dir='ltr'><strong>vocabant</strong></span> <span class='ocrx_word' id='word_1_457' title='bbox 1362 5173 1605 5248; x_wconf 80' lang='lat' dir='ltr'><strong>natal_e_m_</strong></span> <span class='ocrx_word' id='word_1_458' title='bbox 1623 5174 2028 5248; x_wconf 65' lang='lat' dir='ltr'><strong>imperatorum.</strong></span> 
     </span>
    </p>
   </div>
   <div class='ocr_carea' id='block_1_70' title="bbox 452 5242 2029 5318">
    <p class='ocr_par' dir='ltr' id='par_1_70' title="bbox 452 5242 2029 5318">
     <span class='ocr_line' id='line_1_70' title="bbox 452 5242 2029 5318; baseline -0.001 -16"><span class='ocrx_word' id='word_1_459' title='bbox 452 5242 674 5304; x_wconf 62' lang='lat' dir='ltr'><strong>Occisus</strong></span> <span class='ocrx_word' id='word_1_460' title='bbox 702 5257 786 5304; x_wconf 91' lang='lat' dir='ltr'><strong>est</strong></span> <span class='ocrx_word' id='word_1_461' title='bbox 815 5247 972 5318; x_wconf 90' lang='lat' dir='ltr'><strong>igitur</strong></span> <span class='ocrx_word' id='word_1_462' title='bbox 989 5242 1286 5318; x_wconf 76' lang='lat' dir='ltr'><strong>Maxentius</strong></span> <span class='ocrx_word' id='word_1_463' title='bbox 1315 5257 1455 5318; x_wconf 87' lang='lat' dir='ltr'><strong>anno</strong></span> <span class='ocrx_word' id='word_1_464' title='bbox 1484 5244 1680 5300; x_wconf 86' lang='lat' dir='ltr'><strong>Christi</strong></span> <span class='ocrx_word' id='word_1_465' title='bbox 1701 5242 1834 5308; x_wconf 74' lang='lat'><strong>312.</strong></span> <span class='ocrx_word' id='word_1_466' title='bbox 1867 5246 1900 5301; x_wconf 88' lang='lat'><strong>6</strong></span> <span class='ocrx_word' id='word_1_467' title='bbox 1920 5245 2029 5300; x_wconf 82' lang='lat' dir='ltr'><strong>kal.</strong></span> 
     </span>
    </p>
   </div>
   <div class='ocr_carea' id='block_1_71' title="bbox 454 5315 2031 5388">
    <p class='ocr_par' dir='ltr' id='par_1_71' title="bbox 454 5315 2031 5388">
     <span class='ocr_line' id='line_1_71' title="bbox 454 5315 2031 5388; baseline -0.001 -14"><span class='ocrx_word' id='word_1_468' title='bbox 454 5319 793 5386; x_wconf 86' lang='lat' dir='ltr'><strong>novembris,</strong></span> <span class='ocrx_word' id='word_1_469' title='bbox 822 5315 974 5373; x_wconf 80' lang='lat' dir='ltr'><strong>sexto</strong></span> <span class='ocrx_word' id='word_1_470' title='bbox 1003 5315 1211 5388; x_wconf 82' lang='lat' dir='ltr'><strong>imperii</strong></span> <span class='ocrx_word' id='word_1_471' title='bbox 1241 5317 1543 5388; x_wconf 10' lang='lat' dir='ltr'><strong>Asuiiannoi</strong></span> <span class='ocrx_word' id='word_1_472' title='bbox 1570 5327 1779 5384; x_wconf 87' lang='lat' dir='ltr'><strong>exacto,</strong></span> <span class='ocrx_word' id='word_1_473' title='bbox 1817 5319 1868 5372; x_wconf 91' lang='lat' dir='ltr'><strong>in</strong></span> <span class='ocrx_word' id='word_1_474' title='bbox 1900 5318 2031 5388; x_wconf 87' lang='lat' dir='ltr'><strong>ipsis</strong></span> 
     </span>
    </p>
   </div>
   <div class='ocr_carea' id='block_1_72' title="bbox 455 5385 2032 5514">
    <p class='ocr_par' dir='ltr' id='par_1_72' title="bbox 455 5385 2032 5514">
     <span class='ocr_line' id='line_1_72' title="bbox 455 5385 2032 5514; baseline 0.001 -70"><span class='ocrx_word' id='word_1_475' title='bbox 455 5393 620 5446; x_wconf 91' lang='lat' dir='ltr'><strong>initiis</strong></span> <span class='ocrx_word' id='word_1_476' title='bbox 648 5390 880 5461; x_wconf 89' lang='lat' dir='ltr'><strong>septimi.</strong></span> <span class='ocrx_word' id='word_1_477' title='bbox 912 5390 1086 5514; x_wconf 62' lang='lat' dir='ltr'><strong>Ataue</strong></span> <span class='ocrx_word' id='word_1_478' title='bbox 1120 5386 1192 5440; x_wconf 87' lang='lat' dir='ltr'><strong>ita</strong></span> <span class='ocrx_word' id='word_1_479' title='bbox 1238 5385 1566 5456; x_wconf 89' lang='lat' dir='ltr'><strong>intelligendi</strong></span> <span class='ocrx_word' id='word_1_480' title='bbox 1617 5400 1742 5442; x_wconf 92' lang='lat' dir='ltr'><strong>sunt</strong></span> <span class='ocrx_word' id='word_1_481' title='bbox 1780 5385 2032 5445; x_wconf 75' lang='lat' dir='ltr'><strong>Aurelius</strong></span> 
     </span>
     <span class='ocr_line' id='line_1_73' title="bbox 457 5457 2028 5514; baseline 0 0"><span class='ocrx_word' id='word_1_482' title='bbox 457 5462 637 5514; x_wconf 84' lang='lat' dir='ltr'><strong>Victor</strong></span> <span class='ocrx_word' id='word_1_483' title='bbox 665 5473 718 5514; x_wconf 92' lang='lat' dir='ltr'><strong>et</strong></span> <span class='ocrx_word' id='word_1_484' title='bbox 739 5468 928 5514; x_wconf 89' lang='lat' dir='ltr'><strong>&#39;auctor</strong></span> <span class='ocrx_word' id='word_1_485' title='bbox 1019 5457 1222 5512; x_wconf 84' lang='lat' dir='ltr'><strong>tironici</strong></span> <span class='ocrx_word' id='word_1_486' title='bbox 1267 5460 1643 5514; x_wconf 81' lang='lat' dir='ltr'><strong>Alexandrini.</strong></span> <span class='ocrx_word' id='word_1_487' title='bbox 1691 5475 1813 5514; x_wconf 91' lang='lat' dir='ltr'><strong>cum</strong></span> <span class='ocrx_word' id='word_1_488' title='bbox 1847 5462 2028 5514; x_wconf 92' lang='lat' dir='ltr'><strong>aiunt.</strong></span> 
     </span>
    </p>
   </div>
   <div class='ocr_carea' id='block_1_73' title="bbox 457 5457 2028 5532">
    <p class='ocr_par' dir='ltr' id='par_1_73' title="bbox 457 5457 2028 5532">
     <span class='ocr_line' id='line_1_74' title="bbox 457 5457 2028 5532; baseline -0.001 -15"><span class='ocrx_word' id='word_1_489' title='bbox 457 5462 637 5517; x_wconf 84' lang='lat' dir='ltr'><strong>Victor</strong></span> <span class='ocrx_word' id='word_1_490' title='bbox 665 5457 928 5517; x_wconf 81' lang='lat' dir='ltr'><strong>et’auctor</strong></span> <span class='ocrx_word' id='word_1_491' title='bbox 971 5457 1240 5532; x_wconf 18' lang='lat' dir='ltr'><strong>Clironici‘</strong></span> <span class='ocrx_word' id='word_1_492' title='bbox 1266 5460 1643 5532; x_wconf 53' lang='lat' dir='ltr'><strong>alexandrini,</strong></span> <span class='ocrx_word' id='word_1_493' title='bbox 1691 5475 1813 5515; x_wconf 91' lang='lat' dir='ltr'><strong>cum</strong></span> <span class='ocrx_word' id='word_1_494' title='bbox 1847 5462 2028 5528; x_wconf 91' lang='lat' dir='ltr'><strong>aiunt,</strong></span> 
     </span>
    </p>
   </div>
   <div class='ocr_carea' id='block_1_74' title="bbox 454 5529 2034 5605">
    <p class='ocr_par' dir='ltr' id='par_1_74' title="bbox 454 5529 2034 5605">
     <span class='ocr_line' id='line_1_75' title="bbox 454 5529 2034 5605; baseline -0.001 -17"><span class='ocrx_word' id='word_1_495' title='bbox 454 5551 577 5588; x_wconf 86' lang='lat' dir='ltr'><strong>eum</strong></span> <span class='ocrx_word' id='word_1_496' title='bbox 595 5534 821 5605; x_wconf 85' lang='lat' dir='ltr'><strong>periisse</strong></span> <span class='ocrx_word' id='word_1_497' title='bbox 846 5546 1000 5605; x_wconf 82' lang='lat' dir='ltr'><strong>anno</strong></span> <span class='ocrx_word' id='word_1_498' title='bbox 1035 5529 1328 5605; x_wconf 82' lang='lat' dir='ltr'><strong>tyrannidis</strong></span> <span class='ocrx_word' id='word_1_499' title='bbox 1373 5546 1482 5605; x_wconf 59' lang='lat' dir='ltr'><strong>sua!</strong></span> <span class='ocrx_word' id='word_1_500' title='bbox 1531 5529 1722 5605; x_wconf 77' lang='lat' dir='ltr'><strong>sexto.</strong></span> <span class='ocrx_word' id='word_1_501' title='bbox 1741 5532 1814 5587; x_wconf 85' lang='lat' dir='ltr'><strong>At</strong></span> <span class='ocrx_word' id='word_1_502' title='bbox 1840 5533 2034 5605; x_wconf 82' lang='lat' dir='ltr'><strong>Eutro-</strong></span> 
     </span>
    </p>
   </div>
   <div class='ocr_carea' id='block_1_75' title="bbox 491 5601 2037 5673">
    <p class='ocr_par' dir='ltr' id='par_1_75' title="bbox 491 5601 2037 5673">
     <span class='ocr_line' id='line_1_76' title="bbox 491 5601 2037 5673; baseline -0.001 -15"><span class='ocrx_word' id='word_1_503' title='bbox 491 5607 571 5661; x_wconf 88' lang='lat' dir='ltr'><strong>ius</strong></span> <span class='ocrx_word' id='word_1_504' title='bbox 591 5601 667 5659; x_wconf 77' lang='lat' dir='ltr'><strong>ait</strong></span> <span class='ocrx_word' id='word_1_505' title='bbox 691 5646 705 5669; x_wconf 93' lang='lat'><strong>,</strong></span> <span class='ocrx_word' id='word_1_506' title='bbox 728 5601 1135 5673; x_wconf 88' lang='lat' dir='ltr'><strong>Constantinum</strong></span> <span class='ocrx_word' id='word_1_507' title='bbox 1180 5604 1363 5670; x_wconf 86' lang='lat' dir='ltr'><strong>quinto</strong></span> <span class='ocrx_word' id='word_1_508' title='bbox 1408 5602 1617 5673; x_wconf 91' lang='lat' dir='ltr'><strong>imperii</strong></span> <span class='ocrx_word' id='word_1_509' title='bbox 1645 5604 1727 5658; x_wconf 90' lang='lat' dir='ltr'><strong>sui</strong></span> <span class='ocrx_word' id='word_1_510' title='bbox 1751 5619 1893 5673; x_wconf 88' lang='lat' dir='ltr'><strong>anno</strong></span> <span class='ocrx_word' id='word_1_511' title='bbox 1925 5603 2037 5658; x_wconf 90' lang='lat' dir='ltr'><strong>bel-</strong></span> 
     </span>
    </p>
   </div>
   <div class='ocr_carea' id='block_1_76' title="bbox 474 5671 2040 5731">
    <p class='ocr_par' dir='ltr' id='par_1_76' title="bbox 474 5671 2040 5731">
     <span class='ocr_line' id='line_1_77' title="bbox 474 5671 2040 5731; baseline -0.002 -1"><span class='ocrx_word' id='word_1_512' title='bbox 474 5691 565 5730; x_wconf 89' lang='lat' dir='ltr'><strong>um</strong></span> <span class='ocrx_word' id='word_1_513' title='bbox 621 5675 984 5731; x_wconf 85' lang='lat' dir='ltr'><strong>commovisse</strong></span> <span class='ocrx_word' id='word_1_514' title='bbox 1036 5671 1291 5728; x_wconf 89' lang='lat' dir='ltr'><strong>adversus</strong></span> <span class='ocrx_word' id='word_1_515' title='bbox 1345 5671 1685 5730; x_wconf 77' lang='lat' dir='ltr'><strong>Maxentium.</strong></span> <span class='ocrx_word' id='word_1_516' title='bbox 1735 5672 2040 5728; x_wconf 90' lang='lat' dir='ltr'><strong>Commovit</strong></span> 
     </span>
    </p>
   </div>
   <div class='ocr_carea' id='block_1_77' title="bbox 451 5742 2036 5816">
    <p class='ocr_par' dir='ltr' id='par_1_77' title="bbox 451 5742 2036 5816">
     <span class='ocr_line' id='line_1_78' title="bbox 451 5742 2036 5816; baseline -0.001 -17"><span class='ocrx_word' id='word_1_517' title='bbox 451 5761 612 5811; x_wconf 88' lang='lat' dir='ltr'><strong>sane,</strong></span> <span class='ocrx_word' id='word_1_518' title='bbox 641 5747 736 5802; x_wconf 88' lang='lat' dir='ltr'><strong>sed</strong></span> <span class='ocrx_word' id='word_1_519' title='bbox 768 5760 876 5801; x_wconf 92' lang='lat' dir='ltr'><strong>non</strong></span> <span class='ocrx_word' id='word_1_520' title='bbox 905 5743 1146 5816; x_wconf 84' lang='lat' dir='ltr'><strong>perfecit.</strong></span> <span class='ocrx_word' id='word_1_521' title='bbox 1177 5743 1355 5816; x_wconf 73' lang='lat' dir='ltr'><strong>itaque</strong></span> <span class='ocrx_word' id='word_1_522' title='bbox 1384 5746 1544 5802; x_wconf 87' lang='lat' dir='ltr'><strong>verba</strong></span> <span class='ocrx_word' id='word_1_523' title='bbox 1579 5747 1672 5802; x_wconf 90' lang='lat' dir='ltr'><strong>illa</strong></span> <span class='ocrx_word' id='word_1_524' title='bbox 1699 5747 1900 5801; x_wconf 83' lang='lat' dir='ltr'><strong>veteris</strong></span> <span class='ocrx_word' id='word_1_525' title='bbox 1935 5742 2036 5797; x_wconf 85' lang='lat' dir='ltr'><strong>ka-</strong></span> 
     </span>
    </p>
   </div>
   <div class='ocr_carea' id='block_1_78' title="bbox 447 5813 2035 5888">
    <p class='ocr_par' dir='ltr' id='par_1_78' title="bbox 447 5813 2035 5888">
     <span class='ocr_line' id='line_1_79' title="bbox 447 5813 2035 5888; baseline -0.001 -14"><span class='ocrx_word' id='word_1_526' title='bbox 447 5819 674 5874; x_wconf 89' lang='lat' dir='ltr'><strong>lendarii</strong></span> <span class='ocrx_word' id='word_1_527' title='bbox 726 5833 756 5874; x_wconf 91' lang='lat' dir='ltr'><strong>a</strong></span> <span class='ocrx_word' id='word_1_528' title='bbox 812 5813 1080 5874; x_wconf 82' lang='lat' dir='ltr'><strong>Bucberio</strong></span> <span class='ocrx_word' id='word_1_529' title='bbox 1127 5813 1254 5873; x_wconf 89' lang='lat' dir='ltr'><strong>editi</strong></span> <span class='ocrx_word' id='word_1_530' title='bbox 1273 5813 1296 5871; x_wconf 74' lang='grc' dir='ltr'>ἐ</span> <span class='ocrx_word' id='word_1_531' title='bbox 1349 5818 1540 5888; x_wconf 81' lang='lat' dir='ltr'><strong>Quinto</strong></span> <span class='ocrx_word' id='word_1_532' title='bbox 1601 5815 1708 5872; x_wconf 76' lang='lat' dir='ltr'><strong>Ital.</strong></span> <span class='ocrx_word' id='word_1_533' title='bbox 1773 5819 2035 5874; x_wconf 81' lang='lat' dir='ltr'><strong>novembr.</strong></span> 
     </span>
    </p>
   </div>
   <div class='ocr_carea' id='block_1_79' title="bbox 2125 449 3706 516">
    <p class='ocr_par' dir='ltr' id='par_1_79' title="bbox 2125 449 3706 516">
     <span class='ocr_line' id='line_1_80' title="bbox 2125 449 3706 516; baseline -0.001 -9"><span class='ocrx_word' id='word_1_534' title='bbox 2125 453 2247 508; x_wconf 90' lang='lat' dir='ltr'><strong>dem</strong></span> <span class='ocrx_word' id='word_1_535' title='bbox 2275 449 2402 508; x_wconf 82' lang='lat' dir='ltr'><strong>sunt</strong></span> <span class='ocrx_word' id='word_1_536' title='bbox 2424 452 2491 507; x_wconf 92' lang='lat' dir='ltr'><strong>de</strong></span> <span class='ocrx_word' id='word_1_537' title='bbox 2517 451 2792 507; x_wconf 76' lang='lat' dir='ltr'><strong>Maxentio</strong></span> <span class='ocrx_word' id='word_1_538' title='bbox 2842 461 2897 507; x_wconf 93' lang='lat' dir='ltr'><strong>et</strong></span> <span class='ocrx_word' id='word_1_539' title='bbox 2922 449 3318 516; x_wconf 84' lang='lat' dir='ltr'><strong>Constantino,</strong></span> <span class='ocrx_word' id='word_1_540' title='bbox 3343 462 3399 506; x_wconf 91' lang='lat' dir='ltr'><strong>ut</strong></span> <span class='ocrx_word' id='word_1_541' title='bbox 3427 463 3573 508; x_wconf 85' lang='lat' dir='ltr'><strong>recte</strong></span> <span class='ocrx_word' id='word_1_542' title='bbox 3597 466 3706 506; x_wconf 85' lang='lat' dir='ltr'><strong>cen-</strong></span> 
     </span>
    </p>
   </div>
   <div class='ocr_carea' id='block_1_80' title="bbox 2128 519 3711 580">
    <p class='ocr_par' dir='ltr' id='par_1_80' title="bbox 2128 519 3711 580">
     <span class='ocr_line' id='line_1_81' title="bbox 2128 519 3711 580; baseline 0 -1"><span class='ocrx_word' id='word_1_543' title='bbox 2128 533 2354 580; x_wconf 90' lang='lat' dir='ltr'><strong>suerunt</strong></span> <span class='ocrx_word' id='word_1_544' title='bbox 2384 523 2730 578; x_wconf 90' lang='lat' dir='ltr'><strong>eruditissimi</strong></span> <span class='ocrx_word' id='word_1_545' title='bbox 2777 523 2876 577; x_wconf 91' lang='lat' dir='ltr'><strong>viri</strong></span> <span class='ocrx_word' id='word_1_546' title='bbox 2931 522 3123 578; x_wconf 83' lang='lat' dir='ltr'><strong>Petrus</strong></span> <span class='ocrx_word' id='word_1_547' title='bbox 3165 519 3491 578; x_wconf 87' lang='lat' dir='ltr'><strong>Franciscus</strong></span> <span class='ocrx_word' id='word_1_548' title='bbox 3515 523 3711 579; x_wconf 79' lang='lat' dir='ltr'><strong>Cbiflle-</strong></span> 
     </span>
    </p>
   </div>
   <div class='ocr_carea' id='block_1_81' title="bbox 2124 593 3710 660">
    <p class='ocr_par' dir='ltr' id='par_1_81' title="bbox 2124 593 3710 660">
     <span class='ocr_line' id='line_1_82' title="bbox 2124 593 3710 660; baseline 0.001 -10"><span class='ocrx_word' id='word_1_549' title='bbox 2124 596 2231 651; x_wconf 91' lang='lat' dir='ltr'><strong>tius</strong></span> <span class='ocrx_word' id='word_1_550' title='bbox 2256 605 2311 651; x_wconf 91' lang='lat' dir='ltr'><strong>et</strong></span> <span class='ocrx_word' id='word_1_551' title='bbox 2344 596 2605 650; x_wconf 87' lang='lat' dir='ltr'><strong>lleuricus</strong></span> <span class='ocrx_word' id='word_1_552' title='bbox 2629 593 2824 660; x_wconf 85' lang='lat' dir='ltr'><strong>Neris;</strong></span> <span class='ocrx_word' id='word_1_553' title='bbox 2851 593 2930 649; x_wconf 89' lang='lat' dir='ltr'><strong>sic</strong></span> <span class='ocrx_word' id='word_1_554' title='bbox 2950 604 3154 659; x_wconf 85' lang='lat' dir='ltr'><strong>tamen,</strong></span> <span class='ocrx_word' id='word_1_555' title='bbox 3187 603 3245 649; x_wconf 90' lang='lat' dir='ltr'><strong>ut</strong></span> <span class='ocrx_word' id='word_1_556' title='bbox 3262 593 3379 649; x_wconf 90' lang='lat' dir='ltr'><strong>dies</strong></span> <span class='ocrx_word' id='word_1_557' title='bbox 3403 594 3439 648; x_wconf 82' lang='lat'><strong>5</strong></span> <span class='ocrx_word' id='word_1_558' title='bbox 3467 593 3574 649; x_wconf 79' lang='lat' dir='ltr'><strong>kal.</strong></span> <span class='ocrx_word' id='word_1_559' title='bbox 3618 610 3710 651; x_wconf 86' lang='lat' dir='ltr'><strong>non</strong></span> 
     </span>
    </p>
   </div>
   <div class='ocr_carea' id='block_1_82' title="bbox 2123 665 3710 738">
    <p class='ocr_par' dir='ltr' id='par_1_82' title="bbox 2123 665 3710 738">
     <span class='ocr_line' id='line_1_83' title="bbox 2123 665 3710 738; baseline 0 -16"><span class='ocrx_word' id='word_1_560' title='bbox 2123 667 2391 722; x_wconf 77' lang='lat' dir='ltr'><strong>referatur</strong></span> <span class='ocrx_word' id='word_1_561' title='bbox 2420 666 2486 722; x_wconf 87' lang='lat' dir='ltr'><strong>ad</strong></span> <span class='ocrx_word' id='word_1_562' title='bbox 2530 665 2673 738; x_wconf 88' lang='lat' dir='ltr'><strong>diem</strong></span> <span class='ocrx_word' id='word_1_563' title='bbox 2703 681 2811 738; x_wconf 89' lang='lat' dir='ltr'><strong>quo</strong></span> <span class='ocrx_word' id='word_1_564' title='bbox 2856 665 3155 722; x_wconf 78' lang='lat' dir='ltr'><strong>Maxentius</strong></span> <span class='ocrx_word' id='word_1_565' title='bbox 3198 665 3376 736; x_wconf 87' lang='lat' dir='ltr'><strong>periit,</strong></span> <span class='ocrx_word' id='word_1_566' title='bbox 3408 666 3561 738; x_wconf 90' lang='lat' dir='ltr'><strong>utilli</strong></span> <span class='ocrx_word' id='word_1_567' title='bbox 3584 666 3710 722; x_wconf 88' lang='lat' dir='ltr'><strong>arbi-</strong></span> 
     </span>
    </p>
   </div>
   <div class='ocr_carea' id='block_1_83' title="bbox 2125 737 3714 808">
    <p class='ocr_par' dir='ltr' id='par_1_83' title="bbox 2125 737 3714 808">
     <span class='ocr_line' id='line_1_84' title="bbox 2125 737 3714 808; baseline -0.001 -15"><span class='ocrx_word' id='word_1_568' title='bbox 2125 740 2249 793; x_wconf 88' lang='lat' dir='ltr'><strong>trati</strong></span> <span class='ocrx_word' id='word_1_569' title='bbox 2275 748 2430 803; x_wconf 90' lang='lat' dir='ltr'><strong>sunt;</strong></span> <span class='ocrx_word' id='word_1_570' title='bbox 2470 737 2562 792; x_wconf 90' lang='lat' dir='ltr'><strong>sed</strong></span> <span class='ocrx_word' id='word_1_571' title='bbox 2587 737 2652 792; x_wconf 87' lang='lat' dir='ltr'><strong>ad</strong></span> <span class='ocrx_word' id='word_1_572' title='bbox 2679 737 2977 808; x_wconf 81' lang='lat' dir='ltr'><strong>pesteruin,</strong></span> <span class='ocrx_word' id='word_1_573' title='bbox 3017 752 3126 808; x_wconf 89' lang='lat' dir='ltr'><strong>quo</strong></span> <span class='ocrx_word' id='word_1_574' title='bbox 3171 753 3369 807; x_wconf 89' lang='lat' dir='ltr'><strong>corpus</strong></span> <span class='ocrx_word' id='word_1_575' title='bbox 3398 737 3521 807; x_wconf 86' lang='lat' dir='ltr'><strong>ejus</strong></span> <span class='ocrx_word' id='word_1_576' title='bbox 3547 739 3714 792; x_wconf 85' lang='lat' dir='ltr'><strong>inven-</strong></span> 
     </span>
    </p>
   </div>
   <div class='ocr_carea' id='block_1_84' title="bbox 2126 808 3714 880">
    <p class='ocr_par' dir='ltr' id='par_1_84' title="bbox 2126 808 3714 880">
     <span class='ocr_line' id='line_1_85' title="bbox 2126 808 3714 880; baseline 0.002 -17"><span class='ocrx_word' id='word_1_577' title='bbox 2126 817 2238 880; x_wconf 86' lang='lat' dir='ltr'><strong>tum</strong></span> <span class='ocrx_word' id='word_1_578' title='bbox 2283 820 2386 875; x_wconf 92' lang='lat' dir='ltr'><strong>cst,</strong></span> <span class='ocrx_word' id='word_1_579' title='bbox 2429 818 2486 864; x_wconf 92' lang='lat' dir='ltr'><strong>ut</strong></span> <span class='ocrx_word' id='word_1_580' title='bbox 2537 808 2694 864; x_wconf 91' lang='lat' dir='ltr'><strong>docet</strong></span> <span class='ocrx_word' id='word_1_581' title='bbox 2742 817 2931 864; x_wconf 85' lang='lat' dir='ltr'><strong>auctor</strong></span> <span class='ocrx_word' id='word_1_582' title='bbox 2989 809 3272 880; x_wconf 88' lang='lat' dir='ltr'><strong>fragmenti</strong></span> <span class='ocrx_word' id='word_1_583' title='bbox 3316 809 3387 880; x_wconf 85' lang='lat' dir='ltr'><strong>de</strong></span> <span class='ocrx_word' id='word_1_584' title='bbox 3414 810 3714 866; x_wconf 83' lang='lat' dir='ltr'><strong>Constantio</strong></span> 
     </span>
    </p>
   </div>
   <div class='ocr_carea' id='block_1_85' title="bbox 2123 879 3712 952">
    <p class='ocr_par' dir='ltr' id='par_1_85' title="bbox 2123 879 3712 952">
     <span class='ocr_line' id='line_1_86' title="bbox 2123 879 3712 952; baseline 0.001 -16"><span class='ocrx_word' id='word_1_585' title='bbox 2123 879 2347 948; x_wconf 92' lang='lat' dir='ltr'><strong>Cbloro,</strong></span> <span class='ocrx_word' id='word_1_586' title='bbox 2380 897 2489 952; x_wconf 92' lang='lat' dir='ltr'><strong>quo</strong></span> <span class='ocrx_word' id='word_1_587' title='bbox 2518 893 2665 936; x_wconf 91' lang='lat' dir='ltr'><strong>certa</strong></span> <span class='ocrx_word' id='word_1_588' title='bbox 2696 880 2792 934; x_wconf 89' lang='lat' dir='ltr'><strong>fuit</strong></span> <span class='ocrx_word' id='word_1_589' title='bbox 2819 879 3126 945; x_wconf 31' lang='lat' dir='ltr'><strong>victoria,’6</strong></span> <span class='ocrx_word' id='word_1_590' title='bbox 3158 896 3286 937; x_wconf 88' lang='lat' dir='ltr'><strong>vero</strong></span> <span class='ocrx_word' id='word_1_591' title='bbox 3325 879 3436 936; x_wconf 73' lang='lat' dir='ltr'><strong>Ital.</strong></span> <span class='ocrx_word' id='word_1_592' title='bbox 3480 881 3548 935; x_wconf 89' lang='lat' dir='ltr'><strong>ad</strong></span> <span class='ocrx_word' id='word_1_593' title='bbox 3589 882 3712 938; x_wconf 84' lang='lat' dir='ltr'><strong>diem</strong></span> 
     </span>
    </p>
   </div>
   <div class='ocr_carea' id='block_1_86' title="bbox 2125 952 3713 1022">
    <p class='ocr_par' dir='ltr' id='par_1_86' title="bbox 2125 952 3713 1022">
     <span class='ocr_line' id='line_1_87' title="bbox 2125 952 3713 1022; baseline 0.002 -15"><span class='ocrx_word' id='word_1_594' title='bbox 2125 967 2235 1022; x_wconf 90' lang='lat' dir='ltr'><strong>quo</strong></span> <span class='ocrx_word' id='word_1_595' title='bbox 2269 952 2656 1007; x_wconf 86' lang='lat' dir='ltr'><strong>Constantinus</strong></span> <span class='ocrx_word' id='word_1_596' title='bbox 2675 954 2846 1007; x_wconf 91' lang='lat' dir='ltr'><strong>victor</strong></span> <span class='ocrx_word' id='word_1_597' title='bbox 2868 952 3054 1008; x_wconf 92' lang='lat' dir='ltr'><strong>urbem</strong></span> <span class='ocrx_word' id='word_1_598' title='bbox 3085 952 3308 1007; x_wconf 81' lang='lat' dir='ltr'><strong>Romam</strong></span> <span class='ocrx_word' id='word_1_599' title='bbox 3328 952 3605 1022; x_wconf 87' lang='lat' dir='ltr'><strong>ingressus</strong></span> <span class='ocrx_word' id='word_1_600' title='bbox 3625 963 3713 1010; x_wconf 88' lang='lat' dir='ltr'><strong>est.</strong></span> 
     </span>
    </p>
   </div>
   <div class='ocr_carea' id='block_1_87' title="bbox 2128 1024 3716 1094">
    <p class='ocr_par' dir='ltr' id='par_1_87' title="bbox 2128 1024 3716 1094">
     <span class='ocr_line' id='line_1_88' title="bbox 2128 1024 3716 1094; baseline 0.001 -16"><span class='ocrx_word' id='word_1_601' title='bbox 2128 1024 2194 1078; x_wconf 84' lang='lat' dir='ltr'><strong>Et</strong></span> <span class='ocrx_word' id='word_1_602' title='bbox 2223 1024 2339 1078; x_wconf 76' lang='lat' dir='ltr'><strong>[nec</strong></span> <span class='ocrx_word' id='word_1_603' title='bbox 2369 1026 2584 1094; x_wconf 88' lang='lat' dir='ltr'><strong>quidem</strong></span> <span class='ocrx_word' id='word_1_604' title='bbox 2630 1034 2777 1080; x_wconf 86' lang='lat' dir='ltr'><strong>certa</strong></span> <span class='ocrx_word' id='word_1_605' title='bbox 2817 1035 2980 1094; x_wconf 88' lang='lat' dir='ltr'><strong>atque</strong></span> <span class='ocrx_word' id='word_1_606' title='bbox 3031 1035 3183 1080; x_wconf 78' lang='lat' dir='ltr'><strong>extra</strong></span> <span class='ocrx_word' id='word_1_607' title='bbox 3239 1039 3460 1079; x_wconf 90' lang='lat' dir='ltr'><strong>omnem</strong></span> <span class='ocrx_word' id='word_1_608' title='bbox 3517 1025 3716 1081; x_wconf 91' lang='lat' dir='ltr'><strong>omnino</strong></span> 
     </span>
    </p>
   </div>
   <div class='ocr_carea' id='block_1_88' title="bbox 2122 1095 3716 1166">
    <p class='ocr_par' dir='ltr' id='par_1_88' title="bbox 2122 1095 3716 1166">
     <span class='ocr_line' id='line_1_89' title="bbox 2122 1095 3716 1166; baseline 0 -16"><span class='ocrx_word' id='word_1_609' title='bbox 2122 1099 2550 1151; x_wconf 91' lang='lat' dir='ltr'><strong>controversiam</strong></span> <span class='ocrx_word' id='word_1_610' title='bbox 2578 1098 2750 1166; x_wconf 57' lang='lat' dir='ltr'><strong>posita</strong></span> <span class='ocrx_word' id='word_1_611' title='bbox 2775 1111 2896 1150; x_wconf 88' lang='lat' dir='ltr'><strong>esse</strong></span> <span class='ocrx_word' id='word_1_612' title='bbox 2919 1096 3194 1152; x_wconf 89' lang='lat' dir='ltr'><strong>videntur.</strong></span> <span class='ocrx_word' id='word_1_613' title='bbox 3230 1095 3293 1150; x_wconf 86' lang='lat' dir='ltr'><strong>Et</strong></span> <span class='ocrx_word' id='word_1_614' title='bbox 3312 1107 3498 1150; x_wconf 90' lang='lat' dir='ltr'><strong>tamen</strong></span> <span class='ocrx_word' id='word_1_615' title='bbox 3525 1099 3607 1150; x_wconf 90' lang='lat' dir='ltr'><strong>vir</strong></span> <span class='ocrx_word' id='word_1_616' title='bbox 3624 1097 3716 1150; x_wconf 81' lang='lat' dir='ltr'><strong>cla-</strong></span> 
     </span>
    </p>
   </div>
   <div class='ocr_carea' id='block_1_89' title="bbox 2123 1166 3716 1237">
    <p class='ocr_par' dir='ltr' id='par_1_89' title="bbox 2123 1166 3716 1237">
     <span class='ocr_line' id='line_1_90' title="bbox 2123 1166 3716 1237; baseline 0.001 -16"><span class='ocrx_word' id='word_1_617' title='bbox 2123 1168 2366 1222; x_wconf 81' lang='lat' dir='ltr'><strong>rissimus</strong></span> <span class='ocrx_word' id='word_1_618' title='bbox 2400 1168 2589 1221; x_wconf 82' lang='lat' dir='ltr'><strong>Petrus</strong></span> <span class='ocrx_word' id='word_1_619' title='bbox 2617 1166 3018 1237; x_wconf 85' lang='lat' dir='ltr'><strong>Lambeciusin</strong></span> <span class='ocrx_word' id='word_1_620' title='bbox 3047 1167 3185 1221; x_wconf 90' lang='lat' dir='ltr'><strong>libro</strong></span> <span class='ocrx_word' id='word_1_621' title='bbox 3223 1178 3421 1237; x_wconf 87' lang='lat' dir='ltr'><strong>quarto</strong></span> <span class='ocrx_word' id='word_1_622' title='bbox 3447 1166 3716 1222; x_wconf 83' lang='lat' dir='ltr'><strong>Commen-</strong></span> 
     </span>
    </p>
   </div>
   <div class='ocr_carea' id='block_1_90' title="bbox 2123 1236 3714 1309">
    <p class='ocr_par' dir='ltr' id='par_1_90' title="bbox 2123 1236 3714 1309">
     <span class='ocr_line' id='line_1_91' title="bbox 2123 1236 3714 1309; baseline 0.001 -16"><span class='ocrx_word' id='word_1_623' title='bbox 2123 1240 2380 1293; x_wconf 87' lang='lat' dir='ltr'><strong>tariorum</strong></span> <span class='ocrx_word' id='word_1_624' title='bbox 2429 1237 2495 1292; x_wconf 87' lang='lat' dir='ltr'><strong>de</strong></span> <span class='ocrx_word' id='word_1_625' title='bbox 2546 1239 2867 1309; x_wconf 87' lang='lat' dir='ltr'><strong>bibliotheca</strong></span> <span class='ocrx_word' id='word_1_626' title='bbox 2917 1236 3344 1304; x_wconf 79' lang='lat' dir='ltr'><strong>Vindobonensi,</strong></span> <span class='ocrx_word' id='word_1_627' title='bbox 3407 1253 3540 1309; x_wconf 86' lang='lat' dir='ltr'><strong>pag.</strong></span> <span class='ocrx_word' id='word_1_628' title='bbox 3603 1238 3714 1304; x_wconf 76' lang='lat'><strong>298,</strong></span> 
     </span>
    </p>
   </div>
   <div class='ocr_carea' id='block_1_91' title="bbox 2123 1308 3718 1380">
    <p class='ocr_par' dir='ltr' id='par_1_91' title="bbox 2123 1308 3718 1380">
     <span class='ocr_line' id='line_1_92' title="bbox 2123 1308 3718 1380; baseline 0 -15"><span class='ocrx_word' id='word_1_629' title='bbox 2123 1312 2443 1365; x_wconf 89' lang='lat' dir='ltr'><strong>evictionem</strong></span> <span class='ocrx_word' id='word_1_630' title='bbox 2478 1309 2623 1380; x_wconf 86' lang='lat' dir='ltr'><strong>illam</strong></span> <span class='ocrx_word' id='word_1_631' title='bbox 2655 1308 2866 1380; x_wconf 86' lang='lat' dir='ltr'><strong>tyranni</strong></span> <span class='ocrx_word' id='word_1_632' title='bbox 2905 1311 3068 1364; x_wconf 90' lang='lat' dir='ltr'><strong>refert</strong></span> <span class='ocrx_word' id='word_1_633' title='bbox 3095 1309 3160 1363; x_wconf 91' lang='lat' dir='ltr'><strong>ad</strong></span> <span class='ocrx_word' id='word_1_634' title='bbox 3206 1308 3423 1380; x_wconf 69' lang='lat' dir='ltr'><strong>tempus</strong></span> <span class='ocrx_word' id='word_1_635' title='bbox 3450 1309 3601 1376; x_wconf 87' lang='lat' dir='ltr'><strong>illml,</strong></span> <span class='ocrx_word' id='word_1_636' title='bbox 3629 1326 3718 1376; x_wconf 83' lang='lat' dir='ltr'><strong>quo</strong></span> 
     </span>
    </p>
   </div>
   <div class='ocr_carea' id='block_1_92' title="bbox 2123 1379 3720 1450">
    <p class='ocr_par' dir='ltr' id='par_1_92' title="bbox 2123 1379 3720 1450">
     <span class='ocr_line' id='line_1_93' title="bbox 2123 1379 3720 1450; baseline 0.001 -15"><span class='ocrx_word' id='word_1_637' title='bbox 2123 1381 2362 1436; x_wconf 86' lang='lat' dir='ltr'><strong>Licinius</strong></span> <span class='ocrx_word' id='word_1_638' title='bbox 2391 1399 2420 1435; x_wconf 90' lang='lat' dir='ltr'><strong>a</strong></span> <span class='ocrx_word' id='word_1_639' title='bbox 2465 1379 2819 1434; x_wconf 81' lang='lat' dir='ltr'><strong>Constantino</strong></span> <span class='ocrx_word' id='word_1_640' title='bbox 2842 1380 3026 1448; x_wconf 84' lang='lat' dir='ltr'><strong>pulsus</strong></span> <span class='ocrx_word' id='word_1_641' title='bbox 3079 1379 3337 1450; x_wconf 81' lang='lat' dir='ltr'><strong>Byzantio</strong></span> <span class='ocrx_word' id='word_1_642' title='bbox 3362 1390 3417 1436; x_wconf 89' lang='lat' dir='ltr'><strong>et</strong></span> <span class='ocrx_word' id='word_1_643' title='bbox 3440 1380 3720 1436; x_wconf 79' lang='lat' dir='ltr'><strong>Chalcedo-</strong></span> 
     </span>
    </p>
   </div>
   <div class='ocr_carea' id='block_1_93' title="bbox 2122 1452 3716 1523">
    <p class='ocr_par' dir='ltr' id='par_1_93' title="bbox 2122 1452 3716 1523">
     <span class='ocr_line' id='line_1_94' title="bbox 2122 1452 3716 1523; baseline -0.001 -16"><span class='ocrx_word' id='word_1_644' title='bbox 2122 1468 2212 1518; x_wconf 91' lang='lat' dir='ltr'><strong>ne,</strong></span> <span class='ocrx_word' id='word_1_645' title='bbox 2244 1453 2628 1515; x_wconf 82' lang='lat' dir='ltr'><strong>Nicmnediam,</strong></span> <span class='ocrx_word' id='word_1_646' title='bbox 2661 1468 2718 1506; x_wconf 91' lang='lat' dir='ltr'><strong>se</strong></span> <span class='ocrx_word' id='word_1_647' title='bbox 2755 1452 2979 1523; x_wconf 70' lang='lat' dir='ltr'><strong>recepit,</strong></span> <span class='ocrx_word' id='word_1_648' title='bbox 3029 1453 3206 1523; x_wconf 88' lang='lat' dir='ltr'><strong>ibique</strong></span> <span class='ocrx_word' id='word_1_649' title='bbox 3235 1454 3399 1508; x_wconf 88' lang='lat' dir='ltr'><strong>etiam</strong></span> <span class='ocrx_word' id='word_1_650' title='bbox 3459 1453 3716 1520; x_wconf 73' lang='lat' dir='ltr'><strong>obsessus,</strong></span> 
     </span>
    </p>
   </div>
   <div class='ocr_carea' id='block_1_94' title="bbox 2122 1521 3720 1592">
    <p class='ocr_par' dir='ltr' id='par_1_94' title="bbox 2122 1521 3720 1592">
     <span class='ocr_line' id='line_1_95' title="bbox 2122 1521 3720 1592; baseline 0.001 -14"><span class='ocrx_word' id='word_1_651' title='bbox 2122 1524 2284 1580; x_wconf 90' lang='lat' dir='ltr'><strong>rebus</strong></span> <span class='ocrx_word' id='word_1_652' title='bbox 2313 1523 2635 1592; x_wconf 86' lang='lat' dir='ltr'><strong>desperatis,</strong></span> <span class='ocrx_word' id='word_1_653' title='bbox 2669 1533 2723 1576; x_wconf 94' lang='lat' dir='ltr'><strong>ut</strong></span> <span class='ocrx_word' id='word_1_654' title='bbox 2753 1521 3004 1578; x_wconf 86' lang='lat' dir='ltr'><strong>Zozimus</strong></span> <span class='ocrx_word' id='word_1_655' title='bbox 3038 1521 3134 1588; x_wconf 68' lang='lat' dir='ltr'><strong>ait,</strong></span> <span class='ocrx_word' id='word_1_656' title='bbox 3168 1524 3310 1591; x_wconf 83' lang='lat' dir='ltr'><strong>quod</strong></span> <span class='ocrx_word' id='word_1_657' title='bbox 3342 1525 3539 1588; x_wconf 86' lang='lat' dir='ltr'><strong>sciret.</strong></span> <span class='ocrx_word' id='word_1_658' title='bbox 3567 1526 3720 1580; x_wconf 81' lang='lat' dir='ltr'><strong>nullas</strong></span> 
     </span>
    </p>
   </div>
   <div class='ocr_carea' id='block_1_95' title="bbox 2121 1595 3722 1664">
    <p class='ocr_par' dir='ltr' id='par_1_95' title="bbox 2121 1595 3722 1664">
     <span class='ocr_line' id='line_1_96' title="bbox 2121 1595 3722 1664; baseline 0.001 -14"><span class='ocrx_word' id='word_1_659' title='bbox 2121 1595 2223 1650; x_wconf 80' lang='lat' dir='ltr'><strong>sibi</strong></span> <span class='ocrx_word' id='word_1_660' title='bbox 2256 1606 2462 1650; x_wconf 88' lang='lat' dir='ltr'><strong>restare</strong></span> <span class='ocrx_word' id='word_1_661' title='bbox 2486 1597 2660 1664; x_wconf 88' lang='lat' dir='ltr'><strong>justas</strong></span> <span class='ocrx_word' id='word_1_662' title='bbox 2684 1605 2740 1650; x_wconf 92' lang='lat' dir='ltr'><strong>et</strong></span> <span class='ocrx_word' id='word_1_663' title='bbox 2768 1595 2897 1649; x_wconf 89' lang='lat' dir='ltr'><strong>satis</strong></span> <span class='ocrx_word' id='word_1_664' title='bbox 2926 1595 3135 1662; x_wconf 89' lang='lat' dir='ltr'><strong>amplas</strong></span> <span class='ocrx_word' id='word_1_665' title='bbox 3160 1597 3224 1648; x_wconf 91' lang='lat' dir='ltr'><strong>ad</strong></span> <span class='ocrx_word' id='word_1_666' title='bbox 3253 1596 3617 1652; x_wconf 85' lang='lat' dir='ltr'><strong>dimicandum</strong></span> <span class='ocrx_word' id='word_1_667' title='bbox 3645 1611 3722 1652; x_wconf 90' lang='lat' dir='ltr'><strong>co-</strong></span> 
     </span>
    </p>
   </div>
   <div class='ocr_carea' id='block_1_96' title="bbox 2123 1665 3724 1738">
    <p class='ocr_par' dir='ltr' id='par_1_96' title="bbox 2123 1665 3724 1738">
     <span class='ocr_line' id='line_1_97' title="bbox 2123 1665 3724 1738; baseline 0.003 -20"><span class='ocrx_word' id='word_1_668' title='bbox 2123 1669 2260 1736; x_wconf 85' lang='lat' dir='ltr'><strong>pias,</strong></span> <span class='ocrx_word' id='word_1_669' title='bbox 2279 1681 2532 1738; x_wconf 83' lang='lat' dir='ltr'><strong>egressus</strong></span> <span class='ocrx_word' id='word_1_670' title='bbox 2563 1668 2718 1730; x_wconf 88' lang='lat' dir='ltr'><strong>urbe,</strong></span> <span class='ocrx_word' id='word_1_671' title='bbox 2737 1665 2966 1737; x_wconf 76' lang='lat' dir='ltr'><strong>suppch</strong></span> <span class='ocrx_word' id='word_1_672' title='bbox 2988 1666 3344 1738; x_wconf 77' lang='lat' dir='ltr'><strong>Constantino</strong></span> <span class='ocrx_word' id='word_1_673' title='bbox 3362 1667 3541 1723; x_wconf 85' lang='lat' dir='ltr'><strong>factus</strong></span> <span class='ocrx_word' id='word_1_674' title='bbox 3561 1677 3660 1732; x_wconf 88' lang='lat' dir='ltr'><strong>est,</strong></span> <span class='ocrx_word' id='word_1_675' title='bbox 3675 1676 3724 1723; x_wconf 88' lang='lat' dir='ltr'><strong>et</strong></span> 
     </span>
    </p>
   </div>
   <div class='ocr_carea' id='block_1_97' title="bbox 2127 1737 3722 1808">
    <p class='ocr_par' dir='ltr' id='par_1_97' title="bbox 2127 1737 3722 1808">
     <span class='ocr_line' id='line_1_98' title="bbox 2127 1737 3722 1808; baseline 0.001 -17"><span class='ocrx_word' id='word_1_676' title='bbox 2127 1738 2289 1792; x_wconf 76' lang='lat' dir='ltr'><strong>allata</strong></span> <span class='ocrx_word' id='word_1_677' title='bbox 2326 1737 2562 1808; x_wconf 82' lang='lat' dir='ltr'><strong>purpura</strong></span> <span class='ocrx_word' id='word_1_678' title='bbox 2589 1778 2604 1800; x_wconf 91' lang='lat'><strong>,</strong></span> <span class='ocrx_word' id='word_1_679' title='bbox 2638 1738 3021 1808; x_wconf 87' lang='lat' dir='ltr'><strong>imperatorem</strong></span> <span class='ocrx_word' id='word_1_680' title='bbox 3047 1747 3098 1793; x_wconf 89' lang='lat' dir='ltr'><strong>et</strong></span> <span class='ocrx_word' id='word_1_681' title='bbox 3127 1737 3412 1793; x_wconf 91' lang='lat' dir='ltr'><strong>Dominum</strong></span> <span class='ocrx_word' id='word_1_682' title='bbox 3461 1740 3722 1805; x_wconf 78' lang='lat' dir='ltr'><strong>clamavit,</strong></span> 
     </span>
    </p>
   </div>
   <div class='ocr_carea' id='block_1_98' title="bbox 2131 1810 3723 1880">
    <p class='ocr_par' dir='ltr' id='par_1_98' title="bbox 2131 1810 3723 1880">
     <span class='ocr_line' id='line_1_99' title="bbox 2131 1810 3723 1880; baseline 0.002 -18"><span class='ocrx_word' id='word_1_683' title='bbox 2131 1811 2450 1880; x_wconf 83' lang='lat' dir='ltr'><strong>veniamque</strong></span> <span class='ocrx_word' id='word_1_684' title='bbox 2476 1812 2879 1880; x_wconf 60' lang='lat' dir='ltr'><strong>prmteritoruut</strong></span> <span class='ocrx_word' id='word_1_685' title='bbox 2895 1810 3156 1878; x_wconf 81' lang='lat' dir='ltr'><strong>poposcit.</strong></span> <span class='ocrx_word' id='word_1_686' title='bbox 3187 1810 3321 1876; x_wconf 66' lang='lat' dir='ltr'><strong>Quae</strong></span> <span class='ocrx_word' id='word_1_687' title='bbox 3348 1812 3537 1865; x_wconf 88' lang='lat' dir='ltr'><strong>omnia</strong></span> <span class='ocrx_word' id='word_1_688' title='bbox 3568 1811 3723 1865; x_wconf 83' lang='lat' dir='ltr'><strong>comi-</strong></span> 
     </span>
    </p>
   </div>
   <div class='ocr_carea' id='block_1_99' title="bbox 2129 1878 3724 1952">
    <p class='ocr_par' dir='ltr' id='par_1_99' title="bbox 2129 1878 3724 1952">
     <span class='ocr_line' id='line_1_100' title="bbox 2129 1878 3724 1952; baseline 0 -17"><span class='ocrx_word' id='word_1_689' title='bbox 2129 1896 2257 1952; x_wconf 85' lang='lat' dir='ltr'><strong>gcre</strong></span> <span class='ocrx_word' id='word_1_690' title='bbox 2287 1878 2429 1935; x_wconf 87' lang='lat' dir='ltr'><strong>anno</strong></span> <span class='ocrx_word' id='word_1_691' title='bbox 2449 1879 2650 1936; x_wconf 90' lang='lat' dir='ltr'><strong>Christi</strong></span> <span class='ocrx_word' id='word_1_692' title='bbox 2680 1879 2816 1947; x_wconf 66' lang='lat'><strong>324,</strong></span> <span class='ocrx_word' id='word_1_693' title='bbox 2838 1878 3036 1952; x_wconf 74' lang='lat' dir='ltr'><strong>Crispo</strong></span> <span class='ocrx_word' id='word_1_694' title='bbox 3062 1896 3152 1946; x_wconf 85' lang='lat' dir='ltr'><strong>nt.</strong></span> <span class='ocrx_word' id='word_1_695' title='bbox 3184 1891 3241 1936; x_wconf 92' lang='lat' dir='ltr'><strong>et</strong></span> <span class='ocrx_word' id='word_1_696' title='bbox 3265 1882 3627 1937; x_wconf 79' lang='lat' dir='ltr'><strong>Constantino</strong></span> <span class='ocrx_word' id='word_1_697' title='bbox 3647 1897 3724 1950; x_wconf 87' lang='lat' dir='ltr'><strong>tn,</strong></span> 
     </span>
    </p>
   </div>
   <div class='ocr_carea' id='block_1_100' title="bbox 2129 1951 3726 2016">
    <p class='ocr_par' dir='ltr' id='par_1_100' title="bbox 2129 1951 3726 2016">
     <span class='ocr_line' id='line_1_101' title="bbox 2129 1951 3726 2016; baseline 0.001 -9"><span class='ocrx_word' id='word_1_698' title='bbox 2129 1951 2465 2016; x_wconf 83' lang='lat' dir='ltr'><strong>consulibus,</strong></span> <span class='ocrx_word' id='word_1_699' title='bbox 2513 1962 2568 2005; x_wconf 91' lang='grc' dir='ltr'><strong>ιιι</strong></span> <span class='ocrx_word' id='word_1_700' title='bbox 2614 1960 2698 2005; x_wconf 86' lang='lat' dir='ltr'><strong>est</strong></span> <span class='ocrx_word' id='word_1_701' title='bbox 2738 1951 2787 2006; x_wconf 94' lang='lat' dir='ltr'><strong>in</strong></span> <span class='ocrx_word' id='word_1_702' title='bbox 2820 1951 2994 2007; x_wconf 86' lang='lat' dir='ltr'><strong>Fastis</strong></span> <span class='ocrx_word' id='word_1_703' title='bbox 3048 1953 3322 2008; x_wconf 88' lang='lat' dir='ltr'><strong>Idatianis.</strong></span> <span class='ocrx_word' id='word_1_704' title='bbox 3371 1953 3576 2009; x_wconf 89' lang='lat' dir='ltr'><strong>Verum</strong></span> <span class='ocrx_word' id='word_1_705' title='bbox 3625 1955 3726 2010; x_wconf 64' lang='lat' dir='ltr'><strong>hac</strong></span> 
     </span>
    </p>
   </div>
   <div class='ocr_carea' id='block_1_101' title="bbox 2129 2022 3724 2092">
    <p class='ocr_par' dir='ltr' id='par_1_101' title="bbox 2129 2022 3724 2092">
     <span class='ocr_line' id='line_1_102' title="bbox 2129 2022 3724 2092; baseline 0.001 -13"><span class='ocrx_word' id='word_1_706' title='bbox 2129 2022 2406 2079; x_wconf 89' lang='lat' dir='ltr'><strong>Lambecii</strong></span> <span class='ocrx_word' id='word_1_707' title='bbox 2430 2025 2696 2078; x_wconf 88' lang='lat' dir='ltr'><strong>sententia</strong></span> <span class='ocrx_word' id='word_1_708' title='bbox 2721 2039 2843 2078; x_wconf 89' lang='lat' dir='ltr'><strong>vera</strong></span> <span class='ocrx_word' id='word_1_709' title='bbox 2862 2039 2983 2078; x_wconf 89' lang='lat' dir='ltr'><strong>esse</strong></span> <span class='ocrx_word' id='word_1_710' title='bbox 3011 2039 3116 2079; x_wconf 91' lang='lat' dir='ltr'><strong>non</strong></span> <span class='ocrx_word' id='word_1_711' title='bbox 3137 2035 3330 2092; x_wconf 89' lang='lat' dir='ltr'><strong>potest,</strong></span> <span class='ocrx_word' id='word_1_712' title='bbox 3352 2039 3483 2080; x_wconf 89' lang='lat' dir='ltr'><strong>cum</strong></span> <span class='ocrx_word' id='word_1_713' title='bbox 3506 2035 3724 2092; x_wconf 81' lang='lat' dir='ltr'><strong>constet,</strong></span> 
     </span>
    </p>
   </div>
   <div class='ocr_carea' id='block_1_102' title="bbox 2130 2095 3726 2164">
    <p class='ocr_par' dir='ltr' id='par_1_102' title="bbox 2130 2095 3726 2164">
     <span class='ocr_line' id='line_1_103' title="bbox 2130 2095 3726 2164; baseline 0.005 -18"><span class='ocrx_word' id='word_1_714' title='bbox 2130 2096 2294 2150; x_wconf 86' lang='lat' dir='ltr'><strong>verba</strong></span> <span class='ocrx_word' id='word_1_715' title='bbox 2354 2097 2442 2150; x_wconf 93' lang='lat' dir='ltr'><strong>illa</strong></span> <span class='ocrx_word' id='word_1_716' title='bbox 2495 2095 2695 2149; x_wconf 88' lang='lat' dir='ltr'><strong>veteris</strong></span> <span class='ocrx_word' id='word_1_717' title='bbox 2757 2095 3057 2151; x_wconf 85' lang='lat' dir='ltr'><strong>kalendarii</strong></span> <span class='ocrx_word' id='word_1_718' title='bbox 3129 2096 3445 2164; x_wconf 87' lang='lat' dir='ltr'><strong>accipienda</strong></span> <span class='ocrx_word' id='word_1_719' title='bbox 3507 2112 3630 2153; x_wconf 81' lang='lat' dir='ltr'><strong>esse.</strong></span> <span class='ocrx_word' id='word_1_720' title='bbox 3669 2099 3726 2153; x_wconf 84' lang='lat' dir='ltr'><strong>de</strong></span> 
     </span>
    </p>
   </div>
   <div class='ocr_carea' id='block_1_103' title="bbox 2128 2166 3722 2236">
    <p class='ocr_par' dir='ltr' id='par_1_103' title="bbox 2128 2166 3722 2236">
     <span class='ocr_line' id='line_1_104' title="bbox 2128 2166 3722 2236; baseline 0.001 -14"><span class='ocrx_word' id='word_1_721' title='bbox 2128 2166 2395 2222; x_wconf 79' lang='lat' dir='ltr'><strong>Maxentio</strong></span> <span class='ocrx_word' id='word_1_722' title='bbox 2422 2166 2722 2236; x_wconf 84' lang='lat' dir='ltr'><strong>profligato.</strong></span> <span class='ocrx_word' id='word_1_723' title='bbox 2755 2168 3022 2222; x_wconf 61' lang='lat' dir='ltr'><strong>l’rartcrea</strong></span> <span class='ocrx_word' id='word_1_724' title='bbox 3055 2167 3241 2221; x_wconf 88' lang='lat' dir='ltr'><strong>nulbbi</strong></span> <span class='ocrx_word' id='word_1_725' title='bbox 3289 2168 3610 2224; x_wconf 83' lang='lat' dir='ltr'><strong>adnotatum</strong></span> <span class='ocrx_word' id='word_1_726' title='bbox 3634 2178 3722 2235; x_wconf 83' lang='lat' dir='ltr'><strong>est,</strong></span> 
     </span>
    </p>
   </div>
   <div class='ocr_carea' id='block_1_104' title="bbox 2128 2238 3724 2309">
    <p class='ocr_par' dir='ltr' id='par_1_104' title="bbox 2128 2238 3724 2309">
     <span class='ocr_line' id='line_1_105' title="bbox 2128 2238 3724 2309; baseline 0.001 -15"><span class='ocrx_word' id='word_1_727' title='bbox 2128 2239 2458 2294; x_wconf 87' lang='lat' dir='ltr'><strong>deditionem</strong></span> <span class='ocrx_word' id='word_1_728' title='bbox 2489 2238 2678 2292; x_wconf 85' lang='lat' dir='ltr'><strong>Lictuii</strong></span> <span class='ocrx_word' id='word_1_729' title='bbox 2722 2239 2975 2293; x_wconf 83' lang='lat' dir='ltr'><strong>incidisse</strong></span> <span class='ocrx_word' id='word_1_730' title='bbox 3009 2239 3062 2293; x_wconf 93' lang='lat' dir='ltr'><strong>iu</strong></span> <span class='ocrx_word' id='word_1_731' title='bbox 3090 2238 3233 2293; x_wconf 92' lang='lat' dir='ltr'><strong>diem</strong></span> <span class='ocrx_word' id='word_1_732' title='bbox 3273 2240 3528 2309; x_wconf 88' lang='lat' dir='ltr'><strong>quintam</strong></span> <span class='ocrx_word' id='word_1_733' title='bbox 3552 2240 3724 2296; x_wconf 81' lang='lat' dir='ltr'><strong>kalen-</strong></span> 
     </span>
    </p>
   </div>
   <div class='ocr_carea' id='block_1_105' title="bbox 2129 2310 3726 2378">
    <p class='ocr_par' dir='ltr' id='par_1_105' title="bbox 2129 2310 3726 2378">
     <span class='ocr_line' id='line_1_106' title="bbox 2129 2310 3726 2378; baseline 0.003 -14"><span class='ocrx_word' id='word_1_734' title='bbox 2129 2311 2319 2364; x_wconf 90' lang='lat' dir='ltr'><strong>darum</strong></span> <span class='ocrx_word' id='word_1_735' title='bbox 2367 2311 2758 2365; x_wconf 90' lang='lat' dir='ltr'><strong>novembrium.</strong></span> <span class='ocrx_word' id='word_1_736' title='bbox 2798 2310 2952 2378; x_wconf 88' lang='lat' dir='ltr'><strong>Quod</strong></span> <span class='ocrx_word' id='word_1_737' title='bbox 2998 2311 3050 2365; x_wconf 93' lang='lat' dir='ltr'><strong>iu</strong></span> <span class='ocrx_word' id='word_1_738' title='bbox 3127 2311 3313 2378; x_wconf 79' lang='lat' dir='ltr'><strong>primis</strong></span> <span class='ocrx_word' id='word_1_739' title='bbox 3366 2313 3726 2368; x_wconf 83' lang='lat' dir='ltr'><strong>necessarium</strong></span> 
     </span>
    </p>
   </div>
   <div class='ocr_carea' id='block_1_106' title="bbox 2131 2381 3724 2454">
    <p class='ocr_par' dir='ltr' id='par_1_106' title="bbox 2131 2381 3724 2454">
     <span class='ocr_line' id='line_1_107' title="bbox 2131 2381 3724 2454; baseline 0.001 -17"><span class='ocrx_word' id='word_1_740' title='bbox 2131 2392 2277 2437; x_wconf 89' lang='lat' dir='ltr'><strong>esset</strong></span> <span class='ocrx_word' id='word_1_741' title='bbox 2309 2381 2706 2436; x_wconf 83' lang='lat' dir='ltr'><strong>demonstrare.</strong></span> <span class='ocrx_word' id='word_1_742' title='bbox 2739 2383 2906 2436; x_wconf 85' lang='lat' dir='ltr'><strong>Immo</strong></span> <span class='ocrx_word' id='word_1_743' title='bbox 2924 2399 3040 2436; x_wconf 84' lang='lat' dir='ltr'><strong>eain</strong></span> <span class='ocrx_word' id='word_1_744' title='bbox 3066 2381 3260 2454; x_wconf 82' lang='lat' dir='ltr'><strong>factam</strong></span> <span class='ocrx_word' id='word_1_745' title='bbox 3284 2382 3572 2454; x_wconf 87' lang='lat' dir='ltr'><strong>aliquanto</strong></span> <span class='ocrx_word' id='word_1_746' title='bbox 3592 2395 3724 2452; x_wconf 89' lang='lat' dir='ltr'><strong>ante,</strong></span> 
     </span>
    </p>
   </div>
   <div class='ocr_carea' id='block_1_107' title="bbox 2129 2452 3727 2523">
    <p class='ocr_par' dir='ltr' id='par_1_107' title="bbox 2129 2452 3727 2523">
     <span class='ocr_line' id='line_1_108' title="bbox 2129 2452 3727 2523; baseline 0.003 -17"><span class='ocrx_word' id='word_1_747' title='bbox 2129 2455 2310 2523; x_wconf 81' lang='lat' dir='ltr'><strong>colligi</strong></span> <span class='ocrx_word' id='word_1_748' title='bbox 2346 2470 2501 2522; x_wconf 86' lang='lat' dir='ltr'><strong>posse</strong></span> <span class='ocrx_word' id='word_1_749' title='bbox 2544 2454 2752 2508; x_wconf 88' lang='lat' dir='ltr'><strong>videtur</strong></span> <span class='ocrx_word' id='word_1_750' title='bbox 2781 2469 2852 2508; x_wconf 78' lang='lat' dir='ltr'><strong>ex</strong></span> <span class='ocrx_word' id='word_1_751' title='bbox 2885 2469 2973 2518; x_wconf 90' lang='lat' dir='ltr'><strong>eo,</strong></span> <span class='ocrx_word' id='word_1_752' title='bbox 3003 2453 3144 2523; x_wconf 89' lang='lat' dir='ltr'><strong>quod</strong></span> <span class='ocrx_word' id='word_1_753' title='bbox 3176 2452 3429 2510; x_wconf 81' lang='lat' dir='ltr'><strong>Zozimus</strong></span> <span class='ocrx_word' id='word_1_754' title='bbox 3484 2458 3586 2520; x_wconf 85' lang='lat' dir='ltr'><strong>ait,</strong></span> <span class='ocrx_word' id='word_1_755' title='bbox 3603 2455 3727 2511; x_wconf 86' lang='lat' dir='ltr'><strong>Lici-</strong></span> 
     </span>
    </p>
   </div>
   <div class='ocr_carea' id='block_1_108' title="bbox 2131 2524 3724 2595">
    <p class='ocr_par' dir='ltr' id='par_1_108' title="bbox 2131 2524 3724 2595">
     <span class='ocr_line' id='line_1_109' title="bbox 2131 2524 3724 2595; baseline 0.003 -17"><span class='ocrx_word' id='word_1_756' title='bbox 2131 2528 2316 2590; x_wconf 88' lang='lat' dir='ltr'><strong>nium,</strong></span> <span class='ocrx_word' id='word_1_757' title='bbox 2352 2527 2467 2578; x_wconf 90' lang='lat' dir='ltr'><strong>fuso</strong></span> <span class='ocrx_word' id='word_1_758' title='bbox 2493 2524 2784 2595; x_wconf 85' lang='lat' dir='ltr'><strong>deditoque</strong></span> <span class='ocrx_word' id='word_1_759' title='bbox 2837 2527 3099 2591; x_wconf 86' lang='lat' dir='ltr'><strong>exercitu,</strong></span> <span class='ocrx_word' id='word_1_760' title='bbox 3131 2540 3267 2595; x_wconf 87' lang='lat' dir='ltr'><strong>cum</strong></span> <span class='ocrx_word' id='word_1_761' title='bbox 3308 2528 3587 2593; x_wconf 77' lang='lat' dir='ltr'><strong>e.|uitibus</strong></span> <span class='ocrx_word' id='word_1_762' title='bbox 3615 2529 3724 2581; x_wconf 88' lang='lat' dir='ltr'><strong>reli-</strong></span> 
     </span>
    </p>
   </div>
   <div class='ocr_carea' id='block_1_109' title="bbox 2131 2593 3725 2666">
    <p class='ocr_par' dir='ltr' id='par_1_109' title="bbox 2131 2593 3725 2666">
     <span class='ocr_line' id='line_1_110' title="bbox 2131 2593 3725 2666; baseline 0.005 -19"><span class='ocrx_word' id='word_1_763' title='bbox 2131 2596 2251 2666; x_wconf 87' lang='lat' dir='ltr'><strong>quis</strong></span> <span class='ocrx_word' id='word_1_764' title='bbox 2278 2607 2333 2651; x_wconf 91' lang='lat' dir='ltr'><strong>et</strong></span> <span class='ocrx_word' id='word_1_765' title='bbox 2361 2596 2545 2666; x_wconf 75' lang='lat' dir='ltr'><strong>paucis</strong></span> <span class='ocrx_word' id='word_1_766' title='bbox 2574 2593 2812 2664; x_wconf 79' lang='lat' dir='ltr'><strong>peditum</strong></span> <span class='ocrx_word' id='word_1_767' title='bbox 2846 2597 3083 2651; x_wconf 87' lang='lat' dir='ltr'><strong>millibus</strong></span> <span class='ocrx_word' id='word_1_768' title='bbox 3099 2594 3473 2653; x_wconf 86' lang='lat' dir='ltr'><strong>Nicomediam</strong></span> <span class='ocrx_word' id='word_1_769' title='bbox 3498 2614 3560 2654; x_wconf 92' lang='lat' dir='ltr'><strong>se</strong></span> <span class='ocrx_word' id='word_1_770' title='bbox 3589 2612 3725 2655; x_wconf 87' lang='lat' dir='ltr'><strong>rece-</strong></span> 
     </span>
    </p>
   </div>
   <div class='ocr_carea' id='block_1_110' title="bbox 2134 2665 3726 2737">
    <p class='ocr_par' dir='ltr' id='par_1_110' title="bbox 2134 2665 3726 2737">
     <span class='ocr_line' id='line_1_111' title="bbox 2134 2665 3726 2737; baseline 0.003 -17"><span class='ocrx_word' id='word_1_771' title='bbox 2134 2665 2276 2737; x_wconf 83' lang='lat' dir='ltr'><strong>pisse</strong></span> <span class='ocrx_word' id='word_1_772' title='bbox 2334 2665 2453 2736; x_wconf 21' lang='lat' dir='ltr'><strong>p’ust</strong></span> <span class='ocrx_word' id='word_1_773' title='bbox 2506 2678 2717 2736; x_wconf 83' lang='lat' dir='ltr'><strong>captam</strong></span> <span class='ocrx_word' id='word_1_774' title='bbox 2776 2665 3197 2732; x_wconf 86' lang='lat' dir='ltr'><strong>Cltalcedouem,</strong></span> <span class='ocrx_word' id='word_1_775' title='bbox 3253 2668 3301 2722; x_wconf 89' lang='lat' dir='ltr'><strong>id</strong></span> <span class='ocrx_word' id='word_1_776' title='bbox 3351 2680 3470 2732; x_wconf 71' lang='lat' dir='ltr'><strong>est,</strong></span> <span class='ocrx_word' id='word_1_777' title='bbox 3525 2672 3592 2725; x_wconf 76' lang='lat' dir='ltr'>H</span> <span class='ocrx_word' id='word_1_778' title='bbox 3634 2669 3726 2725; x_wconf 81' lang='lat' dir='ltr'><strong>kal.</strong></span> 
     </span>
    </p>
   </div>
   <div class='ocr_carea' id='block_1_111' title="bbox 2133 2737 3727 2811">
    <p class='ocr_par' dir='ltr' id='par_1_111' title="bbox 2133 2737 3727 2811">
     <span class='ocr_line' id='line_1_112' title="bbox 2133 2737 3727 2811; baseline 0.002 -17"><span class='ocrx_word' id='word_1_779' title='bbox 2133 2740 2496 2811; x_wconf 75' lang='lat' dir='ltr'><strong>octobris,ut</strong></span> <span class='ocrx_word' id='word_1_780' title='bbox 2536 2739 2730 2811; x_wconf 83' lang='lat' dir='ltr'><strong>legitur</strong></span> <span class='ocrx_word' id='word_1_781' title='bbox 2753 2740 2806 2794; x_wconf 94' lang='lat' dir='ltr'><strong>in</strong></span> <span class='ocrx_word' id='word_1_782' title='bbox 2841 2737 3033 2794; x_wconf 84' lang='lat' dir='ltr'><strong>Fastis.</strong></span> <span class='ocrx_word' id='word_1_783' title='bbox 3087 2738 3255 2805; x_wconf 84' lang='lat' dir='ltr'><strong>Quam</strong></span> <span class='ocrx_word' id='word_1_784' title='bbox 3307 2741 3512 2811; x_wconf 88' lang='lat' dir='ltr'><strong>exiguo</strong></span> <span class='ocrx_word' id='word_1_785' title='bbox 3563 2756 3727 2798; x_wconf 89' lang='lat' dir='ltr'><strong>autem</strong></span> 
     </span>
    </p>
   </div>
   <div class='ocr_carea' id='block_1_112' title="bbox 2134 2809 3728 2885">
    <p class='ocr_par' dir='ltr' id='par_1_112' title="bbox 2134 2809 3728 2885">
     <span class='ocr_line' id='line_1_113' title="bbox 2134 2809 3728 2885; baseline 0.002 -20"><span class='ocrx_word' id='word_1_786' title='bbox 2134 2813 2392 2885; x_wconf 87' lang='lat' dir='ltr'><strong>temporis</strong></span> <span class='ocrx_word' id='word_1_787' title='bbox 2418 2809 2702 2885; x_wconf 87' lang='lat' dir='ltr'><strong>intervallo</strong></span> <span class='ocrx_word' id='word_1_788' title='bbox 2735 2813 2904 2865; x_wconf 89' lang='lat' dir='ltr'><strong>victor</strong></span> <span class='ocrx_word' id='word_1_789' title='bbox 2929 2816 3203 2866; x_wconf 88' lang='lat' dir='ltr'><strong>exercitus</strong></span> <span class='ocrx_word' id='word_1_790' title='bbox 3235 2809 3528 2878; x_wconf 81' lang='lat' dir='ltr'><strong>pervenire</strong></span> <span class='ocrx_word' id='word_1_791' title='bbox 3557 2823 3728 2885; x_wconf 83' lang='lat' dir='ltr'><strong>potue-</strong></span> 
     </span>
    </p>
   </div>
   <div class='ocr_carea' id='block_1_113' title="bbox 2134 2883 3728 2953">
    <p class='ocr_par' dir='ltr' id='par_1_113' title="bbox 2134 2883 3728 2953">
     <span class='ocr_line' id='line_1_114' title="bbox 2134 2883 3728 2953; baseline 0.002 -16"><span class='ocrx_word' id='word_1_792' title='bbox 2134 2885 2204 2938; x_wconf 86' lang='lat' dir='ltr'><strong>rit</strong></span> <span class='ocrx_word' id='word_1_793' title='bbox 2223 2883 2610 2953; x_wconf 84' lang='lat' dir='ltr'><strong>Nicomediam,</strong></span> <span class='ocrx_word' id='word_1_794' title='bbox 2636 2897 2795 2937; x_wconf 86' lang='lat' dir='ltr'><strong>nemo</strong></span> <span class='ocrx_word' id='word_1_795' title='bbox 2817 2893 2901 2937; x_wconf 80' lang='lat' dir='ltr'><strong>est</strong></span> <span class='ocrx_word' id='word_1_796' title='bbox 2931 2885 3005 2938; x_wconf 85' lang='lat' dir='ltr'><strong>rei</strong></span> <span class='ocrx_word' id='word_1_797' title='bbox 3037 2886 3414 2953; x_wconf 66' lang='lat' dir='ltr'><strong>geographica:</strong></span> <span class='ocrx_word' id='word_1_798' title='bbox 3447 2887 3536 2940; x_wconf 80' lang='lat' dir='ltr'><strong>vel</strong></span> <span class='ocrx_word' id='word_1_799' title='bbox 3561 2883 3728 2940; x_wconf 83' lang='lat' dir='ltr'><strong>tenui-</strong></span> 
     </span>
    </p>
   </div>
   <div class='ocr_carea' id='block_1_114' title="bbox 2137 2952 3726 3025">
    <p class='ocr_par' dir='ltr' id='par_1_114' title="bbox 2137 2952 3726 3025">
     <span class='ocr_line' id='line_1_115' title="bbox 2137 2952 3726 3025; baseline 0.003 -17"><span class='ocrx_word' id='word_1_800' title='bbox 2137 2963 2220 3008; x_wconf 90' lang='lat' dir='ltr'><strong>ter</strong></span> <span class='ocrx_word' id='word_1_801' title='bbox 2253 2955 2476 3024; x_wconf 87' lang='lat' dir='ltr'><strong>peritus,</strong></span> <span class='ocrx_word' id='word_1_802' title='bbox 2507 2952 2727 3025; x_wconf 85' lang='lat' dir='ltr'><strong>quinon</strong></span> <span class='ocrx_word' id='word_1_803' title='bbox 2751 2955 2884 3025; x_wconf 82' lang='lat' dir='ltr'><strong>satis</strong></span> <span class='ocrx_word' id='word_1_804' title='bbox 2912 2952 3190 3023; x_wconf 83' lang='lat' dir='ltr'><strong>intelligat.</strong></span> <span class='ocrx_word' id='word_1_805' title='bbox 3215 2953 3394 3020; x_wconf 87' lang='lat' dir='ltr'><strong>Quare</strong></span> <span class='ocrx_word' id='word_1_806' title='bbox 3447 2955 3726 3025; x_wconf 79' lang='lat' dir='ltr'><strong>profectio-</strong></span> 
     </span>
    </p>
   </div>
   <div class='ocr_carea' id='block_1_115' title="bbox 2135 3023 3729 3092">
    <p class='ocr_par' dir='ltr' id='par_1_115' title="bbox 2135 3023 3729 3092">
     <span class='ocr_line' id='line_1_116' title="bbox 2135 3023 3729 3092; baseline 0.003 -13"><span class='ocrx_word' id='word_1_807' title='bbox 2135 3023 2261 3081; x_wconf 86' lang='lat' dir='ltr'><strong>nem</strong></span> <span class='ocrx_word' id='word_1_808' title='bbox 2292 3025 2430 3089; x_wconf 84' lang='lat' dir='ltr'><strong>Divi,</strong></span> <span class='ocrx_word' id='word_1_809' title='bbox 2453 3038 2572 3092; x_wconf 70' lang='lat' dir='ltr'><strong>qua:</strong></span> <span class='ocrx_word' id='word_1_810' title='bbox 2602 3023 2655 3077; x_wconf 88' lang='lat' dir='ltr'><strong>itt</strong></span> <span class='ocrx_word' id='word_1_811' title='bbox 2679 3028 2843 3080; x_wconf 85' lang='lat' dir='ltr'><strong>veteri</strong></span> <span class='ocrx_word' id='word_1_812' title='bbox 2874 3024 3188 3080; x_wconf 77' lang='lat' dir='ltr'><strong>kalendario</strong></span> <span class='ocrx_word' id='word_1_813' title='bbox 3217 3023 3459 3080; x_wconf 62' lang='lat' dir='ltr'><strong>notatun</strong></span> <span class='ocrx_word' id='word_1_814' title='bbox 3483 3030 3554 3082; x_wconf 90' lang='lat' dir='ltr'><strong>ad</strong></span> <span class='ocrx_word' id='word_1_815' title='bbox 3601 3031 3729 3084; x_wconf 82' lang='lat' dir='ltr'><strong>diem</strong></span> 
     </span>
    </p>
   </div>
   <div class='ocr_carea' id='block_1_116' title="bbox 2135 3096 3729 3168">
    <p class='ocr_par' dir='ltr' id='par_1_116' title="bbox 2135 3096 3729 3168">
     <span class='ocr_line' id='line_1_117' title="bbox 2135 3096 3729 3168; baseline 0.004 -19"><span class='ocrx_word' id='word_1_816' title='bbox 2135 3112 2166 3149; x_wconf 95' lang='lat' dir='ltr'><strong>v</strong></span> <span class='ocrx_word' id='word_1_817' title='bbox 2196 3096 2454 3153; x_wconf 80' lang='lat' dir='ltr'><strong>kalendas</strong></span> <span class='ocrx_word' id='word_1_818' title='bbox 2490 3106 2575 3150; x_wconf 90' lang='lat' dir='ltr'><strong>oct</strong></span> <span class='ocrx_word' id='word_1_819' title='bbox 2601 3098 2754 3162; x_wconf 81' lang='lat' dir='ltr'><strong>.bris,</strong></span> <span class='ocrx_word' id='word_1_820' title='bbox 2787 3097 2942 3152; x_wconf 83' lang='lat' dir='ltr'><strong>valde</strong></span> <span class='ocrx_word' id='word_1_821' title='bbox 2968 3099 3214 3167; x_wconf 91' lang='lat' dir='ltr'><strong>suspicor</strong></span> <span class='ocrx_word' id='word_1_822' title='bbox 3252 3098 3420 3168; x_wconf 87' lang='lat' dir='ltr'><strong>accipi</strong></span> <span class='ocrx_word' id='word_1_823' title='bbox 3445 3100 3650 3156; x_wconf 87' lang='lat' dir='ltr'><strong>debere</strong></span> <span class='ocrx_word' id='word_1_824' title='bbox 3672 3102 3729 3155; x_wconf 86' lang='lat' dir='ltr'><strong>de</strong></span> 
     </span>
    </p>
   </div>
   <div class='ocr_carea' id='block_1_117' title="bbox 2065 3168 3730 3237">
    <p class='ocr_par' dir='ltr' id='par_1_117' title="bbox 2065 3168 3730 3237">
     <span class='ocr_line' id='line_1_118' title="bbox 2065 3168 3730 3237; baseline 0.002 -13"><span class='ocrx_word' id='word_1_825' title='bbox 2065 3171 2109 3234; x_wconf 90' lang='lat' dir='ltr'><strong>C</strong></span> <span class='ocrx_word' id='word_1_826' title='bbox 2139 3168 2477 3224; x_wconf 87' lang='lat' dir='ltr'><strong>Constantini</strong></span> <span class='ocrx_word' id='word_1_827' title='bbox 2535 3170 2777 3236; x_wconf 78' lang='lat' dir='ltr'><strong>digressu</strong></span> <span class='ocrx_word' id='word_1_828' title='bbox 2808 3169 2876 3223; x_wconf 89' lang='lat' dir='ltr'><strong>ab</strong></span> <span class='ocrx_word' id='word_1_829' title='bbox 2917 3171 3048 3224; x_wconf 89' lang='lat' dir='ltr'><strong>urbe</strong></span> <span class='ocrx_word' id='word_1_830' title='bbox 3078 3168 3442 3237; x_wconf 84' lang='lat' dir='ltr'><strong>Chalcedone,</strong></span> <span class='ocrx_word' id='word_1_831' title='bbox 3484 3181 3545 3226; x_wconf 94' lang='lat' dir='ltr'><strong>ut</strong></span> <span class='ocrx_word' id='word_1_832' title='bbox 3589 3171 3730 3228; x_wconf 87' lang='lat' dir='ltr'><strong>Nico-</strong></span> 
     </span>
    </p>
   </div>
   <div class='ocr_carea' id='block_1_118' title="bbox 2145 3238 3730 3311">
    <p class='ocr_par' dir='ltr' id='par_1_118' title="bbox 2145 3238 3730 3311">
     <span class='ocr_line' id='line_1_119' title="bbox 2145 3238 3730 3311; baseline 0.001 -15"><span class='ocrx_word' id='word_1_833' title='bbox 2145 3238 2378 3296; x_wconf 89' lang='lat' dir='ltr'><strong>mediam</strong></span> <span class='ocrx_word' id='word_1_834' title='bbox 2411 3241 2861 3310; x_wconf 88' lang='lat' dir='ltr'><strong>prolicisceretur.</strong></span> <span class='ocrx_word' id='word_1_835' title='bbox 2883 3241 3066 3311; x_wconf 88' lang='lat' dir='ltr'><strong>Itaque</strong></span> <span class='ocrx_word' id='word_1_836' title='bbox 3087 3258 3207 3294; x_wconf 89' lang='lat' dir='ltr'><strong>cum</strong></span> <span class='ocrx_word' id='word_1_837' title='bbox 3233 3239 3356 3295; x_wconf 88' lang='lat' dir='ltr'><strong>hinc</strong></span> <span class='ocrx_word' id='word_1_838' title='bbox 3387 3245 3472 3297; x_wconf 86' lang='lat' dir='ltr'><strong>via</strong></span> <span class='ocrx_word' id='word_1_839' title='bbox 3507 3247 3579 3298; x_wconf 91' lang='lat' dir='ltr'><strong>sit</strong></span> <span class='ocrx_word' id='word_1_840' title='bbox 3599 3253 3730 3300; x_wconf 72' lang='lat' dir='ltr'><strong>certa</strong></span> 
     </span>
    </p>
   </div>
   <div class='ocr_carea' id='block_1_119' title="bbox 2148 3313 3729 3382">
    <p class='ocr_par' dir='ltr' id='par_1_119' title="bbox 2148 3313 3729 3382">
     <span class='ocr_line' id='line_1_120' title="bbox 2148 3313 3729 3382; baseline 0.003 -16"><span class='ocrx_word' id='word_1_841' title='bbox 2148 3328 2321 3382; x_wconf 87' lang='lat' dir='ltr'><strong>neque</strong></span> <span class='ocrx_word' id='word_1_842' title='bbox 2362 3315 2538 3380; x_wconf 80' lang='lat' dir='ltr'><strong>longa,</strong></span> <span class='ocrx_word' id='word_1_843' title='bbox 2569 3326 2676 3366; x_wconf 85' lang='lat' dir='ltr'><strong>non</strong></span> <span class='ocrx_word' id='word_1_844' title='bbox 2719 3313 2949 3367; x_wconf 85' lang='lat' dir='ltr'><strong>absurda</strong></span> <span class='ocrx_word' id='word_1_845' title='bbox 3002 3313 3306 3382; x_wconf 85' lang='lat' dir='ltr'><strong>conjectura</strong></span> <span class='ocrx_word' id='word_1_846' title='bbox 3334 3315 3438 3368; x_wconf 90' lang='lat' dir='ltr'><strong>erit</strong></span> <span class='ocrx_word' id='word_1_847' title='bbox 3460 3355 3482 3380; x_wconf 85' lang='lat'><strong>,</strong></span> <span class='ocrx_word' id='word_1_848' title='bbox 3517 3317 3564 3369; x_wconf 92' lang='lat' dir='ltr'><strong>si</strong></span> <span class='ocrx_word' id='word_1_849' title='bbox 3593 3315 3729 3371; x_wconf 82' lang='lat' dir='ltr'><strong>dica-</strong></span> 
     </span>
    </p>
   </div>
   <div class='ocr_carea' id='block_1_120' title="bbox 2146 3382 3730 3458">
    <p class='ocr_par' dir='ltr' id='par_1_120' title="bbox 2146 3382 3730 3458">
     <span class='ocr_line' id='line_1_121' title="bbox 2146 3382 3730 3458; baseline 0.003 -20"><span class='ocrx_word' id='word_1_850' title='bbox 2146 3400 2299 3458; x_wconf 85' lang='lat' dir='ltr'><strong>mus,</strong></span> <span class='ocrx_word' id='word_1_851' title='bbox 2353 3383 2910 3458; x_wconf 83' lang='lat' dir='ltr'><strong>deditionemLicmii</strong></span> <span class='ocrx_word' id='word_1_852' title='bbox 2965 3382 3159 3458; x_wconf 79' lang='lat' dir='ltr'><strong>factam</strong></span> <span class='ocrx_word' id='word_1_853' title='bbox 3218 3399 3341 3458; x_wconf 82' lang='lat' dir='ltr'><strong>esse</strong></span> <span class='ocrx_word' id='word_1_854' title='bbox 3394 3386 3588 3456; x_wconf 85' lang='lat' dir='ltr'><strong>paucis</strong></span> <span class='ocrx_word' id='word_1_855' title='bbox 3625 3398 3730 3458; x_wconf 91' lang='lat' dir='ltr'><strong>post</strong></span> 
     </span>
    </p>
   </div>
   <div class='ocr_carea' id='block_1_121' title="bbox 2145 3455 3728 3524">
    <p class='ocr_par' dir='ltr' id='par_1_121' title="bbox 2145 3455 3728 3524">
     <span class='ocr_line' id='line_1_122' title="bbox 2145 3455 3728 3524; baseline 0.003 -15"><span class='ocrx_word' id='word_1_856' title='bbox 2145 3455 2368 3520; x_wconf 91' lang='lat' dir='ltr'><strong>diebus,</strong></span> <span class='ocrx_word' id='word_1_857' title='bbox 2404 3456 2454 3508; x_wconf 88' lang='lat' dir='ltr'><strong>id</strong></span> <span class='ocrx_word' id='word_1_858' title='bbox 2483 3464 2586 3518; x_wconf 80' lang='lat' dir='ltr'><strong>est,</strong></span> <span class='ocrx_word' id='word_1_859' title='bbox 2622 3457 2721 3510; x_wconf 84' lang='lat' dir='ltr'><strong>sub</strong></span> <span class='ocrx_word' id='word_1_860' title='bbox 2745 3456 2951 3510; x_wconf 90' lang='lat' dir='ltr'><strong>initium</strong></span> <span class='ocrx_word' id='word_1_861' title='bbox 2983 3456 3181 3510; x_wconf 79' lang='lat' dir='ltr'><strong>mensis</strong></span> <span class='ocrx_word' id='word_1_862' title='bbox 3208 3455 3482 3524; x_wconf 85' lang='lat' dir='ltr'><strong>octobris;</strong></span> <span class='ocrx_word' id='word_1_863' title='bbox 3527 3455 3646 3513; x_wconf 80' lang='lat' dir='ltr'><strong>cuni</strong></span> <span class='ocrx_word' id='word_1_864' title='bbox 3672 3475 3728 3514; x_wconf 84' lang='lat' dir='ltr'><strong>es</strong></span> 
     </span>
    </p>
   </div>
   <div class='ocr_carea' id='block_1_122' title="bbox 2146 3525 3728 3596">
    <p class='ocr_par' dir='ltr' id='par_1_122' title="bbox 2146 3525 3728 3596">
     <span class='ocr_line' id='line_1_123' title="bbox 2146 3525 3728 3596; baseline 0.004 -16"><span class='ocrx_word' id='word_1_865' title='bbox 2146 3525 2364 3581; x_wconf 86' lang='lat' dir='ltr'><strong>Zozimo</strong></span> <span class='ocrx_word' id='word_1_866' title='bbox 2391 3526 2610 3596; x_wconf 82' lang='lat' dir='ltr'><strong>liqueat,</strong></span> <span class='ocrx_word' id='word_1_867' title='bbox 2637 3543 2758 3582; x_wconf 90' lang='lat' dir='ltr'><strong>eum</strong></span> <span class='ocrx_word' id='word_1_868' title='bbox 2801 3542 2906 3582; x_wconf 93' lang='lat' dir='ltr'><strong>non</strong></span> <span class='ocrx_word' id='word_1_869' title='bbox 2963 3525 3221 3582; x_wconf 85' lang='lat' dir='ltr'><strong>tolerasse</strong></span> <span class='ocrx_word' id='word_1_870' title='bbox 3260 3527 3348 3582; x_wconf 89' lang='lat' dir='ltr'><strong>diu</strong></span> <span class='ocrx_word' id='word_1_871' title='bbox 3398 3530 3728 3586; x_wconf 89' lang='lat' dir='ltr'><strong>obsidionem</strong></span> 
     </span>
    </p>
   </div>
   <div class='ocr_carea' id='block_1_123' title="bbox 2144 3597 3728 3668">
    <p class='ocr_par' dir='ltr' id='par_1_123' title="bbox 2144 3597 3728 3668">
     <span class='ocr_line' id='line_1_124' title="bbox 2144 3597 3728 3668; baseline 0.003 -16"><span class='ocrx_word' id='word_1_872' title='bbox 2144 3597 2494 3661; x_wconf 60' lang='lat' dir='ltr'><strong>Nicomediae,</strong></span> <span class='ocrx_word' id='word_1_873' title='bbox 2526 3606 2582 3651; x_wconf 89' lang='lat' dir='ltr'><strong>et</strong></span> <span class='ocrx_word' id='word_1_874' title='bbox 2622 3615 2687 3652; x_wconf 80' lang='lat' dir='ltr'><strong>ex</strong></span> <span class='ocrx_word' id='word_1_875' title='bbox 2723 3597 3024 3668; x_wconf 79' lang='lat' dir='ltr'><strong>fragmento</strong></span> <span class='ocrx_word' id='word_1_876' title='bbox 3060 3597 3126 3652; x_wconf 87' lang='lat' dir='ltr'><strong>de</strong></span> <span class='ocrx_word' id='word_1_877' title='bbox 3170 3599 3488 3655; x_wconf 75' lang='lat' dir='ltr'><strong>CunStanlio</strong></span> <span class='ocrx_word' id='word_1_878' title='bbox 3517 3600 3728 3666; x_wconf 87' lang='lat' dir='ltr'><strong>Cbloro,</strong></span> 
     </span>
    </p>
   </div>
   <div class='ocr_carea' id='block_1_124' title="bbox 2145 3668 3727 3740">
    <p class='ocr_par' dir='ltr' id='par_1_124' title="bbox 2145 3668 3727 3740">
     <span class='ocr_line' id='line_1_125' title="bbox 2145 3668 3727 3740; baseline 0.003 -17"><span class='ocrx_word' id='word_1_879' title='bbox 2145 3669 2289 3739; x_wconf 90' lang='lat' dir='ltr'><strong>quod</strong></span> <span class='ocrx_word' id='word_1_880' title='bbox 2311 3668 2577 3724; x_wconf 82' lang='lat' dir='ltr'><strong>Henricus</strong></span> <span class='ocrx_word' id='word_1_881' title='bbox 2597 3671 2841 3725; x_wconf 80' lang='lat' dir='ltr'><strong>Valesius</strong></span> <span class='ocrx_word' id='word_1_882' title='bbox 2856 3670 3043 3731; x_wconf 87' lang='lat' dir='ltr'><strong>edidit,</strong></span> <span class='ocrx_word' id='word_1_883' title='bbox 3063 3669 3241 3740; x_wconf 84' lang='lat' dir='ltr'><strong>colligi</strong></span> <span class='ocrx_word' id='word_1_884' title='bbox 3265 3672 3455 3740; x_wconf 88' lang='lat' dir='ltr'><strong>possit,</strong></span> <span class='ocrx_word' id='word_1_885' title='bbox 3473 3671 3727 3728; x_wconf 82' lang='lat' dir='ltr'><strong>Constan-</strong></span> 
     </span>
    </p>
   </div>
   <div class='ocr_carea' id='block_1_125' title="bbox 2147 3739 3731 3801">
    <p class='ocr_par' dir='ltr' id='par_1_125' title="bbox 2147 3739 3731 3801">
     <span class='ocr_line' id='line_1_126' title="bbox 2147 3739 3731 3801; baseline 0.003 -5"><span class='ocrx_word' id='word_1_886' title='bbox 2147 3743 2273 3796; x_wconf 89' lang='lat' dir='ltr'><strong>tiam</strong></span> <span class='ocrx_word' id='word_1_887' title='bbox 2299 3756 2520 3796; x_wconf 83' lang='lat' dir='ltr'><strong>uxorem</strong></span> <span class='ocrx_word' id='word_1_888' title='bbox 2553 3741 2740 3798; x_wconf 85' lang='lat' dir='ltr'><strong>Licinii</strong></span> <span class='ocrx_word' id='word_1_889' title='bbox 2770 3742 2821 3796; x_wconf 92' lang='lat' dir='ltr'><strong>in</strong></span> <span class='ocrx_word' id='word_1_890' title='bbox 2854 3752 3028 3798; x_wconf 88' lang='lat' dir='ltr'><strong>castra</strong></span> <span class='ocrx_word' id='word_1_891' title='bbox 3049 3739 3385 3796; x_wconf 83' lang='lat' dir='ltr'><strong>Constantini</strong></span> <span class='ocrx_word' id='word_1_892' title='bbox 3436 3742 3624 3800; x_wconf 75' lang='lat' dir='ltr'><strong>fratris</strong></span> <span class='ocrx_word' id='word_1_893' title='bbox 3653 3761 3731 3801; x_wconf 61' lang='lat' dir='ltr'><strong>ve</strong></span> 
     </span>
    </p>
   </div>
   <div class='ocr_carea' id='block_1_126' title="bbox 2145 3814 3728 3888">
    <p class='ocr_par' dir='ltr' id='par_1_126' title="bbox 2145 3814 3728 3888">
     <span class='ocr_line' id='line_1_127' title="bbox 2145 3814 3728 3888; baseline 0.002 -20"><span class='ocrx_word' id='word_1_894' title='bbox 2145 3814 2291 3868; x_wconf 88' lang='lat' dir='ltr'><strong>nisse</strong></span> <span class='ocrx_word' id='word_1_895' title='bbox 2311 3815 2557 3888; x_wconf 81' lang='lat' dir='ltr'><strong>sequenti</strong></span> <span class='ocrx_word' id='word_1_896' title='bbox 2572 3815 2661 3888; x_wconf 81' lang='lat' dir='ltr'><strong>die</strong></span> <span class='ocrx_word' id='word_1_897' title='bbox 2675 3823 2794 3885; x_wconf 92' lang='lat' dir='ltr'><strong>post</strong></span> <span class='ocrx_word' id='word_1_898' title='bbox 2814 3814 3102 3888; x_wconf 76' lang='lat' dir='ltr'><strong>adventum</strong></span> <span class='ocrx_word' id='word_1_899' title='bbox 3122 3814 3259 3888; x_wconf 86' lang='lat' dir='ltr'><strong>ejus.</strong></span> <span class='ocrx_word' id='word_1_900' title='bbox 3272 3814 3469 3888; x_wconf 74' lang='lat' dir='ltr'><strong>Neque</strong></span> <span class='ocrx_word' id='word_1_901' title='bbox 3486 3831 3728 3888; x_wconf 81' lang='lat' dir='ltr'><strong>magnum</strong></span> 
     </span>
    </p>
   </div>
   <div class='ocr_carea' id='block_1_127' title="bbox 2144 3885 3730 3955">
    <p class='ocr_par' dir='ltr' id='par_1_127' title="bbox 2144 3885 3730 3955">
     <span class='ocr_line' id='line_1_128' title="bbox 2144 3885 3730 3955; baseline 0.003 -17"><span class='ocrx_word' id='word_1_902' title='bbox 2144 3896 2475 3939; x_wconf 89' lang='lat' dir='ltr'><strong>momentum</strong></span> <span class='ocrx_word' id='word_1_903' title='bbox 2506 3886 2686 3948; x_wconf 80' lang='lat' dir='ltr'><strong>habet,</strong></span> <span class='ocrx_word' id='word_1_904' title='bbox 2710 3886 2852 3955; x_wconf 91' lang='lat' dir='ltr'><strong>quod</strong></span> <span class='ocrx_word' id='word_1_905' title='bbox 2878 3885 3016 3939; x_wconf 86' lang='lat' dir='ltr'><strong>idem</strong></span> <span class='ocrx_word' id='word_1_906' title='bbox 3046 3885 3127 3939; x_wconf 91' lang='lat' dir='ltr'><strong>vir</strong></span> <span class='ocrx_word' id='word_1_907' title='bbox 3155 3886 3487 3942; x_wconf 88' lang='lat' dir='ltr'><strong>clarissimus</strong></span> <span class='ocrx_word' id='word_1_908' title='bbox 3519 3885 3730 3943; x_wconf 78' lang='lat' dir='ltr'><strong>adnotat</strong></span> 
     </span>
    </p>
   </div>
   <div class='ocr_carea' id='block_1_128' title="bbox 2146 3955 3728 4032">
    <p class='ocr_par' dir='ltr' id='par_1_128' title="bbox 2146 3955 3728 4032">
     <span class='ocr_line' id='line_1_129' title="bbox 2146 3955 3728 4032; baseline 0.003 -22"><span class='ocrx_word' id='word_1_909' title='bbox 2146 3955 2289 4032; x_wconf 84' lang='lat' dir='ltr'><strong>heic,</strong></span> <span class='ocrx_word' id='word_1_910' title='bbox 2319 3967 2373 4010; x_wconf 89' lang='lat' dir='ltr'><strong>ut</strong></span> <span class='ocrx_word' id='word_1_911' title='bbox 2395 3956 2448 4010; x_wconf 90' lang='lat' dir='ltr'><strong>in</strong></span> <span class='ocrx_word' id='word_1_912' title='bbox 2478 3956 2664 4032; x_wconf 72' lang='lat' dir='ltr'><strong>codice</strong></span> <span class='ocrx_word' id='word_1_913' title='bbox 2686 3956 3363 4032; x_wconf 77' lang='lat' dir='ltr'><strong>Tlieodosiano,_Licinium</strong></span> <span class='ocrx_word' id='word_1_914' title='bbox 3396 3960 3510 4014; x_wconf 76' lang='grc' dir='ltr'><strong>κατ’</strong></span> <span class='ocrx_word' id='word_1_915' title='bbox 3529 3961 3728 4032; x_wconf 60' lang='grc' dir='ltr'><strong>ἐξοχὴν.</strong></span> 
     </span>
    </p>
   </div>
   <div class='ocr_carea' id='block_1_129' title="bbox 2143 4028 3730 4100">
    <p class='ocr_par' dir='ltr' id='par_1_129' title="bbox 2143 4028 3730 4100">
     <span class='ocr_line' id='line_1_130' title="bbox 2143 4028 3730 4100; baseline 0.004 -20"><span class='ocrx_word' id='word_1_916' title='bbox 2143 4029 2259 4100; x_wconf 84' lang='lat' dir='ltr'><strong>sive</strong></span> <span class='ocrx_word' id='word_1_917' title='bbox 2291 4043 2386 4098; x_wconf 90' lang='lat' dir='ltr'><strong>per</strong></span> <span class='ocrx_word' id='word_1_918' title='bbox 2433 4029 2803 4084; x_wconf 80' lang='lat' dir='ltr'><strong>excellentiam</strong></span> <span class='ocrx_word' id='word_1_919' title='bbox 2850 4028 3108 4100; x_wconf 83' lang='lat' dir='ltr'><strong>appellari</strong></span> <span class='ocrx_word' id='word_1_920' title='bbox 3163 4039 3470 4100; x_wconf 86' lang='lat' dir='ltr'><strong>tyrannum.</strong></span> <span class='ocrx_word' id='word_1_921' title='bbox 3523 4028 3730 4086; x_wconf 76' lang='lat' dir='ltr'><strong>Nahiet</strong></span> 
     </span>
    </p>
   </div>
   <div class='ocr_carea' id='block_1_130' title="bbox 2145 4099 3728 4172">
    <p class='ocr_par' dir='ltr' id='par_1_130' title="bbox 2145 4099 3728 4172">
     <span class='ocr_line' id='line_1_131' title="bbox 2145 4099 3728 4172; baseline 0.003 -19"><span class='ocrx_word' id='word_1_922' title='bbox 2145 4099 2468 4154; x_wconf 83' lang='lat' dir='ltr'><strong>Maxentium</strong></span> <span class='ocrx_word' id='word_1_923' title='bbox 2499 4114 2715 4172; x_wconf 86' lang='lat' dir='ltr'><strong>quoque</strong></span> <span class='ocrx_word' id='word_1_924' title='bbox 2745 4109 3028 4172; x_wconf 91' lang='lat' dir='ltr'><strong>tyrannum</strong></span> <span class='ocrx_word' id='word_1_925' title='bbox 3060 4099 3261 4154; x_wconf 90' lang='lat' dir='ltr'><strong>dictum</strong></span> <span class='ocrx_word' id='word_1_926' title='bbox 3286 4101 3517 4170; x_wconf 87' lang='lat' dir='ltr'><strong>legimus</strong></span> <span class='ocrx_word' id='word_1_927' title='bbox 3557 4103 3612 4157; x_wconf 90' lang='lat' dir='ltr'><strong>in</strong></span> <span class='ocrx_word' id='word_1_928' title='bbox 3643 4118 3728 4171; x_wconf 86' lang='lat' dir='ltr'><strong>pa-</strong></span> 
     </span>
    </p>
   </div>
   <div class='ocr_carea' id='block_1_131' title="bbox 2146 4171 3727 4242">
    <p class='ocr_par' dir='ltr' id='par_1_131' title="bbox 2146 4171 3727 4242">
     <span class='ocr_line' id='line_1_132' title="bbox 2146 4171 3727 4242; baseline 0.003 -18"><span class='ocrx_word' id='word_1_929' title='bbox 2146 4172 2401 4242; x_wconf 87' lang='lat' dir='ltr'><strong>negyrico</strong></span> <span class='ocrx_word' id='word_1_930' title='bbox 2428 4186 2588 4240; x_wconf 90' lang='lat' dir='ltr'><strong>quem</strong></span> <span class='ocrx_word' id='word_1_931' title='bbox 2615 4171 2872 4226; x_wconf 79' lang='lat' dir='ltr'><strong>Nazarius</strong></span> <span class='ocrx_word' id='word_1_932' title='bbox 2885 4171 3024 4226; x_wconf 83' lang='lat' dir='ltr'><strong>dixit</strong></span> <span class='ocrx_word' id='word_1_933' title='bbox 3045 4173 3426 4238; x_wconf 87' lang='lat' dir='ltr'><strong>Constantino;</strong></span> <span class='ocrx_word' id='word_1_934' title='bbox 3458 4173 3551 4229; x_wconf 90' lang='lat' dir='ltr'><strong>ubi</strong></span> <span class='ocrx_word' id='word_1_935' title='bbox 3573 4188 3727 4242; x_wconf 87' lang='lat' dir='ltr'><strong>agens</strong></span> 
     </span>
    </p>
   </div>
   <div class='ocr_carea' id='block_1_132' title="bbox 2143 4241 3727 4313">
    <p class='ocr_par' dir='ltr' id='par_1_132' title="bbox 2143 4241 3727 4313">
     <span class='ocr_line' id='line_1_133' title="bbox 2143 4241 3727 4313; baseline 0.003 -16"><span class='ocrx_word' id='word_1_936' title='bbox 2143 4241 2332 4297; x_wconf 78' lang='lat' dir='ltr'><strong>deliis</strong></span> <span class='ocrx_word' id='word_1_937' title='bbox 2359 4259 2478 4313; x_wconf 82' lang='lat' dir='ltr'><strong>qmc</strong></span> <span class='ocrx_word' id='word_1_938' title='bbox 2519 4257 2635 4312; x_wconf 90' lang='lat' dir='ltr'><strong>post</strong></span> <span class='ocrx_word' id='word_1_939' title='bbox 2686 4245 2956 4299; x_wconf 90' lang='lat' dir='ltr'><strong>devictum</strong></span> <span class='ocrx_word' id='word_1_940' title='bbox 3001 4243 3323 4298; x_wconf 85' lang='lat' dir='ltr'><strong>Maxentium</strong></span> <span class='ocrx_word' id='word_1_941' title='bbox 3384 4255 3501 4300; x_wconf 84' lang='lat' dir='ltr'><strong>acta</strong></span> <span class='ocrx_word' id='word_1_942' title='bbox 3551 4241 3727 4301; x_wconf 64' lang='lat' dir='ltr'><strong>Reme</strong></span> 
     </span>
    </p>
   </div>
   <div class='ocr_carea' id='block_1_133' title="bbox 2143 4315 3726 4380">
    <p class='ocr_par' dir='ltr' id='par_1_133' title="bbox 2143 4315 3726 4380">
     <span class='ocr_line' id='line_1_134' title="bbox 2143 4315 3726 4380; baseline 0.002 -12"><span class='ocrx_word' id='word_1_943' title='bbox 2143 4324 2270 4368; x_wconf 89' lang='lat' dir='ltr'><strong>sunt</strong></span> <span class='ocrx_word' id='word_1_944' title='bbox 2316 4329 2346 4368; x_wconf 90' lang='lat' dir='ltr'><strong>a</strong></span> <span class='ocrx_word' id='word_1_945' title='bbox 2389 4315 2761 4378; x_wconf 85' lang='lat' dir='ltr'><strong>Constantino,</strong></span> <span class='ocrx_word' id='word_1_946' title='bbox 2793 4315 2943 4370; x_wconf 89' lang='lat' dir='ltr'><strong>addit</strong></span> <span class='ocrx_word' id='word_1_947' title='bbox 2975 4334 2987 4368; x_wconf 87' lang='lat'><strong>:</strong></span> <span class='ocrx_word' id='word_1_948' title='bbox 3023 4315 3252 4380; x_wconf 81' lang='lat' dir='ltr'><strong>Quarum</strong></span> <span class='ocrx_word' id='word_1_949' title='bbox 3287 4331 3460 4370; x_wconf 87' lang='lat' dir='ltr'><strong>rerum</strong></span> <span class='ocrx_word' id='word_1_950' title='bbox 3487 4318 3726 4371; x_wconf 82' lang='lat' dir='ltr'><strong>miraculo</strong></span> 
     </span>
    </p>
   </div>
   <div class='ocr_carea' id='block_1_134' title="bbox 2141 4385 3726 4452">
    <p class='ocr_par' dir='ltr' id='par_1_134' title="bbox 2141 4385 3726 4452">
     <span class='ocr_line' id='line_1_135' title="bbox 2141 4385 3726 4452; baseline 0.001 -13"><span class='ocrx_word' id='word_1_951' title='bbox 2141 4387 2214 4440; x_wconf 86' lang='lat' dir='ltr'><strong>sic</strong></span> <span class='ocrx_word' id='word_1_952' title='bbox 2236 4402 2410 4440; x_wconf 86' lang='lat' dir='ltr'><strong>omnes</strong></span> <span class='ocrx_word' id='word_1_953' title='bbox 2451 4385 2880 4452; x_wconf 82' lang='lat' dir='ltr'><strong>devinciebantur,</strong></span> <span class='ocrx_word' id='word_1_954' title='bbox 2904 4396 2958 4440; x_wconf 88' lang='lat' dir='ltr'><strong>ut</strong></span> <span class='ocrx_word' id='word_1_955' title='bbox 2993 4403 3094 4440; x_wconf 91' lang='lat' dir='ltr'><strong>non</strong></span> <span class='ocrx_word' id='word_1_956' title='bbox 3145 4397 3247 4439; x_wconf 88' lang='lat' dir='ltr'><strong>tam</strong></span> <span class='ocrx_word' id='word_1_957' title='bbox 3291 4403 3466 4443; x_wconf 86' lang='lat' dir='ltr'><strong>omnes</strong></span> <span class='ocrx_word' id='word_1_958' title='bbox 3508 4389 3726 4444; x_wconf 77' lang='lat' dir='ltr'><strong>dolerent</strong></span> 
     </span>
    </p>
   </div>
   <div class='ocr_carea' id='block_1_135' title="bbox 2141 4457 3726 4532">
    <p class='ocr_par' dir='ltr' id='par_1_135' title="bbox 2141 4457 3726 4532">
     <span class='ocr_line' id='line_1_136' title="bbox 2141 4457 3726 4532; baseline 0.001 -22"><span class='ocrx_word' id='word_1_959' title='bbox 2141 4457 2278 4532; x_wconf 85' lang='lat' dir='ltr'><strong>quod</strong></span> <span class='ocrx_word' id='word_1_960' title='bbox 2303 4458 2451 4532; x_wconf 75' lang='lat' dir='ltr'><strong>illum</strong></span> <span class='ocrx_word' id='word_1_961' title='bbox 2475 4469 2746 4528; x_wconf 81' lang='lat' dir='ltr'><strong>tyrannum</strong></span> <span class='ocrx_word' id='word_1_962' title='bbox 2775 4460 2844 4512; x_wconf 87' lang='lat' dir='ltr'><strong>ita</strong></span> <span class='ocrx_word' id='word_1_963' title='bbox 2888 4460 2978 4512; x_wconf 87' lang='lat' dir='ltr'><strong>diu</strong></span> <span class='ocrx_word' id='word_1_964' title='bbox 3023 4458 3266 4532; x_wconf 64' lang='lat' dir='ltr'><strong>tulerant,</strong></span> <span class='ocrx_word' id='word_1_965' title='bbox 3291 4475 3446 4529; x_wconf 84' lang='lat' dir='ltr'><strong>quam</strong></span> <span class='ocrx_word' id='word_1_966' title='bbox 3479 4461 3619 4532; x_wconf 85' lang='lat' dir='ltr'><strong>quod</strong></span> <span class='ocrx_word' id='word_1_967' title='bbox 3642 4459 3726 4512; x_wconf 86' lang='lat' dir='ltr'><strong>tali</strong></span> 
     </span>
    </p>
   </div>
   <div class='ocr_carea' id='block_1_136' title="bbox 2149 4529 3724 4601">
    <p class='ocr_par' dir='ltr' id='par_1_136' title="bbox 2149 4529 3724 4601">
     <span class='ocr_line' id='line_1_137' title="bbox 2149 4529 3724 4601; baseline 0.003 -20"><span class='ocrx_word' id='word_1_968' title='bbox 2149 4530 2376 4601; x_wconf 79' lang='lat' dir='ltr'><strong>principe</strong></span> <span class='ocrx_word' id='word_1_969' title='bbox 2422 4538 2527 4601; x_wconf 86' lang='lat' dir='ltr'><strong>tam</strong></span> <span class='ocrx_word' id='word_1_970' title='bbox 2575 4546 2686 4584; x_wconf 84' lang='lat' dir='ltr'><strong>sero</strong></span> <span class='ocrx_word' id='word_1_971' title='bbox 2725 4532 3036 4601; x_wconf 76' lang='lat' dir='ltr'><strong>fruerentur.</strong></span> <span class='ocrx_word' id='word_1_972' title='bbox 3097 4529 3162 4584; x_wconf 89' lang='lat' dir='ltr'><strong>Et</strong></span> <span class='ocrx_word' id='word_1_973' title='bbox 3203 4543 3364 4599; x_wconf 88' lang='lat' dir='ltr'><strong>supra</strong></span> <span class='ocrx_word' id='word_1_974' title='bbox 3417 4529 3501 4586; x_wconf 84' lang='lat' dir='ltr'><strong>de</strong></span> <span class='ocrx_word' id='word_1_975' title='bbox 3543 4533 3724 4587; x_wconf 88' lang='lat' dir='ltr'><strong>eodem</strong></span> 
     </span>
    </p>
   </div>
   <div class='ocr_carea' id='block_1_137' title="bbox 2141 4597 3724 4673">
    <p class='ocr_par' dir='ltr' id='par_1_137' title="bbox 2141 4597 3724 4673">
     <span class='ocr_line' id='line_1_138' title="bbox 2141 4597 3724 4673; baseline 0.001 -19"><span class='ocrx_word' id='word_1_976' title='bbox 2141 4597 2451 4673; x_wconf 80' lang='lat' dir='ltr'><strong>Maxentio:</strong></span> <span class='ocrx_word' id='word_1_977' title='bbox 2484 4599 2508 4654; x_wconf 88' lang='lat' dir='ltr'><strong>l</strong></span> <span class='ocrx_word' id='word_1_978' title='bbox 2517 4600 2645 4655; x_wconf 88' lang='lat' dir='ltr'><strong>llum</strong></span> <span class='ocrx_word' id='word_1_979' title='bbox 2669 4597 2838 4669; x_wconf 75' lang='lat' dir='ltr'><strong>ipsum</strong></span> <span class='ocrx_word' id='word_1_980' title='bbox 2863 4611 3139 4673; x_wconf 78' lang='lat' dir='ltr'><strong>tyrannum</strong></span> <span class='ocrx_word' id='word_1_981' title='bbox 3163 4597 3421 4656; x_wconf 81' lang='lat' dir='ltr'><strong>nonmors</strong></span> <span class='ocrx_word' id='word_1_982' title='bbox 3449 4604 3630 4668; x_wconf 86' lang='lat' dir='ltr'><strong>virilis,</strong></span> <span class='ocrx_word' id='word_1_983' title='bbox 3643 4603 3724 4657; x_wconf 81' lang='lat' dir='ltr'><strong>sed</strong></span> 
     </span>
    </p>
   </div>
   <div class='ocr_carea' id='block_1_138' title="bbox 2142 4671 3724 4744">
    <p class='ocr_par' dir='ltr' id='par_1_138' title="bbox 2142 4671 3724 4744">
     <span class='ocr_line' id='line_1_139' title="bbox 2142 4671 3724 4744; baseline 0.001 -20"><span class='ocrx_word' id='word_1_984' title='bbox 2142 4673 2266 4744; x_wconf 78' lang='lat' dir='ltr'><strong>fuga</strong></span> <span class='ocrx_word' id='word_1_985' title='bbox 2294 4671 2458 4741; x_wconf 84' lang='lat' dir='ltr'><strong>turpis</strong></span> <span class='ocrx_word' id='word_1_986' title='bbox 2484 4674 2730 4742; x_wconf 78' lang='lat' dir='ltr'><strong>prodidit.</strong></span> <span class='ocrx_word' id='word_1_987' title='bbox 2752 4671 2928 4729; x_wconf 48' lang='lat' dir='ltr'><strong>ltetn&#39;:</strong></span> <span class='ocrx_word' id='word_1_988' title='bbox 2955 4673 3272 4740; x_wconf 84' lang='lat' dir='ltr'><strong>Sequebatur</strong></span> <span class='ocrx_word' id='word_1_989' title='bbox 3288 4673 3424 4728; x_wconf 74' lang='lat' dir='ltr'><strong>[tunc</strong></span> <span class='ocrx_word' id='word_1_990' title='bbox 3437 4676 3724 4729; x_wconf 77' lang='lat' dir='ltr'><strong>comitatuin</strong></span> 
     </span>
    </p>
   </div>
   <div class='ocr_carea' id='block_1_139' title="bbox 2140 4744 3724 4816">
    <p class='ocr_par' dir='ltr' id='par_1_139' title="bbox 2140 4744 3724 4816">
     <span class='ocr_line' id='line_1_140' title="bbox 2140 4744 3724 4816; baseline 0.003 -19"><span class='ocrx_word' id='word_1_991' title='bbox 2140 4759 2290 4816; x_wconf 62' lang='lat' dir='ltr'><strong>suum</strong></span> <span class='ocrx_word' id='word_1_992' title='bbox 2320 4745 2526 4816; x_wconf 79' lang='lat' dir='ltr'><strong>tyranni</strong></span> <span class='ocrx_word' id='word_1_993' title='bbox 2545 4745 2707 4815; x_wconf 85' lang='lat' dir='ltr'><strong>ipsius</strong></span> <span class='ocrx_word' id='word_1_994' title='bbox 2735 4745 3044 4801; x_wconf 87' lang='lat' dir='ltr'><strong>teterrimum</strong></span> <span class='ocrx_word' id='word_1_995' title='bbox 3061 4754 3235 4816; x_wconf 82' lang='lat' dir='ltr'><strong>caput.</strong></span> <span class='ocrx_word' id='word_1_996' title='bbox 3265 4744 3644 4816; x_wconf 84' lang='lat' dir='ltr'><strong>Fragmentum</strong></span> <span class='ocrx_word' id='word_1_997' title='bbox 3663 4749 3724 4800; x_wconf 88' lang='lat' dir='ltr'><strong>de</strong></span> 
     </span>
    </p>
   </div>
   <div class='ocr_carea' id='block_1_140' title="bbox 2142 4811 3723 4887">
    <p class='ocr_par' dir='ltr' id='par_1_140' title="bbox 2142 4811 3723 4887">
     <span class='ocr_line' id='line_1_141' title="bbox 2142 4811 3723 4887; baseline 0.001 -19"><span class='ocrx_word' id='word_1_998' title='bbox 2142 4811 2457 4887; x_wconf 67' lang='lat' dir='ltr'><strong>Constaittio</strong></span> <span class='ocrx_word' id='word_1_999' title='bbox 2500 4811 2719 4876; x_wconf 82' lang='lat' dir='ltr'><strong>Cliloro.</strong></span> <span class='ocrx_word' id='word_1_1000' title='bbox 2769 4831 2889 4887; x_wconf 84' lang='lat' dir='ltr'><strong>pag.</strong></span> <span class='ocrx_word' id='word_1_1001' title='bbox 2934 4818 3042 4872; x_wconf 67' lang='grc'><strong>475</strong></span> <span class='ocrx_word' id='word_1_1002' title='bbox 3073 4835 3085 4869; x_wconf 79' lang='lat' dir='ltr'><em>z</em></span> <span class='ocrx_word' id='word_1_1003' title='bbox 3119 4814 3144 4869; x_wconf 88' lang='grc'><strong><em>1</em></strong></span> <span class='ocrx_word' id='word_1_1004' title='bbox 3155 4825 3340 4887; x_wconf 15' lang='lat' dir='ltr'><strong>nterea,</strong></span> <span class='ocrx_word' id='word_1_1005' title='bbox 3369 4811 3723 4872; x_wconf 76' lang='lat' dir='ltr'><strong>Constantinus</strong></span> 
     </span>
    </p>
   </div>
   <div class='ocr_carea' id='block_1_141' title="bbox 2144 4885 3718 4960">
    <p class='ocr_par' dir='ltr' id='par_1_141' title="bbox 2144 4885 3718 4960">
     <span class='ocr_line' id='line_1_142' title="bbox 2144 4885 3718 4960; baseline -0.001 -20"><span class='ocrx_word' id='word_1_1006' title='bbox 2144 4887 2285 4960; x_wconf 74' lang='lat' dir='ltr'><strong>apud</strong></span> <span class='ocrx_word' id='word_1_1007' title='bbox 2315 4885 2562 4942; x_wconf 81' lang='lat' dir='ltr'><strong>Veronam</strong></span> <span class='ocrx_word' id='word_1_1008' title='bbox 2586 4929 2600 4953; x_wconf 90' lang='lat'><strong>,</strong></span> <span class='ocrx_word' id='word_1_1009' title='bbox 2631 4885 2785 4944; x_wconf 67' lang='lat' dir='ltr'><strong>victis</strong></span> <span class='ocrx_word' id='word_1_1010' title='bbox 2811 4885 3026 4960; x_wconf 81' lang='lat' dir='ltr'><strong>ducibus</strong></span> <span class='ocrx_word' id='word_1_1011' title='bbox 3069 4889 3293 4958; x_wconf 80' lang='lat' dir='ltr'><strong>tyranni,</strong></span> <span class='ocrx_word' id='word_1_1012' title='bbox 3318 4886 3538 4944; x_wconf 85' lang='lat' dir='ltr'><strong>Romam</strong></span> <span class='ocrx_word' id='word_1_1013' title='bbox 3568 4888 3718 4960; x_wconf 82' lang='lat' dir='ltr'><strong>petiit.</strong></span> 
     </span>
    </p>
   </div>
   <div class='ocr_carea' id='block_1_142' title="bbox 2197 4958 3723 5030">
    <p class='ocr_par' dir='ltr' id='par_1_142' title="bbox 2197 4958 3723 5030">
     <span class='ocr_line' id='line_1_143' title="bbox 2197 4958 3723 5030; baseline -0.001 -16"><span class='ocrx_word' id='word_1_1014' title='bbox 2197 4971 2315 5014; x_wconf 91' lang='lat' dir='ltr'><strong>etus</strong></span> <span class='ocrx_word' id='word_1_1015' title='bbox 2365 4961 2642 5030; x_wconf 87' lang='lat' dir='ltr'><strong>inscriptio</strong></span> <span class='ocrx_word' id='word_1_1016' title='bbox 2690 4963 2860 5030; x_wconf 89' lang='lat' dir='ltr'><strong>posita</strong></span> <span class='ocrx_word' id='word_1_1017' title='bbox 2906 4958 3244 5014; x_wconf 90' lang='lat' dir='ltr'><strong>Constantini</strong></span> <span class='ocrx_word' id='word_1_1018' title='bbox 3296 4958 3578 5015; x_wconf 69' lang='lat' dir='ltr'><strong>memoriae</strong></span> <span class='ocrx_word' id='word_1_1019' title='bbox 3613 4971 3723 5030; x_wconf 89' lang='lat' dir='ltr'><strong>post</strong></span> 
     </span>
    </p>
   </div>
   <div class='ocr_carea' id='block_1_143' title="bbox 2149 5029 3719 5099">
    <p class='ocr_par' dir='ltr' id='par_1_143' title="bbox 2149 5029 3719 5099">
     <span class='ocr_line' id='line_1_144' title="bbox 2149 5029 3719 5099; baseline 0.001 -17"><span class='ocrx_word' id='word_1_1020' title='bbox 2149 5029 2426 5085; x_wconf 90' lang='lat' dir='ltr'><strong>victoriam</strong></span> <span class='ocrx_word' id='word_1_1021' title='bbox 2475 5029 2545 5086; x_wconf 84' lang='lat' dir='ltr'><strong>de</strong></span> <span class='ocrx_word' id='word_1_1022' title='bbox 2587 5031 2894 5086; x_wconf 83' lang='lat' dir='ltr'><strong>Maxentio:</strong></span> <span class='ocrx_word' id='word_1_1023' title='bbox 2927 5031 3078 5099; x_wconf 81' lang='lat' dir='ltr'><strong>Quod</strong></span> <span class='ocrx_word' id='word_1_1024' title='bbox 3134 5032 3374 5085; x_wconf 80' lang='lat' dir='ltr'><strong>instinctu</strong></span> <span class='ocrx_word' id='word_1_1025' title='bbox 3427 5029 3719 5097; x_wconf 80' lang='lat' dir='ltr'><strong>divinitatis,</strong></span> 
     </span>
    </p>
   </div>
   <div class='ocr_carea' id='block_1_144' title="bbox 2142 5103 3719 5175">
    <p class='ocr_par' dir='ltr' id='par_1_144' title="bbox 2142 5103 3719 5175">
     <span class='ocr_line' id='line_1_145' title="bbox 2142 5103 3719 5175; baseline 0.001 -21"><span class='ocrx_word' id='word_1_1026' title='bbox 2142 5103 2324 5156; x_wconf 85' lang='lat' dir='ltr'><strong>mentis</strong></span> <span class='ocrx_word' id='word_1_1027' title='bbox 2343 5103 2712 5175; x_wconf 85' lang='lat' dir='ltr'><strong>magnitudine,</strong></span> <span class='ocrx_word' id='word_1_1028' title='bbox 2731 5119 2859 5175; x_wconf 75' lang='lat' dir='ltr'><strong>cum</strong></span> <span class='ocrx_word' id='word_1_1029' title='bbox 2886 5103 3110 5157; x_wconf 78' lang='lat' dir='ltr'><strong>exercitu</strong></span> <span class='ocrx_word' id='word_1_1030' title='bbox 3138 5119 3230 5158; x_wconf 92' lang='lat' dir='ltr'><strong>suo</strong></span> <span class='ocrx_word' id='word_1_1031' title='bbox 3268 5113 3372 5155; x_wconf 90' lang='lat' dir='ltr'><strong>tam</strong></span> <span class='ocrx_word' id='word_1_1032' title='bbox 3397 5103 3460 5157; x_wconf 87' lang='lat' dir='ltr'><strong>de</strong></span> <span class='ocrx_word' id='word_1_1033' title='bbox 3492 5114 3719 5175; x_wconf 78' lang='lat' dir='ltr'><strong>tyranno,</strong></span> 
     </span>
    </p>
   </div>
   <div class='ocr_carea' id='block_1_145' title="bbox 2141 5174 3720 5296">
    <p class='ocr_par' dir='ltr' id='par_1_145' title="bbox 2141 5174 3720 5296">
     <span class='ocr_line' id='line_1_146' title="bbox 2141 5174 3720 5296; baseline 0.002 -69"><span class='ocrx_word' id='word_1_1034' title='bbox 2141 5187 2297 5296; x_wconf 57' lang='lat' dir='ltr'><strong>quam</strong></span> <span class='ocrx_word' id='word_1_1035' title='bbox 2322 5174 2385 5228; x_wconf 91' lang='lat' dir='ltr'><strong>de</strong></span> <span class='ocrx_word' id='word_1_1036' title='bbox 2413 5177 2550 5229; x_wconf 87' lang='lat' dir='ltr'><strong>omni</strong></span> <span class='ocrx_word' id='word_1_1037' title='bbox 2577 5177 2688 5248; x_wconf 84' lang='lat' dir='ltr'><strong>ejus</strong></span> <span class='ocrx_word' id='word_1_1038' title='bbox 2712 5174 2934 5257; x_wconf 79' lang='lat' dir='ltr'><strong>factione</strong></span> <span class='ocrx_word' id='word_1_1039' title='bbox 2959 5191 3062 5229; x_wconf 89' lang='lat' dir='ltr'><strong>uno</strong></span> <span class='ocrx_word' id='word_1_1040' title='bbox 3091 5184 3313 5244; x_wconf 86' lang='lat' dir='ltr'><strong>tempore</strong></span> <span class='ocrx_word' id='word_1_1041' title='bbox 3327 5176 3488 5257; x_wconf 73' lang='lat' dir='ltr'><strong>justis</strong></span> <span class='ocrx_word' id='word_1_1042' title='bbox 3519 5174 3720 5243; x_wconf 73' lang='lat' dir='ltr'><strong>rempu-</strong></span> 
     </span>
     <span class='ocr_line' id='line_1_147' title="bbox 2175 5244 3720 5296; baseline 0 0"><span class='ocrx_word' id='word_1_1043' title='bbox 2175 5244 2327 5296; x_wconf 83' lang='lat' dir='ltr'><strong>ltcam</strong></span> <span class='ocrx_word' id='word_1_1044' title='bbox 2355 5245 2493 5296; x_wconf 90' lang='lat' dir='ltr'><strong>ultus</strong></span> <span class='ocrx_word' id='word_1_1045' title='bbox 2518 5259 2593 5296; x_wconf 85' lang='lat' dir='ltr'><strong>est</strong></span> <span class='ocrx_word' id='word_1_1046' title='bbox 2621 5263 2798 5296; x_wconf 79' lang='lat' dir='ltr'><strong>arms.</strong></span> <span class='ocrx_word' id='word_1_1047' title='bbox 2825 5247 3149 5296; x_wconf 85' lang='lat' dir='ltr'><strong>Prudentius</strong></span> <span class='ocrx_word' id='word_1_1048' title='bbox 3167 5246 3306 5296; x_wconf 84' lang='lat' dir='ltr'><strong>libro</strong></span> <span class='ocrx_word' id='word_1_1049' title='bbox 3334 5262 3510 5296; x_wconf 77' lang='lat' dir='ltr'><strong>primo</strong></span> <span class='ocrx_word' id='word_1_1050' title='bbox 3537 5248 3720 5296; x_wconf 82' lang='lat' dir='ltr'><strong>adver-</strong></span> 
     </span>
    </p>
   </div>
   <div class='ocr_carea' id='block_1_146' title="bbox 2175 5244 3721 5314">
    <p class='ocr_par' dir='ltr' id='par_1_146' title="bbox 2175 5244 3721 5314">
     <span class='ocr_line' id='line_1_148' title="bbox 2175 5244 3721 5314; baseline 0.002 -17"><span class='ocrx_word' id='word_1_1051' title='bbox 2175 5244 2327 5298; x_wconf 84' lang='lat' dir='ltr'><strong>licam</strong></span> <span class='ocrx_word' id='word_1_1052' title='bbox 2355 5245 2493 5301; x_wconf 88' lang='lat' dir='ltr'><strong>ultus</strong></span> <span class='ocrx_word' id='word_1_1053' title='bbox 2518 5244 2798 5302; x_wconf 55' lang='lat' dir='ltr'><strong>est&#39;armis.</strong></span> <span class='ocrx_word' id='word_1_1054' title='bbox 2825 5247 3149 5304; x_wconf 89' lang='lat' dir='ltr'><strong>Prudentius</strong></span> <span class='ocrx_word' id='word_1_1055' title='bbox 3167 5246 3306 5300; x_wconf 82' lang='lat' dir='ltr'><strong>libro</strong></span> <span class='ocrx_word' id='word_1_1056' title='bbox 3329 5244 3510 5314; x_wconf 84' lang='lat' dir='ltr'><strong>primo</strong></span> <span class='ocrx_word' id='word_1_1057' title='bbox 3537 5248 3721 5303; x_wconf 82' lang='lat' dir='ltr'><strong>adver-</strong></span> 
     </span>
    </p>
   </div>
   <div class='ocr_carea' id='block_1_147' title="bbox 2139 5316 3721 5388">
    <p class='ocr_par' dir='ltr' id='par_1_147' title="bbox 2139 5316 3721 5388">
     <span class='ocr_line' id='line_1_149' title="bbox 2139 5316 3721 5388; baseline 0 -18"><span class='ocrx_word' id='word_1_1058' title='bbox 2139 5328 2235 5372; x_wconf 87' lang='lat' dir='ltr'><strong>sus</strong></span> <span class='ocrx_word' id='word_1_1059' title='bbox 2263 5316 2644 5388; x_wconf 85' lang='lat' dir='ltr'><strong>Symmachum</strong></span> <span class='ocrx_word' id='word_1_1060' title='bbox 2676 5337 2691 5374; x_wconf 91' lang='lat'><strong>:</strong></span> <span class='ocrx_word' id='word_1_1061' title='bbox 2725 5318 2951 5374; x_wconf 79' lang='lat' dir='ltr'><strong>Mulvius</strong></span> <span class='ocrx_word' id='word_1_1062' title='bbox 2980 5329 3243 5388; x_wconf 62' lang='lat' dir='ltr'><strong>exceptum</strong></span> <span class='ocrx_word' id='word_1_1063' title='bbox 3273 5317 3506 5388; x_wconf 76' lang='lat' dir='ltr'><strong>tyberina</strong></span> <span class='ocrx_word' id='word_1_1064' title='bbox 3542 5320 3595 5373; x_wconf 87' lang='lat' dir='ltr'><strong>in</strong></span> <span class='ocrx_word' id='word_1_1065' title='bbox 3625 5329 3721 5372; x_wconf 82' lang='lat' dir='ltr'><strong>sta-</strong></span> 
     </span>
    </p>
   </div>
   <div class='ocr_carea' id='block_1_148' title="bbox 2137 5390 3724 5462">
    <p class='ocr_par' dir='ltr' id='par_1_148' title="bbox 2137 5390 3724 5462">
     <span class='ocr_line' id='line_1_150' title="bbox 2137 5390 3724 5462; baseline 0.001 -21"><span class='ocrx_word' id='word_1_1066' title='bbox 2137 5403 2242 5462; x_wconf 72' lang='lat' dir='ltr'><strong>gna</strong></span> <span class='ocrx_word' id='word_1_1067' title='bbox 2269 5399 2540 5458; x_wconf 80' lang='lat' dir='ltr'><strong>tyrannum</strong></span> <span class='ocrx_word' id='word_1_1068' title='bbox 2571 5391 2920 5462; x_wconf 64' lang='lat' dir='ltr'><strong>praecipitans.</strong></span> <span class='ocrx_word' id='word_1_1069' title='bbox 2969 5391 3138 5445; x_wconf 83' lang='lat' dir='ltr'><strong>Immo</strong></span> <span class='ocrx_word' id='word_1_1070' title='bbox 3169 5390 3232 5462; x_wconf 93' lang='lat' dir='ltr'><strong>_iu</strong></span> <span class='ocrx_word' id='word_1_1071' title='bbox 3268 5391 3475 5462; x_wconf 87' lang='lat' dir='ltr'><strong>codice</strong></span> <span class='ocrx_word' id='word_1_1072' title='bbox 3521 5403 3724 5461; x_wconf 89' lang='lat' dir='ltr'><strong>quoque</strong></span> 
     </span>
    </p>
   </div>
   <div class='ocr_carea' id='block_1_149' title="bbox 2139 5458 3721 5534">
    <p class='ocr_par' dir='ltr' id='par_1_149' title="bbox 2139 5458 3721 5534">
     <span class='ocr_line' id='line_1_151' title="bbox 2139 5458 3721 5534; baseline 0.001 -22"><span class='ocrx_word' id='word_1_1073' title='bbox 2139 5458 2529 5534; x_wconf 58' lang='lat' dir='ltr'><strong>:l‘lieodosiano</strong></span> <span class='ocrx_word' id='word_1_1074' title='bbox 2572 5458 2667 5532; x_wconf 87' lang='lat' dir='ltr'><strong>per</strong></span> <span class='ocrx_word' id='word_1_1075' title='bbox 2714 5458 2998 5534; x_wconf 82' lang='lat' dir='ltr'><strong>tyrannum</strong></span> <span class='ocrx_word' id='word_1_1076' title='bbox 3056 5460 3367 5531; x_wconf 84' lang='lat' dir='ltr'><strong>intelligitur</strong></span> <span class='ocrx_word' id='word_1_1077' title='bbox 3434 5458 3721 5518; x_wconf 75' lang='lat' dir='ltr'><strong>Maxentius</strong></span> 
     </span>
    </p>
   </div>
   <div class='ocr_carea' id='block_1_150' title="bbox 2139 5528 3718 5605">
    <p class='ocr_par' dir='ltr' id='par_1_150' title="bbox 2139 5528 3718 5605">
     <span class='ocr_line' id='line_1_152' title="bbox 2139 5528 3718 5605; baseline 0.001 -22"><span class='ocrx_word' id='word_1_1078' title='bbox 2139 5528 2194 5583; x_wconf 93' lang='lat' dir='ltr'><strong>in</strong></span> <span class='ocrx_word' id='word_1_1079' title='bbox 2224 5531 2259 5605; x_wconf 71' lang='lat' dir='ltr'><strong>l.</strong></span> <span class='ocrx_word' id='word_1_1080' title='bbox 2291 5547 2382 5605; x_wconf 85' lang='lat' dir='ltr'><strong>un.</strong></span> <span class='ocrx_word' id='word_1_1081' title='bbox 2408 5529 2485 5605; x_wconf 77' lang='lat' dir='ltr'><strong>De</strong></span> <span class='ocrx_word' id='word_1_1082' title='bbox 2514 5528 2767 5604; x_wconf 52' lang='lat' dir='ltr'><strong>inbenuis&#39;,</strong></span> <span class='ocrx_word' id='word_1_1083' title='bbox 2796 5535 2882 5605; x_wconf 86' lang='lat' dir='ltr'><strong>qui</strong></span> <span class='ocrx_word' id='word_1_1084' title='bbox 2930 5544 3156 5604; x_wconf 86' lang='lat' dir='ltr'><strong>tempore</strong></span> <span class='ocrx_word' id='word_1_1085' title='bbox 3185 5528 3393 5604; x_wconf 66' lang='lat' dir='ltr'><strong>tyranni</strong></span> <span class='ocrx_word' id='word_1_1086' title='bbox 3427 5535 3718 5598; x_wconf 72' lang='lat' dir='ltr'><strong>servierunt,</strong></span> 
     </span>
    </p>
   </div>
   <div class='ocr_carea' id='block_1_151' title="bbox 2138 5601 2909 5661">
    <p class='ocr_par' dir='ltr' id='par_1_151' title="bbox 2138 5601 2909 5661">
     <span class='ocr_line' id='line_1_153' title="bbox 2138 5601 2909 5661; baseline 0.008 -6"><span class='ocrx_word' id='word_1_1087' title='bbox 2138 5609 2196 5655; x_wconf 90' lang='lat' dir='ltr'><strong>et</strong></span> <span class='ocrx_word' id='word_1_1088' title='bbox 2239 5601 2292 5656; x_wconf 91' lang='lat' dir='ltr'><strong>in</strong></span> <span class='ocrx_word' id='word_1_1089' title='bbox 2325 5601 2362 5656; x_wconf 91' lang='grc' dir='ltr'><strong>Ι.</strong></span> <span class='ocrx_word' id='word_1_1090' title='bbox 2396 5619 2414 5656; x_wconf 93' lang='grc' dir='ltr'><strong>ι</strong></span> <span class='ocrx_word' id='word_1_1091' title='bbox 2445 5601 2520 5656; x_wconf 90' lang='lat' dir='ltr'><strong>De</strong></span> <span class='ocrx_word' id='word_1_1092' title='bbox 2546 5601 2909 5661; x_wconf 76' lang='lat' dir='ltr'><strong>cohortalibus.</strong></span> 
     </span>
    </p>
   </div>
   <div class='ocr_carea' id='block_1_152' title="bbox 2165 5673 3719 5753">
    <p class='ocr_par' dir='ltr' id='par_1_152' title="bbox 2165 5673 3719 5753">
     <span class='ocr_line' id='line_1_154' title="bbox 2165 5673 3719 5753; baseline 0.003 -27"><span class='ocrx_word' id='word_1_1093' title='bbox 2165 5741 2178 5753; x_wconf 44' lang='lat'><em>.</em></span> <span class='ocrx_word' id='word_1_1094' title='bbox 2217 5673 3099 5753; x_wconf 36' lang='lat' dir='ltr'><strong>Quinquennaliauternrinabantur.</strong></span> <span class='ocrx_word' id='word_1_1095' title='bbox 3136 5673 3351 5753; x_wconf 80' lang='lat' dir='ltr'><strong>Certum</strong></span> <span class='ocrx_word' id='word_1_1096' title='bbox 3378 5685 3483 5742; x_wconf 88' lang='lat' dir='ltr'><strong>est,</strong></span> <span class='ocrx_word' id='word_1_1097' title='bbox 3511 5675 3719 5753; x_wconf 79' lang='lat' dir='ltr'><strong>Maxen-</strong></span> 
     </span>
    </p>
   </div>
   <div class='ocr_carea' id='block_1_153' title="bbox 2142 5747 3714 5817">
    <p class='ocr_par' dir='ltr' id='par_1_153' title="bbox 2142 5747 3714 5817">
     <span class='ocr_line' id='line_1_155' title="bbox 2142 5747 3714 5817; baseline 0.004 -21"><span class='ocrx_word' id='word_1_1098' title='bbox 2142 5747 2274 5798; x_wconf 91' lang='lat' dir='ltr'><strong>tium</strong></span> <span class='ocrx_word' id='word_1_1099' title='bbox 2293 5747 2710 5817; x_wconf 87' lang='lat' dir='ltr'><strong>quinquennalia</strong></span> <span class='ocrx_word' id='word_1_1100' title='bbox 2738 5749 3120 5805; x_wconf 84' lang='lat' dir='ltr'><strong>celebravisse.</strong></span> <span class='ocrx_word' id='word_1_1101' title='bbox 3145 5747 3419 5804; x_wconf 85' lang='lat' dir='ltr'><strong>Manitesta</strong></span> <span class='ocrx_word' id='word_1_1102' title='bbox 3451 5759 3534 5804; x_wconf 91' lang='lat' dir='ltr'><strong>est</strong></span> <span class='ocrx_word' id='word_1_1103' title='bbox 3577 5747 3714 5804; x_wconf 86' lang='lat' dir='ltr'><strong>enim</strong></span> 
     </span>
    </p>
   </div>
   <div class='ocr_carea' id='block_1_154' title="bbox 2140 5817 3714 5897">
    <p class='ocr_par' dir='ltr' id='par_1_154' title="bbox 2140 5817 3714 5897">
     <span class='ocr_line' id='line_1_156' title="bbox 2140 5817 3714 5897; baseline 0.004 -26"><span class='ocrx_word' id='word_1_1104' title='bbox 2140 5820 2432 5875; x_wconf 81' lang='lat' dir='ltr'><strong>anetoritas</strong></span> <span class='ocrx_word' id='word_1_1105' title='bbox 2457 5817 2743 5878; x_wconf 87' lang='lat' dir='ltr'><strong>Lactantii.</strong></span> <span class='ocrx_word' id='word_1_1106' title='bbox 2775 5820 2883 5877; x_wconf 87' lang='lat' dir='ltr'><strong>Sed</strong></span> <span class='ocrx_word' id='word_1_1107' title='bbox 2922 5831 3182 5897; x_wconf 80' lang='lat' dir='ltr'><strong>praeterea</strong></span> <span class='ocrx_word' id='word_1_1108' title='bbox 3207 5827 3354 5878; x_wconf 78' lang='lat' dir='ltr'><strong>extat</strong></span> <span class='ocrx_word' id='word_1_1109' title='bbox 3386 5819 3528 5896; x_wconf 88' lang='lat' dir='ltr'><strong>apud</strong></span> <span class='ocrx_word' id='word_1_1110' title='bbox 3550 5819 3714 5878; x_wconf 80' lang='lat' dir='ltr'><strong>Oeco-</strong></span> 
     </span>
    </p>
   </div>
  </div>
