3950 6368
232 279 355 391 369

991 331 1200 390 NOTAE
1241 330 1309 388 IN
1350 332 1476 388 LIB.
1523 331 1608 386 DE
1647 330 1996 389 MORTIBUS
2038 333 2420 393 PERSECUT.
2459 339 2615 396 CAP.
2660 339 2818 396 XLV.

3452 351 3560 407 370

235 468 397 520 nem,
431 470 553 533 p_ag.
590 455 720 533 5M,
748 469 994 511 nummus
1043 453 1317 533 Maxentii,
1352 452 1404 507 in
1452 451 1848 533 cujus_aversa
1875 462 1930 520 Α
1956 449 2230 533 Britapnia
2257 459 2571 533 ωηο.ωέρυί
2595 473 2655 514 se
2673 459 2990 518 fatereturei
3016 477 3206 533 pugna:
3239 435 3554 522 interfuisse

234 535 401 598 parte
453 527 570 583 haec
618 529 813 598 scripta
855 538 978 582 sunt
1021 542 1034 580 :
1081 525 1342 582 Vtcronnt
1370 541 1456 598 nn.
1499 540 1587 578 NN.
1614 526 1748 598 Aps.
1783 539 1848 580 er

233 595 390 668 ϐεδε.
428 613 550 653 vor.
593 615 644 653 ν.
679 595 844 654 uisu.
892 616 941 653 x.
964 597 1098 666 Quin
1120 612 1251 668 ergo
1271 597 1596 653 celebrataa
1626 595 1854 653 Maxenz

236 667 319 723 tio
345 669 452 724 sint
496 671 911 740 quinquennalia
931 711 946 735 ,
980 680 1033 724 et
1061 667 1278 738 quidem
1318 677 1451 740 post
1461 676 1713 740 exactum
1744 683 1846 721 au-

234 754 373 793 num
419 737 710 810 quintum.
757 743 952 812 ambigi
1005 737 1110 796 non
1182 737 1380 810 patest.
1431 737 1589 812 Illud
1637 747 1843 794 tantum

233 826 462 894 qtm‘ro,
482 812 756 894 quomodo
785 810 1122 894 fieri'possit,
1154 820 1214 867 ut
1239 827 1358 894 qua:
1391 810 1702 894 secundum
1726 825 1844 894 mnf

236 895 358 954 rem
382 880 512 937 acta
530 893 654 938 sunt
675 883 764 940 die
778 880 944 954 prima
975 884 1102 938 anni
1130 880 1291 948 sexti,
1331 883 1615 937 terminata
1643 880 1844 938 fuerint

232 950 291 1005 in
319 955 428 1010 fine
454 956 696 1023 ejusdem
745 950 892 1010 anni.
921 954 1044 1011 Scio
1075 963 1195 1009 vota
1233 955 1321 1009 illa
1362 969 1556 1018 magno
1583 963 1842 1022 apparatu

230 1025 513 1081 celebrata
538 1027 736 1082 fuisse:
768 1029 901 1082 festa
932 1026 1046 1081 haec
1071 1041 1168 1096 per
1198 1027 1396 1081 multos
1425 1025 1542 1080 dies
1581 1024 1836 1092 durasse;

231 1106 286 1168 et
314 1113 421 1151 non
452 1097 627 1152 solum
658 1099 710 1151 in
732 1097 863 1153 urbe
888 1098 1029 1168 regia
1056 1098 1438 1168 usurpata,sed
1455 1098 1615 1152 etiam
1635 1097 1691 1168 in
1712 1112 1838 1155 Dro-

232 1167 448 1223 vinciis.
475 1168 670 1223 Verum
718 1168 809 1224 illa
850 1166 970 1223 non
987 1171 1204 1224 solvunt
1229 1167 1616 1224 difficultatem.
1650 1166 1760 1222 Nisi
1787 1168 1835 1224 si

227 1237 480 1295 dicamus
531 1240 802 1294 hominem
866 1241 1226 1306 voluptarium
1267 1251 1322 1294 et
1366 1239 1591 1300 desidiae
1636 1248 1837 1294 amato-

229 1325 376 1378 rem,
403 1311 703 1381 cujnsmodi
731 1311 897 1366 luisse
917 1311 1238 1368 describitur
1260 1311 1579 1377 Maxentius,
1601 1311 1835 1368 voluisse

231 1397 381 1439 novo
403 1399 553 1438 more
579 1383 997 1454 quinquennalia
1018 1399 1112 1440 sua
1140 1383 1514 1439 commendata
1545 1387 1744 1448 facere,
1769 1398 1835 1440 ac

229 1465 520 1527 propterea
553 1469 650 1527 per
678 1470 876 1527 annum
905 1457 1171 1527 integrum
1190 1472 1252 1511 ea
1280 1456 1623 1510 continuasse
1648 1473 1660 1508 :
1689 1454 1831 1524 quod

229 1525 425 1598 parum
457 1526 730 1596 probabile
757 1525 987 1598 videtur.
1019 1526 1112 1582 Vel
1171 1527 1434 1592 fortassis,
1463 1528 1599 1582 sicut
1627 1527 1832 1595 primus

226 1597 355 1654 anni
380 1600 520 1664 dies,
562 1613 668 1667 quo
693 1597 1112 1668 quinquennalia
1135 1599 1566 1659 celebrabantur.
1595 1597 1735 1652 ludis
1765 1613 1830 1656 ac

224 1669 510 1725 sacrificiis
539 1669 948 1739 transigebatur,
991 1671 1071 1724 sic
1099 1671 1290 1726 eadem
1328 1669 1590 1724 solemnia
1619 1678 1828 1739 repete-

219 1741 424 1798 bantur
455 1743 508 1796 in
541 1741 730 1794 ultimo
755 1741 842 1795 die
873 1740 1114 1808 ejusdem
1142 1744 1290 1805 anni,
1332 1750 1391 1796 ut
1419 1741 1498 1795 sic
1527 1742 1827 1812 quinquen-

220 1814 364 1870 nalia
415 1829 482 1869 eo
531 1812 692 1866 tnodo
743 1813 1160 1870 terminarentur
1209 1829 1314 1883 quo
1353 1822 1659 1882 coeperant,
1709 1816 1821 1882 pari

217 1885 336 1942 fere
365 1885 545 1949 modo,
571 1899 677 1954 quo
702 1885 1076 1955 processiones
1103 1887 1381 1940 consulum
1410 1895 1616 1956 septem
1645 1898 1816 1956 verant

218 1972 320 2026 per
342 1973 565 2020 annum,
596 1964 653 2010 ut
676 1964 818 2025 patet
836 1972 901 2011 ex
929 1957 1136 2012 novella
1164 1957 1264 2014 105
1286 1955 1620 2024 imperatoris
1641 1955 1812 2011 Justi-

217 2029 364 2084 niani
403 2029 540 2098 Quid
559 2029 603 2083 si
625 2027 1228 2098 uatalesimperatorum
1249 2029 1551 2091 festierant,
1574 2044 1693 2084 cum
1720 2045 1813 2098 per

215 2113 656 2171 unumquemque
705 2114 946 2155 mensem
994 2101 1388 2156 recurrebant?
1419 2099 1550 2154 Nam
1581 2102 1630 2155 in
1664 2104 1842 2172 Actis,

215 2174 391 2227 sancti
423 2172 653 2228 Marcelli
675 2172 1038 2240 centurionis,
1066 2174 1154 2242 qui
1189 2187 1376 2243 passus
1403 2171 1564 2227 estin
1589 2175 1812 2228 civitate

217 2243 500 2315 Tingitana
541 2245 642 2298 sub
683 2243 910 2312 imperio
940 2243 1290 2311 Diocletiani,
1325 2245 1538 2315 reperio
1567 2243 1709 2298 diem
1742 2246 1810 2300 12

214 2313 566 2372 kalendarum
591 2316 813 2384 Augusti
854 2315 1019 2371 fuisse
1052 2315 1243 2372 festam
1283 2318 1334 2372 in
1362 2313 1591 2387 imperio
1613 2316 1808 2371 Roma-

213 2402 287 2442 no
312 2403 324 2441 :
352 2387 475 2442 Jam
519 2389 602 2460 die
640 2387 942 2442 duodecimo
977 2387 1308 2444 kalendarum
1337 2398 1694 2460 augustarum,
1727 2389 1807 2443 irt-

212 2461 350 2530 quit,
383 2461 522 2530 apud
547 2459 696 2530 signa
721 2459 936 2532 legionis
984 2461 1150 2526 istius,
1204 2459 1419 2531 quando
1457 2461 1590 2514 diem
1617 2463 1803 2532 festum

210 2532 539 2604 imperatoris
592 2531 744 2586 uestri
790 2532 1098 2596 celebrastis,
1149 2535 1352 2604 publica
1395 2549 1511 2587 voce
1538 2534 1800 2602 respondi,

211 2620 294 2674 me
315 2603 664 2660 Christianum
707 2619 832 2660 esse.
866 2603 1230 2662 Diocletianus
1277 2608 1474 2674 quippe
1521 2605 1692 2659 factus
1720 2615 1804 2660 est

210 2673 506 2746 imperator
537 2677 605 2732 η
634 2675 741 2730 kal.
769 2677 1095 2732 Decembris.
1117 2679 1207 2734 Sic
1235 2673 1451 2746 quidam
1481 2677 1608 2731 olim
1637 2677 1800 2731 natali

212 2743 433 2816 Epicuri
475 2748 726 2802 vicesima
770 2747 893 2802 luna
923 2743 1318 2814 sacrificabant,
1347 2748 1615 2816 feriasqne
1650 2748 1800 2804 omni

209 2833 400 2874 mense
426 2819 824 2884 custodiebant,
844 2833 976 2888 quas
999 2819 1182 2877 lcadas
1203 2819 1488 2885 vocabant,
1513 2828 1569 2874 ut
1593 2819 1800 2876 Plinius

210 2889 286 2944 ait
306 2932 320 2950 .
353 2890 494 2946 libro
522 2907 663 2946 xxxv
685 2891 932 2946 Historia:
954 2903 1156 2956 natur.,
1179 2907 1298 2959 cap.
1331 2892 1387 2946 2.

279 2960 493 3017 Certate
517 2961 1064 3035 signumemortale
1115 2965 1344 3035 signum,
1389 2970 1447 3018 ut
1491 2963 1615 3018 alibi
1667 2963 1800 3020 dicit

208 3030 626 3100 Lactatttius,'id
652 3044 754 3100 est,
786 3037 995 3160 signum
1041 3030 1236 3093 crucis.
1283 3035 1390 3092 Iste
1434 3049 1596 3106 porro
1644 3035 1796 3092 locus

208 3112 289 3160 est
311 3107 488 3160 magni
514 3105 794 3160 momenti.
873 3107 1173 3160 ianatenim
1201 3117 1252 3160 et
1284 3110 1481 3160 locum.
1529 3117 1577 3160 et
1625 3105 1791 3160 diem.

205 3107 488 3176 estmagni
514 3105 794 3163 momenti.
830 3105 1173 3177 Signatenim
1201 3117 1252 3164 et
1284 3105 1481 3174 locum,
1529 3117 1577 3162 et
1625 3105 1791 3175 diem,

207 3190 315 3246 quo
343 3192 496 3241 crux,
547 3177 600 3232 in
641 3192 746 3246 qua
775 3183 1031 3245 vinceret.
1062 3191 1276 3235 ostensa
1305 3187 1388 3233 est
1413 3179 1790 3234 Constantino.

1953 522 2351 606 qua_Ca:sarern
2382 522 2702 606 inferentem
2723 547 2870 588 arma
2901 522 3212 606 Britannias,
3243 552 3431 592 arcere
3464 537 3552 590 lit-

1950 595 2154 651 toribus
2168 608 2226 676 et
2250 599 2446 667 pellere
2469 604 2703 676 aggressi
2732 614 2857 676 sunt
2887 623 2898 658 :
2925 605 3066 675 quod
3095 595 3389 676 contigerat
3421 619 3548 662 ante

1947 679 2128 750 .allll-Ds.
2165 668 2276 724 fere
2320 668 2572 750 centum:
2595 673 2803 750 viginti.
2834 676 2910 731 Et'
2937 668 3550 750 SanctuslliEronymus

1947 738 1998 817 in
2025 738 2238 817 dialogo
2265 741 2526 817 adversus
2555 738 2942 812 Lucil'erianos,
2969 764 3126 817 quem
3156 738 3418 804 Baronius
3449 766 3546 817 pu-

1948 816 2022 892 tat
2047 812 2305 892 scriptum
2329 816 2473 868 circa
2503 830 2700 892 annum
2731 818 2929 892 Christi
2951 812 3078 887 582,
3105 821 3183 891 aoit
3205 830 3315 892 tum
3355 812 3545 892 super—

1943 878 2113 938 fuisse
2157 882 2437 951 homines,
2463 886 2555 955 qtti
2607 887 2816 958 synodo
2871 878 3101 946 Nica'nm
3127 878 3538 957 'interfuerant,

1942 967 2097 1008 raros
2124 964 2310 1032 tamen
2345 959 3220 1032 prapterantiqnitatem.Itaque,
3245 972 3303 1018 ut
3328 965 3392 1017 ad
3423 979 3536 1018 rem

1943 1035 2187 1100 nostram
2219 1027 2502 1100 redeamus
2521 1070 2537 1094 ,
2569 1029 2637 1083 ita
2664 1027 3244 1100 constituendum'est,
3274 1035 3538 1089 visionem

1941 1093 2292 1176 illam_cruci.s
2320 1097 2673 1176 Constantino
2710 1111 2942 1176 ostensa:
2969 1093 3263 1176 contigisse
3313 1107 3365 1160 in
3414 1121 3537 1159 cas-

1940 1167 2038 1239 tris
2073 1167 2198 1222 dum
2240 1169 2464 1225 Romam
2511 1173 2808 1239 obsideret,
2840 1174 2871 1229 7
2894 1174 3003 1230 kal.
3037 1167 3354 1231 Novembris
3392 1193 3536 1230 anno

1937 1237 2137 1294 Christi
2169 1241 2293 1296 512.
2325 1241 2516 1298 Audax
2547 1246 2690 1299 enim
2735 1237 2863 1301 vero
2898 1247 3119 1302 nimium
3166 1246 3264 1301 fuit
3300 1247 3534 1302 Jacobus

1937 1308 2201 1384 Oiselius,
2233 1315 2323 1383 qtti
2353 1313 2406 1368 in
2440 1314 2720 1371 Thesauro
2776 1318 3156 1372 uumismatnm
3190 1319 3528 1384 antiquorum

1936 1396 2056 1453 pag.
2090 1382 2221 1459 4631.
2247 1382 2340 1449 ait,
2373 1401 2498 1441 eum
2523 1388 2612 1458 qui
2644 1396 2813 1443 totum
2846 1389 2946 1444 hoc
2974 1389 3246 1459 uegmium
3277 1382 3346 1444 de
3371 1405 3532 1444 cruce

1934 1463 2150 1528 ostensa
2173 1455 2624 1514 Constantino'ad
2654 1460 2768 1528 pias
2791 1455 3280 1515 veterum'fraudes
3329 1462 3528 1515 retule-

1933 1525 2025 1600 rit,
2073 1543 2262 1597 parum
2301 1545 2332 1583 a
2393 1530 2470 1584 rei
2503 1525 2729 1586 veritate
2773 1533 3170 1588 aberraturum.
3200 1531 3338 1600 Quid
3376 1532 3519 1586 enim

1931 1595 2192 1674 deinceps
2209 1615 2396 1674 verum
2423 1602 2763 1674 censebitur,
2807 1602 2851 1657 si
2887 1603 3165 1659 historiam
3213 1595 3374 1669 lianc,
3406 1620 3527 1674 qua:

1931 1666 2220 1737 Lactantii,
2246 1671 2420 1728 Publii
2444 1674 2716 1742 Optatiani
2741 1666 3049 1743 Porphyrii,
3076 1675 3314 1740 Eusebii,
3347 1666 3531 1728 ac've-

1931 1748 2104 1795 terum
2128 1744 2292 1798 etiam
2347 1746 2729 1799 numismatum
2779 1747 3086 1802 testimonio
3125 1747 3334 1810 nititur,
3388 1745 3527 1802 inter

1930 1811 2137 1868 fabulas
2162 1826 2216 1870 et
2257 1813 2390 1884 pias,
2423 1825 2479 1870 ut
2509 1816 2602 1871 ille
2645 1817 2740 1879 ait,
2786 1827 3026 1872 veterum
3060 1817 3274 1872 fraudes
3317 1833 3525 1872 connu-

1850 1853 1899 1913 Β
1921 1899 2140 1957 merare
2163 1853 2478 1942 fas'fuei-it?
2508 1853 3274 1957 Reiigidsiusuisiairacunda:
3299 1853 3444 1953 sntit,
3471 1897 3526 1944 et

1917 1953 2218 2030 irreligiosa
2244 1958 2332 2013 illa
2363 1953 2655 2015 temeritas
2669 1959 2856 2030 procul
2892 1960 3084 2018 abesse
3140 1959 3303 2015 debet
3330 1977 3357 2013 a
3391 1976 3520 2030 pec-

1917 2026 2125 2082 toribus
2151 2030 2587 2085 Christianorum.

1986 2098 2190 2173 Circum
2217 2102 2375 2171 ﬂexo,
2403 2102 2682 2158 Christum.
2701 2102 2826 2158 Haec
2854 2103 2923 2157 ita
2941 2101 3285 2173 intelligenda
3299 2112 3443 2166 sunt,
3468 2113 3526 2157 ut

1910 2166 2115 2243 Christi
2147 2166 2552 2237 monogramma
2606 2174 3010 2230 circumﬂexum
3042 2166 3202 2229 fue'rit
3231 2175 3282 2228 iu
3335 2175 3512 2243 capite

1910 2239 2130 2308 Labari,
2165 2254 2223 2297 ut
2244 2245 2488 2300 videmus
2521 2246 2572 2300 in
2607 2247 2842 2301 nummis
2873 2246 3170 2302 veteribus.

1982 2311 2165 2388 Libros
2187 2315 2472 2388 Sibyllinos
2494 2318 2696 2387 inspici.
2721 2317 2973 2372 Zozimus
2996 2317 3086 2372 lib.
3116 2333 3150 2372 ιι
3179 2335 3191 2370 :
3220 2314 3517 2370 Maxentius

1909 2383 2136 2442 inclusus
2165 2383 2510 2443 diis'lwstias
2565 2383 2817 2454 immolat,
2850 2399 2898 2445 et
2953 2390 3226 2458 extispices
3275 2389 3339 2441 de
3393 2388 3516 2442 belli

1907 2467 2086 2532 euentu
2113 2459 2355 2532 consulit,
2388 2461 2512 2528 ipsis
2541 2478 2740 2532 quoque
2771 2461 3042 2532 Sibyllinis
3069 2460 3294 2515 araculis
3313 2476 3513 2528 perves-

1905 2529 2099 2603 tigatis.
2137 2530 2364 2601 Cumque
2391 2529 2953 2600 reperisset'oraculum
2996 2550 3095 2603 quo
3132 2533 3513 2602 signiﬁcaretur

1904 2599 1959 2654 in
1984 2603 2108 2672 fatis
2161 2599 2291 2669 esse,
2347 2599 2516 2675 utqui
2563 2606 2631 2658 ad
2685 2599 3039 2659 detrimentum
3081 2599 3513 2675 populiRornaui

1903 2675 2184 2746 spectantia
2206 2676 2516 2746 designaret.
2538 2677 2813 2731 miserabili
2841 2688 2999 2731 morte
3019 2677 3225 2743 periret,
3247 2676 3310 2728 de
3328 2685 3509 2728 seruet-

1903 2743 2016 2812 ipso
2041 2746 2098 2798 id
2126 2743 2390 2802 oraculum
2413 2749 2696 2819 accipiebat
2716 2791 2730 2811 ,
2765 2751 2910 2819 quasi
2937 2751 3023 2818 qui
3055 2749 3270 2803 Romam
3302 2746 3508 2798 adortos

1901 2831 2326 2891 eamquegcapere
2373 2823 2656 2890 cogitantes
2703 2823 3049 2891 propulsaret.
3086 2819 3312 2872 Eventus
3339 2827 3506 2870 autem

1899 2889 2245 2959 comprobavit
2274 2892 2347 2955 id,
2385 2889 2524 2960 quod
2555 2889 2730 2946 verum
2775 2889 2902 2947 erat.
2964 2891 3090 2947 Haec
3119 2905 3250 2944 vero
3282 2904 3504 2958 prorsus

1899 2971 2203 3031 congruunt
2232 2978 2353 3018 cum
2378 2965 2685 3019 narratione
2711 2963 3000 3019 Lactantii.

2492 3058 2720 3115 CAPUT
2760 3058 2922 3114 XLV.

1975 3169 2171 3254 ngme
2207 3175 2464 3254 proxima.
2498 3173 2552 3229 ω
2586 3184 2687 3240 est,
2719 3173 2912 3254 hyeme
2938 3188 3088 3254 .qufe
3129 3181 3360 3253 mortem
3392 3169 3500 3252 Ma-

202 3241 341 3323 Nam
365 3263 487 3323 cu_m
517 3263 583 3305 ex
623 3241 930 3323 testimonio
954 3241 1192 3316 Eusebii,
1217 3253 1307 3322 qui
1336 3266 1407 3323 se
1428 3251 1700 3320 accepisse
1721 3253 1796 3306 ait
1823 3258 1869 3323 ο
1899 3241 2618 3323 xenlii_s}§tit‘n_subsecuta_
2652 3241 2952 3323 est.'_At_qui
2982 3241 3314 3323 _M_axentius
3341 3243 3498 3323 periit

201 3318 274 3373 ab
297 3334 394 3374 ore
414 3318 775 3389 Constantini,
822 3333 1034 3379 constet
1063 3318 1248 3380 visum’
1283 3321 1349 3376 ad
1389 3337 1455 3375 eo
1475 3318 1651 3376 crucis
1681 3332 1794 3377 tro-

201 3405 381 3460 paeum
404 3391 457 3447 in
485 3392 625 3448 caelo
656 3392 804 3448 horis
831 3396 1160 3459 meridianis,
1186 3394 1369 3449 solein
1387 3407 1640 3448 occasum
1671 3409 1794 3448 ver-

199 3472 388 3535 gente,
435 3472 492 3518 et
545 3463 879 3521 addubitanti
932 3467 1184 3535 quidnam
1232 3465 1337 3520 hoc
1381 3474 1652 3534 spectrum
1691 3465 1793 3520 sibi

198 3533 387 3608 vellet,
424 3543 581 3590 nocte
607 3539 850 3608 sequenti
893 3533 1163 3593 Christum
1197 3539 1286 3592 Dei
1313 3533 1791 3608 dormientiappa-

199 3605 382 3661 ruisse
407 3621 528 3680 eum
557 3605 711 3678 signo
739 3610 850 3672 illo,
880 3610 1020 3680 quod
1047 3611 1097 3664 in
1127 3611 1266 3665 cmlo
1294 3619 1570 3680 ostensum
1596 3605 1789 3672 fuerat,

199 3677 635 3752 praecepisseque
660 3687 716 3734 ut
743 3677 956 3735 militari
982 3681 1136 3752 signo
1152 3681 1216 3736 ad
1243 3677 1648 3752 similitudinem
1674 3680 1790 3747 ejus

199 3748 360 3821 quod
378 3748 432 3821 in
459 3749 600 3806 coelo
616 3752 860 3817 vidisset,
880 3748 1157 3819 fabricato,
1180 3767 1248 3808 eo
1271 3763 1540 3821 tamquam
1569 3750 1789 3806 salutari

198 3819 459 3894 praesidio
503 3824 554 3876 in
605 3823 802 3890 prteliis
832 3833 1088 3887 uteretur,
1133 3833 1340 3879 certum
1369 3819 1473 3888 est,
1507 3832 1790 3894 utramque

199 3891 473 3948 visionem
515 3907 624 3948 uno
670 3897 721 3949 in
766 3895 884 3950 loco
909 3903 964 3950 et
1018 3897 1154 3950 intra
1183 3899 1412 3965 Spatium
1447 3894 1652 3964 aliquot
1703 3891 1791 3949 ho-

198 3976 381 4036 rarum
413 3965 723 4035 contigisse.
748 3966 901 4036 Quod
921 3967 966 4022 si
989 3968 1058 4022 ita
1077 3975 1181 4032 est,
1205 3976 1263 4022 ut
1284 3979 1429 4022 certe
1454 3976 1564 4026 est.
1592 3965 1792 4023 habent

196 4033 299 4088 viri
331 4035 474 4107 docti
505 4033 645 4092 unde
668 4033 828 4094 linem
852 4038 1063 4094 tandem
1090 4040 1364 4107 imponant
1386 4038 1548 4092 nobili
1571 4048 1789 4092 contro-

196 4106 394 4180 versias
419 4107 488 4164 de
517 4107 656 4167 loco.
683 4109 768 4164 ubi
796 4111 1004 4180 signum
1032 4106 1206 4165 crucis
1235 4120 1509 4165 ostensum
1535 4119 1618 4163 est
1643 4110 1785 4164 Con-

197 4179 460 4242 stantino,
483 4188 538 4234 et
563 4180 706 4235 unde
739 4179 870 4236 fides
899 4181 1207 4236 adstruatur
1230 4183 1430 4236 auctori
1461 4182 1581 4234 vitae
1613 4182 1785 4236 sancti

199 4249 426 4323 Artemii
450 4251 682 4323 ex_dnce
701 4252 938 4322 Egypti,
969 4253 1120 4323 cujus
1146 4254 1516 4307 auctoritatem
1561 4253 1639 4306 vir
1662 4266 1786 4306 ertt-

197 4319 498 4375 ditissimus
524 4321 717 4378 Petrus
739 4319 1053 4379 Franciseus
1074 4323 1376 4380 Chiiﬂetius
1395 4323 1711 4378 circuitione
1734 4335 1787 4377 et

196 4390 438 4447 anfractu
466 4393 731 4462 infregere
760 4404 814 4450 et
843 4400 1054 4450 elevare
1096 4406 1322 4450 conatus
1371 4404 1476 4450 est.
1508 4394 1630 4448 lla-c
1661 4403 1788 4449 sunt

197 4463 364 4516 verba
390 4467 612 4520 Artemii
640 4469 952 4521 memorlam
975 4468 1310 4522 Constantini
1336 4465 1674 4522 defendentis
1695 4481 1786 4520 co-

196 4549 312 4589 ram
330 4533 543 4591 Juliano
576 4538 931 4607 imperatore:
962 4539 1042 4592 Ad
1067 4538 1325 4593 Christum
1354 4547 1521 4591 autem
1552 4538 1780 4591 declina-

195 4607 268 4706 pit
297 4611 359 4660 ab
386 4607 479 4706 illo
505 4619 732 4706 vocd‘t'us,
762 4610 966 4706 quando
979 4610 1352 4706 difﬁcillimum
1377 4609 1635 4706 commisit
1653 4625 1785 4678 prte-
1808 4645 1862 4706 D

196 4677 324 4731 lium
349 4678 591 4734 adversus
610 4677 945 4735 Maxentium.
979 4677 1119 4736 Tunc
1143 4683 1276 4735 enim
1301 4683 1345 4735 ei
1375 4683 1427 4733 in
1454 4677 1663 4734 meridie
1691 4699 1784 4751 ap-

195 4751 369 4818 paruit
391 4751 592 4822 signnm
632 4755 795 4808 crucia
824 4753 1135 4815 radiis,solis
1161 4753 1502 4817 splendidius,
1532 4763 1576 4806 et
1606 4751 1786 4808 litteris

196 4822 366 4894 aureis
393 4823 511 4876 belli
531 4825 827 4894 signiﬁcans
859 4825 1138 4879 victoriam.
1169 4823 1309 4878 Nam
1337 4841 1428 4878 nos
1465 4840 1662 4894 quoque
1686 4825 1786 4894 ipsi

196 4893 399 4961 signum
429 4893 775 4964 adspeximus,
809 4912 922 4948 cum
945 4895 1075 4949 bello
1102 4893 1483 4959 interessemus,
1507 4904 1554 4948 et
1593 4897 1787 4950 litteras

197 4964 431 5034 legimus.
459 4965 585 5020 Cum
598 4969 746 5021 etiam
765 4977 897 5020 totus
914 4969 1176 5037 quoqueid
1190 4967 1642 5030 estcontemplatus
1654 4985 1788 5022 exer-

196 5037 350 5109 citus,
375 5047 422 5091 et
443 5037 588 5109 multi
610 5039 760 5109 hujus
787 5039 861 5092 rei
887 5048 1034 5093 testes
1053 5050 1169 5093 sunt
1194 5042 1243 5092 in
1261 5051 1347 5094 tuo
1363 5038 1601 5092 exercitu.
1633 5039 1785 5108 Apud

196 5107 411 5164 Surium
441 5108 529 5162 die
554 5109 625 5162 20
648 5107 848 5164 mensis
875 5111 1143 5164 Octobris.
1178 5111 1368 5165 Mirum
1386 5125 1518 5164 vero
1546 5110 1787 5165 fortassis

196 5179 408 5251 cuidam
440 5180 708 5235 videbitur
734 5182 875 5251 quod
899 5181 1018 5236 heic
1047 5183 1122 5235 ait
1150 5181 1442 5246 Artemius,
1471 5182 1666 5235 multos
1693 5183 1790 5237 hu-

192 5249 282 5320 jus
309 5249 387 5306 rei
421 5259 588 5307 testes
611 5262 720 5306 tum
755 5249 927 5307 fuisse
984 5255 1035 5306 iu
1066 5254 1304 5308 exercitu
1329 5251 1522 5307 Juliani
1553 5254 1788 5321 impera-

198 5321 351 5377 toris.
377 5321 510 5377 Nam
528 5323 574 5378 si
598 5325 696 5378 iSta
710 5323 1027 5380 dicebantur
1042 5339 1183 5381 anno
1194 5325 1392 5380 Christi
1411 5323 1516 5380 5ιὲ
1533 5336 1784 5390 exeunte,

196 5393 524 5466 efﬂuxerant
549 5396 675 5449 anni
725 5395 1107 5466 quinquaginta
1148 5412 1177 5450 a
1229 5405 1402 5450 morte
1431 5395 1702 5461 Maxentii,
1735 5407 1790 5452 et

197 5464 414 5521 difficile
443 5475 528 5520 est
554 5464 1316 5536 multosmilites’superfnisse
1343 5482 1410 5522 ex
1432 5481 1498 5522 eo
1522 5469 1785 5536 exercitu,

198 5537 286 5609 qui
317 5548 429 5591 tum
451 5537 707 5592 adversus
731 5553 853 5593 eum
883 5548 1206 5609 pugnarunt.
1238 5538 1436 5594 Verum
1485 5538 1538 5594 id
1591 5539 1784 5595 mirum

195 5607 534 5679 nequaquam
559 5609 726 5664 videri
755 5609 932 5664 debet.
966 5607 1098 5664 Nam
1145 5612 1198 5666 in
1237 5610 1452 5679 dialogo
1503 5610 1572 5666 de
1623 5613 1788 5668 claris

195 5677 538 5742 Oratoribus,
579 5679 733 5752 cujus
771 5690 1044 5736 auctorem
1074 5697 1195 5740 esse
1219 5677 1600 5748 Quintilianum
1626 5684 1787 5752 pleri-

196 5765 302 5822 que
324 5758 572 5814 censent,
591 5751 678 5804 alii
696 5751 959 5813 Tacitum.
991 5754 1203 5822 quidam
1223 5754 1559 5818 Suetonium,
1594 5751 1645 5808 in
1671 5755 1786 5809 dia-

197 5821 342 5896 logo,
376 5822 616 5896 inquam,
647 5822 759 5896 illo,
788 5824 877 5893 qui
899 5821 1133 5892 scriptus
1157 5833 1241 5881 est
1265 5839 1410 5880 anno
1435 5833 1589 5896 sexto
1632 5827 1785 5896 prin-

197 5891 409 5965 cipatus
455 5891 1067 5963 Vespasiauiptestatur
1115 5907 1300 5954 auctor
1373 5894 1570 5954 vidisse
1629 5891 1689 5953 Se
1729 5898 1782 5954 in

1898 3327 2042 3386 anno
2058 3315 2197 3386 βω,
2226 3315 2259 3370 6
2285 3313 2543 3373 kalendas
2577 3313 2916 3373 Novembris.
2982 3316 3146 3386 Igitur
3183 3314 3497 3370 Constanti-

1898 3399 2000 3460 nu_s
2023 3385 2384 3460 Mediolanum
2418 3388 2694 3460 profectus
2724 3399 2806 3444 est
2836 3403 2901 3443 eo
2931 3385 3073 3460 anno
3115 3396 3381 3460 exeunte.
3403 3398 3496 3440 ant

1894 3456 1998 3530 sub
2035 3457 2242 3512 initium
2294 3456 2572 3530 sequentis
2603 3478 2618 3517 :
2645 3461 2790 3530 quod
2831 3459 3002 3525 magis
3043 3457 3251 3530 credo._
3281 3457 3494 3530 Quippe

1894 3525 2154 3604 Nazarius
2186 3531 2238 3584 in
2269 3525 2593 3604 panegyrico
2641 3525 2801 3603 quem
2842 3530 3197 3604 Constantino
3221 3527 3381 3604 dixit,
3415 3525 3492 3583 Sic

1893 3597 1962 3653 de
1985 3616 2156 3667 mora,
2186 3597 2348 3672 quam
2381 3597 2473 3658 ille
2506 3597 2690 3659 Ruina:
2722 3603 2903 3668 traxit,
2952 3601 3210 3672 loquitur,
3245 3609 3302 3672 ut
3335 3601 3492 3672 plane

1893 3681 2125 3746 constet,
2157 3670 2281 3729 eum
2309 3675 2418 3730 illic
2451 3676 2614 3730 fuisse
2647 3691 2742 3746 per
2792 3676 2927 3730 duos
2953 3670 3190 3729 menses.
3212 3670 3492 3746 Quidquid

1893 3744 2037 3817 mali,
2067 3744 2262 3815 inquit,
2291 3749 2531 3801 sexennio
2559 3744 2661 3802 toto
2692 3748 2972 3800 dominatio
3002 3746 3181 3817 feralis
3204 3744 3486 3814 inﬂixerat,

1893 3813 2271 3887 dimestrisfere
2295 3835 2418 3872 cura
2446 3820 2660 3873 sanavit.
2693 3818 2980 3872 Probabile
3002 3813 3188 3871 autem
3231 3813 3343 3887 non
3372 3826 3488 3887 gest,

1889 3903 2014 3943 eum
2045 3889 2140 3962 qui
2165 3884 2246 3945 sic
2297 3892 2576 3962 proximus
2604 3888 2992 3962 eratrkalendis
3021 3886 3315 3962 Januariis,
3372 3884 3482 3962 Ito-

1891 3975 2034 4013 mam
2068 3957 2352 4037 reliquisse
2389 3961 2999 4037 illis‘impendentjbns,
3039 3968 3099 4013 ut
3136 3957 3260 4011 alibi
3303 3957 3486 4037 potius

1887 4046 2051 4101 quam
2084 4031 2291 4098 Romae,
2324 4031 2643 4103 procederet
2667 4031 2881 4088 consul.
2904 4031 3171 4103 Praeterea
3225 4035 3376 4103 extat
3431 4031 3484 4081 in

1888 4097 2077 4180 codice
2102 4097 2394 4180 Justiniaui
2421 4106 2554 4180 imp.
2588 4106 2680 4180 lib.
2707 4103 2903 4180 x|,_tit_.
2933 4103 3025 4180 57ξ
3048 4101 3135 4155 lex
3161 4114 3190 4152 a
3216 4097 3485 4180 Constan-

1888 4174 2002 4227 tino
2023 4174 2147 4229 data
2178 4176 2366 4231 Roma:
2414 4169 2746 4232 lS'kalend.
2794 4173 2953 4229 Febr.
3014 4173 3132 4240 ipso
3179 4179 3239 4224 et
3274 4169 3485 4225 Licinio

1889 4247 2105 4300 tertium
2158 4249 2493 4312 consulibus,
2547 4248 2598 4301 id
2649 4255 2753 4310 est,
2808 4260 2996 4300 mense
3043 4241 3334 4307 Januario,
3392 4243 3485 4311 qui

1888 4319 2165 4385 proximus
2217 4318 2314 4374 fuit
2365 4329 2486 4388 post
2524 4321 2820 4372 extinctum
2877 4314 3227 4388 Maxentium,
3279 4328 3345 4367 ex
3376 4329 3479 4382 qtta

1884 4389 2064 4457 colligi
2096 4404 2255 4458 posse
2287 4386 2515 4454 videtur,
2545 4389 2959 4444 Constantinum
2987 4387 3150 4441 Houia
3179 4386 3478 4456 digressum

1887 4473 1994 4513 non
2023 4473 2146 4515 esse
2171 4470 2294 4516 ante
2319 4462 2485 4522 diem,
2517 4476 2622 4530 qua
2644 4461 2730 4514 lex
2761 4460 2852 4514 illa
2891 4460 3012 4514 data
3061 4458 3276 4530 dicitur.
3327 4458 3478 4524 Quod

1884 4531 1930 4585 si
1969 4531 2039 4603 ita
2068 4543 2174 4600 est,
2204 4534 2282 4588 sic
2313 4529 2627 4603 accipienda
2658 4531 2908 4586 videntur
2952 4530 3113 4586 verba
3158 4529 3392 4603 Nazarii,
3426 4539 3482 4584 ut

1889 4603 1978 4677 illa
2009 4602 2283 4677 bimestris
2309 4601 2610 4677 fere‘cura,
2661 4619 2828 4677 quam
2877 4602 3271 4677 componendis
3320 4601 3482 4677 rebus

1892 4675 2114 4728 urbanis
2142 4674 2555 4732 Constantinum
2596 4676 2927 4742 impendisse
2973 4674 3156 4739 tradit,
3206 4687 3273 4728 eo
3320 4674 3482 4727 modo

1890 4745 2238 4820 intelligatur,
2271 4764 2378 4820 quo
2408 4755 2628 4802 sanctus
2652 4747 2982 4820 Augustinus
3021 4746 3248 4820 in_|_ibro
3275 4743 3339 4796 ad
3377 4745 3481 4796 llo-

1894 4815 2122 4873 natistas
2151 4831 2269 4887 post
2288 4815 2633 4874 collationem
2658 4815 2777 4887 cap.
2811 4819 2900 4879 55,
2928 4821 3021 4887 ait,
3052 4815 3325 4887 IElianntn
3360 4830 3483 4882 pro-

1891 4886 2169 4944 consulem
2201 4906 2416 4945 causam
2444 4889 2640 4945 Felicis
2661 4886 2897 4959 episcotii
2927 4886 3273 4959 Aptungitani
3326 4887 3483 4938 audi-

1893 4960 2036 5016 viSSe
2065 4960 2130 5016 15
2153 4961 2411 5018 kalendas
2442 4963 2679 5026 Martias,
2705 4972 2817 5032 post
2847 4977 3038 5015 menses
3059 4961 3217 5032 ferme
3241 4969 3479 5024 quatuor,

1893 5047 2054 5102 quam
2081 5033 2401 5090 Czecilianus
2426 5049 2456 5088 a
2497 5030 2793 5089 Melchiade
2836 5034 3009 5088 fuerat
3029 5030 3324 5102 judicatus;
3357 5043 3478 5082 cum

1895 5101 2076 5162 tamen
2099 5121 2129 5160 a
2153 5106 2242 5180 die
2258 5107 2301 5180 76
2315 5122 2507 5180 nonas
2523 5105 2791 5180 Octobris,
2832 5119 2938 5176 quo
2966 5103 3056 5158 ille
3082 5101 3351 5180 judicatus
3369 5108 3480 5180 est,

1891 5191 2063 5252 usque
2099 5178 2166 5233 ad
2219 5179 2287 5252 l5
2315 5169 2867 5252 kalendasMartias,
2919 5189 3023 5244 quo
3075 5184 3235 5227 causa
3287 5169 3483 5252 Felicis

1889 5241 2076 5323 audita
2117 5259 2222 5323 est,
2263 5248 2669 5323 intercesserint
2698 5261 2912 5323 menses
2937 5241 3182 5323 'quatuor
3233 5257 3355 5323 eum
3402 5241 3485 5323 d_i-

1890 5321 2076 5376 midio.
2113 5313 2314 5377 Eadem
2343 5321 2555 5376 ratione
2585 5329 2805 5374 sanctus
2834 5317 2943 5373 Leo
2972 5331 3108 5385 papa
3149 5315 3211 5385 in
3257 5313 3480 5380 epistola

1889 5393 2332 5464 quinquagesima
2347 5392 2582 5466 secunda
2599 5391 2665 5446 ad
2686 5384 3018 5466 Ravenninrn
3035 5384 3408 5466 Arelatensem
3427 5395 3484 5440 et

1887 5455 2434 5538 cmteFosCalliarum
2482 5463 2766 5538 episcopos
2795 5457 3176 5538 scribensjait‘,
3217 5455 3483 5536 synodum

1887 5534 2389 5592 Cltalcedonensem
2415 5529 2725 5590 constitisse
2749 5547 2817 5587 ex
2846 5529 3115 5584 sexcentis
3142 5529 3246 5597 fere
3276 5529 3486 5594 episco-

1890 5609 1995 5679 pis,
2028 5609 2112 5680 cui
2146 5607 2456 5680 interfuisse
2485 5604 2590 5659 650
2615 5603 3206 5680 episcoposocons‘taus
3252 5606 3337 5680 est
3367 5613 3483 5650 oin-

1888 5670 2040 5734 itiunl
2093 5679 2262 5736 ferme
2320 5670 2658 5743 scriptorum
2701 5670 2994 5727 sententia.
3051 5670 3295 5743 Accessit
3355 5682 3485 5743 ergo

1889 5749 2250 5807 Mediolanum
2279 5739 2662 5803 Constantinus
2688 5743 2790 5796 sub
2820 5743 2979 5797 tinem
3004 5741 3205 5796 mensis
3220 5739 3481 5794 Januarii.

1889 5825 1970 5882 Eo
1991 5837 2122 5879 vero
2146 5825 2294 5879 venit
2316 5818 2476 5874 etiam
2503 5812 2762 5879 Licinius,
2796 5826 3022 5882 uxorem
3052 5812 3312 5868 ducturus
3345 5809 3486 5866 Cou-

1889 5881 2147 5954 Stantiam
2171 5885 2508 5952 Constantini
2536 5899 2799 5942 sororem.
2844 5881 3052 5943 Eadem
3096 5891 3489 5945 commemorat
