  <div class='ocr_page' id='page_1' title='image "/cluster/home/n/w/nwhite01/storage/ocr_20150623/7/hvd.32044015471246/191.png"; bbox 0 0 3950 6368; ppageno 0'>
   <div class='ocr_carea' id='block_1_1' title="bbox 468 297 567 352">
    <p class='ocr_par' dir='ltr' id='par_1_1' title="bbox 468 297 567 352">
     <span class='ocr_line' id='line_1_1' title="bbox 468 297 567 352; baseline -0.01 0"><span class='ocrx_word' id='word_1_1' title='bbox 468 297 567 352; x_wconf 80' lang='grc'><strong>571</strong></span> 
     </span>
    </p>
   </div>
   <div class='ocr_carea' id='block_1_2' title="bbox 1784 287 2446 348">
    <p class='ocr_par' dir='ltr' id='par_1_2' title="bbox 1784 287 2446 348">
     <span class='ocr_line' id='line_1_2' title="bbox 1784 287 2446 348; baseline -0.002 0"><span class='ocrx_word' id='word_1_2' title='bbox 1784 287 2131 348; x_wconf 73' lang='lat' dir='ltr'><strong>STEPHANI</strong></span> <span class='ocrx_word' id='word_1_3' title='bbox 2167 288 2446 347; x_wconf 79' lang='lat' dir='ltr'><strong>BALUZII</strong></span> 
     </span>
    </p>
   </div>
   <div class='ocr_carea' id='block_1_3' title="bbox 3651 286 3745 344">
    <p class='ocr_par' dir='ltr' id='par_1_3' title="bbox 3651 286 3745 344">
     <span class='ocr_line' id='line_1_3' title="bbox 3651 286 3745 344; baseline 0 -1"><span class='ocrx_word' id='word_1_4' title='bbox 3651 286 3745 344; x_wconf 73' lang='grc'><strong>572</strong></span> 
     </span>
    </p>
   </div>
   <div class='ocr_carea' id='block_1_4' title="bbox 455 403 3747 480">
    <p class='ocr_par' dir='ltr' id='par_1_4' title="bbox 455 403 3747 480">
     <span class='ocr_line' id='line_1_4' title="bbox 455 403 3747 480; baseline -0.002 -14"><span class='ocrx_word' id='word_1_5' title='bbox 455 422 509 466; x_wconf 89' lang='lat' dir='ltr'><strong>et</strong></span> <span class='ocrx_word' id='word_1_6' title='bbox 535 411 808 475; x_wconf 77' lang='lat' dir='ltr'><strong>Zosimus,</strong></span> <span class='ocrx_word' id='word_1_7' title='bbox 834 417 976 465; x_wconf 87' lang='lat' dir='ltr'><strong>recte</strong></span> <span class='ocrx_word' id='word_1_8' title='bbox 1001 409 1287 475; x_wconf 87' lang='lat' dir='ltr'><strong>adnotans,</strong></span> <span class='ocrx_word' id='word_1_9' title='bbox 1321 407 1436 480; x_wconf 76' lang='lat' dir='ltr'><strong>hzcc</strong></span> <span class='ocrx_word' id='word_1_10' title='bbox 1465 415 1583 462; x_wconf 89' lang='lat' dir='ltr'><strong>acta</strong></span> <span class='ocrx_word' id='word_1_11' title='bbox 1623 413 1743 478; x_wconf 91' lang='lat' dir='ltr'><strong>post</strong></span> <span class='ocrx_word' id='word_1_12' title='bbox 1783 405 2054 480; x_wconf 80' lang='lat' dir='ltr'><strong>devictum</strong></span> <span class='ocrx_word' id='word_1_13' title='bbox 2084 410 2131 473; x_wconf 83' lang='grc' dir='ltr'>Α</span> <span class='ocrx_word' id='word_1_14' title='bbox 2159 422 2259 480; x_wconf 89' lang='lat' dir='ltr'><strong>pro</strong></span> <span class='ocrx_word' id='word_1_15' title='bbox 2289 420 2396 480; x_wconf 85' lang='lat' dir='ltr'><strong>quo</strong></span> <span class='ocrx_word' id='word_1_16' title='bbox 2420 406 2473 461; x_wconf 89' lang='lat' dir='ltr'><strong>in</strong></span> <span class='ocrx_word' id='word_1_17' title='bbox 2498 404 2864 461; x_wconf 83' lang='lat' dir='ltr'><strong>vetustissimo</strong></span> <span class='ocrx_word' id='word_1_18' title='bbox 2889 404 3079 463; x_wconf 83' lang='lat' dir='ltr'><strong>codice</strong></span> <span class='ocrx_word' id='word_1_19' title='bbox 3107 419 3213 480; x_wconf 77' lang='lat' dir='ltr'><strong>ms.</strong></span> <span class='ocrx_word' id='word_1_20' title='bbox 3236 404 3493 480; x_wconf 65' lang='lat' dir='ltr'><strong>ecclesiae</strong></span> <span class='ocrx_word' id='word_1_21' title='bbox 3518 403 3747 462; x_wconf 79' lang='lat' dir='ltr'><strong>Bellova-</strong></span> 
     </span>
    </p>
   </div>
   <div class='ocr_carea' id='block_1_5' title="bbox 459 477 2053 550">
    <p class='ocr_par' dir='ltr' id='par_1_5' title="bbox 459 477 2053 550">
     <span class='ocr_line' id='line_1_5' title="bbox 459 477 2053 550; baseline -0.004 -12"><span class='ocrx_word' id='word_1_22' title='bbox 459 482 811 547; x_wconf 87' lang='lat' dir='ltr'><strong>Maxentium,</strong></span> <span class='ocrx_word' id='word_1_23' title='bbox 836 491 889 537; x_wconf 90' lang='lat' dir='ltr'><strong>et</strong></span> <span class='ocrx_word' id='word_1_24' title='bbox 920 493 1206 550; x_wconf 87' lang='lat' dir='ltr'><strong>antequam</strong></span> <span class='ocrx_word' id='word_1_25' title='bbox 1239 479 1437 535; x_wconf 89' lang='lat' dir='ltr'><strong>bellum</strong></span> <span class='ocrx_word' id='word_1_26' title='bbox 1480 477 1633 534; x_wconf 84' lang='lat' dir='ltr'><strong>esset</strong></span> <span class='ocrx_word' id='word_1_27' title='bbox 1683 479 1825 533; x_wconf 89' lang='lat' dir='ltr'><strong>inter</strong></span> <span class='ocrx_word' id='word_1_28' title='bbox 1882 477 2053 533; x_wconf 84' lang='lat' dir='ltr'><strong>Maxi-</strong></span> 
     </span>
    </p>
   </div>
   <div class='ocr_carea' id='block_1_6' title="bbox 464 550 2057 633">
    <p class='ocr_par' dir='ltr' id='par_1_6' title="bbox 464 550 2057 633">
     <span class='ocr_line' id='line_1_6' title="bbox 464 550 2057 633; baseline -0.002 -25"><span class='ocrx_word' id='word_1_29' title='bbox 464 556 750 633; x_wconf 76' lang='lat' dir='ltr'><strong>minumet</strong></span> <span class='ocrx_word' id='word_1_30' title='bbox 780 553 1060 633; x_wconf 73' lang='lat' dir='ltr'><strong>Licinium.</strong></span> <span class='ocrx_word' id='word_1_31' title='bbox 1090 554 1268 633; x_wconf 66' lang='lat' dir='ltr'><strong>Quare</strong></span> <span class='ocrx_word' id='word_1_32' title='bbox 1290 552 1499 633; x_wconf 71' lang='lat' dir='ltr'><strong>lapsum</strong></span> <span class='ocrx_word' id='word_1_33' title='bbox 1524 565 1648 633; x_wconf 79' lang='lat' dir='ltr'><strong>esse</strong></span> <span class='ocrx_word' id='word_1_34' title='bbox 1691 560 1852 633; x_wconf 76' lang='lat' dir='ltr'><strong>patct_</strong></span> <span class='ocrx_word' id='word_1_35' title='bbox 1880 550 2057 633; x_wconf 75' lang='lat' dir='ltr'><strong>virum</strong></span> 
     </span>
    </p>
   </div>
   <div class='ocr_carea' id='block_1_7' title="bbox 464 621 2057 694">
    <p class='ocr_par' dir='ltr' id='par_1_7' title="bbox 464 621 2057 694">
     <span class='ocr_line' id='line_1_7' title="bbox 464 621 2057 694; baseline -0.001 -14"><span class='ocrx_word' id='word_1_36' title='bbox 464 625 831 681; x_wconf 87' lang='lat' dir='ltr'><strong>doetissimum</strong></span> <span class='ocrx_word' id='word_1_37' title='bbox 887 624 1148 680; x_wconf 78' lang='lat' dir='ltr'><strong>Joannem</strong></span> <span class='ocrx_word' id='word_1_38' title='bbox 1207 623 1493 688; x_wconf 87' lang='lat' dir='ltr'><strong>Morimnu,</strong></span> <span class='ocrx_word' id='word_1_39' title='bbox 1552 623 1643 694; x_wconf 89' lang='lat' dir='ltr'><strong>qui</strong></span> <span class='ocrx_word' id='word_1_40' title='bbox 1691 621 1749 694; x_wconf 86' lang='lat' dir='ltr'><strong>in</strong></span> <span class='ocrx_word' id='word_1_41' title='bbox 1783 621 1937 694; x_wconf 87' lang='lat' dir='ltr'><strong>libro</strong></span> <span class='ocrx_word' id='word_1_42' title='bbox 1987 623 2057 678; x_wconf 84' lang='lat' dir='ltr'><strong>de</strong></span> 
     </span>
    </p>
   </div>
   <div class='ocr_carea' id='block_1_8' title="bbox 466 693 2053 770">
    <p class='ocr_par' dir='ltr' id='par_1_8' title="bbox 466 693 2053 770">
     <span class='ocr_line' id='line_1_8' title="bbox 466 693 2053 770; baseline -0.003 -18"><span class='ocrx_word' id='word_1_43' title='bbox 466 697 704 752; x_wconf 79' lang='lat' dir='ltr'><strong>Ecclesia</strong></span> <span class='ocrx_word' id='word_1_44' title='bbox 728 711 823 770; x_wconf 90' lang='lat' dir='ltr'><strong>per</strong></span> <span class='ocrx_word' id='word_1_45' title='bbox 837 694 1249 770; x_wconf 74' lang='lat' dir='ltr'><strong>Constaptinum</strong></span> <span class='ocrx_word' id='word_1_46' title='bbox 1273 695 1530 770; x_wconf 67' lang='lat' dir='ltr'><strong>liberata,</strong></span> <span class='ocrx_word' id='word_1_47' title='bbox 1550 693 1670 765; x_wconf 88' lang='lat' dir='ltr'><strong>pag.</strong></span> <span class='ocrx_word' id='word_1_48' title='bbox 1696 693 1821 770; x_wconf 80' lang='grc'><strong>528,</strong></span> <span class='ocrx_word' id='word_1_49' title='bbox 1847 694 2053 761; x_wconf 77' lang='lat' dir='ltr'><strong>scribit,</strong></span> 
     </span>
    </p>
   </div>
   <div class='ocr_carea' id='block_1_9' title="bbox 466 766 2059 836">
    <p class='ocr_par' dir='ltr' id='par_1_9' title="bbox 466 766 2059 836">
     <span class='ocr_line' id='line_1_9' title="bbox 466 766 2059 836; baseline -0.003 -10"><span class='ocrx_word' id='word_1_50' title='bbox 466 766 745 826; x_wconf 50' lang='lat' dir='ltr'><strong>Licinium’</strong></span> <span class='ocrx_word' id='word_1_51' title='bbox 762 767 975 823; x_wconf 88' lang='lat' dir='ltr'><strong>venisse</strong></span> <span class='ocrx_word' id='word_1_52' title='bbox 1003 767 1363 823; x_wconf 76' lang='lat' dir='ltr'><strong>Mediolanum</strong></span> <span class='ocrx_word' id='word_1_53' title='bbox 1396 767 1462 822; x_wconf 88' lang='lat' dir='ltr'><strong>ad</strong></span> <span class='ocrx_word' id='word_1_54' title='bbox 1493 766 1903 836; x_wconf 77' lang='lat' dir='ltr'><strong>Constantinum</strong></span> <span class='ocrx_word' id='word_1_55' title='bbox 1938 774 2059 836; x_wconf 90' lang='lat' dir='ltr'><strong>post</strong></span> 
     </span>
    </p>
   </div>
   <div class='ocr_carea' id='block_1_10' title="bbox 458 835 2058 910">
    <p class='ocr_par' dir='ltr' id='par_1_10' title="bbox 458 835 2058 910">
     <span class='ocr_line' id='line_1_10' title="bbox 458 835 2058 910; baseline -0.003 -14"><span class='ocrx_word' id='word_1_56' title='bbox 458 842 727 896; x_wconf 89' lang='lat' dir='ltr'><strong>devictum</strong></span> <span class='ocrx_word' id='word_1_57' title='bbox 759 841 1166 910; x_wconf 85' lang='lat' dir='ltr'><strong>extinctumque</strong></span> <span class='ocrx_word' id='word_1_58' title='bbox 1193 839 1563 910; x_wconf 73' lang='lat' dir='ltr'><strong>Maximinum,</strong></span> <span class='ocrx_word' id='word_1_59' title='bbox 1588 838 1769 907; x_wconf 89' lang='lat' dir='ltr'><strong>ibique</strong></span> <span class='ocrx_word' id='word_1_60' title='bbox 1789 835 2058 910; x_wconf 85' lang='lat' dir='ltr'><strong>Constan-</strong></span> 
     </span>
    </p>
   </div>
   <div class='ocr_carea' id='block_1_11' title="bbox 462 908 2059 979">
    <p class='ocr_par' dir='ltr' id='par_1_11' title="bbox 462 908 2059 979">
     <span class='ocr_line' id='line_1_11' title="bbox 462 908 2059 979; baseline -0.002 -12"><span class='ocrx_word' id='word_1_61' title='bbox 462 913 587 967; x_wconf 87' lang='lat' dir='ltr'><strong>tiam</strong></span> <span class='ocrx_word' id='word_1_62' title='bbox 644 913 696 966; x_wconf 92' lang='lat' dir='ltr'><strong>in</strong></span> <span class='ocrx_word' id='word_1_63' title='bbox 728 908 1129 966; x_wconf 81' lang='lat' dir='ltr'><strong>matrimonium</strong></span> <span class='ocrx_word' id='word_1_64' title='bbox 1182 911 1422 965; x_wconf 88' lang='lat' dir='ltr'><strong>duxisse.</strong></span> <span class='ocrx_word' id='word_1_65' title='bbox 1483 909 1555 964; x_wconf 84' lang='lat' dir='ltr'><strong>Eo</strong></span> <span class='ocrx_word' id='word_1_66' title='bbox 1608 918 1836 979; x_wconf 84' lang='lat' dir='ltr'><strong>peracto,</strong></span> <span class='ocrx_word' id='word_1_67' title='bbox 1887 908 2059 979; x_wconf 90' lang='lat' dir='ltr'><strong>inquit</strong></span> 
     </span>
    </p>
   </div>
   <div class='ocr_carea' id='block_1_12' title="bbox 460 979 2058 1048">
    <p class='ocr_par' dir='ltr' id='par_1_12' title="bbox 460 979 2058 1048">
     <span class='ocr_line' id='line_1_12' title="bbox 460 979 2058 1048; baseline -0.003 -9"><span class='ocrx_word' id='word_1_68' title='bbox 460 983 728 1048; x_wconf 82' lang='lat' dir='ltr'><strong>Zuzimus,</strong></span> <span class='ocrx_word' id='word_1_69' title='bbox 783 981 1150 1039; x_wconf 86' lang='lat' dir='ltr'><strong>Constantinus</strong></span> <span class='ocrx_word' id='word_1_70' title='bbox 1206 982 1273 1035; x_wconf 87' lang='lat' dir='ltr'><strong>ad</strong></span> <span class='ocrx_word' id='word_1_71' title='bbox 1302 979 1472 1036; x_wconf 78' lang='lat' dir='ltr'><strong>Celtas</strong></span> <span class='ocrx_word' id='word_1_72' title='bbox 1500 983 1787 1047; x_wconf 71' lang='lat' dir='ltr'><strong>revertitur,</strong></span> <span class='ocrx_word' id='word_1_73' title='bbox 1819 979 2058 1035; x_wconf 90' lang='lat' dir='ltr'><strong>Licinius</strong></span> 
     </span>
    </p>
   </div>
   <div class='ocr_carea' id='block_1_13' title="bbox 458 1052 2057 1127">
    <p class='ocr_par' dir='ltr' id='par_1_13' title="bbox 458 1052 2057 1127">
     <span class='ocr_line' id='line_1_13' title="bbox 458 1052 2057 1127; baseline -0.001 -18"><span class='ocrx_word' id='word_1_74' title='bbox 458 1056 513 1110; x_wconf 91' lang='lat' dir='ltr'><strong>in</strong></span> <span class='ocrx_word' id='word_1_75' title='bbox 535 1055 826 1127; x_wconf 88' lang='lat' dir='ltr'><strong>Illyricum,</strong></span> <span class='ocrx_word' id='word_1_76' title='bbox 859 1064 913 1108; x_wconf 93' lang='lat' dir='ltr'><strong>ut</strong></span> <span class='ocrx_word' id='word_1_77' title='bbox 938 1055 1099 1109; x_wconf 88' lang='lat' dir='ltr'><strong>tradit</strong></span> <span class='ocrx_word' id='word_1_78' title='bbox 1119 1064 1309 1127; x_wconf 80' lang='lat' dir='ltr'><strong>auctor</strong></span> <span class='ocrx_word' id='word_1_79' title='bbox 1325 1053 1629 1127; x_wconf 72' lang='lat' dir='ltr'><strong>Fragmenti</strong></span> <span class='ocrx_word' id='word_1_80' title='bbox 1641 1052 1727 1127; x_wconf 22' lang='lat' dir='ltr'><strong>Ade</strong></span> <span class='ocrx_word' id='word_1_81' title='bbox 1741 1052 2057 1127; x_wconf 82' lang='lat' dir='ltr'><strong>Constantio</strong></span> 
     </span>
    </p>
   </div>
   <div class='ocr_carea' id='block_1_14' title="bbox 457 1123 2054 1197">
    <p class='ocr_par' dir='ltr' id='par_1_14' title="bbox 457 1123 2054 1197">
     <span class='ocr_line' id='line_1_14' title="bbox 457 1123 2054 1197; baseline -0.003 -15"><span class='ocrx_word' id='word_1_82' title='bbox 457 1123 676 1195; x_wconf 74' lang='lat' dir='ltr'><strong>Chloro,</strong></span> <span class='ocrx_word' id='word_1_83' title='bbox 714 1141 832 1197; x_wconf 82' lang='lat' dir='ltr'><strong>pag.</strong></span> <span class='ocrx_word' id='word_1_84' title='bbox 870 1127 997 1182; x_wconf 75' lang='grc'><strong>473.</strong></span> <span class='ocrx_word' id='word_1_85' title='bbox 1048 1126 1156 1197; x_wconf 86' lang='lat' dir='ltr'><strong>Sed</strong></span> <span class='ocrx_word' id='word_1_86' title='bbox 1198 1123 1512 1197; x_wconf 81' lang='lat' dir='ltr'><strong>antequam</strong></span> <span class='ocrx_word' id='word_1_87' title='bbox 1540 1123 1840 1179; x_wconf 88' lang='lat' dir='ltr'><strong>Mediolano</strong></span> <span class='ocrx_word' id='word_1_88' title='bbox 1877 1124 2054 1197; x_wconf 84' lang='lat' dir='ltr'><strong>disce-</strong></span> 
     </span>
    </p>
   </div>
   <div class='ocr_carea' id='block_1_15' title="bbox 459 1194 2058 1268">
    <p class='ocr_par' dir='ltr' id='par_1_15' title="bbox 459 1194 2058 1268">
     <span class='ocr_line' id='line_1_15' title="bbox 459 1194 2058 1268; baseline -0.002 -15"><span class='ocrx_word' id='word_1_89' title='bbox 459 1194 670 1264; x_wconf 87' lang='lat' dir='ltr'><strong>derent,</strong></span> <span class='ocrx_word' id='word_1_90' title='bbox 704 1194 876 1267; x_wconf 78' lang='lat' dir='ltr'><strong>legem</strong></span> <span class='ocrx_word' id='word_1_91' title='bbox 907 1202 1003 1268; x_wconf 69' lang='lat' dir='ltr'><strong>pr‘o</strong></span> <span class='ocrx_word' id='word_1_92' title='bbox 1033 1194 1359 1253; x_wconf 79' lang='lat' dir='ltr'><strong>Christianis</strong></span> <span class='ocrx_word' id='word_1_93' title='bbox 1395 1195 1703 1262; x_wconf 90' lang='lat' dir='ltr'><strong>ediderunt,</strong></span> <span class='ocrx_word' id='word_1_94' title='bbox 1745 1210 1867 1266; x_wconf 78' lang='lat' dir='ltr'><strong>quae</strong></span> <span class='ocrx_word' id='word_1_95' title='bbox 1897 1194 2058 1266; x_wconf 88' lang='lat' dir='ltr'><strong>paulo</strong></span> 
     </span>
    </p>
   </div>
   <div class='ocr_carea' id='block_1_16' title="bbox 460 1270 947 1341">
    <p class='ocr_par' dir='ltr' id='par_1_16' title="bbox 460 1270 947 1341">
     <span class='ocr_line' id='line_1_16' title="bbox 460 1270 947 1341; baseline -0.006 -16"><span class='ocrx_word' id='word_1_96' title='bbox 460 1281 581 1341; x_wconf 86' lang='lat' dir='ltr'><strong>post</strong></span> <span class='ocrx_word' id='word_1_97' title='bbox 610 1270 947 1325; x_wconf 88' lang='lat' dir='ltr'><strong>recitabitnr.</strong></span> 
     </span>
    </p>
   </div>
   <div class='ocr_carea' id='block_1_17' title="bbox 534 1336 2056 1412">
    <p class='ocr_par' dir='ltr' id='par_1_17' title="bbox 534 1336 2056 1412">
     <span class='ocr_line' id='line_1_17' title="bbox 534 1336 2056 1412; baseline -0.003 -15"><span class='ocrx_word' id='word_1_98' title='bbox 534 1341 972 1397; x_wconf 86' lang='lat' dir='ltr'><strong>Existitnantviri</strong></span> <span class='ocrx_word' id='word_1_99' title='bbox 1000 1340 1218 1412; x_wconf 87' lang='lat' dir='ltr'><strong>quidam</strong></span> <span class='ocrx_word' id='word_1_100' title='bbox 1259 1338 1590 1412; x_wconf 60' lang='lat' dir='ltr'><strong>doctissimi,</strong></span> <span class='ocrx_word' id='word_1_101' title='bbox 1619 1338 1837 1412; x_wconf 80' lang='lat' dir='ltr'><strong>nuptias</strong></span> <span class='ocrx_word' id='word_1_102' title='bbox 1864 1336 2056 1392; x_wconf 88' lang='lat' dir='ltr'><strong>Licinii</strong></span> 
     </span>
    </p>
   </div>
   <div class='ocr_carea' id='block_1_18' title="bbox 460 1409 2061 1469">
    <p class='ocr_par' dir='ltr' id='par_1_18' title="bbox 460 1409 2061 1469">
     <span class='ocr_line' id='line_1_18' title="bbox 460 1409 2061 1469; baseline -0.001 -1"><span class='ocrx_word' id='word_1_103' title='bbox 460 1422 516 1468; x_wconf 90' lang='lat' dir='ltr'><strong>et</strong></span> <span class='ocrx_word' id='word_1_104' title='bbox 567 1412 901 1469; x_wconf 70' lang='lat' dir='ltr'><strong>Constantina</strong></span> <span class='ocrx_word' id='word_1_105' title='bbox 969 1409 1267 1468; x_wconf 83' lang='lat' dir='ltr'><strong>celebratas</strong></span> <span class='ocrx_word' id='word_1_106' title='bbox 1316 1410 1482 1465; x_wconf 82' lang='lat' dir='ltr'><strong>fuisse</strong></span> <span class='ocrx_word' id='word_1_107' title='bbox 1541 1409 1825 1465; x_wconf 89' lang='lat' dir='ltr'><strong>Mediolani</strong></span> <span class='ocrx_word' id='word_1_108' title='bbox 1873 1423 2061 1466; x_wconf 85' lang='lat' dir='ltr'><strong>mense</strong></span> 
     </span>
    </p>
   </div>
   <div class='ocr_carea' id='block_1_19' title="bbox 459 1481 2053 1555">
    <p class='ocr_par' dir='ltr' id='par_1_19' title="bbox 459 1481 2053 1555">
     <span class='ocr_line' id='line_1_19' title="bbox 459 1481 2053 1555; baseline -0.001 -16"><span class='ocrx_word' id='word_1_109' title='bbox 459 1483 670 1548; x_wconf 88' lang='lat' dir='ltr'><strong>Martio,</strong></span> <span class='ocrx_word' id='word_1_110' title='bbox 698 1494 1015 1555; x_wconf 88' lang='lat' dir='ltr'><strong>argumento</strong></span> <span class='ocrx_word' id='word_1_111' title='bbox 1040 1486 1208 1554; x_wconf 89' lang='lat' dir='ltr'><strong>petito</strong></span> <span class='ocrx_word' id='word_1_112' title='bbox 1227 1498 1293 1538; x_wconf 87' lang='lat' dir='ltr'><strong>ex</strong></span> <span class='ocrx_word' id='word_1_113' title='bbox 1314 1484 1432 1555; x_wconf 89' lang='lat' dir='ltr'><strong>lege</strong></span> <span class='ocrx_word' id='word_1_114' title='bbox 1456 1483 1624 1553; x_wconf 87' lang='lat' dir='ltr'><strong>prima</strong></span> <span class='ocrx_word' id='word_1_115' title='bbox 1648 1481 1850 1537; x_wconf 88' lang='lat' dir='ltr'><strong>codicis</strong></span> <span class='ocrx_word' id='word_1_116' title='bbox 1873 1481 2053 1555; x_wconf 69' lang='lat' dir='ltr'><strong>Theo-</strong></span> 
     </span>
    </p>
   </div>
   <div class='ocr_carea' id='block_1_20' title="bbox 462 1551 2057 1624">
    <p class='ocr_par' dir='ltr' id='par_1_20' title="bbox 462 1551 2057 1624">
     <span class='ocr_line' id='line_1_20' title="bbox 462 1551 2057 1624; baseline -0.003 -13"><span class='ocrx_word' id='word_1_117' title='bbox 462 1555 673 1611; x_wconf 89' lang='lat' dir='ltr'><strong>dosiani</strong></span> <span class='ocrx_word' id='word_1_118' title='bbox 734 1551 808 1609; x_wconf 75' lang='lat' dir='ltr'><strong>De</strong></span> <span class='ocrx_word' id='word_1_119' title='bbox 856 1555 999 1610; x_wconf 80' lang='lat' dir='ltr'><strong>bonis</strong></span> <span class='ocrx_word' id='word_1_120' title='bbox 1041 1551 1391 1620; x_wconf 53' lang='lat' dir='ltr'><strong>&#39;vacantt&#39;bus;</strong></span> <span class='ocrx_word' id='word_1_121' title='bbox 1425 1551 1543 1624; x_wconf 67' lang='lat' dir='ltr'><strong>qua:</strong></span> <span class='ocrx_word' id='word_1_122' title='bbox 1590 1554 1845 1608; x_wconf 82' lang='lat' dir='ltr'><strong>scribitur</strong></span> <span class='ocrx_word' id='word_1_123' title='bbox 1879 1551 2001 1607; x_wconf 88' lang='lat' dir='ltr'><strong>data</strong></span> <span class='ocrx_word' id='word_1_124' title='bbox 2027 1566 2057 1606; x_wconf 89' lang='lat' dir='ltr'><strong>a</strong></span> 
     </span>
    </p>
   </div>
   <div class='ocr_carea' id='block_1_21' title="bbox 462 1624 2059 1695">
    <p class='ocr_par' dir='ltr' id='par_1_21' title="bbox 462 1624 2059 1695">
     <span class='ocr_line' id='line_1_21' title="bbox 462 1624 2059 1695; baseline -0.003 -12"><span class='ocrx_word' id='word_1_125' title='bbox 462 1626 817 1683; x_wconf 80' lang='lat' dir='ltr'><strong>Constantino</strong></span> <span class='ocrx_word' id='word_1_126' title='bbox 867 1627 921 1695; x_wconf 86' lang='lat'><strong>6,</strong></span> <span class='ocrx_word' id='word_1_127' title='bbox 971 1625 1090 1682; x_wconf 90' lang='lat' dir='ltr'><strong>idus</strong></span> <span class='ocrx_word' id='word_1_128' title='bbox 1118 1627 1331 1681; x_wconf 84' lang='lat' dir='ltr'><strong>Martias</strong></span> <span class='ocrx_word' id='word_1_129' title='bbox 1367 1624 1676 1691; x_wconf 83' lang='lat' dir='ltr'><strong>Mediolani,</strong></span> <span class='ocrx_word' id='word_1_130' title='bbox 1701 1625 2059 1680; x_wconf 85' lang='lat' dir='ltr'><strong>Ceustantino</strong></span> 
     </span>
    </p>
   </div>
   <div class='ocr_carea' id='block_1_22' title="bbox 462 1698 2056 1769">
    <p class='ocr_par' dir='ltr' id='par_1_22' title="bbox 462 1698 2056 1769">
     <span class='ocr_line' id='line_1_22' title="bbox 462 1698 2056 1769; baseline -0.002 -16"><span class='ocrx_word' id='word_1_131' title='bbox 462 1699 600 1769; x_wconf 89' lang='lat' dir='ltr'><strong>Aug.</strong></span> <span class='ocrx_word' id='word_1_132' title='bbox 632 1713 720 1763; x_wconf 84' lang='grc' dir='ltr'>ιιι,</span> <span class='ocrx_word' id='word_1_133' title='bbox 748 1709 804 1754; x_wconf 88' lang='lat' dir='ltr'><strong>et</strong></span> <span class='ocrx_word' id='word_1_134' title='bbox 840 1699 1046 1755; x_wconf 89' lang='lat' dir='ltr'><strong>Licinio</strong></span> <span class='ocrx_word' id='word_1_135' title='bbox 1081 1699 1409 1753; x_wconf 89' lang='lat' dir='ltr'><strong>consulibus.</strong></span> <span class='ocrx_word' id='word_1_136' title='bbox 1442 1698 1759 1767; x_wconf 84' lang='lat' dir='ltr'><strong>Quanquam</strong></span> <span class='ocrx_word' id='word_1_137' title='bbox 1814 1710 2056 1769; x_wconf 77' lang='lat' dir='ltr'><strong>mensem</strong></span> 
     </span>
    </p>
   </div>
   <div class='ocr_carea' id='block_1_23' title="bbox 464 1768 2052 1826">
    <p class='ocr_par' dir='ltr' id='par_1_23' title="bbox 464 1768 2052 1826">
     <span class='ocr_line' id='line_1_23' title="bbox 464 1768 2052 1826; baseline -0.003 -1"><span class='ocrx_word' id='word_1_138' title='bbox 464 1768 711 1825; x_wconf 81' lang='lat' dir='ltr'><strong>Martium</strong></span> <span class='ocrx_word' id='word_1_139' title='bbox 739 1770 792 1825; x_wconf 91' lang='lat' dir='ltr'><strong>in</strong></span> <span class='ocrx_word' id='word_1_140' title='bbox 816 1770 1010 1826; x_wconf 87' lang='lat' dir='ltr'><strong>Maium</strong></span> <span class='ocrx_word' id='word_1_141' title='bbox 1036 1786 1157 1826; x_wconf 90' lang='lat' dir='ltr'><strong>esse</strong></span> <span class='ocrx_word' id='word_1_142' title='bbox 1187 1769 1502 1825; x_wconf 86' lang='lat' dir='ltr'><strong>mutandum</strong></span> <span class='ocrx_word' id='word_1_143' title='bbox 1548 1770 1599 1823; x_wconf 91' lang='lat' dir='ltr'><strong>iu</strong></span> <span class='ocrx_word' id='word_1_144' title='bbox 1656 1769 1757 1823; x_wconf 89' lang='lat' dir='ltr'><strong>hac</strong></span> <span class='ocrx_word' id='word_1_145' title='bbox 1787 1768 2052 1823; x_wconf 87' lang='lat' dir='ltr'><strong>constitu-</strong></span> 
     </span>
    </p>
   </div>
   <div class='ocr_carea' id='block_1_24' title="bbox 464 1808 2137 1910">
    <p class='ocr_par' dir='ltr' id='par_1_24' title="bbox 464 1808 2137 1910">
     <span class='ocr_line' id='line_1_24' title="bbox 464 1808 2137 1910; baseline -0.002 -14"><span class='ocrx_word' id='word_1_146' title='bbox 464 1841 611 1897; x_wconf 86' lang='lat' dir='ltr'><strong>tione</strong></span> <span class='ocrx_word' id='word_1_147' title='bbox 637 1850 822 1898; x_wconf 85' lang='lat' dir='ltr'><strong>censet</strong></span> <span class='ocrx_word' id='word_1_148' title='bbox 852 1808 1163 1899; x_wconf 56' lang='lat' dir='ltr'><strong>Morintisiit</strong></span> <span class='ocrx_word' id='word_1_149' title='bbox 1194 1841 1332 1897; x_wconf 87' lang='lat' dir='ltr'><strong>libro</strong></span> <span class='ocrx_word' id='word_1_150' title='bbox 1354 1843 1421 1896; x_wconf 88' lang='lat' dir='ltr'><strong>de</strong></span> <span class='ocrx_word' id='word_1_151' title='bbox 1465 1840 1709 1897; x_wconf 82' lang='lat' dir='ltr'><strong>Ecclesia</strong></span> <span class='ocrx_word' id='word_1_152' title='bbox 1769 1855 1867 1910; x_wconf 84' lang='lat' dir='ltr'><strong>per</strong></span> <span class='ocrx_word' id='word_1_153' title='bbox 1910 1840 2056 1893; x_wconf 86' lang='lat' dir='ltr'><strong>Con-</strong></span> <span class='ocrx_word' id='word_1_154' title='bbox 2088 1808 2137 1870; x_wconf 76' lang='grc' dir='ltr'><strong>Β</strong></span> 
     </span>
    </p>
   </div>
   <div class='ocr_carea' id='block_1_25' title="bbox 463 1911 2057 1984">
    <p class='ocr_par' dir='ltr' id='par_1_25' title="bbox 463 1911 2057 1984">
     <span class='ocr_line' id='line_1_25' title="bbox 463 1911 2057 1984; baseline -0.002 -16"><span class='ocrx_word' id='word_1_155' title='bbox 463 1914 756 1984; x_wconf 82' lang='lat' dir='ltr'><strong>stantinum</strong></span> <span class='ocrx_word' id='word_1_156' title='bbox 799 1914 1044 1982; x_wconf 89' lang='lat' dir='ltr'><strong>liberata,</strong></span> <span class='ocrx_word' id='word_1_157' title='bbox 1087 1930 1204 1984; x_wconf 81' lang='lat' dir='ltr'><strong>pag.</strong></span> <span class='ocrx_word' id='word_1_158' title='bbox 1242 1913 1367 1974; x_wconf 80' lang='grc'><strong>529.</strong></span> <span class='ocrx_word' id='word_1_159' title='bbox 1416 1914 1562 1984; x_wconf 90' lang='lat' dir='ltr'><strong>quia,</strong></span> <span class='ocrx_word' id='word_1_160' title='bbox 1610 1921 1668 1966; x_wconf 90' lang='lat' dir='ltr'><strong>ut</strong></span> <span class='ocrx_word' id='word_1_161' title='bbox 1704 1912 1889 1984; x_wconf 80' lang='lat' dir='ltr'><strong>inquit</strong></span> <span class='ocrx_word' id='word_1_162' title='bbox 1943 1911 2057 1984; x_wconf 86' lang='lat' dir='ltr'><strong>ille,</strong></span> 
     </span>
    </p>
   </div>
   <div class='ocr_carea' id='block_1_26' title="bbox 462 1982 2062 2041">
    <p class='ocr_par' dir='ltr' id='par_1_26' title="bbox 462 1982 2062 2041">
     <span class='ocr_line' id='line_1_26' title="bbox 462 1982 2062 2041; baseline -0.003 -1"><span class='ocrx_word' id='word_1_163' title='bbox 462 1983 849 2041; x_wconf 86' lang='lat' dir='ltr'><strong>Constantinus</strong></span> <span class='ocrx_word' id='word_1_164' title='bbox 875 2000 1063 2041; x_wconf 88' lang='lat' dir='ltr'><strong>mense</strong></span> <span class='ocrx_word' id='word_1_165' title='bbox 1091 1982 1289 2041; x_wconf 79' lang='lat' dir='ltr'><strong>Martio</strong></span> <span class='ocrx_word' id='word_1_166' title='bbox 1316 1982 1459 2039; x_wconf 79' lang='lat' dir='ltr'><strong>illius</strong></span> <span class='ocrx_word' id='word_1_167' title='bbox 1490 1984 1616 2038; x_wconf 90' lang='lat' dir='ltr'><strong>anni</strong></span> <span class='ocrx_word' id='word_1_168' title='bbox 1653 1982 1914 2038; x_wconf 87' lang='lat' dir='ltr'><strong>adversus</strong></span> <span class='ocrx_word' id='word_1_169' title='bbox 1939 1982 2062 2037; x_wconf 89' lang='lat' dir='ltr'><strong>bar-</strong></span> 
     </span>
    </p>
   </div>
   <div class='ocr_carea' id='block_1_27' title="bbox 464 2054 2063 2128">
    <p class='ocr_par' dir='ltr' id='par_1_27' title="bbox 464 2054 2063 2128">
     <span class='ocr_line' id='line_1_27' title="bbox 464 2054 2063 2128; baseline -0.002 -17"><span class='ocrx_word' id='word_1_170' title='bbox 464 2056 627 2128; x_wconf 81' lang='lat' dir='ltr'><strong>baros</strong></span> <span class='ocrx_word' id='word_1_171' title='bbox 650 2058 904 2128; x_wconf 80' lang='lat' dir='ltr'><strong>pugnavit</strong></span> <span class='ocrx_word' id='word_1_172' title='bbox 933 2058 987 2112; x_wconf 92' lang='lat' dir='ltr'><strong>in</strong></span> <span class='ocrx_word' id='word_1_173' title='bbox 1013 2056 1325 2113; x_wconf 81' lang='lat' dir='ltr'><strong>Germania.</strong></span> <span class='ocrx_word' id='word_1_174' title='bbox 1350 2056 1517 2128; x_wconf 83' lang='lat' dir='ltr'><strong>Sane,</strong></span> <span class='ocrx_word' id='word_1_175' title='bbox 1538 2055 1693 2128; x_wconf 85' lang='lat' dir='ltr'><strong>quod</strong></span> <span class='ocrx_word' id='word_1_176' title='bbox 1738 2054 1910 2109; x_wconf 86' lang='lat' dir='ltr'><strong>semel</strong></span> <span class='ocrx_word' id='word_1_177' title='bbox 1943 2054 2063 2128; x_wconf 83' lang='lat' dir='ltr'><strong>heic</strong></span> 
     </span>
    </p>
   </div>
   <div class='ocr_carea' id='block_1_28' title="bbox 463 2126 2063 2197">
    <p class='ocr_par' dir='ltr' id='par_1_28' title="bbox 463 2126 2063 2197">
     <span class='ocr_line' id='line_1_28' title="bbox 463 2126 2063 2197; baseline -0.001 -16"><span class='ocrx_word' id='word_1_178' title='bbox 463 2126 786 2184; x_wconf 77' lang='lat' dir='ltr'><strong>observasse</strong></span> <span class='ocrx_word' id='word_1_179' title='bbox 815 2128 1069 2193; x_wconf 87' lang='lat' dir='ltr'><strong>sulliciat,</strong></span> <span class='ocrx_word' id='word_1_180' title='bbox 1103 2128 1237 2183; x_wconf 86' lang='lat' dir='ltr'><strong>nihil</strong></span> <span class='ocrx_word' id='word_1_181' title='bbox 1264 2129 1399 2183; x_wconf 88' lang='lat' dir='ltr'><strong>certi</strong></span> <span class='ocrx_word' id='word_1_182' title='bbox 1426 2127 1602 2197; x_wconf 79' lang='lat' dir='ltr'><strong>colligi</strong></span> <span class='ocrx_word' id='word_1_183' title='bbox 1636 2135 1813 2196; x_wconf 88' lang='lat' dir='ltr'><strong>potest</strong></span> <span class='ocrx_word' id='word_1_184' title='bbox 1842 2141 1906 2179; x_wconf 79' lang='lat' dir='ltr'><strong>ex</strong></span> <span class='ocrx_word' id='word_1_185' title='bbox 1934 2126 2063 2197; x_wconf 87' lang='lat' dir='ltr'><strong>sub-</strong></span> 
     </span>
    </p>
   </div>
   <div class='ocr_carea' id='block_1_29' title="bbox 465 2196 2065 2271">
    <p class='ocr_par' dir='ltr' id='par_1_29' title="bbox 465 2196 2065 2271">
     <span class='ocr_line' id='line_1_29' title="bbox 465 2196 2065 2271; baseline -0.003 -18"><span class='ocrx_word' id='word_1_186' title='bbox 465 2199 847 2271; x_wconf 87' lang='lat' dir='ltr'><strong>scriptionibus</strong></span> <span class='ocrx_word' id='word_1_187' title='bbox 873 2200 1052 2271; x_wconf 72' lang='lat' dir='ltr'><strong>legum</strong></span> <span class='ocrx_word' id='word_1_188' title='bbox 1074 2198 1259 2255; x_wconf 90' lang='lat' dir='ltr'><strong>codice</strong></span> <span class='ocrx_word' id='word_1_189' title='bbox 1288 2196 1668 2254; x_wconf 85' lang='lat' dir='ltr'><strong>&#39;l‘beodosiauo</strong></span> <span class='ocrx_word' id='word_1_190' title='bbox 1702 2196 2065 2271; x_wconf 75' lang='lat' dir='ltr'><strong>comprehen-</strong></span> 
     </span>
    </p>
   </div>
   <div class='ocr_carea' id='block_1_30' title="bbox 463 2267 2065 2341">
    <p class='ocr_par' dir='ltr' id='par_1_30' title="bbox 463 2267 2065 2341">
     <span class='ocr_line' id='line_1_30' title="bbox 463 2267 2065 2341; baseline -0.001 -16"><span class='ocrx_word' id='word_1_191' title='bbox 463 2284 675 2336; x_wconf 89' lang='lat' dir='ltr'><strong>sarum;</strong></span> <span class='ocrx_word' id='word_1_192' title='bbox 701 2267 951 2341; x_wconf 77' lang='lat' dir='ltr'><strong>adeoque</strong></span> <span class='ocrx_word' id='word_1_193' title='bbox 976 2286 1042 2325; x_wconf 91' lang='lat' dir='ltr'><strong>ex</strong></span> <span class='ocrx_word' id='word_1_194' title='bbox 1065 2272 1145 2327; x_wconf 93' lang='lat' dir='ltr'><strong>eis</strong></span> <span class='ocrx_word' id='word_1_195' title='bbox 1169 2271 1419 2326; x_wconf 85' lang='lat' dir='ltr'><strong>concludi</strong></span> <span class='ocrx_word' id='word_1_196' title='bbox 1443 2285 1548 2325; x_wconf 91' lang='lat' dir='ltr'><strong>non</strong></span> <span class='ocrx_word' id='word_1_197' title='bbox 1572 2279 1769 2340; x_wconf 86' lang='lat' dir='ltr'><strong>potest,</strong></span> <span class='ocrx_word' id='word_1_198' title='bbox 1797 2267 2065 2341; x_wconf 74' lang='lat' dir='ltr'><strong>Constan-</strong></span> 
     </span>
    </p>
   </div>
   <div class='ocr_carea' id='block_1_31' title="bbox 468 2339 2065 2412">
    <p class='ocr_par' dir='ltr' id='par_1_31' title="bbox 468 2339 2065 2412">
     <span class='ocr_line' id='line_1_31' title="bbox 468 2339 2065 2412; baseline 0.001 -18"><span class='ocrx_word' id='word_1_199' title='bbox 468 2342 637 2396; x_wconf 92' lang='lat' dir='ltr'><strong>tinum</strong></span> <span class='ocrx_word' id='word_1_200' title='bbox 664 2357 730 2397; x_wconf 89' lang='lat' dir='ltr'><strong>eo</strong></span> <span class='ocrx_word' id='word_1_201' title='bbox 762 2339 1005 2412; x_wconf 84' lang='lat' dir='ltr'><strong>tempore</strong></span> <span class='ocrx_word' id='word_1_202' title='bbox 1031 2343 1084 2396; x_wconf 91' lang='lat' dir='ltr'><strong>in</strong></span> <span class='ocrx_word' id='word_1_203' title='bbox 1116 2342 1182 2396; x_wconf 90' lang='lat' dir='ltr'><strong>iis</strong></span> <span class='ocrx_word' id='word_1_204' title='bbox 1206 2343 1341 2397; x_wconf 86' lang='lat' dir='ltr'><strong>locis</strong></span> <span class='ocrx_word' id='word_1_205' title='bbox 1369 2341 1554 2409; x_wconf 84' lang='lat' dir='ltr'><strong>fuisse,</strong></span> <span class='ocrx_word' id='word_1_206' title='bbox 1575 2339 1588 2340; x_wconf 30' lang='grc' dir='ltr'>ί</span> <span class='ocrx_word' id='word_1_207' title='bbox 1606 2342 1660 2397; x_wconf 89' lang='lat' dir='ltr'><strong>in</strong></span> <span class='ocrx_word' id='word_1_208' title='bbox 1703 2341 1897 2411; x_wconf 87' lang='lat' dir='ltr'><strong>quibus</strong></span> <span class='ocrx_word' id='word_1_209' title='bbox 1923 2339 2065 2395; x_wconf 78' lang='lat' dir='ltr'><strong>datze</strong></span> 
     </span>
    </p>
   </div>
   <div class='ocr_carea' id='block_1_32' title="bbox 467 2412 2068 2482">
    <p class='ocr_par' dir='ltr' id='par_1_32' title="bbox 467 2412 2068 2482">
     <span class='ocr_line' id='line_1_32' title="bbox 467 2412 2068 2482; baseline 0 -15"><span class='ocrx_word' id='word_1_210' title='bbox 467 2412 741 2469; x_wconf 91' lang='lat' dir='ltr'><strong>dicuntur.</strong></span> <span class='ocrx_word' id='word_1_211' title='bbox 769 2413 904 2469; x_wconf 82' lang='lat' dir='ltr'><strong>Nam</strong></span> <span class='ocrx_word' id='word_1_212' title='bbox 936 2414 981 2468; x_wconf 88' lang='lat' dir='ltr'><strong>si</strong></span> <span class='ocrx_word' id='word_1_213' title='bbox 1030 2413 1083 2467; x_wconf 88' lang='lat' dir='ltr'><strong>id</strong></span> <span class='ocrx_word' id='word_1_214' title='bbox 1130 2424 1336 2468; x_wconf 89' lang='lat' dir='ltr'><strong>certum</strong></span> <span class='ocrx_word' id='word_1_215' title='bbox 1381 2422 1545 2478; x_wconf 86' lang='lat' dir='ltr'><strong>esset,</strong></span> <span class='ocrx_word' id='word_1_216' title='bbox 1597 2423 1803 2469; x_wconf 87' lang='lat' dir='ltr'><strong>certum</strong></span> <span class='ocrx_word' id='word_1_217' title='bbox 1849 2426 2068 2482; x_wconf 88' lang='lat' dir='ltr'><strong>quoque</strong></span> 
     </span>
    </p>
   </div>
   <div class='ocr_carea' id='block_1_33' title="bbox 467 2481 2065 2555">
    <p class='ocr_par' dir='ltr' id='par_1_33' title="bbox 467 2481 2065 2555">
     <span class='ocr_line' id='line_1_33' title="bbox 467 2481 2065 2555; baseline 0 -18"><span class='ocrx_word' id='word_1_218' title='bbox 467 2496 634 2550; x_wconf 89' lang='lat' dir='ltr'><strong>esset,</strong></span> <span class='ocrx_word' id='word_1_219' title='bbox 665 2500 787 2541; x_wconf 90' lang='lat' dir='ltr'><strong>eum</strong></span> <span class='ocrx_word' id='word_1_220' title='bbox 820 2486 958 2540; x_wconf 87' lang='lat' dir='ltr'><strong>intra</strong></span> <span class='ocrx_word' id='word_1_221' title='bbox 990 2500 1086 2541; x_wconf 87' lang='lat' dir='ltr'><strong>sex</strong></span> <span class='ocrx_word' id='word_1_222' title='bbox 1132 2485 1344 2541; x_wconf 89' lang='lat' dir='ltr'><strong>dierum</strong></span> <span class='ocrx_word' id='word_1_223' title='bbox 1401 2486 1630 2555; x_wconf 82' lang='lat' dir='ltr'><strong>Spatium</strong></span> <span class='ocrx_word' id='word_1_224' title='bbox 1687 2481 2065 2555; x_wconf 30' lang='lat' dir='ltr'><strong>fuisse’llcra-</strong></span> 
     </span>
    </p>
   </div>
   <div class='ocr_carea' id='block_1_34' title="bbox 467 2553 2065 2623">
    <p class='ocr_par' dir='ltr' id='par_1_34' title="bbox 467 2553 2065 2623">
     <span class='ocr_line' id='line_1_34' title="bbox 467 2553 2065 2623; baseline -0.001 -13"><span class='ocrx_word' id='word_1_225' title='bbox 467 2556 598 2611; x_wconf 71' lang='lat' dir='ltr'><strong>clem</strong></span> <span class='ocrx_word' id='word_1_226' title='bbox 627 2556 681 2611; x_wconf 93' lang='lat' dir='ltr'><strong>in</strong></span> <span class='ocrx_word' id='word_1_227' title='bbox 709 2557 1043 2623; x_wconf 83' lang='lat' dir='ltr'><strong>Macedonia,</strong></span> <span class='ocrx_word' id='word_1_228' title='bbox 1089 2565 1180 2611; x_wconf 88' lang='lat' dir='ltr'><strong>aut</strong></span> <span class='ocrx_word' id='word_1_229' title='bbox 1207 2556 1261 2610; x_wconf 90' lang='lat' dir='ltr'><strong>iu</strong></span> <span class='ocrx_word' id='word_1_230' title='bbox 1292 2553 1546 2623; x_wconf 85' lang='lat' dir='ltr'><strong>Thracia,</strong></span> <span class='ocrx_word' id='word_1_231' title='bbox 1589 2565 1644 2612; x_wconf 90' lang='lat' dir='ltr'><strong>et</strong></span> <span class='ocrx_word' id='word_1_232' title='bbox 1673 2553 1961 2611; x_wconf 76' lang='lat' dir='ltr'><strong>Mediolani</strong></span> <span class='ocrx_word' id='word_1_233' title='bbox 2012 2554 2065 2609; x_wconf 88' lang='lat' dir='ltr'><strong>in</strong></span> 
     </span>
    </p>
   </div>
   <div class='ocr_carea' id='block_1_35' title="bbox 466 2625 2073 2701">
    <p class='ocr_par' dir='ltr' id='par_1_35' title="bbox 466 2625 2073 2701">
     <span class='ocr_line' id='line_1_35' title="bbox 466 2625 2073 2701; baseline -0.001 -20"><span class='ocrx_word' id='word_1_234' title='bbox 466 2627 637 2701; x_wconf 69' lang='lat' dir='ltr'><strong>italia,</strong></span> <span class='ocrx_word' id='word_1_235' title='bbox 664 2643 785 2701; x_wconf 89' lang='lat' dir='ltr'><strong>cum</strong></span> <span class='ocrx_word' id='word_1_236' title='bbox 810 2631 921 2701; x_wconf 79' lang='lat' dir='ltr'><strong>lex.</strong></span> <span class='ocrx_word' id='word_1_237' title='bbox 945 2627 1020 2701; x_wconf 83' lang='lat' dir='ltr'><strong>de</strong></span> <span class='ocrx_word' id='word_1_238' title='bbox 1049 2644 1153 2701; x_wconf 84' lang='lat' dir='ltr'><strong>qua</strong></span> <span class='ocrx_word' id='word_1_239' title='bbox 1182 2627 1434 2693; x_wconf 84' lang='lat' dir='ltr'><strong>diximus,</strong></span> <span class='ocrx_word' id='word_1_240' title='bbox 1461 2627 1583 2701; x_wconf 76' lang='lat' dir='ltr'><strong>data</strong></span> <span class='ocrx_word' id='word_1_241' title='bbox 1615 2627 1825 2701; x_wconf 80' lang='lat' dir='ltr'><strong>legatur</strong></span> <span class='ocrx_word' id='word_1_242' title='bbox 1866 2625 2073 2701; x_wconf 74' lang='lat' dir='ltr'><strong>Medio-</strong></span> 
     </span>
    </p>
   </div>
   <div class='ocr_carea' id='block_1_36' title="bbox 464 2697 2071 2769">
    <p class='ocr_par' dir='ltr' id='par_1_36' title="bbox 464 2697 2071 2769">
     <span class='ocr_line' id='line_1_36' title="bbox 464 2697 2071 2769; baseline -0.001 -16"><span class='ocrx_word' id='word_1_243' title='bbox 464 2697 572 2753; x_wconf 87' lang='lat' dir='ltr'><strong>lani</strong></span> <span class='ocrx_word' id='word_1_244' title='bbox 600 2700 633 2755; x_wconf 89' lang='lat'><strong>6</strong></span> <span class='ocrx_word' id='word_1_245' title='bbox 659 2699 779 2755; x_wconf 90' lang='lat' dir='ltr'><strong>idus</strong></span> <span class='ocrx_word' id='word_1_246' title='bbox 807 2698 1042 2765; x_wconf 87' lang='lat' dir='ltr'><strong>Martias,</strong></span> <span class='ocrx_word' id='word_1_247' title='bbox 1068 2697 1121 2756; x_wconf 81' lang='lat' dir='ltr'><strong>et</strong></span> <span class='ocrx_word' id='word_1_248' title='bbox 1144 2700 1231 2755; x_wconf 90' lang='lat' dir='ltr'><strong>lex</strong></span> <span class='ocrx_word' id='word_1_249' title='bbox 1261 2701 1454 2769; x_wconf 87' lang='lat' dir='ltr'><strong>prima,</strong></span> <span class='ocrx_word' id='word_1_250' title='bbox 1485 2699 1560 2753; x_wconf 87' lang='lat' dir='ltr'><strong>De</strong></span> <span class='ocrx_word' id='word_1_251' title='bbox 1589 2697 1870 2767; x_wconf 79' lang='lat' dir='ltr'><strong>actoribus,</strong></span> <span class='ocrx_word' id='word_1_252' title='bbox 1902 2697 2071 2753; x_wconf 60' lang='lat' dir='ltr'><strong>Heraa</strong></span> 
     </span>
    </p>
   </div>
   <div class='ocr_carea' id='block_1_37' title="bbox 468 2769 2074 2827">
    <p class='ocr_par' dir='ltr' id='par_1_37' title="bbox 468 2769 2074 2827">
     <span class='ocr_line' id='line_1_37' title="bbox 468 2769 2074 2827; baseline -0.001 -1"><span class='ocrx_word' id='word_1_253' title='bbox 468 2770 601 2826; x_wconf 76' lang='lat' dir='ltr'><strong>ciete</strong></span> <span class='ocrx_word' id='word_1_254' title='bbox 649 2770 684 2827; x_wconf 81' lang='grc'><strong>5</strong></span> <span class='ocrx_word' id='word_1_255' title='bbox 731 2786 860 2826; x_wconf 91' lang='lat' dir='ltr'><strong>non.</strong></span> <span class='ocrx_word' id='word_1_256' title='bbox 892 2771 1050 2827; x_wconf 87' lang='lat' dir='ltr'><strong>Mart.</strong></span> <span class='ocrx_word' id='word_1_257' title='bbox 1094 2771 1194 2827; x_wconf 92' lang='lat' dir='ltr'><strong>sub</strong></span> <span class='ocrx_word' id='word_1_258' title='bbox 1240 2771 1430 2827; x_wconf 87' lang='lat' dir='ltr'><strong>iisdem</strong></span> <span class='ocrx_word' id='word_1_259' title='bbox 1472 2770 1799 2826; x_wconf 90' lang='lat' dir='ltr'><strong>consulibus.</strong></span> <span class='ocrx_word' id='word_1_260' title='bbox 1857 2769 2074 2825; x_wconf 88' lang='lat' dir='ltr'><strong>Fortius</strong></span> 
     </span>
    </p>
   </div>
   <div class='ocr_carea' id='block_1_38' title="bbox 469 2841 2069 2914">
    <p class='ocr_par' dir='ltr' id='par_1_38' title="bbox 469 2841 2069 2914">
     <span class='ocr_line' id='line_1_38' title="bbox 469 2841 2069 2914; baseline -0.001 -18"><span class='ocrx_word' id='word_1_261' title='bbox 469 2851 626 2913; x_wconf 85' lang='lat' dir='ltr'><strong>urget</strong></span> <span class='ocrx_word' id='word_1_262' title='bbox 650 2843 986 2914; x_wconf 85' lang='lat' dir='ltr'><strong>exemplum,</strong></span> <span class='ocrx_word' id='word_1_263' title='bbox 1018 2842 1160 2914; x_wconf 89' lang='lat' dir='ltr'><strong>quod</strong></span> <span class='ocrx_word' id='word_1_264' title='bbox 1184 2844 1321 2898; x_wconf 89' lang='lat' dir='ltr'><strong>sumi</strong></span> <span class='ocrx_word' id='word_1_265' title='bbox 1349 2851 1523 2911; x_wconf 89' lang='lat' dir='ltr'><strong>potest</strong></span> <span class='ocrx_word' id='word_1_266' title='bbox 1547 2858 1612 2898; x_wconf 87' lang='lat' dir='ltr'><strong>ex</strong></span> <span class='ocrx_word' id='word_1_267' title='bbox 1647 2844 1682 2896; x_wconf 94' lang='lat' dir='ltr'><strong>l.</strong></span> <span class='ocrx_word' id='word_1_268' title='bbox 1706 2842 1762 2909; x_wconf 88' lang='grc'><strong>2,</strong></span> <span class='ocrx_word' id='word_1_269' title='bbox 1794 2842 1870 2896; x_wconf 86' lang='lat' dir='ltr'><strong>De</strong></span> <span class='ocrx_word' id='word_1_270' title='bbox 1888 2841 2069 2914; x_wconf 68' lang='lat' dir='ltr'><strong>poenis,</strong></span> 
     </span>
    </p>
   </div>
   <div class='ocr_carea' id='block_1_39' title="bbox 471 2912 2074 2985">
    <p class='ocr_par' dir='ltr' id='par_1_39' title="bbox 471 2912 2074 2985">
     <span class='ocr_line' id='line_1_39' title="bbox 471 2912 2074 2985; baseline -0.002 -17"><span class='ocrx_word' id='word_1_271' title='bbox 471 2922 527 2968; x_wconf 91' lang='lat' dir='ltr'><strong>et</strong></span> <span class='ocrx_word' id='word_1_272' title='bbox 548 2912 622 2968; x_wconf 89' lang='lat' dir='ltr'><strong>ex</strong></span> <span class='ocrx_word' id='word_1_273' title='bbox 650 2914 683 2967; x_wconf 92' lang='grc' dir='ltr'><strong>Ι.</strong></span> <span class='ocrx_word' id='word_1_274' title='bbox 716 2915 767 2981; x_wconf 94' lang='grc'><strong>1,</strong></span> <span class='ocrx_word' id='word_1_275' title='bbox 811 2912 872 2970; x_wconf 85' lang='lat' dir='ltr'><strong>Si</strong></span> <span class='ocrx_word' id='word_1_276' title='bbox 902 2912 1159 2985; x_wconf 72' lang='lat' dir='ltr'><strong>petitionis</strong></span> <span class='ocrx_word' id='word_1_277' title='bbox 1188 2914 1361 2985; x_wconf 79' lang='lat' dir='ltr'><strong>socius</strong></span> <span class='ocrx_word' id='word_1_278' title='bbox 1395 2914 1503 2969; x_wconf 87' lang='lat' dir='ltr'><strong>sine</strong></span> <span class='ocrx_word' id='word_1_279' title='bbox 1543 2914 1742 2969; x_wconf 76' lang='lat' dir='ltr'><strong>ltterede</strong></span> <span class='ocrx_word' id='word_1_280' title='bbox 1785 2912 2074 2985; x_wconf 82' lang='lat' dir='ltr'><strong>defecerit:</strong></span> 
     </span>
    </p>
   </div>
   <div class='ocr_carea' id='block_1_40' title="bbox 471 2982 2075 3056">
    <p class='ocr_par' dir='ltr' id='par_1_40' title="bbox 471 2982 2075 3056">
     <span class='ocr_line' id='line_1_40' title="bbox 471 2982 2075 3056; baseline -0.001 -17"><span class='ocrx_word' id='word_1_281' title='bbox 471 3000 697 3056; x_wconf 86' lang='lat' dir='ltr'><strong>quarum</strong></span> <span class='ocrx_word' id='word_1_282' title='bbox 721 2982 912 3056; x_wconf 75' lang='lat' dir='ltr'><strong>prima</strong></span> <span class='ocrx_word' id='word_1_283' title='bbox 942 2986 1064 3040; x_wconf 91' lang='lat' dir='ltr'><strong>data</strong></span> <span class='ocrx_word' id='word_1_284' title='bbox 1097 2984 1294 3042; x_wconf 90' lang='lat' dir='ltr'><strong>dicitur</strong></span> <span class='ocrx_word' id='word_1_285' title='bbox 1332 2982 1640 3049; x_wconf 87' lang='lat' dir='ltr'><strong>Cabillono,</strong></span> <span class='ocrx_word' id='word_1_286' title='bbox 1674 2982 1861 3040; x_wconf 76' lang='lat' dir='ltr'><strong>altera</strong></span> <span class='ocrx_word' id='word_1_287' title='bbox 1885 2984 2075 3039; x_wconf 88' lang='lat' dir='ltr'><strong>Antio-</strong></span> 
     </span>
    </p>
   </div>
   <div class='ocr_carea' id='block_1_41' title="bbox 469 3056 2074 3128">
    <p class='ocr_par' dir='ltr' id='par_1_41' title="bbox 469 3056 2074 3128">
     <span class='ocr_line' id='line_1_41' title="bbox 469 3056 2074 3128; baseline -0.002 -16"><span class='ocrx_word' id='word_1_288' title='bbox 469 3057 627 3123; x_wconf 68' lang='lat' dir='ltr'><strong>chiae,</strong></span> <span class='ocrx_word' id='word_1_289' title='bbox 674 3068 900 3127; x_wconf 87' lang='lat' dir='ltr'><strong>utraque</strong></span> <span class='ocrx_word' id='word_1_290' title='bbox 930 3056 998 3112; x_wconf 95' lang='grc'><strong>12</strong></span> <span class='ocrx_word' id='word_1_291' title='bbox 1043 3056 1151 3113; x_wconf 87' lang='lat' dir='ltr'><strong>kal.</strong></span> <span class='ocrx_word' id='word_1_292' title='bbox 1209 3056 1377 3128; x_wconf 82' lang='lat' dir='ltr'><strong>April.</strong></span> <span class='ocrx_word' id='word_1_293' title='bbox 1431 3057 1788 3112; x_wconf 87' lang='lat' dir='ltr'><strong>Constantino</strong></span> <span class='ocrx_word' id='word_1_294' title='bbox 1832 3057 1982 3128; x_wconf 82' lang='lat' dir='ltr'><strong>Aug.</strong></span> <span class='ocrx_word' id='word_1_295' title='bbox 2021 3070 2074 3109; x_wconf 80' lang='lat' dir='ltr'><strong>tv</strong></span> 
     </span>
    </p>
   </div>
   <div class='ocr_carea' id='block_1_42' title="bbox 468 3126 2073 3195">
    <p class='ocr_par' dir='ltr' id='par_1_42' title="bbox 468 3126 2073 3195">
     <span class='ocr_line' id='line_1_42' title="bbox 468 3126 2073 3195; baseline -0.002 -12"><span class='ocrx_word' id='word_1_296' title='bbox 468 3139 523 3183; x_wconf 90' lang='lat' dir='ltr'><strong>et</strong></span> <span class='ocrx_word' id='word_1_297' title='bbox 572 3129 779 3187; x_wconf 88' lang='lat' dir='ltr'><strong>Licinio</strong></span> <span class='ocrx_word' id='word_1_298' title='bbox 816 3126 910 3195; x_wconf 81' lang='lat' dir='ltr'><strong>tv,</strong></span> <span class='ocrx_word' id='word_1_299' title='bbox 945 3126 1277 3185; x_wconf 69' lang='lat' dir='ltr'><strong>consulibus.</strong></span> <span class='ocrx_word' id='word_1_300' title='bbox 1326 3126 1418 3182; x_wconf 89' lang='lat' dir='ltr'><strong>Vir</strong></span> <span class='ocrx_word' id='word_1_301' title='bbox 1465 3128 1811 3184; x_wconf 88' lang='lat' dir='ltr'><strong>doctissimus</strong></span> <span class='ocrx_word' id='word_1_302' title='bbox 1839 3127 2073 3182; x_wconf 84' lang='lat' dir='ltr'><strong>Jacobus</strong></span> 
     </span>
    </p>
   </div>
   <div class='ocr_carea' id='block_1_43' title="bbox 2158 478 3551 550">
    <p class='ocr_par' dir='ltr' id='par_1_43' title="bbox 2158 478 3551 550">
     <span class='ocr_line' id='line_1_43' title="bbox 2158 478 3551 550; baseline -0.002 -16"><span class='ocrx_word' id='word_1_303' title='bbox 2158 478 2336 534; x_wconf 78' lang='lat' dir='ltr'><strong>censis</strong></span> <span class='ocrx_word' id='word_1_304' title='bbox 2364 480 2624 550; x_wconf 74' lang='lat' dir='ltr'><strong>scriptum</strong></span> <span class='ocrx_word' id='word_1_305' title='bbox 2653 488 2737 533; x_wconf 87' lang='lat' dir='ltr'><strong>est</strong></span> <span class='ocrx_word' id='word_1_306' title='bbox 2765 494 2946 544; x_wconf 84' lang='lat' dir='ltr'><strong>causa,</strong></span> <span class='ocrx_word' id='word_1_307' title='bbox 2979 478 3230 550; x_wconf 83' lang='lat' dir='ltr'><strong>quamvis</strong></span> <span class='ocrx_word' id='word_1_308' title='bbox 3249 493 3356 550; x_wconf 84' lang='lat' dir='ltr'><strong>non</strong></span> <span class='ocrx_word' id='word_1_309' title='bbox 3383 478 3551 533; x_wconf 84' lang='lat' dir='ltr'><strong>bene.</strong></span> 
     </span>
    </p>
   </div>
   <div class='ocr_carea' id='block_1_44' title="bbox 2235 548 3748 614">
    <p class='ocr_par' dir='ltr' id='par_1_44' title="bbox 2235 548 3748 614">
     <span class='ocr_line' id='line_1_44' title="bbox 2235 548 3748 614; baseline 0.002 -11"><span class='ocrx_word' id='word_1_310' title='bbox 2235 550 2503 604; x_wconf 76' lang='lat' dir='ltr'><strong>Perintho.</strong></span> <span class='ocrx_word' id='word_1_311' title='bbox 2530 548 2587 604; x_wconf 91' lang='lat' dir='ltr'><strong>ld</strong></span> <span class='ocrx_word' id='word_1_312' title='bbox 2613 560 2716 614; x_wconf 87' lang='lat' dir='ltr'><strong>est,</strong></span> <span class='ocrx_word' id='word_1_313' title='bbox 2750 548 3025 606; x_wconf 80' lang='lat' dir='ltr'><strong>Heraclea.</strong></span> <span class='ocrx_word' id='word_1_314' title='bbox 3055 551 3146 606; x_wconf 91' lang='lat' dir='ltr'><strong>Sic</strong></span> <span class='ocrx_word' id='word_1_315' title='bbox 3171 549 3315 605; x_wconf 90' lang='lat' dir='ltr'><strong>enim</strong></span> <span class='ocrx_word' id='word_1_316' title='bbox 3335 561 3569 604; x_wconf 83' lang='lat' dir='ltr'><strong>vocatur</strong></span> <span class='ocrx_word' id='word_1_317' title='bbox 3598 549 3748 606; x_wconf 82' lang='lat' dir='ltr'><strong>Hera-</strong></span> 
     </span>
    </p>
   </div>
   <div class='ocr_carea' id='block_1_45' title="bbox 2158 620 3748 691">
    <p class='ocr_par' dir='ltr' id='par_1_45' title="bbox 2158 620 3748 691">
     <span class='ocr_line' id='line_1_45' title="bbox 2158 620 3748 691; baseline -0.001 -13"><span class='ocrx_word' id='word_1_318' title='bbox 2158 621 2272 678; x_wconf 89' lang='lat' dir='ltr'><strong>clea</strong></span> <span class='ocrx_word' id='word_1_319' title='bbox 2290 621 2629 688; x_wconf 73' lang='lat' dir='ltr'><strong>Thracitc,ad</strong></span> <span class='ocrx_word' id='word_1_320' title='bbox 2649 620 3007 677; x_wconf 77' lang='lat' dir='ltr'><strong>dillerentiam</strong></span> <span class='ocrx_word' id='word_1_321' title='bbox 3020 622 3247 677; x_wconf 86' lang='lat' dir='ltr'><strong>aliarum</strong></span> <span class='ocrx_word' id='word_1_322' title='bbox 3264 620 3516 691; x_wconf 85' lang='lat' dir='ltr'><strong>ejusdem</strong></span> <span class='ocrx_word' id='word_1_323' title='bbox 3532 622 3748 677; x_wconf 84' lang='lat' dir='ltr'><strong>nominis</strong></span> 
     </span>
    </p>
   </div>
   <div class='ocr_carea' id='block_1_46' title="bbox 2160 692 3747 759">
    <p class='ocr_par' dir='ltr' id='par_1_46' title="bbox 2160 692 3747 759">
     <span class='ocr_line' id='line_1_46' title="bbox 2160 692 3747 759; baseline 0 -11"><span class='ocrx_word' id='word_1_324' title='bbox 2160 693 2397 759; x_wconf 90' lang='lat' dir='ltr'><strong>urbium,</strong></span> <span class='ocrx_word' id='word_1_325' title='bbox 2430 703 2486 749; x_wconf 90' lang='lat' dir='ltr'><strong>ut</strong></span> <span class='ocrx_word' id='word_1_326' title='bbox 2516 702 2663 749; x_wconf 90' lang='lat' dir='ltr'><strong>recte</strong></span> <span class='ocrx_word' id='word_1_327' title='bbox 2684 694 2890 748; x_wconf 84' lang='lat' dir='ltr'><strong>notavit</strong></span> <span class='ocrx_word' id='word_1_328' title='bbox 2917 693 3182 749; x_wconf 82' lang='lat' dir='ltr'><strong>Henricus</strong></span> <span class='ocrx_word' id='word_1_329' title='bbox 3214 692 3550 747; x_wconf 54' lang='lat' dir='ltr'><strong>Valesiusad</strong></span> <span class='ocrx_word' id='word_1_330' title='bbox 3571 692 3747 748; x_wconf 81' lang='lat' dir='ltr'><strong>librum</strong></span> 
     </span>
    </p>
   </div>
   <div class='ocr_carea' id='block_1_47' title="bbox 2161 763 3751 835">
    <p class='ocr_par' dir='ltr' id='par_1_47' title="bbox 2161 763 3751 835">
     <span class='ocr_line' id='line_1_47' title="bbox 2161 763 3751 835; baseline 0 -16"><span class='ocrx_word' id='word_1_331' title='bbox 2161 779 2294 819; x_wconf 74' lang='lat' dir='ltr'><strong>xxii.</strong></span> <span class='ocrx_word' id='word_1_332' title='bbox 2357 766 2624 820; x_wconf 84' lang='lat' dir='ltr'><strong>Ammiani</strong></span> <span class='ocrx_word' id='word_1_333' title='bbox 2666 764 2981 820; x_wconf 82' lang='lat' dir='ltr'><strong>Marcellini.</strong></span> <span class='ocrx_word' id='word_1_334' title='bbox 3033 764 3395 835; x_wconf 87' lang='lat' dir='ltr'><strong>Menologium</strong></span> <span class='ocrx_word' id='word_1_335' title='bbox 3451 763 3751 835; x_wconf 60' lang='lat' dir='ltr'><strong>Graecorum</strong></span> 
     </span>
    </p>
   </div>
   <div class='ocr_carea' id='block_1_48' title="bbox 2158 834 3749 904">
    <p class='ocr_par' dir='ltr' id='par_1_48' title="bbox 2158 834 3749 904">
     <span class='ocr_line' id='line_1_48' title="bbox 2158 834 3749 904; baseline 0 -14"><span class='ocrx_word' id='word_1_336' title='bbox 2158 837 2222 890; x_wconf 85' lang='lat' dir='ltr'><strong>ad</strong></span> <span class='ocrx_word' id='word_1_337' title='bbox 2251 837 2393 892; x_wconf 71' lang='lat' dir='ltr'><strong>dicm</strong></span> <span class='ocrx_word' id='word_1_338' title='bbox 2421 836 2685 894; x_wconf 87' lang='lat' dir='ltr'><strong>decimam</strong></span> <span class='ocrx_word' id='word_1_339' title='bbox 2738 837 2889 891; x_wconf 87' lang='lat' dir='ltr'><strong>Maii:</strong></span> <span class='ocrx_word' id='word_1_340' title='bbox 2927 835 3230 891; x_wconf 83' lang='lat' dir='ltr'><strong>Perinthum</strong></span> <span class='ocrx_word' id='word_1_341' title='bbox 3258 834 3460 889; x_wconf 64' lang='lat' dir='ltr'><strong>urbem</strong></span> <span class='ocrx_word' id='word_1_342' title='bbox 3513 834 3749 904; x_wconf 71' lang='lat' dir='ltr'><strong>Thracia,</strong></span> 
     </span>
    </p>
   </div>
   <div class='ocr_carea' id='block_1_49' title="bbox 2156 907 3751 980">
    <p class='ocr_par' dir='ltr' id='par_1_49' title="bbox 2156 907 3751 980">
     <span class='ocr_line' id='line_1_49' title="bbox 2156 907 3751 980; baseline 0.001 -19"><span class='ocrx_word' id='word_1_343' title='bbox 2156 924 2273 980; x_wconf 85' lang='lat' dir='ltr'><strong>qute</strong></span> <span class='ocrx_word' id='word_1_344' title='bbox 2300 926 2434 963; x_wconf 90' lang='lat' dir='ltr'><strong>nunc</strong></span> <span class='ocrx_word' id='word_1_345' title='bbox 2466 908 2718 963; x_wconf 80' lang='lat' dir='ltr'><strong>Heraclea</strong></span> <span class='ocrx_word' id='word_1_346' title='bbox 2755 909 2963 962; x_wconf 82' lang='lat' dir='ltr'><strong>dicitur.</strong></span> <span class='ocrx_word' id='word_1_347' title='bbox 2999 909 3156 980; x_wconf 82' lang='lat' dir='ltr'><strong>Apud</strong></span> <span class='ocrx_word' id='word_1_348' title='bbox 3191 907 3472 965; x_wconf 84' lang='lat' dir='ltr'><strong>Canisium</strong></span> <span class='ocrx_word' id='word_1_349' title='bbox 3512 919 3641 962; x_wconf 81' lang='lat' dir='ltr'><strong>toni.</strong></span> <span class='ocrx_word' id='word_1_350' title='bbox 3671 924 3751 975; x_wconf 68' lang='grc' dir='ltr'><strong>ιι,</strong></span> 
     </span>
    </p>
   </div>
   <div class='ocr_carea' id='block_1_50' title="bbox 2160 980 3197 1050">
    <p class='ocr_par' dir='ltr' id='par_1_50' title="bbox 2160 980 3197 1050">
     <span class='ocr_line' id='line_1_50' title="bbox 2160 980 3197 1050; baseline 0.003 -17"><span class='ocrx_word' id='word_1_351' title='bbox 2160 982 2395 1048; x_wconf 66' lang='lat' dir='ltr'><strong>antiqua:</strong></span> <span class='ocrx_word' id='word_1_352' title='bbox 2426 982 2675 1037; x_wconf 87' lang='lat' dir='ltr'><strong>lectionis</strong></span> <span class='ocrx_word' id='word_1_353' title='bbox 2706 996 2827 1050; x_wconf 79' lang='lat' dir='ltr'><strong>pag.</strong></span> <span class='ocrx_word' id='word_1_354' title='bbox 2860 980 2986 1036; x_wconf 83' lang='lat'><strong>768.</strong></span> <span class='ocrx_word' id='word_1_355' title='bbox 3186 996 3197 1007; x_wconf 81' lang='lat'><strong><em>&#39;</em></strong></span> 
     </span>
    </p>
   </div>
   <div class='ocr_carea' id='block_1_51' title="bbox 2235 1050 3751 1123">
    <p class='ocr_par' dir='ltr' id='par_1_51' title="bbox 2235 1050 3751 1123">
     <span class='ocr_line' id='line_1_51' title="bbox 2235 1050 3751 1123; baseline -0.002 -18"><span class='ocrx_word' id='word_1_356' title='bbox 2235 1052 2404 1108; x_wconf 81' lang='lat' dir='ltr'><strong>Millia</strong></span> <span class='ocrx_word' id='word_1_357' title='bbox 2434 1055 2602 1107; x_wconf 85' lang='lat' dir='ltr'><strong>decem</strong></span> <span class='ocrx_word' id='word_1_358' title='bbox 2625 1063 2669 1105; x_wconf 90' lang='lat' dir='ltr'><strong>et</strong></span> <span class='ocrx_word' id='word_1_359' title='bbox 2702 1063 2836 1106; x_wconf 83' lang='lat' dir='ltr'><strong>octo.</strong></span> <span class='ocrx_word' id='word_1_360' title='bbox 2869 1050 3023 1107; x_wconf 89' lang='lat' dir='ltr'><strong>Circa</strong></span> <span class='ocrx_word' id='word_1_361' title='bbox 3055 1051 3331 1117; x_wconf 80' lang='lat' dir='ltr'><strong>Resiston,</strong></span> <span class='ocrx_word' id='word_1_362' title='bbox 3352 1051 3451 1123; x_wconf 91' lang='lat' dir='ltr'><strong>qui</strong></span> <span class='ocrx_word' id='word_1_363' title='bbox 3478 1050 3632 1104; x_wconf 91' lang='lat' dir='ltr'><strong>locus</strong></span> <span class='ocrx_word' id='word_1_364' title='bbox 3654 1050 3751 1123; x_wconf 69' lang='lat' dir='ltr'><strong>pri-</strong></span> 
     </span>
    </p>
   </div>
   <div class='ocr_carea' id='block_1_52' title="bbox 2160 1121 3757 1180">
    <p class='ocr_par' dir='ltr' id='par_1_52' title="bbox 2160 1121 3757 1180">
     <span class='ocr_line' id='line_1_52' title="bbox 2160 1121 3757 1180; baseline -0.001 -1"><span class='ocrx_word' id='word_1_365' title='bbox 2160 1139 2281 1179; x_wconf 89' lang='lat' dir='ltr'><strong>mus</strong></span> <span class='ocrx_word' id='word_1_366' title='bbox 2307 1125 2543 1180; x_wconf 91' lang='lat' dir='ltr'><strong>occurrit</strong></span> <span class='ocrx_word' id='word_1_367' title='bbox 2575 1126 2626 1178; x_wconf 90' lang='lat' dir='ltr'><strong>in</strong></span> <span class='ocrx_word' id='word_1_368' title='bbox 2668 1124 2950 1179; x_wconf 89' lang='lat' dir='ltr'><strong>ltincrario</strong></span> <span class='ocrx_word' id='word_1_369' title='bbox 2996 1124 3252 1179; x_wconf 83' lang='lat' dir='ltr'><strong>Antonini</strong></span> <span class='ocrx_word' id='word_1_370' title='bbox 3285 1121 3549 1180; x_wconf 85' lang='lat' dir='ltr'><strong>euntibus</strong></span> <span class='ocrx_word' id='word_1_371' title='bbox 3578 1124 3643 1176; x_wconf 88' lang='lat' dir='ltr'><strong>ab</strong></span> <span class='ocrx_word' id='word_1_372' title='bbox 3668 1121 3757 1177; x_wconf 82' lang='lat' dir='ltr'><strong>lle-</strong></span> 
     </span>
    </p>
   </div>
   <div class='ocr_carea' id='block_1_53' title="bbox 2159 1194 3755 1268">
    <p class='ocr_par' dir='ltr' id='par_1_53' title="bbox 2159 1194 3755 1268">
     <span class='ocr_line' id='line_1_53' title="bbox 2159 1194 3755 1268; baseline -0.001 -18"><span class='ocrx_word' id='word_1_373' title='bbox 2159 1202 2335 1252; x_wconf 83' lang='lat' dir='ltr'><strong>raclea</strong></span> <span class='ocrx_word' id='word_1_374' title='bbox 2366 1195 2803 1265; x_wconf 82' lang='lat' dir='ltr'><strong>Hadrianopolim</strong></span> <span class='ocrx_word' id='word_1_375' title='bbox 2827 1236 2842 1264; x_wconf 94' lang='lat'><strong>,</strong></span> <span class='ocrx_word' id='word_1_376' title='bbox 2872 1211 3198 1268; x_wconf 88' lang='lat' dir='ltr'><strong>quamquam</strong></span> <span class='ocrx_word' id='word_1_377' title='bbox 3222 1196 3299 1251; x_wconf 86' lang='lat' dir='ltr'><strong>ibi</strong></span> <span class='ocrx_word' id='word_1_378' title='bbox 3326 1194 3539 1251; x_wconf 90' lang='lat' dir='ltr'><strong>dicitur</strong></span> <span class='ocrx_word' id='word_1_379' title='bbox 3588 1194 3755 1249; x_wconf 86' lang='lat' dir='ltr'><strong>abesse</strong></span> 
     </span>
    </p>
   </div>
   <div class='ocr_carea' id='block_1_54' title="bbox 2162 1267 2812 1323">
    <p class='ocr_par' dir='ltr' id='par_1_54' title="bbox 2162 1267 2812 1323">
     <span class='ocr_line' id='line_1_54' title="bbox 2162 1267 2812 1323; baseline -0.005 0"><span class='ocrx_word' id='word_1_380' title='bbox 2162 1280 2218 1323; x_wconf 81' lang='lat' dir='ltr'><strong>tt.</strong></span> <span class='ocrx_word' id='word_1_381' title='bbox 2249 1284 2296 1323; x_wconf 77' lang='grc' dir='ltr'><strong>ρ.</strong></span> <span class='ocrx_word' id='word_1_382' title='bbox 2326 1269 2397 1322; x_wconf 81' lang='grc'><strong>22</strong></span> <span class='ocrx_word' id='word_1_383' title='bbox 2429 1268 2497 1323; x_wconf 79' lang='lat' dir='ltr'><strong>ab</strong></span> <span class='ocrx_word' id='word_1_384' title='bbox 2529 1267 2812 1323; x_wconf 88' lang='lat' dir='ltr'><strong>Heraclea.</strong></span> 
     </span>
    </p>
   </div>
   <div class='ocr_carea' id='block_1_55' title="bbox 2234 1337 3757 1410">
    <p class='ocr_par' dir='ltr' id='par_1_55' title="bbox 2234 1337 3757 1410">
     <span class='ocr_line' id='line_1_55' title="bbox 2234 1337 3757 1410; baseline -0.004 -16"><span class='ocrx_word' id='word_1_385' title='bbox 2234 1339 2525 1395; x_wconf 86' lang='lat' dir='ltr'><strong>Secundam</strong></span> <span class='ocrx_word' id='word_1_386' title='bbox 2573 1339 2906 1394; x_wconf 82' lang='lat' dir='ltr'><strong>mansionem.</strong></span> <span class='ocrx_word' id='word_1_387' title='bbox 2930 1337 3383 1410; x_wconf 76' lang='lat' dir='ltr'><strong>Repraesentanda</strong></span> <span class='ocrx_word' id='word_1_388' title='bbox 3432 1345 3523 1393; x_wconf 85' lang='lat' dir='ltr'><strong>est</strong></span> <span class='ocrx_word' id='word_1_389' title='bbox 3552 1351 3757 1410; x_wconf 53' lang='lat' dir='ltr'><strong>rursum</strong></span> 
     </span>
    </p>
   </div>
   <div class='ocr_carea' id='block_1_56' title="bbox 2160 1408 3756 1483">
    <p class='ocr_par' dir='ltr' id='par_1_56' title="bbox 2160 1408 3756 1483">
     <span class='ocr_line' id='line_1_56' title="bbox 2160 1408 3756 1483; baseline -0.004 -17"><span class='ocrx_word' id='word_1_390' title='bbox 2160 1411 2421 1483; x_wconf 89' lang='lat' dir='ltr'><strong>scriptura</strong></span> <span class='ocrx_word' id='word_1_391' title='bbox 2455 1412 2652 1467; x_wconf 84' lang='lat' dir='ltr'><strong>veteris</strong></span> <span class='ocrx_word' id='word_1_392' title='bbox 2680 1408 3025 1483; x_wconf 60' lang='lat' dir='ltr'><strong>exemplaris;</strong></span> <span class='ocrx_word' id='word_1_393' title='bbox 3048 1426 3168 1483; x_wconf 61' lang='lat' dir='ltr'><strong>qum</strong></span> <span class='ocrx_word' id='word_1_394' title='bbox 3194 1411 3272 1465; x_wconf 90' lang='lat' dir='ltr'><strong>sic</strong></span> <span class='ocrx_word' id='word_1_395' title='bbox 3294 1410 3463 1483; x_wconf 83' lang='lat' dir='ltr'><strong>habet</strong></span> <span class='ocrx_word' id='word_1_396' title='bbox 3494 1426 3509 1461; x_wconf 91' lang='lat'>:</span> <span class='ocrx_word' id='word_1_397' title='bbox 3537 1408 3756 1483; x_wconf 74' lang='lat' dir='ltr'><strong>Secunde</strong></span> 
     </span>
    </p>
   </div>
   <div class='ocr_carea' id='block_1_57' title="bbox 2160 1480 3759 1550">
    <p class='ocr_par' dir='ltr' id='par_1_57' title="bbox 2160 1480 3759 1550">
     <span class='ocr_line' id='line_1_57' title="bbox 2160 1480 3759 1550; baseline -0.002 -14"><span class='ocrx_word' id='word_1_398' title='bbox 2160 1480 2426 1537; x_wconf 74' lang='lat' dir='ltr'><strong>mansione</strong></span> <span class='ocrx_word' id='word_1_399' title='bbox 2445 1490 2640 1538; x_wconf 82' lang='lat' dir='ltr'><strong>tenente</strong></span> <span class='ocrx_word' id='word_1_400' title='bbox 2674 1482 3172 1550; x_wconf 63' lang='lat' dir='ltr'><strong>destanteémilitibus</strong></span> <span class='ocrx_word' id='word_1_401' title='bbox 3194 1482 3511 1550; x_wconf 85' lang='lat' dir='ltr'><strong>totidemque</strong></span> <span class='ocrx_word' id='word_1_402' title='bbox 3533 1480 3759 1534; x_wconf 79' lang='lat' dir='ltr'><strong>collectis.</strong></span> 
     </span>
    </p>
   </div>
   <div class='ocr_carea' id='block_1_58' title="bbox 2161 1551 3761 1626">
    <p class='ocr_par' dir='ltr' id='par_1_58' title="bbox 2161 1551 3761 1626">
     <span class='ocr_line' id='line_1_58' title="bbox 2161 1551 3761 1626; baseline -0.004 -17"><span class='ocrx_word' id='word_1_403' title='bbox 2161 1553 2270 1609; x_wconf 84' lang='lat' dir='ltr'><strong>Nos</strong></span> <span class='ocrx_word' id='word_1_404' title='bbox 2308 1556 2435 1610; x_wconf 90' lang='lat' dir='ltr'><strong>olim</strong></span> <span class='ocrx_word' id='word_1_405' title='bbox 2475 1559 2882 1626; x_wconf 80' lang='lat' dir='ltr'><strong>conjeceramus</strong></span> <span class='ocrx_word' id='word_1_406' title='bbox 2938 1554 3223 1626; x_wconf 85' lang='lat' dir='ltr'><strong>legendum</strong></span> <span class='ocrx_word' id='word_1_407' title='bbox 3262 1568 3435 1626; x_wconf 83' lang='lat' dir='ltr'><strong>esse:</strong></span> <span class='ocrx_word' id='word_1_408' title='bbox 3485 1551 3761 1626; x_wconf 70' lang='lat' dir='ltr'><strong>Secundae:</strong></span> 
     </span>
    </p>
   </div>
   <div class='ocr_carea' id='block_1_59' title="bbox 2162 1623 3758 1693">
    <p class='ocr_par' dir='ltr' id='par_1_59' title="bbox 2162 1623 3758 1693">
     <span class='ocr_line' id='line_1_59' title="bbox 2162 1623 3758 1693; baseline -0.003 -14"><span class='ocrx_word' id='word_1_409' title='bbox 2162 1628 2476 1682; x_wconf 82' lang='lat' dir='ltr'><strong>mansionem</strong></span> <span class='ocrx_word' id='word_1_410' title='bbox 2493 1623 2688 1682; x_wconf 79' lang='lat' dir='ltr'><strong>tenente</strong></span> <span class='ocrx_word' id='word_1_411' title='bbox 2708 1624 2977 1680; x_wconf 78' lang='lat' dir='ltr'><strong>distantem</strong></span> <span class='ocrx_word' id='word_1_412' title='bbox 2992 1623 3243 1680; x_wconf 81' lang='lat' dir='ltr'><strong>militibus</strong></span> <span class='ocrx_word' id='word_1_413' title='bbox 3265 1625 3482 1679; x_wconf 82' lang='lat' dir='ltr'><strong>totidem</strong></span> <span class='ocrx_word' id='word_1_414' title='bbox 3498 1634 3650 1693; x_wconf 79' lang='lat' dir='ltr'><strong>atque</strong></span> <span class='ocrx_word' id='word_1_415' title='bbox 3667 1623 3758 1676; x_wconf 76' lang='lat' dir='ltr'><strong>col-</strong></span> 
     </span>
    </p>
   </div>
   <div class='ocr_carea' id='block_1_60' title="bbox 2162 1695 3759 1770">
    <p class='ocr_par' dir='ltr' id='par_1_60' title="bbox 2162 1695 3759 1770">
     <span class='ocr_line' id='line_1_60' title="bbox 2162 1695 3759 1770; baseline -0.003 -18"><span class='ocrx_word' id='word_1_416' title='bbox 2162 1698 2322 1753; x_wconf 77' lang='lat' dir='ltr'><strong>lectis.</strong></span> <span class='ocrx_word' id='word_1_417' title='bbox 2378 1698 2569 1754; x_wconf 84' lang='lat' dir='ltr'><strong>Postea</strong></span> <span class='ocrx_word' id='word_1_418' title='bbox 2605 1698 2960 1752; x_wconf 69' lang='lat' dir='ltr'><strong>animadverti</strong></span> <span class='ocrx_word' id='word_1_419' title='bbox 2992 1698 3363 1770; x_wconf 85' lang='lat' dir='ltr'><strong>conjeCturam</strong></span> <span class='ocrx_word' id='word_1_420' title='bbox 3408 1695 3759 1770; x_wconf 73' lang='lat' dir='ltr'><strong>Britannicam</strong></span> 
     </span>
    </p>
   </div>
   <div class='ocr_carea' id='block_1_61' title="bbox 2166 1765 3762 1835">
    <p class='ocr_par' dir='ltr' id='par_1_61' title="bbox 2166 1765 3762 1835">
     <span class='ocr_line' id='line_1_61' title="bbox 2166 1765 3762 1835; baseline -0.002 -12"><span class='ocrx_word' id='word_1_421' title='bbox 2166 1786 2271 1825; x_wconf 93' lang='lat' dir='ltr'><strong>non</strong></span> <span class='ocrx_word' id='word_1_422' title='bbox 2304 1770 2477 1827; x_wconf 87' lang='lat' dir='ltr'><strong>solum</strong></span> <span class='ocrx_word' id='word_1_423' title='bbox 2529 1770 2922 1825; x_wconf 86' lang='lat' dir='ltr'><strong>distinctiorem</strong></span> <span class='ocrx_word' id='word_1_424' title='bbox 2954 1765 3113 1835; x_wconf 67' lang='lat' dir='ltr'><strong>esse,</strong></span> <span class='ocrx_word' id='word_1_425' title='bbox 3141 1768 3236 1824; x_wconf 89' lang='lat' dir='ltr'><strong>sed</strong></span> <span class='ocrx_word' id='word_1_426' title='bbox 3287 1783 3521 1830; x_wconf 89' lang='lat' dir='ltr'><strong>veram;</strong></span> <span class='ocrx_word' id='word_1_427' title='bbox 3555 1765 3762 1835; x_wconf 84' lang='lat' dir='ltr'><strong>ideoque</strong></span> 
     </span>
    </p>
   </div>
   <div class='ocr_carea' id='block_1_62' title="bbox 2170 1838 3761 1910">
    <p class='ocr_par' dir='ltr' id='par_1_62' title="bbox 2170 1838 3761 1910">
     <span class='ocr_line' id='line_1_62' title="bbox 2170 1838 3761 1910; baseline -0.004 -15"><span class='ocrx_word' id='word_1_428' title='bbox 2170 1841 2315 1897; x_wconf 90' lang='lat' dir='ltr'><strong>illam</strong></span> <span class='ocrx_word' id='word_1_429' title='bbox 2344 1842 2591 1897; x_wconf 87' lang='lat' dir='ltr'><strong>transtuli</strong></span> <span class='ocrx_word' id='word_1_430' title='bbox 2630 1843 2683 1895; x_wconf 91' lang='lat' dir='ltr'><strong>in</strong></span> <span class='ocrx_word' id='word_1_431' title='bbox 2714 1848 2938 1895; x_wconf 88' lang='lat' dir='ltr'><strong>textum.</strong></span> <span class='ocrx_word' id='word_1_432' title='bbox 2963 1840 3301 1910; x_wconf 81' lang='lat' dir='ltr'><strong>Quamquam</strong></span> <span class='ocrx_word' id='word_1_433' title='bbox 3330 1838 3637 1895; x_wconf 89' lang='lat' dir='ltr'><strong>Columbus</strong></span> <span class='ocrx_word' id='word_1_434' title='bbox 3672 1853 3761 1890; x_wconf 89' lang='lat' dir='ltr'><strong>non</strong></span> 
     </span>
    </p>
   </div>
   <div class='ocr_carea' id='block_1_63' title="bbox 2168 1910 3760 2039">
    <p class='ocr_par' dir='ltr' id='par_1_63' title="bbox 2168 1910 3760 2039">
     <span class='ocr_line' id='line_1_63' title="bbox 2168 1910 3760 2039; baseline -0.005 -70"><span class='ocrx_word' id='word_1_435' title='bbox 2168 1914 2450 2039; x_wconf 63' lang='lat' dir='ltr'><strong>probatcx</strong></span> <span class='ocrx_word' id='word_1_436' title='bbox 2500 1928 2563 1970; x_wconf 85' lang='lat' dir='ltr'><strong>ea</strong></span> <span class='ocrx_word' id='word_1_437' title='bbox 2594 1912 2976 1970; x_wconf 86' lang='lat' dir='ltr'><strong>emendatione</strong></span> <span class='ocrx_word' id='word_1_438' title='bbox 3029 1913 3172 1984; x_wconf 91' lang='lat' dir='ltr'><strong>quod</strong></span> <span class='ocrx_word' id='word_1_439' title='bbox 3219 1927 3249 1966; x_wconf 86' lang='lat' dir='ltr'><strong>a</strong></span> <span class='ocrx_word' id='word_1_440' title='bbox 3295 1912 3456 1967; x_wconf 90' lang='lat' dir='ltr'><strong>nobis</strong></span> <span class='ocrx_word' id='word_1_441' title='bbox 3514 1910 3760 1981; x_wconf 87' lang='lat' dir='ltr'><strong>prolatum</strong></span> 
     </span>
     <span class='ocr_line' id='line_1_64' title="bbox 2195 1997 2373 2039; baseline 0 0"><span class='ocrx_word' id='word_1_442' title='bbox 2195 1997 2373 2039; x_wconf 89' lang='lat' dir='ltr'><strong>uerat.</strong></span> 
     </span>
    </p>
   </div>
   <div class='ocr_carea' id='block_1_64' title="bbox 2195 1997 2373 2042">
    <p class='ocr_par' dir='ltr' id='par_1_64' title="bbox 2195 1997 2373 2042">
     <span class='ocr_line' id='line_1_65' title="bbox 2195 1997 2373 2042; baseline -0.006 -2"><span class='ocrx_word' id='word_1_443' title='bbox 2195 1997 2373 2042; x_wconf 88' lang='lat' dir='ltr'><strong>uerat.</strong></span> 
     </span>
    </p>
   </div>
   <div class='ocr_carea' id='block_1_65' title="bbox 2737 2075 3179 2137">
    <p class='ocr_par' dir='ltr' id='par_1_65' title="bbox 2737 2075 3179 2137">
     <span class='ocr_line' id='line_1_66' title="bbox 2737 2075 3179 2137; baseline 0 -4"><span class='ocrx_word' id='word_1_444' title='bbox 2737 2075 2965 2137; x_wconf 86' lang='lat' dir='ltr'><strong>CAPUT</strong></span> <span class='ocrx_word' id='word_1_445' title='bbox 2994 2076 3179 2134; x_wconf 79' lang='lat' dir='ltr'><strong>XLVI.</strong></span> 
     </span>
    </p>
   </div>
   <div class='ocr_carea' id='block_1_66' title="bbox 2239 2192 3755 2253">
    <p class='ocr_par' dir='ltr' id='par_1_66' title="bbox 2239 2192 3755 2253">
     <span class='ocr_line' id='line_1_67' title="bbox 2239 2192 3755 2253; baseline -0.004 0"><span class='ocrx_word' id='word_1_446' title='bbox 2239 2196 2451 2253; x_wconf 84' lang='lat' dir='ltr'><strong>Summe</strong></span> <span class='ocrx_word' id='word_1_447' title='bbox 2471 2194 2629 2251; x_wconf 83' lang='lat' dir='ltr'><strong>Deus.</strong></span> <span class='ocrx_word' id='word_1_448' title='bbox 2664 2193 2761 2250; x_wconf 86' lang='lat' dir='ltr'><strong>Vir</strong></span> <span class='ocrx_word' id='word_1_449' title='bbox 2808 2193 3140 2251; x_wconf 89' lang='lat' dir='ltr'><strong>clarissimus</strong></span> <span class='ocrx_word' id='word_1_450' title='bbox 3190 2193 3433 2251; x_wconf 82' lang='lat' dir='ltr'><strong>Joannes</strong></span> <span class='ocrx_word' id='word_1_451' title='bbox 3479 2192 3755 2249; x_wconf 86' lang='lat' dir='ltr'><strong>Columbus</strong></span> 
     </span>
    </p>
   </div>
   <div class='ocr_carea' id='block_1_67' title="bbox 2168 2265 3759 2341">
    <p class='ocr_par' dir='ltr' id='par_1_67' title="bbox 2168 2265 3759 2341">
     <span class='ocr_line' id='line_1_68' title="bbox 2168 2265 3759 2341; baseline -0.005 -17"><span class='ocrx_word' id='word_1_452' title='bbox 2168 2278 2353 2341; x_wconf 86' lang='lat' dir='ltr'><strong>putat,</strong></span> <span class='ocrx_word' id='word_1_453' title='bbox 2382 2267 2451 2341; x_wconf 88' lang='lat' dir='ltr'><strong>ad</strong></span> <span class='ocrx_word' id='word_1_454' title='bbox 2482 2268 2621 2341; x_wconf 65' lang='lat' dir='ltr'><strong>hanc</strong></span> <span class='ocrx_word' id='word_1_455' title='bbox 2668 2268 2968 2341; x_wconf 80' lang='lat' dir='ltr'><strong>orationem</strong></span> <span class='ocrx_word' id='word_1_456' title='bbox 3018 2268 3291 2341; x_wconf 74' lang='lat' dir='ltr'><strong>respicere</strong></span> <span class='ocrx_word' id='word_1_457' title='bbox 3343 2265 3759 2341; x_wconf 67' lang='lat' dir='ltr'><strong>Eusebium__lib.</strong></span> 
     </span>
    </p>
   </div>
   <div class='ocr_carea' id='block_1_68' title="bbox 2170 2336 3757 2408">
    <p class='ocr_par' dir='ltr' id='par_1_68' title="bbox 2170 2336 3757 2408">
     <span class='ocr_line' id='line_1_69' title="bbox 2170 2336 3757 2408; baseline -0.006 -11"><span class='ocrx_word' id='word_1_458' title='bbox 2170 2336 2220 2397; x_wconf 81' lang='lat' dir='ltr'><strong>iv</strong></span> <span class='ocrx_word' id='word_1_459' title='bbox 2266 2341 2334 2397; x_wconf 89' lang='lat' dir='ltr'><strong>de</strong></span> <span class='ocrx_word' id='word_1_460' title='bbox 2366 2340 2487 2395; x_wconf 84' lang='lat' dir='ltr'><strong>Vita</strong></span> <span class='ocrx_word' id='word_1_461' title='bbox 2527 2337 2863 2394; x_wconf 87' lang='lat' dir='ltr'><strong>Constantini</strong></span> <span class='ocrx_word' id='word_1_462' title='bbox 2891 2352 3009 2408; x_wconf 88' lang='lat' dir='ltr'><strong>cap.</strong></span> <span class='ocrx_word' id='word_1_463' title='bbox 3044 2338 3131 2399; x_wconf 87' lang='grc'><strong>19,</strong></span> <span class='ocrx_word' id='word_1_464' title='bbox 3176 2338 3306 2392; x_wconf 90' lang='lat' dir='ltr'><strong>dum</strong></span> <span class='ocrx_word' id='word_1_465' title='bbox 3354 2337 3592 2400; x_wconf 84' lang='lat' dir='ltr'><strong>scribit,</strong></span> <span class='ocrx_word' id='word_1_466' title='bbox 3625 2336 3757 2390; x_wconf 86' lang='lat' dir='ltr'><strong>illum</strong></span> 
     </span>
    </p>
   </div>
   <div class='ocr_carea' id='block_1_69' title="bbox 2171 2408 3761 2480">
    <p class='ocr_par' dir='ltr' id='par_1_69' title="bbox 2171 2408 3761 2480">
     <span class='ocr_line' id='line_1_70' title="bbox 2171 2408 3761 2480; baseline -0.005 -12"><span class='ocrx_word' id='word_1_467' title='bbox 2171 2413 2433 2468; x_wconf 87' lang='lat' dir='ltr'><strong>militibus</strong></span> <span class='ocrx_word' id='word_1_468' title='bbox 2461 2454 2474 2476; x_wconf 87' lang='lat'><strong>,</strong></span> <span class='ocrx_word' id='word_1_469' title='bbox 2506 2411 2596 2480; x_wconf 91' lang='lat' dir='ltr'><strong>qui</strong></span> <span class='ocrx_word' id='word_1_470' title='bbox 2624 2410 2819 2465; x_wconf 72' lang='lat' dir='ltr'><strong>divinte</strong></span> <span class='ocrx_word' id='word_1_471' title='bbox 2866 2411 2986 2465; x_wconf 84' lang='lat' dir='ltr'><strong>tidei</strong></span> <span class='ocrx_word' id='word_1_472' title='bbox 3017 2408 3317 2465; x_wconf 87' lang='lat' dir='ltr'><strong>doctrinam</strong></span> <span class='ocrx_word' id='word_1_473' title='bbox 3362 2409 3624 2480; x_wconf 12' lang='lat' dir='ltr'><strong>nondum,</strong></span> <span class='ocrx_word' id='word_1_474' title='bbox 3659 2423 3761 2480; x_wconf 86' lang='lat' dir='ltr'><strong>sus-</strong></span> 
     </span>
    </p>
   </div>
   <div class='ocr_carea' id='block_1_70' title="bbox 2171 2479 3764 2556">
    <p class='ocr_par' dir='ltr' id='par_1_70' title="bbox 2171 2479 3764 2556">
     <span class='ocr_line' id='line_1_71' title="bbox 2171 2479 3764 2556; baseline -0.005 -15"><span class='ocrx_word' id='word_1_475' title='bbox 2171 2492 2429 2556; x_wconf 87' lang='lat' dir='ltr'><strong>ceperant</strong></span> <span class='ocrx_word' id='word_1_476' title='bbox 2450 2525 2463 2547; x_wconf 91' lang='lat'><strong>,</strong></span> <span class='ocrx_word' id='word_1_477' title='bbox 2483 2479 2601 2554; x_wconf 86' lang='lat' dir='ltr'><strong>lege</strong></span> <span class='ocrx_word' id='word_1_478' title='bbox 2642 2481 2748 2537; x_wconf 89' lang='lat' dir='ltr'><strong>lata</strong></span> <span class='ocrx_word' id='word_1_479' title='bbox 2778 2481 3100 2556; x_wconf 72' lang='lat' dir='ltr'><strong>prtecepisse</strong></span> <span class='ocrx_word' id='word_1_480' title='bbox 3120 2523 3136 2547; x_wconf 93' lang='lat'><strong>,</strong></span> <span class='ocrx_word' id='word_1_481' title='bbox 3171 2490 3229 2537; x_wconf 88' lang='lat' dir='ltr'><strong>ut</strong></span> <span class='ocrx_word' id='word_1_482' title='bbox 3257 2481 3572 2556; x_wconf 77' lang='lat' dir='ltr'><strong>dominicis</strong></span> <span class='ocrx_word' id='word_1_483' title='bbox 3596 2479 3764 2533; x_wconf 75' lang='lat' dir='ltr'><strong>diebus</strong></span> 
     </span>
    </p>
   </div>
   <div class='ocr_carea' id='block_1_71' title="bbox 2174 2552 3756 2625">
    <p class='ocr_par' dir='ltr' id='par_1_71' title="bbox 2174 2552 3756 2625">
     <span class='ocr_line' id='line_1_72' title="bbox 2174 2552 3756 2625; baseline -0.006 -13"><span class='ocrx_word' id='word_1_484' title='bbox 2174 2552 2515 2625; x_wconf 62' lang='lat' dir='ltr'><strong>in&#39;campum</strong></span> <span class='ocrx_word' id='word_1_485' title='bbox 2548 2552 2765 2621; x_wconf 47' lang='lat' dir='ltr'><strong>&#39;pnrum</strong></span> <span class='ocrx_word' id='word_1_486' title='bbox 2821 2552 3209 2625; x_wconf 86' lang='lat' dir='ltr'><strong>procederent,</strong></span> <span class='ocrx_word' id='word_1_487' title='bbox 3253 2562 3309 2609; x_wconf 87' lang='lat' dir='ltr'><strong>et</strong></span> <span class='ocrx_word' id='word_1_488' title='bbox 3360 2553 3756 2625; x_wconf 72' lang='lat' dir='ltr'><strong>precationem,</strong></span> 
     </span>
    </p>
   </div>
   <div class='ocr_carea' id='block_1_72' title="bbox 2207 2620 3761 2694">
    <p class='ocr_par' dir='ltr' id='par_1_72' title="bbox 2207 2620 3761 2694">
     <span class='ocr_line' id='line_1_73' title="bbox 2207 2620 3761 2694; baseline -0.005 -11"><span class='ocrx_word' id='word_1_489' title='bbox 2207 2644 2327 2684; x_wconf 83' lang='lat' dir='ltr'><strong>uani</strong></span> <span class='ocrx_word' id='word_1_490' title='bbox 2352 2620 2503 2681; x_wconf 77' lang='lat' dir='ltr'><strong>antea</strong></span> <span class='ocrx_word' id='word_1_491' title='bbox 2550 2620 2885 2693; x_wconf 79' lang='lat' dir='ltr'><strong>didicissent,</strong></span> <span class='ocrx_word' id='word_1_492' title='bbox 2936 2624 3094 2679; x_wconf 84' lang='lat' dir='ltr'><strong>simul</strong></span> <span class='ocrx_word' id='word_1_493' title='bbox 3124 2639 3316 2680; x_wconf 90' lang='lat' dir='ltr'><strong>omnes</strong></span> <span class='ocrx_word' id='word_1_494' title='bbox 3355 2620 3521 2694; x_wconf 74' lang='lat' dir='ltr'><strong>signo</strong></span> <span class='ocrx_word' id='word_1_495' title='bbox 3551 2624 3673 2694; x_wconf 86' lang='lat' dir='ltr'><strong>dato</strong></span> <span class='ocrx_word' id='word_1_496' title='bbox 3707 2620 3761 2675; x_wconf 82' lang='lat' dir='ltr'><strong>ad</strong></span> 
     </span>
    </p>
   </div>
   <div class='ocr_carea' id='block_1_73' title="bbox 2173 2645 3761 2766">
    <p class='ocr_par' dir='ltr' id='par_1_73' title="bbox 2173 2645 3761 2766">
     <span class='ocr_line' id='line_1_74' title="bbox 2207 2645 3761 2694; baseline -0.005 -11"><span class='ocrx_word' id='word_1_497' title='bbox 2207 2645 2327 2684; x_wconf 82' lang='lat' dir='ltr'><strong>nam</strong></span> <span class='ocrx_word' id='word_1_498' title='bbox 2352 2645 2503 2681; x_wconf 84' lang='lat' dir='ltr'><strong>antea</strong></span> <span class='ocrx_word' id='word_1_499' title='bbox 2550 2645 2847 2679; x_wconf 76' lang='lat' dir='ltr'><strong>mutassent</strong></span> <span class='ocrx_word' id='word_1_500' title='bbox 2869 2666 2885 2693; x_wconf 77' lang='grc'><strong>,</strong></span> <span class='ocrx_word' id='word_1_501' title='bbox 2936 2645 3094 2679; x_wconf 66' lang='grc'><strong>81111111</strong></span> <span class='ocrx_word' id='word_1_502' title='bbox 3124 2645 3316 2680; x_wconf 81' lang='lat' dir='ltr'><strong>omnes</strong></span> <span class='ocrx_word' id='word_1_503' title='bbox 3355 2645 3521 2694; x_wconf 61' lang='grc' dir='ltr'><strong>ΜΒηο</strong></span> <span class='ocrx_word' id='word_1_504' title='bbox 3551 2645 3673 2677; x_wconf 76' lang='lat' dir='ltr'><strong>(law</strong></span> <span class='ocrx_word' id='word_1_505' title='bbox 3707 2645 3761 2675; x_wconf 69' lang='lat' dir='ltr'><strong>au</strong></span> 
     </span>
     <span class='ocr_line' id='line_1_75' title="bbox 2173 2645 3761 2766; baseline -0.007 -10"><span class='ocrx_word' id='word_1_506' title='bbox 2173 2645 2344 2756; x_wconf 54' lang='lat' dir='ltr'><strong>geum</strong></span> <span class='ocrx_word' id='word_1_507' title='bbox 2378 2698 2696 2753; x_wconf 83' lang='lat' dir='ltr'><strong>funderent.</strong></span> <span class='ocrx_word' id='word_1_508' title='bbox 2730 2698 2797 2751; x_wconf 87' lang='lat' dir='ltr'><strong>Et</strong></span> <span class='ocrx_word' id='word_1_509' title='bbox 2827 2711 2952 2751; x_wconf 91' lang='lat' dir='ltr'><strong>mox</strong></span> <span class='ocrx_word' id='word_1_510' title='bbox 2980 2697 3031 2749; x_wconf 92' lang='lat' dir='ltr'><strong>in</strong></span> <span class='ocrx_word' id='word_1_511' title='bbox 3071 2696 3275 2766; x_wconf 68' lang='lat' dir='ltr'><strong>capite”</strong></span> <span class='ocrx_word' id='word_1_512' title='bbox 3296 2695 3553 2766; x_wconf 84' lang='lat' dir='ltr'><strong>sequenti</strong></span> <span class='ocrx_word' id='word_1_513' title='bbox 3581 2693 3761 2766; x_wconf 81' lang='lat' dir='ltr'><strong>formu-</strong></span> 
     </span>
    </p>
   </div>
   <div class='ocr_carea' id='block_1_74' title="bbox 2175 2763 3757 2842">
    <p class='ocr_par' dir='ltr' id='par_1_74' title="bbox 2175 2763 3757 2842">
     <span class='ocr_line' id='line_1_76' title="bbox 2175 2763 3757 2842; baseline -0.006 -15"><span class='ocrx_word' id='word_1_514' title='bbox 2175 2772 2281 2828; x_wconf 91' lang='lat' dir='ltr'><strong>lam</strong></span> <span class='ocrx_word' id='word_1_515' title='bbox 2310 2771 2426 2842; x_wconf 87' lang='lat' dir='ltr'><strong>ejns</strong></span> <span class='ocrx_word' id='word_1_516' title='bbox 2451 2769 2726 2842; x_wconf 87' lang='lat' dir='ltr'><strong>describit.</strong></span> <span class='ocrx_word' id='word_1_517' title='bbox 2761 2767 3069 2842; x_wconf 72' lang='lat' dir='ltr'><strong>Verumilla</strong></span> <span class='ocrx_word' id='word_1_518' title='bbox 3090 2763 3318 2842; x_wconf 83' lang='lat' dir='ltr'><strong>multum</strong></span> <span class='ocrx_word' id='word_1_519' title='bbox 3348 2763 3569 2842; x_wconf 79' lang='lat' dir='ltr'><strong>diversa</strong></span> <span class='ocrx_word' id='word_1_520' title='bbox 3593 2775 3676 2842; x_wconf 78' lang='lat' dir='ltr'><strong>est</strong></span> <span class='ocrx_word' id='word_1_521' title='bbox 3701 2763 3757 2818; x_wconf 77' lang='lat' dir='ltr'><strong>ab</strong></span> 
     </span>
    </p>
   </div>
   <div class='ocr_carea' id='block_1_75' title="bbox 2177 2838 3760 2912">
    <p class='ocr_par' dir='ltr' id='par_1_75' title="bbox 2177 2838 3760 2912">
     <span class='ocr_line' id='line_1_77' title="bbox 2177 2838 3760 2912; baseline -0.006 -13"><span class='ocrx_word' id='word_1_522' title='bbox 2177 2859 2271 2911; x_wconf 90' lang='lat' dir='ltr'><strong>ea,</strong></span> <span class='ocrx_word' id='word_1_523' title='bbox 2301 2838 2461 2912; x_wconf 85' lang='lat' dir='ltr'><strong>quam</strong></span> <span class='ocrx_word' id='word_1_524' title='bbox 2497 2841 2730 2911; x_wconf 81' lang='lat' dir='ltr'><strong>Angelus</strong></span> <span class='ocrx_word' id='word_1_525' title='bbox 2768 2839 3003 2912; x_wconf 67' lang='lat' dir='ltr'><strong>edocuit</strong></span> <span class='ocrx_word' id='word_1_526' title='bbox 3041 2839 3340 2912; x_wconf 87' lang='lat' dir='ltr'><strong>Licinium;</strong></span> <span class='ocrx_word' id='word_1_527' title='bbox 3394 2849 3451 2895; x_wconf 89' lang='lat' dir='ltr'><strong>et</strong></span> <span class='ocrx_word' id='word_1_528' title='bbox 3483 2838 3639 2894; x_wconf 82' lang='lat' dir='ltr'><strong>valde</strong></span> <span class='ocrx_word' id='word_1_529' title='bbox 3661 2850 3760 2905; x_wconf 53' lang='lat' dir='ltr'><strong>prec</strong></span> 
     </span>
    </p>
   </div>
   <div class='ocr_carea' id='block_1_76' title="bbox 2178 2909 3761 2979">
    <p class='ocr_par' dir='ltr' id='par_1_76' title="bbox 2178 2909 3761 2979">
     <span class='ocr_line' id='line_1_78' title="bbox 2178 2909 3761 2979; baseline -0.006 -9"><span class='ocrx_word' id='word_1_530' title='bbox 2178 2909 2358 2971; x_wconf 49' lang='lat' dir='ltr'><strong>babil&#39;e</strong></span> <span class='ocrx_word' id='word_1_531' title='bbox 2382 2923 2466 2969; x_wconf 91' lang='lat' dir='ltr'><strong>est</strong></span> <span class='ocrx_word' id='word_1_532' title='bbox 2485 2956 2499 2979; x_wconf 95' lang='lat'><strong>,</strong></span> <span class='ocrx_word' id='word_1_533' title='bbox 2531 2909 2676 2966; x_wconf 76' lang='lat' dir='ltr'><strong>illam</strong></span> <span class='ocrx_word' id='word_1_534' title='bbox 2702 2927 2733 2967; x_wconf 87' lang='lat' dir='ltr'><strong>a</strong></span> <span class='ocrx_word' id='word_1_535' title='bbox 2753 2909 3092 2967; x_wconf 86' lang='lat' dir='ltr'><strong>Constantini</strong></span> <span class='ocrx_word' id='word_1_536' title='bbox 3145 2911 3407 2968; x_wconf 89' lang='lat' dir='ltr'><strong>militibus</strong></span> <span class='ocrx_word' id='word_1_537' title='bbox 3454 2925 3602 2977; x_wconf 59' lang='lat' dir='ltr'><strong>saepe</strong></span> <span class='ocrx_word' id='word_1_538' title='bbox 3626 2917 3761 2961; x_wconf 70' lang='lat' dir='ltr'><strong>antea</strong></span> 
     </span>
    </p>
   </div>
   <div class='ocr_carea' id='block_1_77' title="bbox 2179 2979 3757 3051">
    <p class='ocr_par' dir='ltr' id='par_1_77' title="bbox 2179 2979 3757 3051">
     <span class='ocr_line' id='line_1_79' title="bbox 2179 2979 3757 3051; baseline -0.006 -9"><span class='ocrx_word' id='word_1_539' title='bbox 2179 2986 2345 3042; x_wconf 83' lang='lat' dir='ltr'><strong>fuisse</strong></span> <span class='ocrx_word' id='word_1_540' title='bbox 2367 2985 2647 3041; x_wconf 72' lang='lat' dir='ltr'><strong>recitarem</strong></span> <span class='ocrx_word' id='word_1_541' title='bbox 2670 3026 2685 3051; x_wconf 93' lang='lat'><strong>,</strong></span> <span class='ocrx_word' id='word_1_542' title='bbox 2713 2998 2837 3038; x_wconf 90' lang='lat' dir='ltr'><strong>cum</strong></span> <span class='ocrx_word' id='word_1_543' title='bbox 2865 2999 2934 3039; x_wconf 89' lang='lat' dir='ltr'><strong>ex</strong></span> <span class='ocrx_word' id='word_1_544' title='bbox 2971 2983 3110 3038; x_wconf 91' lang='lat' dir='ltr'><strong>libro</strong></span> <span class='ocrx_word' id='word_1_545' title='bbox 3138 2983 3380 3039; x_wconf 87' lang='lat' dir='ltr'><strong>secundo</strong></span> <span class='ocrx_word' id='word_1_546' title='bbox 3402 2982 3475 3037; x_wconf 88' lang='lat' dir='ltr'><strong>de</strong></span> <span class='ocrx_word' id='word_1_547' title='bbox 3504 2981 3620 3036; x_wconf 77' lang='lat' dir='ltr'><strong>Vita</strong></span> <span class='ocrx_word' id='word_1_548' title='bbox 3661 2979 3757 3049; x_wconf 83' lang='lat' dir='ltr'><strong>ejus</strong></span> 
     </span>
    </p>
   </div>
   <div class='ocr_carea' id='block_1_78' title="bbox 2178 3052 3758 3125">
    <p class='ocr_par' dir='ltr' id='par_1_78' title="bbox 2178 3052 3758 3125">
     <span class='ocr_line' id='line_1_80' title="bbox 2178 3052 3758 3125; baseline -0.007 -11"><span class='ocrx_word' id='word_1_549' title='bbox 2178 3075 2297 3125; x_wconf 76' lang='lat' dir='ltr'><strong>cap.</strong></span> <span class='ocrx_word' id='word_1_550' title='bbox 2329 3056 2364 3111; x_wconf 73' lang='grc'>4</span> <span class='ocrx_word' id='word_1_551' title='bbox 2396 3067 2449 3113; x_wconf 86' lang='lat' dir='ltr'><strong>et</strong></span> <span class='ocrx_word' id='word_1_552' title='bbox 2479 3055 2547 3110; x_wconf 87' lang='grc'><strong>12</strong></span> <span class='ocrx_word' id='word_1_553' title='bbox 2574 3065 2819 3121; x_wconf 88' lang='lat' dir='ltr'><strong>constet,</strong></span> <span class='ocrx_word' id='word_1_554' title='bbox 2871 3070 2994 3109; x_wconf 89' lang='lat' dir='ltr'><strong>eum</strong></span> <span class='ocrx_word' id='word_1_555' title='bbox 3027 3069 3219 3124; x_wconf 88' lang='lat' dir='ltr'><strong>preces</strong></span> <span class='ocrx_word' id='word_1_556' title='bbox 3266 3069 3490 3124; x_wconf 86' lang='lat' dir='ltr'><strong>semper</strong></span> <span class='ocrx_word' id='word_1_557' title='bbox 3518 3053 3584 3108; x_wconf 82' lang='lat' dir='ltr'><strong>ad</strong></span> <span class='ocrx_word' id='word_1_558' title='bbox 3618 3052 3758 3125; x_wconf 76' lang='lat' dir='ltr'><strong>Deum</strong></span> 
     </span>
    </p>
   </div>
   <div class='ocr_carea' id='block_1_79' title="bbox 2178 3124 3754 3198">
    <p class='ocr_par' dir='ltr' id='par_1_79' title="bbox 2178 3124 3754 3198">
     <span class='ocr_line' id='line_1_81' title="bbox 2178 3124 3754 3198; baseline -0.008 -15"><span class='ocrx_word' id='word_1_559' title='bbox 2178 3124 2405 3193; x_wconf 78' lang='lat' dir='ltr'><strong>fudisse,</strong></span> <span class='ocrx_word' id='word_1_560' title='bbox 2435 3138 2722 3198; x_wconf 88' lang='lat' dir='ltr'><strong>antequam</strong></span> <span class='ocrx_word' id='word_1_561' title='bbox 2738 3126 2801 3181; x_wconf 87' lang='lat' dir='ltr'><strong>ad</strong></span> <span class='ocrx_word' id='word_1_562' title='bbox 2823 3141 3014 3198; x_wconf 84' lang='lat' dir='ltr'><strong>manus</strong></span> <span class='ocrx_word' id='word_1_563' title='bbox 3037 3135 3197 3196; x_wconf 85' lang='lat' dir='ltr'><strong>atque</strong></span> <span class='ocrx_word' id='word_1_564' title='bbox 3219 3127 3283 3180; x_wconf 89' lang='lat' dir='ltr'><strong>ad</strong></span> <span class='ocrx_word' id='word_1_565' title='bbox 3300 3141 3537 3198; x_wconf 87' lang='lat' dir='ltr'><strong>pugnam</strong></span> <span class='ocrx_word' id='word_1_566' title='bbox 3556 3124 3754 3198; x_wconf 71' lang='lat' dir='ltr'><strong>veniret.</strong></span> 
     </span>
    </p>
   </div>
   <div class='ocr_carea' id='block_1_80' title="bbox 470 3194 3757 3270">
    <p class='ocr_par' dir='ltr' id='par_1_80' title="bbox 470 3194 3757 3270">
     <span class='ocr_line' id='line_1_82' title="bbox 470 3194 3757 3270; baseline -0.002 -14"><span class='ocrx_word' id='word_1_567' title='bbox 470 3198 835 3257; x_wconf 80' lang='lat' dir='ltr'><strong>Gothofredus</strong></span> <span class='ocrx_word' id='word_1_568' title='bbox 861 3194 1016 3270; x_wconf 79' lang='lat' dir='ltr'><strong>vidit,</strong></span> <span class='ocrx_word' id='word_1_569' title='bbox 1046 3199 1417 3257; x_wconf 79' lang='lat' dir='ltr'><strong>difﬁcultatem</strong></span> <span class='ocrx_word' id='word_1_570' title='bbox 1436 3214 1556 3255; x_wconf 87' lang='lat' dir='ltr'><strong>esse</strong></span> <span class='ocrx_word' id='word_1_571' title='bbox 1585 3201 1637 3254; x_wconf 92' lang='lat' dir='ltr'><strong>in</strong></span> <span class='ocrx_word' id='word_1_572' title='bbox 1670 3200 2068 3268; x_wconf 87' lang='lat' dir='ltr'><strong>subscriptione</strong></span> <span class='ocrx_word' id='word_1_573' title='bbox 2096 3203 2141 3268; x_wconf 87' lang='lat' dir='ltr'><strong>C</strong></span> <span class='ocrx_word' id='word_1_574' title='bbox 2248 3194 2603 3256; x_wconf 82' lang='lat' dir='ltr'><strong>Kalendarum</strong></span> <span class='ocrx_word' id='word_1_575' title='bbox 2643 3197 2920 3252; x_wconf 80' lang='lat' dir='ltr'><strong>Maiarum.</strong></span> <span class='ocrx_word' id='word_1_576' title='bbox 2964 3197 3076 3252; x_wconf 79' lang='lat' dir='ltr'><strong>Hoc</strong></span> <span class='ocrx_word' id='word_1_577' title='bbox 3113 3194 3262 3252; x_wconf 81' lang='lat' dir='ltr'><strong>enim</strong></span> <span class='ocrx_word' id='word_1_578' title='bbox 3291 3194 3398 3253; x_wconf 62' lang='lat' dir='ltr'><strong>die&#39;</strong></span> <span class='ocrx_word' id='word_1_579' title='bbox 3413 3198 3584 3270; x_wconf 71' lang='lat' dir='ltr'><strong>factus</strong></span> <span class='ocrx_word' id='word_1_580' title='bbox 3611 3194 3757 3270; x_wconf 74' lang='lat' dir='ltr'><strong>fuerat</strong></span> 
     </span>
    </p>
   </div>
   <div class='ocr_carea' id='block_1_81' title="bbox 470 3270 2069 3397">
    <p class='ocr_par' dir='ltr' id='par_1_81' title="bbox 470 3270 2069 3397">
     <span class='ocr_line' id='line_1_83' title="bbox 470 3270 2069 3397; baseline -0.003 -71"><span class='ocrx_word' id='word_1_581' title='bbox 470 3273 788 3397; x_wconf 49' lang='lat' dir='ltr'><strong>posterioris</strong></span> <span class='ocrx_word' id='word_1_582' title='bbox 811 3274 965 3327; x_wconf 88' lang='lat' dir='ltr'><strong>istius</strong></span> <span class='ocrx_word' id='word_1_583' title='bbox 995 3274 1147 3343; x_wconf 85' lang='lat' dir='ltr'><strong>legis,</strong></span> <span class='ocrx_word' id='word_1_584' title='bbox 1179 3282 1234 3328; x_wconf 91' lang='lat' dir='ltr'><strong>et</strong></span> <span class='ocrx_word' id='word_1_585' title='bbox 1273 3280 1365 3327; x_wconf 89' lang='lat' dir='ltr'><strong>aut</strong></span> <span class='ocrx_word' id='word_1_586' title='bbox 1403 3286 1521 3326; x_wconf 86' lang='lat' dir='ltr'><strong>eam</strong></span> <span class='ocrx_word' id='word_1_587' title='bbox 1557 3271 1918 3342; x_wconf 88' lang='lat' dir='ltr'><strong>pronuntiavit</strong></span> <span class='ocrx_word' id='word_1_588' title='bbox 1970 3270 2069 3325; x_wconf 88' lang='lat' dir='ltr'><strong>tri-</strong></span> 
     </span>
     <span class='ocr_line' id='line_1_84' title="bbox 511 3342 2069 3397; baseline -0.001 0"><span class='ocrx_word' id='word_1_589' title='bbox 511 3342 739 3397; x_wconf 88' lang='lat' dir='ltr'><strong>uendam</strong></span> <span class='ocrx_word' id='word_1_590' title='bbox 770 3358 891 3397; x_wconf 89' lang='lat' dir='ltr'><strong>esse</strong></span> <span class='ocrx_word' id='word_1_591' title='bbox 941 3342 1168 3397; x_wconf 87' lang='lat' dir='ltr'><strong>Licinio.</strong></span> <span class='ocrx_word' id='word_1_592' title='bbox 1214 3345 1305 3397; x_wconf 87' lang='lat' dir='ltr'><strong>aui</strong></span> <span class='ocrx_word' id='word_1_593' title='bbox 1350 3343 1648 3397; x_wconf 87' lang='lat' dir='ltr'><strong>Orientem.</strong></span> <span class='ocrx_word' id='word_1_594' title='bbox 1682 3343 1834 3397; x_wconf 89' lang='lat' dir='ltr'><strong>cuius</strong></span> <span class='ocrx_word' id='word_1_595' title='bbox 1884 3351 2069 3396; x_wconf 82' lang='lat' dir='ltr'><strong>vertex</strong></span> 
     </span>
    </p>
   </div>
   <div class='ocr_carea' id='block_1_82' title="bbox 511 3342 2073 3415">
    <p class='ocr_par' dir='ltr' id='par_1_82' title="bbox 511 3342 2073 3415">
     <span class='ocr_line' id='line_1_85' title="bbox 511 3342 2073 3415; baseline -0.001 -18"><span class='ocrx_word' id='word_1_596' title='bbox 511 3342 739 3415; x_wconf 84' lang='lat' dir='ltr'><strong>uendam</strong></span> <span class='ocrx_word' id='word_1_597' title='bbox 770 3358 891 3399; x_wconf 88' lang='lat' dir='ltr'><strong>esse</strong></span> <span class='ocrx_word' id='word_1_598' title='bbox 941 3342 1168 3407; x_wconf 82' lang='lat' dir='ltr'><strong>Licinio,</strong></span> <span class='ocrx_word' id='word_1_599' title='bbox 1214 3345 1305 3415; x_wconf 91' lang='lat' dir='ltr'><strong>qui</strong></span> <span class='ocrx_word' id='word_1_600' title='bbox 1350 3343 1648 3412; x_wconf 87' lang='lat' dir='ltr'><strong>Orientem,</strong></span> <span class='ocrx_word' id='word_1_601' title='bbox 1682 3343 1834 3414; x_wconf 89' lang='lat' dir='ltr'><strong>cujus</strong></span> <span class='ocrx_word' id='word_1_602' title='bbox 1884 3351 2073 3396; x_wconf 87' lang='lat' dir='ltr'><strong>vertex</strong></span> 
     </span>
    </p>
   </div>
   <div class='ocr_carea' id='block_1_83' title="bbox 472 3413 2071 3485">
    <p class='ocr_par' dir='ltr' id='par_1_83' title="bbox 472 3413 2071 3485">
     <span class='ocr_line' id='line_1_86' title="bbox 472 3413 2071 3485; baseline -0.001 -18"><span class='ocrx_word' id='word_1_603' title='bbox 472 3413 784 3481; x_wconf 85' lang='lat' dir='ltr'><strong>Antiochia,</strong></span> <span class='ocrx_word' id='word_1_604' title='bbox 836 3415 1074 3479; x_wconf 89' lang='lat' dir='ltr'><strong>tenebat,</strong></span> <span class='ocrx_word' id='word_1_605' title='bbox 1126 3413 1641 3485; x_wconf 55' lang='lat' dir='ltr'><strong>aut&#39;rcponendnm</strong></span> <span class='ocrx_word' id='word_1_606' title='bbox 1705 3413 1826 3470; x_wconf 74' lang='lat' dir='ltr'><strong>esse</strong></span> <span class='ocrx_word' id='word_1_607' title='bbox 1874 3428 2071 3468; x_wconf 88' lang='lat' dir='ltr'><strong>nomen</strong></span> 
     </span>
    </p>
   </div>
   <div class='ocr_carea' id='block_1_84' title="bbox 472 3485 2068 3557">
    <p class='ocr_par' dir='ltr' id='par_1_84' title="bbox 472 3485 2068 3557">
     <span class='ocr_line' id='line_1_87' title="bbox 472 3485 2068 3557; baseline -0.002 -17"><span class='ocrx_word' id='word_1_608' title='bbox 472 3485 779 3555; x_wconf 70' lang='lat' dir='ltr'><strong>Antigonitc</strong></span> <span class='ocrx_word' id='word_1_609' title='bbox 811 3501 978 3555; x_wconf 88' lang='lat' dir='ltr'><strong>prope</strong></span> <span class='ocrx_word' id='word_1_610' title='bbox 1000 3487 1181 3551; x_wconf 76' lang='lat' dir='ltr'><strong>SinliS</strong></span> <span class='ocrx_word' id='word_1_611' title='bbox 1211 3488 1265 3540; x_wconf 90' lang='lat' dir='ltr'><strong>in</strong></span> <span class='ocrx_word' id='word_1_612' title='bbox 1287 3486 1621 3553; x_wconf 88' lang='lat' dir='ltr'><strong>Macedonia,</strong></span> <span class='ocrx_word' id='word_1_613' title='bbox 1649 3501 1769 3557; x_wconf 65' lang='lat' dir='ltr'><strong>quae</strong></span> <span class='ocrx_word' id='word_1_614' title='bbox 1799 3485 2068 3540; x_wconf 85' lang='lat' dir='ltr'><strong>Constan-</strong></span> 
     </span>
    </p>
   </div>
   <div class='ocr_carea' id='block_1_85' title="bbox 474 3557 2074 3626">
    <p class='ocr_par' dir='ltr' id='par_1_85' title="bbox 474 3557 2074 3626">
     <span class='ocr_line' id='line_1_88' title="bbox 474 3557 2074 3626; baseline 0 -17"><span class='ocrx_word' id='word_1_615' title='bbox 474 3561 587 3611; x_wconf 88' lang='lat' dir='ltr'><strong>tino</strong></span> <span class='ocrx_word' id='word_1_616' title='bbox 606 3557 788 3620; x_wconf 79' lang='lat' dir='ltr'><strong>cessit,</strong></span> <span class='ocrx_word' id='word_1_617' title='bbox 821 3571 944 3610; x_wconf 92' lang='lat' dir='ltr'><strong>cum</strong></span> <span class='ocrx_word' id='word_1_618' title='bbox 978 3571 1076 3626; x_wconf 84' lang='lat' dir='ltr'><strong>pax</strong></span> <span class='ocrx_word' id='word_1_619' title='bbox 1101 3558 1243 3612; x_wconf 90' lang='lat' dir='ltr'><strong>inter</strong></span> <span class='ocrx_word' id='word_1_620' title='bbox 1266 3572 1389 3612; x_wconf 91' lang='lat' dir='ltr'><strong>eum</strong></span> <span class='ocrx_word' id='word_1_621' title='bbox 1420 3568 1472 3611; x_wconf 91' lang='lat' dir='ltr'><strong>et</strong></span> <span class='ocrx_word' id='word_1_622' title='bbox 1496 3557 1759 3613; x_wconf 90' lang='lat' dir='ltr'><strong>Licinium</strong></span> <span class='ocrx_word' id='word_1_623' title='bbox 1783 3558 2074 3611; x_wconf 83' lang='lat' dir='ltr'><strong>constituta</strong></span> 
     </span>
    </p>
   </div>
   <div class='ocr_carea' id='block_1_86' title="bbox 473 3626 2076 3698">
    <p class='ocr_par' dir='ltr' id='par_1_86' title="bbox 473 3626 2076 3698">
     <span class='ocr_line' id='line_1_89' title="bbox 473 3626 2076 3698; baseline -0.001 -16"><span class='ocrx_word' id='word_1_624' title='bbox 473 3636 559 3698; x_wconf 84' lang='lat' dir='ltr'><strong>est</strong></span> <span class='ocrx_word' id='word_1_625' title='bbox 588 3638 706 3696; x_wconf 89' lang='lat' dir='ltr'><strong>post</strong></span> <span class='ocrx_word' id='word_1_626' title='bbox 759 3643 989 3698; x_wconf 85' lang='lat' dir='ltr'><strong>pugnam</strong></span> <span class='ocrx_word' id='word_1_627' title='bbox 1017 3626 1381 3684; x_wconf 88' lang='lat' dir='ltr'><strong>Cibalensem.</strong></span> <span class='ocrx_word' id='word_1_628' title='bbox 1416 3628 1521 3686; x_wconf 89' lang='lat' dir='ltr'><strong>Sed</strong></span> <span class='ocrx_word' id='word_1_629' title='bbox 1555 3628 1671 3683; x_wconf 76' lang='lat' dir='ltr'><strong>lucc</strong></span> <span class='ocrx_word' id='word_1_630' title='bbox 1710 3644 1818 3683; x_wconf 91' lang='lat' dir='ltr'><strong>non</strong></span> <span class='ocrx_word' id='word_1_631' title='bbox 1861 3628 2076 3681; x_wconf 88' lang='lat' dir='ltr'><strong>solvunt</strong></span> 
     </span>
    </p>
   </div>
   <div class='ocr_carea' id='block_1_87' title="bbox 473 3697 2077 3767">
    <p class='ocr_par' dir='ltr' id='par_1_87' title="bbox 473 3697 2077 3767">
     <span class='ocr_line' id='line_1_90' title="bbox 473 3697 2077 3767; baseline 0 -14"><span class='ocrx_word' id='word_1_632' title='bbox 473 3697 869 3755; x_wconf 74' lang='lat' dir='ltr'><strong>difficultatem.</strong></span> <span class='ocrx_word' id='word_1_633' title='bbox 895 3698 1028 3753; x_wconf 87' lang='lat' dir='ltr'><strong>Nam</strong></span> <span class='ocrx_word' id='word_1_634' title='bbox 1052 3714 1268 3767; x_wconf 88' lang='lat' dir='ltr'><strong>semper</strong></span> <span class='ocrx_word' id='word_1_635' title='bbox 1293 3698 1516 3755; x_wconf 77' lang='lat' dir='ltr'><strong>difﬁcile</strong></span> <span class='ocrx_word' id='word_1_636' title='bbox 1555 3701 1658 3755; x_wconf 89' lang='lat' dir='ltr'><strong>erit</strong></span> <span class='ocrx_word' id='word_1_637' title='bbox 1686 3701 1841 3754; x_wconf 89' lang='lat' dir='ltr'><strong>istam</strong></span> <span class='ocrx_word' id='word_1_638' title='bbox 1873 3698 2077 3753; x_wconf 89' lang='lat' dir='ltr'><strong>discre-</strong></span> 
     </span>
    </p>
   </div>
   <div class='ocr_carea' id='block_1_88' title="bbox 475 3770 2081 3841">
    <p class='ocr_par' dir='ltr' id='par_1_88' title="bbox 475 3770 2081 3841">
     <span class='ocr_line' id='line_1_91' title="bbox 475 3770 2081 3841; baseline -0.001 -17"><span class='ocrx_word' id='word_1_639' title='bbox 475 3770 711 3839; x_wconf 87' lang='lat' dir='ltr'><strong>pantiam</strong></span> <span class='ocrx_word' id='word_1_640' title='bbox 744 3785 1093 3841; x_wconf 87' lang='lat' dir='ltr'><strong>componere,</strong></span> <span class='ocrx_word' id='word_1_641' title='bbox 1118 3785 1238 3825; x_wconf 93' lang='lat' dir='ltr'><strong>cum</strong></span> <span class='ocrx_word' id='word_1_642' title='bbox 1283 3783 1490 3826; x_wconf 89' lang='lat' dir='ltr'><strong>certum</strong></span> <span class='ocrx_word' id='word_1_643' title='bbox 1522 3773 1612 3839; x_wconf 89' lang='lat' dir='ltr'><strong>sit,</strong></span> <span class='ocrx_word' id='word_1_644' title='bbox 1660 3771 2081 3829; x_wconf 82' lang='lat' dir='ltr'><strong>Constantinum.</strong></span> 
     </span>
    </p>
   </div>
   <div class='ocr_carea' id='block_1_89' title="bbox 473 3841 2075 3921">
    <p class='ocr_par' dir='ltr' id='par_1_89' title="bbox 473 3841 2075 3921">
     <span class='ocr_line' id='line_1_92' title="bbox 473 3841 2075 3921; baseline 0 -25"><span class='ocrx_word' id='word_1_645' title='bbox 473 3856 581 3921; x_wconf 74' lang='lat' dir='ltr'><strong>non</strong></span> <span class='ocrx_word' id='word_1_646' title='bbox 614 3842 981 3921; x_wconf 77' lang='lat' dir='ltr'><strong>potuisse_uno</strong></span> <span class='ocrx_word' id='word_1_647' title='bbox 1013 3841 1316 3921; x_wconf 85' lang='lat' dir='ltr'><strong>eodemque</strong></span> <span class='ocrx_word' id='word_1_648' title='bbox 1332 3841 1581 3921; x_wconf 36' lang='lat' dir='ltr'><strong>dienesse</strong></span> <span class='ocrx_word' id='word_1_649' title='bbox 1631 3842 1685 3897; x_wconf 94' lang='lat' dir='ltr'><strong>in</strong></span> <span class='ocrx_word' id='word_1_650' title='bbox 1715 3841 1885 3898; x_wconf 88' lang='lat' dir='ltr'><strong>Gallia</strong></span> <span class='ocrx_word' id='word_1_651' title='bbox 1912 3853 1982 3921; x_wconf 65' lang='lat' dir='ltr'><strong>et</strong></span> <span class='ocrx_word' id='word_1_652' title='bbox 2024 3843 2075 3896; x_wconf 92' lang='lat' dir='ltr'><strong>in</strong></span> 
     </span>
    </p>
   </div>
   <div class='ocr_carea' id='block_1_90' title="bbox 476 3911 2075 3983">
    <p class='ocr_par' dir='ltr' id='par_1_90' title="bbox 476 3911 2075 3983">
     <span class='ocr_line' id='line_1_93' title="bbox 476 3911 2075 3983; baseline -0.002 -15"><span class='ocrx_word' id='word_1_653' title='bbox 476 3911 809 3968; x_wconf 80' lang='lat' dir='ltr'><strong>Macedonia.</strong></span> <span class='ocrx_word' id='word_1_654' title='bbox 848 3913 1078 3968; x_wconf 81' lang='lat' dir='ltr'><strong>Rursum</strong></span> <span class='ocrx_word' id='word_1_655' title='bbox 1114 3911 1385 3983; x_wconf 83' lang='lat' dir='ltr'><strong>quoinodo</strong></span> <span class='ocrx_word' id='word_1_656' title='bbox 1433 3912 1552 3969; x_wconf 85' lang='lat' dir='ltr'><strong>ﬁeri</strong></span> <span class='ocrx_word' id='word_1_657' title='bbox 1583 3922 1778 3981; x_wconf 86' lang='lat' dir='ltr'><strong>potest,</strong></span> <span class='ocrx_word' id='word_1_658' title='bbox 1824 3922 1881 3967; x_wconf 90' lang='lat' dir='ltr'><strong>ut</strong></span> <span class='ocrx_word' id='word_1_659' title='bbox 1912 3912 2075 3979; x_wconf 87' lang='lat' dir='ltr'><strong>idem,</strong></span> 
     </span>
    </p>
   </div>
   <div class='ocr_carea' id='block_1_91' title="bbox 475 3983 2075 4054">
    <p class='ocr_par' dir='ltr' id='par_1_91' title="bbox 475 3983 2075 4054">
     <span class='ocr_line' id='line_1_94' title="bbox 475 3983 2075 4054; baseline 0.001 -19"><span class='ocrx_word' id='word_1_660' title='bbox 475 3986 565 4054; x_wconf 88' lang='lat' dir='ltr'><strong>qui</strong></span> <span class='ocrx_word' id='word_1_661' title='bbox 620 3983 905 4042; x_wconf 86' lang='lat' dir='ltr'><strong>Cabilluno</strong></span> <span class='ocrx_word' id='word_1_662' title='bbox 934 3994 992 4041; x_wconf 86' lang='lat' dir='ltr'><strong>et</strong></span> <span class='ocrx_word' id='word_1_663' title='bbox 1033 3984 1335 4045; x_wconf 73' lang='lat' dir='ltr'><strong>Antiochi-aa</strong></span> <span class='ocrx_word' id='word_1_664' title='bbox 1394 3985 1555 4040; x_wconf 81' lang='lat' dir='ltr'><strong>fuerit</strong></span> <span class='ocrx_word' id='word_1_665' title='bbox 1590 3985 1657 4039; x_wconf 84' lang='grc'><strong>12</strong></span> <span class='ocrx_word' id='word_1_666' title='bbox 1698 3983 1808 4039; x_wconf 80' lang='lat' dir='ltr'><strong>kal.</strong></span> <span class='ocrx_word' id='word_1_667' title='bbox 1852 3984 2075 4053; x_wconf 84' lang='lat' dir='ltr'><strong>Aprilis,</strong></span> 
     </span>
    </p>
   </div>
   <div class='ocr_carea' id='block_1_92' title="bbox 477 4055 2081 4123">
    <p class='ocr_par' dir='ltr' id='par_1_92' title="bbox 477 4055 2081 4123">
     <span class='ocr_line' id='line_1_95' title="bbox 477 4055 2081 4123; baseline 0 -12"><span class='ocrx_word' id='word_1_668' title='bbox 477 4058 667 4112; x_wconf 88' lang='lat' dir='ltr'><strong>eodem</strong></span> <span class='ocrx_word' id='word_1_669' title='bbox 713 4073 856 4111; x_wconf 90' lang='lat' dir='ltr'><strong>anno</strong></span> <span class='ocrx_word' id='word_1_670' title='bbox 882 4056 917 4112; x_wconf 91' lang='lat'><strong>8</strong></span> <span class='ocrx_word' id='word_1_671' title='bbox 948 4057 1067 4112; x_wconf 89' lang='lat' dir='ltr'><strong>idus</strong></span> <span class='ocrx_word' id='word_1_672' title='bbox 1112 4057 1351 4123; x_wconf 89' lang='lat' dir='ltr'><strong>Martias,</strong></span> <span class='ocrx_word' id='word_1_673' title='bbox 1384 4055 1546 4112; x_wconf 80' lang='lat' dir='ltr'><strong>fuerit</strong></span> <span class='ocrx_word' id='word_1_674' title='bbox 1573 4055 1994 4119; x_wconf 70' lang='lat' dir='ltr'><strong>Thessalonicm,</strong></span> <span class='ocrx_word' id='word_1_675' title='bbox 2027 4066 2081 4111; x_wconf 89' lang='lat' dir='ltr'><strong>et</strong></span> 
     </span>
    </p>
   </div>
   <div class='ocr_carea' id='block_1_93' title="bbox 476 4126 2080 4199">
    <p class='ocr_par' dir='ltr' id='par_1_93' title="bbox 476 4126 2080 4199">
     <span class='ocr_line' id='line_1_96' title="bbox 476 4126 2080 4199; baseline -0.001 -17"><span class='ocrx_word' id='word_1_676' title='bbox 476 4126 639 4183; x_wconf 88' lang='lat' dir='ltr'><strong>biduo</strong></span> <span class='ocrx_word' id='word_1_677' title='bbox 654 4137 796 4199; x_wconf 90' lang='lat' dir='ltr'><strong>post,</strong></span> <span class='ocrx_word' id='word_1_678' title='bbox 816 4128 868 4183; x_wconf 92' lang='lat' dir='ltr'><strong>id</strong></span> <span class='ocrx_word' id='word_1_679' title='bbox 888 4139 971 4184; x_wconf 91' lang='lat' dir='ltr'><strong>est</strong></span> <span class='ocrx_word' id='word_1_680' title='bbox 993 4128 1047 4196; x_wconf 90' lang='lat'><strong>6,</strong></span> <span class='ocrx_word' id='word_1_681' title='bbox 1068 4127 1189 4185; x_wconf 86' lang='lat' dir='ltr'><strong>idus</strong></span> <span class='ocrx_word' id='word_1_682' title='bbox 1217 4128 1456 4191; x_wconf 88' lang='lat' dir='ltr'><strong>Martias,</strong></span> <span class='ocrx_word' id='word_1_683' title='bbox 1475 4127 1686 4183; x_wconf 79' lang='lat' dir='ltr'><strong>Romae?</strong></span> <span class='ocrx_word' id='word_1_684' title='bbox 1703 4127 1833 4182; x_wconf 85' lang='lat' dir='ltr'><strong>Nam</strong></span> <span class='ocrx_word' id='word_1_685' title='bbox 1860 4128 1908 4180; x_wconf 91' lang='lat' dir='ltr'><strong>id</strong></span> <span class='ocrx_word' id='word_1_686' title='bbox 1924 4127 2080 4199; x_wconf 89' lang='lat' dir='ltr'><strong>colli-</strong></span> 
     </span>
    </p>
   </div>
   <div class='ocr_carea' id='block_1_94' title="bbox 475 4198 2081 4271">
    <p class='ocr_par' dir='ltr' id='par_1_94' title="bbox 475 4198 2081 4271">
     <span class='ocr_line' id='line_1_97' title="bbox 475 4198 2081 4271; baseline 0.001 -19"><span class='ocrx_word' id='word_1_687' title='bbox 475 4200 619 4271; x_wconf 88' lang='lat' dir='ltr'><strong>gitur</strong></span> <span class='ocrx_word' id='word_1_688' title='bbox 639 4198 721 4271; x_wconf 68' lang='lat' dir='ltr'><strong>ex</strong></span> <span class='ocrx_word' id='word_1_689' title='bbox 742 4270 745 4271; x_wconf 16' lang='grc' dir='ltr'><em>ν</em></span> <span class='ocrx_word' id='word_1_690' title='bbox 763 4200 1248 4267; x_wconf 86' lang='lat' dir='ltr'><strong>subscriptionibus</strong></span> <span class='ocrx_word' id='word_1_691' title='bbox 1285 4200 1321 4254; x_wconf 94' lang='grc' dir='ltr'><strong>Ι.</strong></span> <span class='ocrx_word' id='word_1_692' title='bbox 1348 4200 1401 4266; x_wconf 85' lang='grc'><strong>1,</strong></span> <span class='ocrx_word' id='word_1_693' title='bbox 1427 4199 1508 4255; x_wconf 88' lang='lat' dir='ltr'><strong>De</strong></span> <span class='ocrx_word' id='word_1_694' title='bbox 1552 4199 1771 4271; x_wconf 77' lang='lat' dir='ltr'><strong>diuersis</strong></span> <span class='ocrx_word' id='word_1_695' title='bbox 1790 4198 1997 4271; x_wconf 78' lang='lat' dir='ltr'><strong>ofﬁciis,</strong></span> <span class='ocrx_word' id='word_1_696' title='bbox 2025 4207 2081 4271; x_wconf 82' lang='lat' dir='ltr'><strong>et</strong></span> 
     </span>
    </p>
   </div>
   <div class='ocr_carea' id='block_1_95' title="bbox 477 4269 2080 4343">
    <p class='ocr_par' dir='ltr' id='par_1_95' title="bbox 477 4269 2080 4343">
     <span class='ocr_line' id='line_1_98' title="bbox 477 4269 2080 4343; baseline 0.002 -21"><span class='ocrx_word' id='word_1_697' title='bbox 477 4270 605 4343; x_wconf 76' lang='lat' dir='ltr'><strong>exi.</strong></span> <span class='ocrx_word' id='word_1_698' title='bbox 629 4269 685 4335; x_wconf 86' lang='grc'><strong>2,</strong></span> <span class='ocrx_word' id='word_1_699' title='bbox 715 4270 798 4325; x_wconf 86' lang='lat' dir='ltr'><strong>Ad</strong></span> <span class='ocrx_word' id='word_1_700' title='bbox 829 4273 867 4325; x_wconf 90' lang='grc' dir='ltr'><em>ι.</em></span> <span class='ocrx_word' id='word_1_701' title='bbox 892 4271 1167 4329; x_wconf 82' lang='lat' dir='ltr'><strong>Juliamtle</strong></span> <span class='ocrx_word' id='word_1_702' title='bbox 1192 4273 1241 4328; x_wconf 86' lang='lat' dir='ltr'><strong>vi</strong></span> <span class='ocrx_word' id='word_1_703' title='bbox 1262 4272 1383 4343; x_wconf 81' lang='lat' dir='ltr'><strong>pub.</strong></span> <span class='ocrx_word' id='word_1_704' title='bbox 1413 4283 1458 4327; x_wconf 90' lang='lat' dir='ltr'><strong>et</strong></span> <span class='ocrx_word' id='word_1_705' title='bbox 1487 4269 2080 4342; x_wconf 82' lang='lat' dir='ltr'><strong>priuata.ldenideinde</strong></span> 
     </span>
    </p>
   </div>
   <div class='ocr_carea' id='block_1_96' title="bbox 478 4339 2081 4416">
    <p class='ocr_par' dir='ltr' id='par_1_96' title="bbox 478 4339 2081 4416">
     <span class='ocr_line' id='line_1_99' title="bbox 478 4339 2081 4416; baseline 0.002 -23"><span class='ocrx_word' id='word_1_706' title='bbox 478 4339 652 4416; x_wconf 85' lang='lat' dir='ltr'><strong>idibus</strong></span> <span class='ocrx_word' id='word_1_707' title='bbox 694 4343 1031 4416; x_wconf 76' lang='lat' dir='ltr'><strong>Septembris</strong></span> <span class='ocrx_word' id='word_1_708' title='bbox 1083 4339 1326 4416; x_wconf 82' lang='lat' dir='ltr'><strong>ejusdem</strong></span> <span class='ocrx_word' id='word_1_709' title='bbox 1388 4339 1513 4416; x_wconf 81' lang='lat' dir='ltr'><strong>anni</strong></span> <span class='ocrx_word' id='word_1_710' title='bbox 1566 4343 1873 4416; x_wconf 81' lang='lat' dir='ltr'><strong>censendus</strong></span> <span class='ocrx_word' id='word_1_711' title='bbox 1934 4351 2081 4416; x_wconf 86' lang='lat' dir='ltr'><strong>esset</strong></span> 
     </span>
    </p>
   </div>
   <div class='ocr_carea' id='block_1_97' title="bbox 478 4412 2076 4487">
    <p class='ocr_par' dir='ltr' id='par_1_97' title="bbox 478 4412 2076 4487">
     <span class='ocr_line' id='line_1_100' title="bbox 478 4412 2076 4487; baseline 0.001 -22"><span class='ocrx_word' id='word_1_712' title='bbox 478 4412 644 4487; x_wconf 63' lang='lat' dir='ltr'><strong>[uisse</strong></span> <span class='ocrx_word' id='word_1_713' title='bbox 692 4412 896 4487; x_wconf 68' lang='lat' dir='ltr'><strong>iturum,</strong></span> <span class='ocrx_word' id='word_1_714' title='bbox 946 4425 1002 4487; x_wconf 81' lang='lat' dir='ltr'><strong>et</strong></span> <span class='ocrx_word' id='word_1_715' title='bbox 1045 4412 1199 4473; x_wconf 72' lang='lat' dir='ltr'><strong>sexto</strong></span> <span class='ocrx_word' id='word_1_716' title='bbox 1250 4424 1370 4486; x_wconf 88' lang='lat' dir='ltr'><strong>post</strong></span> <span class='ocrx_word' id='word_1_717' title='bbox 1424 4415 1511 4470; x_wconf 88' lang='lat' dir='ltr'><strong>die</strong></span> <span class='ocrx_word' id='word_1_718' title='bbox 1541 4416 1680 4487; x_wconf 89' lang='lat' dir='ltr'><strong>apud</strong></span> <span class='ocrx_word' id='word_1_719' title='bbox 1732 4415 1978 4470; x_wconf 88' lang='lat' dir='ltr'><strong>Naissnm</strong></span> <span class='ocrx_word' id='word_1_720' title='bbox 2026 4415 2076 4468; x_wconf 92' lang='lat' dir='ltr'><strong>in</strong></span> 
     </span>
    </p>
   </div>
   <div class='ocr_carea' id='block_1_98' title="bbox 476 4480 2079 4561">
    <p class='ocr_par' dir='ltr' id='par_1_98' title="bbox 476 4480 2079 4561">
     <span class='ocr_line' id='line_1_101' title="bbox 476 4480 2079 4561; baseline 0.002 -26"><span class='ocrx_word' id='word_1_721' title='bbox 476 4480 658 4561; x_wconf 60' lang='lat' dir='ltr'><strong>pacia.</strong></span> <span class='ocrx_word' id='word_1_722' title='bbox 686 4480 923 4561; x_wconf 65' lang='lat' dir='ltr'><strong>Quippe</strong></span> <span class='ocrx_word' id='word_1_723' title='bbox 957 4480 1264 4561; x_wconf 31' lang='lat' dir='ltr'><strong>lexAprima&#39;</strong></span> <span class='ocrx_word' id='word_1_724' title='bbox 1300 4487 1373 4542; x_wconf 89' lang='lat' dir='ltr'><strong>De</strong></span> <span class='ocrx_word' id='word_1_725' title='bbox 1389 4490 1509 4561; x_wconf 81' lang='lat' dir='ltr'><strong>jure</strong></span> <span class='ocrx_word' id='word_1_726' title='bbox 1559 4480 1673 4556; x_wconf 73' lang='lat' dir='ltr'><strong>ﬁsci</strong></span> <span class='ocrx_word' id='word_1_727' title='bbox 1712 4487 1834 4561; x_wconf 73' lang='lat' dir='ltr'><strong>dat_a</strong></span> <span class='ocrx_word' id='word_1_728' title='bbox 1881 4486 2079 4561; x_wconf 76' lang='lat' dir='ltr'><strong>dicitur</strong></span> 
     </span>
    </p>
   </div>
   <div class='ocr_carea' id='block_1_99' title="bbox 476 4552 2078 4628">
    <p class='ocr_par' dir='ltr' id='par_1_99' title="bbox 476 4552 2078 4628">
     <span class='ocr_line' id='line_1_102' title="bbox 476 4552 2078 4628; baseline 0.002 -21"><span class='ocrx_word' id='word_1_729' title='bbox 476 4552 655 4628; x_wconf 84' lang='lat' dir='ltr'><strong>idibus</strong></span> <span class='ocrx_word' id='word_1_730' title='bbox 674 4552 1022 4628; x_wconf 71' lang='lat' dir='ltr'><strong>Septembris</strong></span> <span class='ocrx_word' id='word_1_731' title='bbox 1064 4552 1272 4624; x_wconf 59' lang='lat' dir='ltr'><strong>Romae,</strong></span> <span class='ocrx_word' id='word_1_732' title='bbox 1308 4552 1402 4613; x_wconf 25' lang='lat' dir='ltr'><strong>eti</strong></span> <span class='ocrx_word' id='word_1_733' title='bbox 1431 4559 1518 4612; x_wconf 85' lang='lat' dir='ltr'><strong>lcx</strong></span> <span class='ocrx_word' id='word_1_734' title='bbox 1560 4552 1738 4628; x_wconf 80' lang='lat' dir='ltr'><strong>prima</strong></span> <span class='ocrx_word' id='word_1_735' title='bbox 1779 4557 1854 4610; x_wconf 89' lang='lat' dir='ltr'><strong>De</strong></span> <span class='ocrx_word' id='word_1_736' title='bbox 1896 4556 2078 4628; x_wconf 74' lang='lat' dir='ltr'><strong>Cento-</strong></span> 
     </span>
    </p>
   </div>
   <div class='ocr_carea' id='block_1_100' title="bbox 476 4624 2073 4699">
    <p class='ocr_par' dir='ltr' id='par_1_100' title="bbox 476 4624 2073 4699">
     <span class='ocr_line' id='line_1_103' title="bbox 476 4624 2073 4699; baseline 0.001 -20"><span class='ocrx_word' id='word_1_737' title='bbox 476 4625 639 4699; x_wconf 79' lang='lat' dir='ltr'><strong>nariis</strong></span> <span class='ocrx_word' id='word_1_738' title='bbox 664 4624 732 4679; x_wconf 77' lang='lat' dir='ltr'><strong>l4</strong></span> <span class='ocrx_word' id='word_1_739' title='bbox 779 4625 908 4699; x_wconf 82' lang='lat' dir='ltr'><strong>kal._</strong></span> <span class='ocrx_word' id='word_1_740' title='bbox 938 4626 1188 4684; x_wconf 85' lang='lat' dir='ltr'><strong>Octobris</strong></span> <span class='ocrx_word' id='word_1_741' title='bbox 1224 4627 1433 4684; x_wconf 88' lang='lat' dir='ltr'><strong>Naisso.</strong></span> <span class='ocrx_word' id='word_1_742' title='bbox 1481 4624 1723 4699; x_wconf 76' lang='lat' dir='ltr'><strong>Denique</strong></span> <span class='ocrx_word' id='word_1_743' title='bbox 1751 4629 1892 4682; x_wconf 89' lang='lat' dir='ltr'><strong>idem</strong></span> <span class='ocrx_word' id='word_1_744' title='bbox 1931 4626 2073 4681; x_wconf 85' lang='lat' dir='ltr'><strong>Con-</strong></span> 
     </span>
    </p>
   </div>
   <div class='ocr_carea' id='block_1_101' title="bbox 479 4696 2074 4769">
    <p class='ocr_par' dir='ltr' id='par_1_101' title="bbox 479 4696 2074 4769">
     <span class='ocr_line' id='line_1_104' title="bbox 479 4696 2074 4769; baseline 0.001 -18"><span class='ocrx_word' id='word_1_745' title='bbox 479 4696 1010 4769; x_wconf 69' lang='lat' dir='ltr'><strong>staiitinus,si_htee</strong></span> <span class='ocrx_word' id='word_1_746' title='bbox 1060 4701 1240 4769; x_wconf 86' lang='lat' dir='ltr'><strong>regula</strong></span> <span class='ocrx_word' id='word_1_747' title='bbox 1290 4709 1437 4754; x_wconf 90' lang='lat' dir='ltr'><strong>certa</strong></span> <span class='ocrx_word' id='word_1_748' title='bbox 1486 4696 1653 4766; x_wconf 73' lang='lat' dir='ltr'><strong>esset,</strong></span> <span class='ocrx_word' id='word_1_749' title='bbox 1703 4698 1893 4754; x_wconf 82' lang='lat' dir='ltr'><strong>fuisset</strong></span> <span class='ocrx_word' id='word_1_750' title='bbox 1930 4712 2074 4753; x_wconf 89' lang='lat' dir='ltr'><strong>anno</strong></span> 
     </span>
    </p>
   </div>
   <div class='ocr_carea' id='block_1_102' title="bbox 420 4766 2072 4838">
    <p class='ocr_par' dir='ltr' id='par_1_102' title="bbox 420 4766 2072 4838">
     <span class='ocr_line' id='line_1_105' title="bbox 420 4766 2072 4838; baseline 0 -17"><span class='ocrx_word' id='word_1_751' title='bbox 420 4804 425 4809; x_wconf 82' lang='lat'><strong><em>-</em></strong></span> <span class='ocrx_word' id='word_1_752' title='bbox 470 4768 723 4838; x_wconf 63' lang='lat' dir='ltr'><strong>sequenti</strong></span> <span class='ocrx_word' id='word_1_753' title='bbox 755 4767 823 4821; x_wconf 89' lang='grc'><strong>12</strong></span> <span class='ocrx_word' id='word_1_754' title='bbox 869 4766 979 4824; x_wconf 81' lang='lat' dir='ltr'><strong>kal.</strong></span> <span class='ocrx_word' id='word_1_755' title='bbox 1032 4766 1198 4825; x_wconf 75' lang='lat' dir='ltr'><strong>Maias</strong></span> <span class='ocrx_word' id='word_1_756' title='bbox 1237 4769 1495 4838; x_wconf 68' lang='lat' dir='ltr'><strong>Sardicze,</strong></span> <span class='ocrx_word' id='word_1_757' title='bbox 1528 4770 1715 4825; x_wconf 60' lang='lat' dir='ltr'><strong>Romae</strong></span> <span class='ocrx_word' id='word_1_758' title='bbox 1766 4785 1896 4823; x_wconf 88' lang='lat' dir='ltr'><strong>vero</strong></span> <span class='ocrx_word' id='word_1_759' title='bbox 1944 4769 2072 4838; x_wconf 88' lang='lat' dir='ltr'><strong>ipsis</strong></span> 
     </span>
    </p>
   </div>
   <div class='ocr_carea' id='block_1_103' title="bbox 470 4826 2069 4911">
    <p class='ocr_par' dir='ltr' id='par_1_103' title="bbox 470 4826 2069 4911">
     <span class='ocr_line' id='line_1_106' title="bbox 470 4826 2069 4911; baseline 0.001 -19"><span class='ocrx_word' id='word_1_760' title='bbox 470 4826 721 4911; x_wconf 51' lang='lat' dir='ltr'><strong>kal-endis</strong></span> <span class='ocrx_word' id='word_1_761' title='bbox 749 4839 919 4908; x_wconf 90' lang='lat' dir='ltr'><strong>Maiis,</strong></span> <span class='ocrx_word' id='word_1_762' title='bbox 950 4840 1088 4896; x_wconf 89' lang='lat' dir='ltr'><strong>intra</strong></span> <span class='ocrx_word' id='word_1_763' title='bbox 1121 4843 1349 4911; x_wconf 88' lang='lat' dir='ltr'><strong>spatium</strong></span> <span class='ocrx_word' id='word_1_764' title='bbox 1373 4826 1578 4897; x_wconf 64' lang='lat' dir='ltr'><strong>dierum</strong></span> <span class='ocrx_word' id='word_1_765' title='bbox 1614 4840 1922 4905; x_wconf 89' lang='lat' dir='ltr'><strong>duodecim,</strong></span> <span class='ocrx_word' id='word_1_766' title='bbox 1947 4826 2069 4895; x_wconf 74' lang='lat' dir='ltr'><strong>cum</strong></span> 
     </span>
    </p>
   </div>
   <div class='ocr_carea' id='block_1_104' title="bbox 477 4910 2073 4982">
    <p class='ocr_par' dir='ltr' id='par_1_104' title="bbox 477 4910 2073 4982">
     <span class='ocr_line' id='line_1_107' title="bbox 477 4910 2073 4982; baseline 0.002 -17"><span class='ocrx_word' id='word_1_767' title='bbox 477 4910 533 4966; x_wconf 85' lang='lat' dir='ltr'><strong>id</strong></span> <span class='ocrx_word' id='word_1_768' title='bbox 554 4910 730 4982; x_wconf 83' lang='lat' dir='ltr'><strong>colligi</strong></span> <span class='ocrx_word' id='word_1_769' title='bbox 781 4913 951 4981; x_wconf 83' lang='lat' dir='ltr'><strong>possit</strong></span> <span class='ocrx_word' id='word_1_770' title='bbox 991 4926 1058 4968; x_wconf 87' lang='lat' dir='ltr'><strong>ex</strong></span> <span class='ocrx_word' id='word_1_771' title='bbox 1106 4913 1586 4980; x_wconf 86' lang='lat' dir='ltr'><strong>subscriptionibus</strong></span> <span class='ocrx_word' id='word_1_772' title='bbox 1632 4914 1670 4969; x_wconf 93' lang='lat' dir='ltr'><strong>l.</strong></span> <span class='ocrx_word' id='word_1_773' title='bbox 1727 4914 1762 4968; x_wconf 84' lang='grc'><strong>2</strong></span> <span class='ocrx_word' id='word_1_774' title='bbox 1817 4921 1871 4967; x_wconf 86' lang='lat' dir='ltr'><strong>et</strong></span> <span class='ocrx_word' id='word_1_775' title='bbox 1913 4914 1946 4967; x_wconf 79' lang='grc'><strong>5</strong></span> <span class='ocrx_word' id='word_1_776' title='bbox 1996 4911 2073 4968; x_wconf 87' lang='lat' dir='ltr'><strong>De</strong></span> 
     </span>
    </p>
   </div>
   <div class='ocr_carea' id='block_1_105' title="bbox 475 4982 2068 5058">
    <p class='ocr_par' dir='ltr' id='par_1_105' title="bbox 475 4982 2068 5058">
     <span class='ocr_line' id='line_1_108' title="bbox 475 4982 2068 5058; baseline 0.002 -22"><span class='ocrx_word' id='word_1_777' title='bbox 475 4982 863 5058; x_wconf 62' lang='lat' dir='ltr'><strong>donationibus.</strong></span> <span class='ocrx_word' id='word_1_778' title='bbox 894 4982 1120 5058; x_wconf 78' lang='lat' dir='ltr'><strong>Possem</strong></span> <span class='ocrx_word' id='word_1_779' title='bbox 1159 4993 1214 5039; x_wconf 89' lang='lat' dir='ltr'><strong>et</strong></span> <span class='ocrx_word' id='word_1_780' title='bbox 1247 4984 1355 5058; x_wconf 75' lang='lat' dir='ltr'><strong>alia</strong></span> <span class='ocrx_word' id='word_1_781' title='bbox 1403 4985 1660 5058; x_wconf 79' lang='lat' dir='ltr'><strong>exempla</strong></span> <span class='ocrx_word' id='word_1_782' title='bbox 1701 4983 1903 5058; x_wconf 54' lang='grc' dir='ltr'><strong>δῦθι-τί.</strong></span> <span class='ocrx_word' id='word_1_783' title='bbox 1959 4983 2068 5040; x_wconf 87' lang='lat' dir='ltr'><strong>Sed</strong></span> 
     </span>
    </p>
   </div>
   <div class='ocr_carea' id='block_1_106' title="bbox 473 5053 2065 5128">
    <p class='ocr_par' dir='ltr' id='par_1_106' title="bbox 473 5053 2065 5128">
     <span class='ocr_line' id='line_1_109' title="bbox 473 5053 2065 5128; baseline 0.001 -21"><span class='ocrx_word' id='word_1_784' title='bbox 473 5053 575 5128; x_wconf 81' lang='lat' dir='ltr'><strong>ista</strong></span> <span class='ocrx_word' id='word_1_785' title='bbox 601 5053 900 5128; x_wconf 77' lang='lat' dir='ltr'><strong>sufﬁciunt.</strong></span> <span class='ocrx_word' id='word_1_786' title='bbox 950 5053 1106 5128; x_wconf 82' lang='lat' dir='ltr'><strong>Unde</strong></span> <span class='ocrx_word' id='word_1_787' title='bbox 1157 5054 1338 5128; x_wconf 85' lang='lat' dir='ltr'><strong>colligi</strong></span> <span class='ocrx_word' id='word_1_788' title='bbox 1386 5053 1581 5124; x_wconf 64' lang='lat' dir='ltr'><strong>debet;</strong></span> <span class='ocrx_word' id='word_1_789' title='bbox 1618 5057 1667 5112; x_wconf 91' lang='lat' dir='ltr'><strong>id</strong></span> <span class='ocrx_word' id='word_1_790' title='bbox 1717 5056 1861 5128; x_wconf 91' lang='lat' dir='ltr'><strong>quod</strong></span> <span class='ocrx_word' id='word_1_791' title='bbox 1888 5069 2065 5128; x_wconf 57' lang='lat' dir='ltr'><strong>antea</strong></span> 
     </span>
    </p>
   </div>
   <div class='ocr_carea' id='block_1_107' title="bbox 475 5123 2082 5199">
    <p class='ocr_par' dir='ltr' id='par_1_107' title="bbox 475 5123 2082 5199">
     <span class='ocr_line' id='line_1_110' title="bbox 475 5123 2082 5199; baseline 0.001 -20"><span class='ocrx_word' id='word_1_792' title='bbox 475 5123 912 5199; x_wconf 79' lang='lat' dir='ltr'><strong>dicebamus,ex</strong></span> <span class='ocrx_word' id='word_1_793' title='bbox 942 5123 1425 5199; x_wconf 72' lang='lat' dir='ltr'><strong>subscriptiotiibus</strong></span> <span class='ocrx_word' id='word_1_794' title='bbox 1455 5123 1629 5199; x_wconf 88' lang='lat' dir='ltr'><strong>legum</strong></span> <span class='ocrx_word' id='word_1_795' title='bbox 1661 5123 1861 5184; x_wconf 83' lang='lat' dir='ltr'><strong>codicis</strong></span> <span class='ocrx_word' id='word_1_796' title='bbox 1884 5126 2082 5182; x_wconf 69' lang='lat' dir='ltr'><strong>Theo-</strong></span> 
     </span>
    </p>
   </div>
   <div class='ocr_carea' id='block_1_108' title="bbox 476 5194 2067 5271">
    <p class='ocr_par' dir='ltr' id='par_1_108' title="bbox 476 5194 2067 5271">
     <span class='ocr_line' id='line_1_111' title="bbox 476 5194 2067 5271; baseline 0.002 -21"><span class='ocrx_word' id='word_1_797' title='bbox 476 5194 690 5271; x_wconf 75' lang='lat' dir='ltr'><strong>dosiani</strong></span> <span class='ocrx_word' id='word_1_798' title='bbox 720 5197 856 5271; x_wconf 74' lang='lat' dir='ltr'><strong>nihil</strong></span> <span class='ocrx_word' id='word_1_799' title='bbox 888 5198 1067 5271; x_wconf 79' lang='lat' dir='ltr'><strong>colligi</strong></span> <span class='ocrx_word' id='word_1_800' title='bbox 1101 5194 1260 5271; x_wconf 80' lang='lat' dir='ltr'><strong>posse</strong></span> <span class='ocrx_word' id='word_1_801' title='bbox 1289 5199 1419 5253; x_wconf 90' lang='lat' dir='ltr'><strong>certi</strong></span> <span class='ocrx_word' id='word_1_802' title='bbox 1453 5194 1805 5271; x_wconf 73' lang='lat' dir='ltr'><strong>adsignanda</strong></span> <span class='ocrx_word' id='word_1_803' title='bbox 1840 5200 1980 5264; x_wconf 89' lang='lat' dir='ltr'><strong>loca,</strong></span> <span class='ocrx_word' id='word_1_804' title='bbox 2015 5199 2067 5253; x_wconf 90' lang='lat' dir='ltr'><strong>in</strong></span> 
     </span>
    </p>
   </div>
   <div class='ocr_carea' id='block_1_109' title="bbox 474 5268 2069 5342">
    <p class='ocr_par' dir='ltr' id='par_1_109' title="bbox 474 5268 2069 5342">
     <span class='ocr_line' id='line_1_112' title="bbox 474 5268 2069 5342; baseline 0.003 -21"><span class='ocrx_word' id='word_1_805' title='bbox 474 5268 681 5342; x_wconf 74' lang='lat' dir='ltr'><strong>quibus</strong></span> <span class='ocrx_word' id='word_1_806' title='bbox 725 5268 1111 5342; x_wconf 80' lang='lat' dir='ltr'><strong>constantinus</strong></span> <span class='ocrx_word' id='word_1_807' title='bbox 1164 5268 1426 5324; x_wconf 89' lang='lat' dir='ltr'><strong>habitavit</strong></span> <span class='ocrx_word' id='word_1_808' title='bbox 1483 5268 1779 5342; x_wconf 63' lang='lat' dir='ltr'><strong>per&#39;varia</strong></span> <span class='ocrx_word' id='word_1_809' title='bbox 1827 5280 2069 5340; x_wconf 83' lang='lat' dir='ltr'><strong>tempora</strong></span> 
     </span>
    </p>
   </div>
   <div class='ocr_carea' id='block_1_110' title="bbox 472 5337 2071 5414">
    <p class='ocr_par' dir='ltr' id='par_1_110' title="bbox 472 5337 2071 5414">
     <span class='ocr_line' id='line_1_113' title="bbox 472 5337 2071 5414; baseline 0.004 -23"><span class='ocrx_word' id='word_1_810' title='bbox 472 5337 685 5414; x_wconf 79' lang='lat' dir='ltr'><strong>imperii</strong></span> <span class='ocrx_word' id='word_1_811' title='bbox 724 5341 837 5414; x_wconf 81' lang='lat' dir='ltr'><strong>sui;</strong></span> <span class='ocrx_word' id='word_1_812' title='bbox 865 5338 1107 5414; x_wconf 77' lang='lat' dir='ltr'><strong>adeoque</strong></span> <span class='ocrx_word' id='word_1_813' title='bbox 1157 5341 1368 5396; x_wconf 88' lang='lat' dir='ltr'><strong>intirma</strong></span> <span class='ocrx_word' id='word_1_814' title='bbox 1417 5337 1537 5397; x_wconf 82' lang='lat' dir='ltr'><strong>esse</strong></span> <span class='ocrx_word' id='word_1_815' title='bbox 1566 5350 1909 5414; x_wconf 78' lang='lat' dir='ltr'><strong>argumenta,</strong></span> <span class='ocrx_word' id='word_1_816' title='bbox 1941 5337 2071 5414; x_wconf 68' lang='lat' dir='ltr'><strong>qua:</strong></span> 
     </span>
    </p>
   </div>
   <div class='ocr_carea' id='block_1_111' title="bbox 473 5409 2073 5483">
    <p class='ocr_par' dir='ltr' id='par_1_111' title="bbox 473 5409 2073 5483">
     <span class='ocr_line' id='line_1_114' title="bbox 473 5409 2073 5483; baseline 0.004 -20"><span class='ocrx_word' id='word_1_817' title='bbox 473 5409 574 5464; x_wconf 85' lang='lat' dir='ltr'><strong>viri</strong></span> <span class='ocrx_word' id='word_1_818' title='bbox 602 5410 900 5467; x_wconf 89' lang='lat' dir='ltr'><strong>doctissimi</strong></span> <span class='ocrx_word' id='word_1_819' title='bbox 923 5409 1049 5466; x_wconf 82' lang='lat' dir='ltr'><strong>hinc</strong></span> <span class='ocrx_word' id='word_1_820' title='bbox 1070 5421 1438 5483; x_wconf 90' lang='lat' dir='ltr'><strong>sumpserunt,</strong></span> <span class='ocrx_word' id='word_1_821' title='bbox 1469 5415 1534 5467; x_wconf 92' lang='lat' dir='ltr'><strong>ad</strong></span> <span class='ocrx_word' id='word_1_822' title='bbox 1580 5409 1979 5469; x_wconf 74' lang='lat' dir='ltr'><strong>conﬁrmandos</strong></span> <span class='ocrx_word' id='word_1_823' title='bbox 2017 5422 2073 5469; x_wconf 90' lang='lat' dir='ltr'><strong>et</strong></span> 
     </span>
    </p>
   </div>
   <div class='ocr_carea' id='block_1_112' title="bbox 474 5483 1760 5555">
    <p class='ocr_par' dir='ltr' id='par_1_112' title="bbox 474 5483 1760 5555">
     <span class='ocr_line' id='line_1_115' title="bbox 474 5483 1760 5555; baseline 0.002 -18"><span class='ocrx_word' id='word_1_824' title='bbox 474 5483 930 5555; x_wconf 83' lang='lat' dir='ltr'><strong>constabiliendas</strong></span> <span class='ocrx_word' id='word_1_825' title='bbox 954 5485 1293 5555; x_wconf 81' lang='lat' dir='ltr'><strong>conjecturas</strong></span> <span class='ocrx_word' id='word_1_826' title='bbox 1316 5500 1440 5541; x_wconf 90' lang='lat' dir='ltr'><strong>suas</strong></span> <span class='ocrx_word' id='word_1_827' title='bbox 1459 5484 1760 5541; x_wconf 88' lang='lat' dir='ltr'><strong>historicas.</strong></span> 
     </span>
    </p>
   </div>
   <div class='ocr_carea' id='block_1_113' title="bbox 470 5552 2069 5627">
    <p class='ocr_par' dir='ltr' id='par_1_113' title="bbox 470 5552 2069 5627">
     <span class='ocr_line' id='line_1_116' title="bbox 470 5552 2069 5627; baseline 0.003 -22"><span class='ocrx_word' id='word_1_828' title='bbox 470 5552 629 5627; x_wconf 63' lang='lat' dir='ltr'><strong>[eAd</strong></span> <span class='ocrx_word' id='word_1_829' title='bbox 650 5555 947 5627; x_wconf 78' lang='lat' dir='ltr'><strong>hujusmodi</strong></span> <span class='ocrx_word' id='word_1_830' title='bbox 971 5552 1138 5627; x_wconf 81' lang='lat' dir='ltr'><strong>casus.</strong></span> <span class='ocrx_word' id='word_1_831' title='bbox 1188 5554 1247 5610; x_wconf 87' lang='lat' dir='ltr'><strong>In</strong></span> <span class='ocrx_word' id='word_1_832' title='bbox 1298 5556 1467 5613; x_wconf 83' lang='lat' dir='ltr'><strong>veteri</strong></span> <span class='ocrx_word' id='word_1_833' title='bbox 1515 5556 1703 5613; x_wconf 90' lang='lat' dir='ltr'><strong>codice</strong></span> <span class='ocrx_word' id='word_1_834' title='bbox 1756 5557 1964 5627; x_wconf 87' lang='lat' dir='ltr'><strong>legitur,</strong></span> <span class='ocrx_word' id='word_1_835' title='bbox 2000 5557 2069 5610; x_wconf 83' lang='lat' dir='ltr'><strong>ad</strong></span> 
     </span>
    </p>
   </div>
   <div class='ocr_carea' id='block_1_114' title="bbox 473 5622 2069 5696">
    <p class='ocr_par' dir='ltr' id='par_1_114' title="bbox 473 5622 2069 5696">
     <span class='ocr_line' id='line_1_117' title="bbox 473 5622 2069 5696; baseline 0.004 -20"><span class='ocrx_word' id='word_1_836' title='bbox 473 5622 769 5696; x_wconf 68' lang='lat' dir='ltr'><strong>lmjusmodi</strong></span> <span class='ocrx_word' id='word_1_837' title='bbox 810 5642 966 5683; x_wconf 86' lang='lat' dir='ltr'><strong>causa</strong></span> <span class='ocrx_word' id='word_1_838' title='bbox 991 5626 1194 5681; x_wconf 86' lang='lat' dir='ltr'><strong>Licinio</strong></span> <span class='ocrx_word' id='word_1_839' title='bbox 1222 5628 1478 5683; x_wconf 88' lang='lat' dir='ltr'><strong>collocati.</strong></span> <span class='ocrx_word' id='word_1_840' title='bbox 1520 5628 1713 5684; x_wconf 87' lang='lat' dir='ltr'><strong>Nostra</strong></span> <span class='ocrx_word' id='word_1_841' title='bbox 1763 5622 2069 5684; x_wconf 77' lang='lat' dir='ltr'><strong>emendatio</strong></span> 
     </span>
    </p>
   </div>
   <div class='ocr_carea' id='block_1_115' title="bbox 473 5692 2067 5772">
    <p class='ocr_par' dir='ltr' id='par_1_115' title="bbox 473 5692 2067 5772">
     <span class='ocr_line' id='line_1_118' title="bbox 473 5692 2067 5772; baseline 0.003 -23"><span class='ocrx_word' id='word_1_842' title='bbox 473 5692 615 5749; x_wconf 81' lang='lat' dir='ltr'><strong>bona</strong></span> <span class='ocrx_word' id='word_1_843' title='bbox 646 5707 747 5751; x_wconf 90' lang='lat' dir='ltr'><strong>est.</strong></span> <span class='ocrx_word' id='word_1_844' title='bbox 804 5697 873 5751; x_wconf 87' lang='lat' dir='ltr'><strong>Et</strong></span> <span class='ocrx_word' id='word_1_845' title='bbox 907 5714 1051 5767; x_wconf 71' lang='lat' dir='ltr'><strong>smne</strong></span> <span class='ocrx_word' id='word_1_846' title='bbox 1082 5701 1132 5754; x_wconf 92' lang='lat' dir='ltr'><strong>in</strong></span> <span class='ocrx_word' id='word_1_847' title='bbox 1185 5700 1420 5772; x_wconf 87' lang='lat' dir='ltr'><strong>antiquis</strong></span> <span class='ocrx_word' id='word_1_848' title='bbox 1469 5700 1747 5772; x_wconf 89' lang='lat' dir='ltr'><strong>codicibus</strong></span> <span class='ocrx_word' id='word_1_849' title='bbox 1797 5700 2067 5772; x_wconf 82' lang='lat' dir='ltr'><strong>reperitur</strong></span> 
     </span>
    </p>
   </div>
   <div class='ocr_carea' id='block_1_116' title="bbox 475 5771 2065 5845">
    <p class='ocr_par' dir='ltr' id='par_1_116' title="bbox 475 5771 2065 5845">
     <span class='ocr_line' id='line_1_119' title="bbox 475 5771 2065 5845; baseline 0.003 -26"><span class='ocrx_word' id='word_1_850' title='bbox 475 5774 733 5845; x_wconf 68' lang='lat' dir='ltr'><strong>scriptum</strong></span> <span class='ocrx_word' id='word_1_851' title='bbox 775 5784 930 5845; x_wconf 71' lang='lat' dir='ltr'><strong>causa</strong></span> <span class='ocrx_word' id='word_1_852' title='bbox 984 5784 1079 5836; x_wconf 88' lang='lat' dir='ltr'><strong>pro</strong></span> <span class='ocrx_word' id='word_1_853' title='bbox 1128 5771 1410 5839; x_wconf 44' lang='lat' dir='ltr'><strong>castts,&#39;ut</strong></span> <span class='ocrx_word' id='word_1_854' title='bbox 1439 5771 1579 5844; x_wconf 87' lang='lat' dir='ltr'><strong>apud</strong></span> <span class='ocrx_word' id='word_1_855' title='bbox 1626 5771 1684 5845; x_wconf 90' lang='lat' dir='ltr'><strong>S.</strong></span> <span class='ocrx_word' id='word_1_856' title='bbox 1723 5771 2065 5845; x_wconf 81' lang='lat' dir='ltr'><strong>Ambrosium</strong></span> 
     </span>
    </p>
   </div>
   <div class='ocr_carea' id='block_1_117' title="bbox 472 5837 2063 5917">
    <p class='ocr_par' dir='ltr' id='par_1_117' title="bbox 472 5837 2063 5917">
     <span class='ocr_line' id='line_1_120' title="bbox 472 5837 2063 5917; baseline 0.004 -28"><span class='ocrx_word' id='word_1_857' title='bbox 472 5837 629 5907; x_wconf 85' lang='lat' dir='ltr'><strong>epist.</strong></span> <span class='ocrx_word' id='word_1_858' title='bbox 665 5838 771 5893; x_wconf 72' lang='lat'><strong>45:</strong></span> <span class='ocrx_word' id='word_1_859' title='bbox 807 5837 872 5893; x_wconf 90' lang='lat' dir='ltr'><strong>In</strong></span> <span class='ocrx_word' id='word_1_860' title='bbox 900 5850 1085 5895; x_wconf 80' lang='lat' dir='ltr'><strong>natura</strong></span> <span class='ocrx_word' id='word_1_861' title='bbox 1107 5859 1256 5899; x_wconf 84' lang='lat' dir='ltr'><strong>casus</strong></span> <span class='ocrx_word' id='word_1_862' title='bbox 1286 5837 1380 5913; x_wconf 81' lang='lat' dir='ltr'><strong>est,</strong></span> <span class='ocrx_word' id='word_1_863' title='bbox 1414 5837 1738 5901; x_wconf 55' lang='lat' dir='ltr'><strong>in&#39;electione</strong></span> <span class='ocrx_word' id='word_1_864' title='bbox 1755 5843 2063 5917; x_wconf 49' lang='lat' dir='ltr'><strong>judicium;</strong></span> 
     </span>
    </p>
   </div>
   <div class='ocr_carea' id='block_1_118' title="bbox 2101 4590 2156 4650">
    <p class='ocr_par' dir='ltr' id='par_1_118' title="bbox 2101 4590 2156 4650">
     <span class='ocr_line' id='line_1_121' title="bbox 2101 4590 2156 4650; baseline 0 0"><span class='ocrx_word' id='word_1_865' title='bbox 2101 4590 2156 4650; x_wconf 93' lang='lat' dir='ltr'><strong>D</strong></span> 
     </span>
    </p>
   </div>
   <div class='ocr_carea' id='block_1_119' title="bbox 2174 3267 3755 3340">
    <p class='ocr_par' dir='ltr' id='par_1_119' title="bbox 2174 3267 3755 3340">
     <span class='ocr_line' id='line_1_122' title="bbox 2174 3267 3755 3340; baseline -0.009 -10"><span class='ocrx_word' id='word_1_866' title='bbox 2174 3274 2357 3330; x_wconf 75' lang='lat' dir='ltr'><strong>Czcsar</strong></span> <span class='ocrx_word' id='word_1_867' title='bbox 2368 3288 2508 3325; x_wconf 90' lang='lat' dir='ltr'><strong>anno</strong></span> <span class='ocrx_word' id='word_1_868' title='bbox 2520 3271 2719 3325; x_wconf 85' lang='lat' dir='ltr'><strong>Christi</strong></span> <span class='ocrx_word' id='word_1_869' title='bbox 2742 3270 2847 3326; x_wconf 82' lang='grc'><strong>505</strong></span> <span class='ocrx_word' id='word_1_870' title='bbox 2866 3279 2921 3323; x_wconf 92' lang='lat' dir='ltr'><strong>ut</strong></span> <span class='ocrx_word' id='word_1_871' title='bbox 2943 3285 3099 3338; x_wconf 78' lang='lat' dir='ltr'><strong>supra</strong></span> <span class='ocrx_word' id='word_1_872' title='bbox 3115 3270 3365 3324; x_wconf 87' lang='lat' dir='ltr'><strong>vidimus.</strong></span> <span class='ocrx_word' id='word_1_873' title='bbox 3394 3269 3473 3324; x_wconf 87' lang='lat' dir='ltr'><strong>Ex</strong></span> <span class='ocrx_word' id='word_1_874' title='bbox 3489 3285 3596 3340; x_wconf 88' lang='lat' dir='ltr'><strong>quo</strong></span> <span class='ocrx_word' id='word_1_875' title='bbox 3620 3267 3755 3319; x_wconf 81' lang='lat' dir='ltr'><strong>etiam</strong></span> 
     </span>
    </p>
   </div>
   <div class='ocr_carea' id='block_1_120' title="bbox 2174 3340 3756 3409">
    <p class='ocr_par' dir='ltr' id='par_1_120' title="bbox 2174 3340 3756 3409">
     <span class='ocr_line' id='line_1_123' title="bbox 2174 3340 3756 3409; baseline -0.009 -7"><span class='ocrx_word' id='word_1_876' title='bbox 2174 3345 2566 3402; x_wconf 73' lang='lat' dir='ltr'><strong>confirmantur</strong></span> <span class='ocrx_word' id='word_1_877' title='bbox 2592 3357 2712 3409; x_wconf 72' lang='lat' dir='ltr'><strong>qua:</strong></span> <span class='ocrx_word' id='word_1_878' title='bbox 2753 3357 2783 3395; x_wconf 89' lang='lat' dir='ltr'><strong>a</strong></span> <span class='ocrx_word' id='word_1_879' title='bbox 2834 3340 2987 3395; x_wconf 86' lang='lat' dir='ltr'><strong>nobis</strong></span> <span class='ocrx_word' id='word_1_880' title='bbox 3033 3341 3170 3395; x_wconf 90' lang='lat' dir='ltr'><strong>dicta</strong></span> <span class='ocrx_word' id='word_1_881' title='bbox 3216 3350 3341 3395; x_wconf 90' lang='lat' dir='ltr'><strong>sunt</strong></span> <span class='ocrx_word' id='word_1_882' title='bbox 3365 3341 3437 3396; x_wconf 91' lang='lat' dir='ltr'><strong>de</strong></span> <span class='ocrx_word' id='word_1_883' title='bbox 3467 3350 3756 3409; x_wconf 16' lang='lat' dir='ltr'><strong>anno,7qt_t_o</strong></span> 
     </span>
    </p>
   </div>
   <div class='ocr_carea' id='block_1_121' title="bbox 2178 3407 3755 3486">
    <p class='ocr_par' dir='ltr' id='par_1_121' title="bbox 2178 3407 3755 3486">
     <span class='ocr_line' id='line_1_124' title="bbox 2178 3407 3755 3486; baseline -0.008 -15"><span class='ocrx_word' id='word_1_884' title='bbox 2178 3416 2541 3471; x_wconf 90' lang='lat' dir='ltr'><strong>Diocletianus</strong></span> <span class='ocrx_word' id='word_1_885' title='bbox 2563 3407 2809 3485; x_wconf 80' lang='lat' dir='ltr'><strong>deposuit</strong></span> <span class='ocrx_word' id='word_1_886' title='bbox 2832 3412 3138 3482; x_wconf 85' lang='lat' dir='ltr'><strong>imperium.</strong></span> <span class='ocrx_word' id='word_1_887' title='bbox 3157 3412 3288 3467; x_wconf 84' lang='lat' dir='ltr'><strong>Nam</strong></span> <span class='ocrx_word' id='word_1_888' title='bbox 3310 3414 3354 3467; x_wconf 89' lang='lat' dir='ltr'><strong>si</strong></span> <span class='ocrx_word' id='word_1_889' title='bbox 3374 3407 3755 3486; x_wconf 75' lang='lat' dir='ltr'><strong>kalendisMaiis</strong></span> 
     </span>
    </p>
   </div>
   <div class='ocr_carea' id='block_1_122' title="bbox 2175 3482 3755 3554">
    <p class='ocr_par' dir='ltr' id='par_1_122' title="bbox 2175 3482 3755 3554">
     <span class='ocr_line' id='line_1_125' title="bbox 2175 3482 3755 3554; baseline -0.007 -11"><span class='ocrx_word' id='word_1_890' title='bbox 2175 3489 2302 3543; x_wconf 88' lang='lat' dir='ltr'><strong>anni</strong></span> <span class='ocrx_word' id='word_1_891' title='bbox 2331 3487 2437 3542; x_wconf 75' lang='lat'><strong>313</strong></span> <span class='ocrx_word' id='word_1_892' title='bbox 2466 3482 2844 3554; x_wconf 87' lang='lat' dir='ltr'><strong>complebatur</strong></span> <span class='ocrx_word' id='word_1_893' title='bbox 2872 3499 3045 3539; x_wconf 88' lang='lat' dir='ltr'><strong>annus</strong></span> <span class='ocrx_word' id='word_1_894' title='bbox 3093 3494 3317 3538; x_wconf 88' lang='lat' dir='ltr'><strong>octavus</strong></span> <span class='ocrx_word' id='word_1_895' title='bbox 3362 3482 3755 3554; x_wconf 74' lang='lat' dir='ltr'><strong>nuncupatiuuis</strong></span> 
     </span>
    </p>
   </div>
   <div class='ocr_carea' id='block_1_123' title="bbox 2177 3551 3751 3624">
    <p class='ocr_par' dir='ltr' id='par_1_123' title="bbox 2177 3551 3751 3624">
     <span class='ocr_line' id='line_1_126' title="bbox 2177 3551 3751 3624; baseline -0.01 -9"><span class='ocrx_word' id='word_1_896' title='bbox 2177 3559 2491 3624; x_wconf 88' lang='lat' dir='ltr'><strong>Maximini,</strong></span> <span class='ocrx_word' id='word_1_897' title='bbox 2520 3567 2575 3612; x_wconf 90' lang='lat' dir='ltr'><strong>ttt</strong></span> <span class='ocrx_word' id='word_1_898' title='bbox 2594 3551 2672 3611; x_wconf 81' lang='lat' dir='ltr'><strong>ait</strong></span> <span class='ocrx_word' id='word_1_899' title='bbox 2703 3556 3012 3611; x_wconf 85' lang='lat' dir='ltr'><strong>Lactantius</strong></span> <span class='ocrx_word' id='word_1_900' title='bbox 3039 3598 3052 3620; x_wconf 95' lang='lat'><strong>,</strong></span> <span class='ocrx_word' id='word_1_901' title='bbox 3080 3555 3446 3611; x_wconf 83' lang='lat' dir='ltr'><strong>necessarium</strong></span> <span class='ocrx_word' id='word_1_902' title='bbox 3489 3551 3598 3615; x_wconf 86' lang='lat' dir='ltr'><strong>est,</strong></span> <span class='ocrx_word' id='word_1_903' title='bbox 3630 3551 3751 3624; x_wconf 86' lang='lat' dir='ltr'><strong>illum</strong></span> 
     </span>
    </p>
   </div>
   <div class='ocr_carea' id='block_1_124' title="bbox 2178 3623 3750 3700">
    <p class='ocr_par' dir='ltr' id='par_1_124' title="bbox 2178 3623 3750 3700">
     <span class='ocr_line' id='line_1_127' title="bbox 2178 3623 3750 3700; baseline -0.01 -15"><span class='ocrx_word' id='word_1_904' title='bbox 2178 3623 2546 3700; x_wconf 89' lang='lat' dir='ltr'><strong>nuncupatum</strong></span> <span class='ocrx_word' id='word_1_905' title='bbox 2573 3628 2738 3683; x_wconf 82' lang='lat' dir='ltr'><strong>fuisse</strong></span> <span class='ocrx_word' id='word_1_906' title='bbox 2757 3628 3028 3683; x_wconf 66' lang='lat' dir='ltr'><strong>Caesarem</strong></span> <span class='ocrx_word' id='word_1_907' title='bbox 3048 3643 3188 3682; x_wconf 88' lang='lat' dir='ltr'><strong>anno</strong></span> <span class='ocrx_word' id='word_1_908' title='bbox 3210 3627 3317 3683; x_wconf 75' lang='grc'><strong>505</strong></span> <span class='ocrx_word' id='word_1_909' title='bbox 3336 3625 3587 3682; x_wconf 83' lang='lat' dir='ltr'><strong>kalendis</strong></span> <span class='ocrx_word' id='word_1_910' title='bbox 3606 3623 3750 3678; x_wconf 85' lang='lat' dir='ltr'><strong>Maiis.</strong></span> 
     </span>
    </p>
   </div>
   <div class='ocr_carea' id='block_1_125' title="bbox 2175 3700 3753 3772">
    <p class='ocr_par' dir='ltr' id='par_1_125' title="bbox 2175 3700 3753 3772">
     <span class='ocr_line' id='line_1_128' title="bbox 2175 3700 3753 3772; baseline -0.01 -13"><span class='ocrx_word' id='word_1_911' title='bbox 2175 3702 2376 3759; x_wconf 87' lang='lat' dir='ltr'><strong>Errant</strong></span> <span class='ocrx_word' id='word_1_912' title='bbox 2404 3715 2534 3772; x_wconf 89' lang='lat' dir='ltr'><strong>ergo</strong></span> <span class='ocrx_word' id='word_1_913' title='bbox 2559 3700 2648 3769; x_wconf 88' lang='lat' dir='ltr'><strong>qui</strong></span> <span class='ocrx_word' id='word_1_914' title='bbox 2690 3709 2912 3769; x_wconf 86' lang='lat' dir='ltr'><strong>putant,</strong></span> <span class='ocrx_word' id='word_1_915' title='bbox 2942 3714 3063 3753; x_wconf 91' lang='lat' dir='ltr'><strong>eum</strong></span> <span class='ocrx_word' id='word_1_916' title='bbox 3091 3715 3185 3772; x_wconf 85' lang='lat' dir='ltr'><strong>per</strong></span> <span class='ocrx_word' id='word_1_917' title='bbox 3211 3713 3390 3772; x_wconf 83' lang='lat' dir='ltr'><strong>annos</strong></span> <span class='ocrx_word' id='word_1_918' title='bbox 3420 3710 3627 3772; x_wconf 79' lang='lat' dir='ltr'><strong>tantum</strong></span> <span class='ocrx_word' id='word_1_919' title='bbox 3653 3706 3753 3772; x_wconf 65' lang='lat' dir='ltr'><strong>scp-</strong></span> 
     </span>
    </p>
   </div>
   <div class='ocr_carea' id='block_1_126' title="bbox 2179 3762 3750 3843">
    <p class='ocr_par' dir='ltr' id='par_1_126' title="bbox 2179 3762 3750 3843">
     <span class='ocr_line' id='line_1_129' title="bbox 2179 3762 3750 3843; baseline -0.009 -13"><span class='ocrx_word' id='word_1_920' title='bbox 2179 3784 2284 3830; x_wconf 89' lang='lat' dir='ltr'><strong>tem</strong></span> <span class='ocrx_word' id='word_1_921' title='bbox 2315 3762 2598 3843; x_wconf 60' lang='lat' dir='ltr'><strong>imperium</strong></span> <span class='ocrx_word' id='word_1_922' title='bbox 2633 3762 2908 3837; x_wconf 75' lang='lat' dir='ltr'><strong>tenuisse,</strong></span> <span class='ocrx_word' id='word_1_923' title='bbox 2949 3780 3003 3825; x_wconf 84' lang='lat' dir='ltr'><strong>et</strong></span> <span class='ocrx_word' id='word_1_924' title='bbox 3033 3762 3391 3843; x_wconf 79' lang='lat' dir='ltr'><strong>quadriennio</strong></span> <span class='ocrx_word' id='word_1_925' title='bbox 3416 3770 3630 3843; x_wconf 82' lang='lat' dir='ltr'><strong>quidem</strong></span> <span class='ocrx_word' id='word_1_926' title='bbox 3653 3762 3750 3843; x_wconf 60' lang='lat' dir='ltr'><strong>Caio</strong></span> 
     </span>
    </p>
   </div>
   <div class='ocr_carea' id='block_1_127' title="bbox 2179 3835 3750 3911">
    <p class='ocr_par' dir='ltr' id='par_1_127' title="bbox 2179 3835 3750 3911">
     <span class='ocr_line' id='line_1_130' title="bbox 2179 3835 3750 3911; baseline -0.009 -9"><span class='ocrx_word' id='word_1_927' title='bbox 2179 3861 2354 3902; x_wconf 90' lang='lat' dir='ltr'><strong>sarem</strong></span> <span class='ocrx_word' id='word_1_928' title='bbox 2375 3835 2649 3911; x_wconf 47' lang='lat' dir='ltr'><strong>ftriennio</strong></span> <span class='ocrx_word' id='word_1_929' title='bbox 2679 3835 2977 3910; x_wconf 79' lang='lat' dir='ltr'><strong>Augustum</strong></span> <span class='ocrx_word' id='word_1_930' title='bbox 3012 3835 3108 3911; x_wconf 79' lang='lat' dir='ltr'><strong>per</strong></span> <span class='ocrx_word' id='word_1_931' title='bbox 3145 3835 3642 3897; x_wconf 54' lang='lat' dir='ltr'><strong>Orientem&#39;l&#39;uisse.</strong></span> <span class='ocrx_word' id='word_1_932' title='bbox 3669 3835 3750 3889; x_wconf 59' lang='lat' dir='ltr'><strong>lmo</strong></span> 
     </span>
    </p>
   </div>
   <div class='ocr_carea' id='block_1_128' title="bbox 2178 3911 3744 3989">
    <p class='ocr_par' dir='ltr' id='par_1_128' title="bbox 2178 3911 3744 3989">
     <span class='ocr_line' id='line_1_131' title="bbox 2178 3911 3744 3989; baseline -0.01 -17"><span class='ocrx_word' id='word_1_933' title='bbox 2178 3917 2385 3989; x_wconf 71' lang='lat' dir='ltr'><strong>perarit</strong></span> <span class='ocrx_word' id='word_1_934' title='bbox 2422 3916 2565 3989; x_wconf 89' lang='lat' dir='ltr'><strong>enim</strong></span> <span class='ocrx_word' id='word_1_935' title='bbox 2608 3930 2702 3986; x_wconf 89' lang='lat' dir='ltr'><strong>per</strong></span> <span class='ocrx_word' id='word_1_936' title='bbox 2752 3928 2925 3969; x_wconf 85' lang='lat' dir='ltr'><strong>annos</strong></span> <span class='ocrx_word' id='word_1_937' title='bbox 2972 3924 3095 3969; x_wconf 87' lang='lat' dir='ltr'><strong>octo</strong></span> <span class='ocrx_word' id='word_1_938' title='bbox 3144 3915 3383 3985; x_wconf 87' lang='lat' dir='ltr'><strong>integros</strong></span> <span class='ocrx_word' id='word_1_939' title='bbox 3431 3921 3493 3968; x_wconf 88' lang='lat' dir='ltr'><strong>et</strong></span> <span class='ocrx_word' id='word_1_940' title='bbox 3540 3911 3744 3979; x_wconf 89' lang='lat' dir='ltr'><strong>aliquam</strong></span> 
     </span>
    </p>
   </div>
   <div class='ocr_carea' id='block_1_129' title="bbox 2184 3986 3665 4061">
    <p class='ocr_par' dir='ltr' id='par_1_129' title="bbox 2184 3986 3665 4061">
     <span class='ocr_line' id='line_1_132' title="bbox 2184 3986 3665 4061; baseline -0.003 -17"><span class='ocrx_word' id='word_1_941' title='bbox 2184 3986 2395 4061; x_wconf 83' lang='lat' dir='ltr'><strong>partem</strong></span> <span class='ocrx_word' id='word_1_942' title='bbox 2425 3986 2574 4061; x_wconf 57' lang='lat' dir='ltr'><strong>noni.</strong></span> <span class='ocrx_word' id='word_1_943' title='bbox 2595 4057 2607 4061; x_wconf 28' lang='grc' dir='ltr'><strong>Α</strong></span> <span class='ocrx_word' id='word_1_944' title='bbox 2795 4055 2842 4061; x_wconf 85' lang='lat'>__</span> <span class='ocrx_word' id='word_1_945' title='bbox 3013 4057 3023 4061; x_wconf 86' lang='lat'>_</span> <span class='ocrx_word' id='word_1_946' title='bbox 3256 4057 3268 4061; x_wconf 85' lang='lat'>_</span> <span class='ocrx_word' id='word_1_947' title='bbox 3354 4057 3365 4061; x_wconf 91' lang='lat'><strong><em>_</em></strong></span> <span class='ocrx_word' id='word_1_948' title='bbox 3655 4054 3665 4061; x_wconf 38' lang='lat'>&#39;</span> 
     </span>
    </p>
   </div>
   <div class='ocr_carea' id='block_1_130' title="bbox 2252 4055 3748 4126">
    <p class='ocr_par' dir='ltr' id='par_1_130' title="bbox 2252 4055 3748 4126">
     <span class='ocr_line' id='line_1_133' title="bbox 2252 4055 3748 4126; baseline -0.009 -11"><span class='ocrx_word' id='word_1_949' title='bbox 2252 4059 2525 4115; x_wconf 84' lang='lat' dir='ltr'><strong>Sicutille.</strong></span> <span class='ocrx_word' id='word_1_950' title='bbox 2556 4057 2612 4113; x_wconf 89' lang='lat' dir='ltr'><strong>Id</strong></span> <span class='ocrx_word' id='word_1_951' title='bbox 2641 4066 2723 4113; x_wconf 85' lang='lat' dir='ltr'><strong>est</strong></span> <span class='ocrx_word' id='word_1_952' title='bbox 2749 4098 2764 4125; x_wconf 95' lang='lat'><strong>,</strong></span> <span class='ocrx_word' id='word_1_953' title='bbox 2795 4055 3128 4126; x_wconf 84' lang='lat' dir='ltr'><strong>Maxentius,</strong></span> <span class='ocrx_word' id='word_1_954' title='bbox 3181 4057 3272 4126; x_wconf 93' lang='lat' dir='ltr'><strong>qui</strong></span> <span class='ocrx_word' id='word_1_955' title='bbox 3317 4057 3495 4112; x_wconf 87' lang='lat' dir='ltr'><strong>victus</strong></span> <span class='ocrx_word' id='word_1_956' title='bbox 3532 4063 3612 4110; x_wconf 88' lang='lat' dir='ltr'><strong>est</strong></span> <span class='ocrx_word' id='word_1_957' title='bbox 3655 4055 3748 4120; x_wconf 86' lang='lat' dir='ltr'><strong>ipso</strong></span> 
     </span>
    </p>
   </div>
   <div class='ocr_carea' id='block_1_131' title="bbox 2177 4132 2602 4189">
    <p class='ocr_par' dir='ltr' id='par_1_131' title="bbox 2177 4132 2602 4189">
     <span class='ocr_line' id='line_1_134' title="bbox 2177 4132 2602 4189; baseline -0.009 0"><span class='ocrx_word' id='word_1_958' title='bbox 2177 4132 2265 4189; x_wconf 87' lang='lat' dir='ltr'><strong>die</strong></span> <span class='ocrx_word' id='word_1_959' title='bbox 2295 4132 2458 4186; x_wconf 84' lang='lat' dir='ltr'><strong>natali</strong></span> <span class='ocrx_word' id='word_1_960' title='bbox 2482 4144 2602 4185; x_wconf 89' lang='lat' dir='ltr'><strong>suo.</strong></span> 
     </span>
    </p>
   </div>
   <div class='ocr_carea' id='block_1_132' title="bbox 2262 4192 3746 4266">
    <p class='ocr_par' dir='ltr' id='par_1_132' title="bbox 2262 4192 3746 4266">
     <span class='ocr_line' id='line_1_135' title="bbox 2262 4192 3746 4266; baseline -0.006 -8"><span class='ocrx_word' id='word_1_961' title='bbox 2262 4203 2453 4258; x_wconf 85' lang='lat' dir='ltr'><strong>Vocant</strong></span> <span class='ocrx_word' id='word_1_962' title='bbox 2496 4217 2746 4257; x_wconf 85' lang='lat' dir='ltr'><strong>serenum.</strong></span> <span class='ocrx_word' id='word_1_963' title='bbox 2778 4200 2933 4256; x_wconf 90' lang='lat' dir='ltr'><strong>Circa</strong></span> <span class='ocrx_word' id='word_1_964' title='bbox 2962 4198 3243 4266; x_wconf 80' lang='lat' dir='ltr'><strong>Resiston,</strong></span> <span class='ocrx_word' id='word_1_965' title='bbox 3277 4210 3333 4254; x_wconf 89' lang='lat' dir='ltr'><strong>ut</strong></span> <span class='ocrx_word' id='word_1_966' title='bbox 3386 4198 3617 4254; x_wconf 86' lang='lat' dir='ltr'><strong>diximus</strong></span> <span class='ocrx_word' id='word_1_967' title='bbox 3640 4235 3653 4261; x_wconf 94' lang='lat'><strong>,</strong></span> <span class='ocrx_word' id='word_1_968' title='bbox 3684 4192 3746 4244; x_wconf 84' lang='lat' dir='ltr'><strong>lo-</strong></span> 
     </span>
    </p>
   </div>
   <div class='ocr_carea' id='block_1_133' title="bbox 2180 4268 3743 4337">
    <p class='ocr_par' dir='ltr' id='par_1_133' title="bbox 2180 4268 3743 4337">
     <span class='ocr_line' id='line_1_136' title="bbox 2180 4268 3743 4337; baseline -0.006 -8"><span class='ocrx_word' id='word_1_969' title='bbox 2180 4290 2301 4330; x_wconf 92' lang='lat' dir='ltr'><strong>cum</strong></span> <span class='ocrx_word' id='word_1_970' title='bbox 2356 4274 2602 4330; x_wconf 73' lang='lat' dir='ltr'><strong>Thracia:</strong></span> <span class='ocrx_word' id='word_1_971' title='bbox 2656 4273 2794 4327; x_wconf 91' lang='lat' dir='ltr'><strong>inter</strong></span> <span class='ocrx_word' id='word_1_972' title='bbox 2843 4270 3283 4337; x_wconf 87' lang='lat' dir='ltr'><strong>Hadrianopolim</strong></span> <span class='ocrx_word' id='word_1_973' title='bbox 3327 4282 3383 4326; x_wconf 90' lang='lat' dir='ltr'><strong>et</strong></span> <span class='ocrx_word' id='word_1_974' title='bbox 3436 4268 3743 4326; x_wconf 78' lang='lat' dir='ltr'><strong>Heracleam-</strong></span> 
     </span>
    </p>
   </div>
   <div class='ocr_carea' id='block_1_134' title="bbox 2180 4338 3747 4414">
    <p class='ocr_par' dir='ltr' id='par_1_134' title="bbox 2180 4338 3747 4414">
     <span class='ocr_line' id='line_1_137' title="bbox 2180 4338 3747 4414; baseline -0.011 -12"><span class='ocrx_word' id='word_1_975' title='bbox 2180 4347 2414 4414; x_wconf 86' lang='lat' dir='ltr'><strong>Campus</strong></span> <span class='ocrx_word' id='word_1_976' title='bbox 2440 4360 2570 4401; x_wconf 89' lang='lat' dir='ltr'><strong>sane</strong></span> <span class='ocrx_word' id='word_1_977' title='bbox 2597 4343 2698 4399; x_wconf 88' lang='lat' dir='ltr'><strong>hac</strong></span> <span class='ocrx_word' id='word_1_978' title='bbox 2726 4357 2902 4412; x_wconf 80' lang='lat' dir='ltr'><strong>pugna</strong></span> <span class='ocrx_word' id='word_1_979' title='bbox 2931 4342 3180 4414; x_wconf 84' lang='lat' dir='ltr'><strong>illustris,</strong></span> <span class='ocrx_word' id='word_1_980' title='bbox 3211 4357 3331 4411; x_wconf 74' lang='lat' dir='ltr'><strong>qua:</strong></span> <span class='ocrx_word' id='word_1_981' title='bbox 3358 4357 3544 4412; x_wconf 85' lang='lat' dir='ltr'><strong>pacem</strong></span> <span class='ocrx_word' id='word_1_982' title='bbox 3566 4338 3747 4392; x_wconf 64' lang='lat' dir='ltr'><strong>afﬂicta</strong></span> 
     </span>
    </p>
   </div>
   <div class='ocr_carea' id='block_1_135' title="bbox 2181 4413 3741 4487">
    <p class='ocr_par' dir='ltr' id='par_1_135' title="bbox 2181 4413 3741 4487">
     <span class='ocr_line' id='line_1_138' title="bbox 2181 4413 3741 4487; baseline -0.012 -13"><span class='ocrx_word' id='word_1_983' title='bbox 2181 4413 2439 4474; x_wconf 68' lang='lat' dir='ltr'><strong>Ecclesia:</strong></span> <span class='ocrx_word' id='word_1_984' title='bbox 2468 4416 2697 4487; x_wconf 88' lang='lat' dir='ltr'><strong>peperit.</strong></span> <span class='ocrx_word' id='word_1_985' title='bbox 2720 4414 2948 4469; x_wconf 85' lang='lat' dir='ltr'><strong>Fallitur</strong></span> <span class='ocrx_word' id='word_1_986' title='bbox 2963 4429 3091 4484; x_wconf 90' lang='lat' dir='ltr'><strong>ergo</strong></span> <span class='ocrx_word' id='word_1_987' title='bbox 3111 4413 3391 4487; x_wconf 61' lang='lat' dir='ltr'><strong>lusimus,</strong></span> <span class='ocrx_word' id='word_1_988' title='bbox 3426 4418 3518 4485; x_wconf 91' lang='lat' dir='ltr'><strong>qui</strong></span> <span class='ocrx_word' id='word_1_989' title='bbox 3548 4418 3741 4487; x_wconf 85' lang='lat' dir='ltr'><strong>pugnam</strong></span> 
     </span>
    </p>
   </div>
   <div class='ocr_carea' id='block_1_136' title="bbox 2181 4485 3742 4559">
    <p class='ocr_par' dir='ltr' id='par_1_136' title="bbox 2181 4485 3742 4559">
     <span class='ocr_line' id='line_1_139' title="bbox 2181 4485 3742 4559; baseline -0.006 -15"><span class='ocrx_word' id='word_1_990' title='bbox 2181 4490 2326 4544; x_wconf 76' lang='lat' dir='ltr'><strong>illam</strong></span> <span class='ocrx_word' id='word_1_991' title='bbox 2358 4492 2409 4543; x_wconf 90' lang='lat' dir='ltr'><strong>in</strong></span> <span class='ocrx_word' id='word_1_992' title='bbox 2443 4485 2640 4559; x_wconf 72' lang='lat' dir='ltr'><strong>Illyriis</strong></span> <span class='ocrx_word' id='word_1_993' title='bbox 2664 4495 2968 4559; x_wconf 74' lang='lat' dir='ltr'><strong>pugnatam</strong></span> <span class='ocrx_word' id='word_1_994' title='bbox 2990 4494 3158 4559; x_wconf 89' lang='lat' dir='ltr'><strong>putat.</strong></span> <span class='ocrx_word' id='word_1_995' title='bbox 3193 4485 3625 4559; x_wconf 55' lang='lat' dir='ltr'><strong>Hangsuntejus</strong></span> <span class='ocrx_word' id='word_1_996' title='bbox 3644 4490 3742 4533; x_wconf 85' lang='lat' dir='ltr'><strong>ver-</strong></span> 
     </span>
    </p>
   </div>
   <div class='ocr_carea' id='block_1_137' title="bbox 2183 4555 3741 4616">
    <p class='ocr_par' dir='ltr' id='par_1_137' title="bbox 2183 4555 3741 4616">
     <span class='ocr_line' id='line_1_140' title="bbox 2183 4555 3741 4616; baseline -0.01 0"><span class='ocrx_word' id='word_1_997' title='bbox 2183 4561 2247 4616; x_wconf 89' lang='lat' dir='ltr'><strong>ba</strong></span> <span class='ocrx_word' id='word_1_998' title='bbox 2283 4578 2297 4615; x_wconf 89' lang='lat'><strong>:</strong></span> <span class='ocrx_word' id='word_1_999' title='bbox 2329 4559 2488 4615; x_wconf 85' lang='lat' dir='ltr'><strong>Bellis</strong></span> <span class='ocrx_word' id='word_1_1000' title='bbox 2510 4555 2902 4613; x_wconf 72' lang='lat' dir='ltr'><strong>civilibusinter</strong></span> <span class='ocrx_word' id='word_1_1001' title='bbox 2937 4555 3192 4611; x_wconf 87' lang='lat' dir='ltr'><strong>Licinium</strong></span> <span class='ocrx_word' id='word_1_1002' title='bbox 3214 4567 3259 4611; x_wconf 91' lang='lat' dir='ltr'><strong>et</strong></span> <span class='ocrx_word' id='word_1_1003' title='bbox 3287 4555 3651 4611; x_wconf 68' lang='lat' dir='ltr'><strong>Maximianum</strong></span> <span class='ocrx_word' id='word_1_1004' title='bbox 3670 4563 3741 4602; x_wconf 82' lang='lat' dir='ltr'><strong>ac-</strong></span> 
     </span>
    </p>
   </div>
   <div class='ocr_carea' id='block_1_138' title="bbox 2183 4618 3743 4701">
    <p class='ocr_par' dir='ltr' id='par_1_138' title="bbox 2183 4618 3743 4701">
     <span class='ocr_line' id='line_1_141' title="bbox 2183 4618 3743 4701; baseline -0.003 -16"><span class='ocrx_word' id='word_1_1005' title='bbox 2183 4633 2343 4686; x_wconf 88' lang='lat' dir='ltr'><strong>censis</strong></span> <span class='ocrx_word' id='word_1_1006' title='bbox 2368 4672 2383 4696; x_wconf 92' lang='lat'><strong>,</strong></span> <span class='ocrx_word' id='word_1_1007' title='bbox 2412 4633 2617 4700; x_wconf 83' lang='lat' dir='ltr'><strong>acrique</strong></span> <span class='ocrx_word' id='word_1_1008' title='bbox 2642 4631 2777 4701; x_wconf 78' lang='lat' dir='ltr'><strong>{aeto</strong></span> <span class='ocrx_word' id='word_1_1009' title='bbox 2803 4628 2981 4701; x_wconf 66' lang='lat' dir='ltr'><strong>pi&#39;telio</strong></span> <span class='ocrx_word' id='word_1_1010' title='bbox 3003 4631 3057 4683; x_wconf 90' lang='lat' dir='ltr'><strong>in</strong></span> <span class='ocrx_word' id='word_1_1011' title='bbox 3100 4627 3301 4701; x_wconf 83' lang='lat' dir='ltr'><strong>Illyriis</strong></span> <span class='ocrx_word' id='word_1_1012' title='bbox 3325 4673 3339 4695; x_wconf 95' lang='lat'><strong>,</strong></span> <span class='ocrx_word' id='word_1_1013' title='bbox 3373 4627 3436 4701; x_wconf 86' lang='lat' dir='ltr'><strong>ab</strong></span> <span class='ocrx_word' id='word_1_1014' title='bbox 3475 4618 3743 4701; x_wconf 60' lang='lat' dir='ltr'><strong>initio__ql_t5&#39;</strong></span> 
     </span>
    </p>
   </div>
   <div class='ocr_carea' id='block_1_139' title="bbox 2181 4696 3740 4772">
    <p class='ocr_par' dir='ltr' id='par_1_139' title="bbox 2181 4696 3740 4772">
     <span class='ocr_line' id='line_1_142' title="bbox 2181 4696 3740 4772; baseline -0.008 -17"><span class='ocrx_word' id='word_1_1015' title='bbox 2181 4703 2296 4756; x_wconf 89' lang='lat' dir='ltr'><strong>dem</strong></span> <span class='ocrx_word' id='word_1_1016' title='bbox 2314 4696 2550 4772; x_wconf 87' lang='lat' dir='ltr'><strong>superari</strong></span> <span class='ocrx_word' id='word_1_1017' title='bbox 2570 4696 2705 4757; x_wconf 78' lang='lat' dir='ltr'><strong>uisus</strong></span> <span class='ocrx_word' id='word_1_1018' title='bbox 2728 4696 2812 4755; x_wconf 77' lang='lat' dir='ltr'><strong>est</strong></span> <span class='ocrx_word' id='word_1_1019' title='bbox 2846 4699 3079 4755; x_wconf 87' lang='lat' dir='ltr'><strong>Licinius</strong></span> <span class='ocrx_word' id='word_1_1020' title='bbox 3102 4716 3121 4755; x_wconf 91' lang='lat'><strong><em>:</em></strong></span> <span class='ocrx_word' id='word_1_1021' title='bbox 3152 4696 3241 4756; x_wconf 70' lang='lat' dir='ltr'><strong>sed</strong></span> <span class='ocrx_word' id='word_1_1022' title='bbox 3263 4700 3533 4768; x_wconf 73' lang='lat' dir='ltr'><strong>confestim</strong></span> <span class='ocrx_word' id='word_1_1023' title='bbox 3555 4696 3740 4753; x_wconf 80' lang='lat' dir='ltr'><strong>redinte-</strong></span> 
     </span>
    </p>
   </div>
   <div class='ocr_carea' id='block_1_140' title="bbox 2180 4772 3714 4846">
    <p class='ocr_par' dir='ltr' id='par_1_140' title="bbox 2180 4772 3714 4846">
     <span class='ocr_line' id='line_1_143' title="bbox 2180 4772 3714 4846; baseline -0.001 -19"><span class='ocrx_word' id='word_1_1024' title='bbox 2180 4783 2329 4846; x_wconf 70' lang='lat' dir='ltr'><strong>grata</strong></span> <span class='ocrx_word' id='word_1_1025' title='bbox 2352 4791 2524 4846; x_wconf 86' lang='lat' dir='ltr'><strong>pugna</strong></span> <span class='ocrx_word' id='word_1_1026' title='bbox 2549 4816 2563 4839; x_wconf 95' lang='lat'><strong>,</strong></span> <span class='ocrx_word' id='word_1_1027' title='bbox 2596 4772 3051 4846; x_wconf 36' lang='lat' dir='ltr'><strong>Maxitnianumiin</strong></span> <span class='ocrx_word' id='word_1_1028' title='bbox 3081 4772 3256 4846; x_wconf 79' lang='lat' dir='ltr'><strong>fugam</strong></span> <span class='ocrx_word' id='word_1_1029' title='bbox 3286 4772 3452 4846; x_wconf 54' lang='lat' dir='ltr'><strong>vertit.</strong></span> <span class='ocrx_word' id='word_1_1030' title='bbox 3689 4830 3714 4846; x_wconf 54' lang='grc' dir='ltr'><em>ν</em></span> 
     </span>
    </p>
   </div>
   <div class='ocr_carea' id='block_1_141' title="bbox 2251 4831 3739 4902">
    <p class='ocr_par' dir='ltr' id='par_1_141' title="bbox 2251 4831 3739 4902">
     <span class='ocr_line' id='line_1_144' title="bbox 2251 4831 3739 4902; baseline -0.006 -3"><span class='ocrx_word' id='word_1_1031' title='bbox 2251 4831 2449 4900; x_wconf 44' lang='lat' dir='ltr'><strong>Tenum”.</strong></span> <span class='ocrx_word' id='word_1_1032' title='bbox 2493 4831 2726 4900; x_wconf 77' lang='lat' dir='ltr'><strong>Avarum</strong></span> <span class='ocrx_word' id='word_1_1033' title='bbox 2773 4843 2938 4899; x_wconf 83' lang='lat' dir='ltr'><strong>fuisse</strong></span> <span class='ocrx_word' id='word_1_1034' title='bbox 2983 4831 3246 4899; x_wconf 76' lang='lat' dir='ltr'><strong>Licinium</strong></span> <span class='ocrx_word' id='word_1_1035' title='bbox 3295 4842 3483 4897; x_wconf 89' lang='lat' dir='ltr'><strong>multis</strong></span> <span class='ocrx_word' id='word_1_1036' title='bbox 3511 4831 3739 4902; x_wconf 70' lang='lat' dir='ltr'><strong>exemplis</strong></span> 
     </span>
    </p>
   </div>
   <div class='ocr_carea' id='block_1_142' title="bbox 2180 4900 3731 4987">
    <p class='ocr_par' dir='ltr' id='par_1_142' title="bbox 2180 4900 3731 4987">
     <span class='ocr_line' id='line_1_145' title="bbox 2180 4900 3731 4987; baseline -0.008 -15"><span class='ocrx_word' id='word_1_1037' title='bbox 2180 4918 2371 4985; x_wconf 90' lang='lat' dir='ltr'><strong>probat</strong></span> <span class='ocrx_word' id='word_1_1038' title='bbox 2400 4916 2664 4973; x_wconf 77' lang='lat' dir='ltr'><strong>Eusebius</strong></span> <span class='ocrx_word' id='word_1_1039' title='bbox 2695 4916 2785 4987; x_wconf 89' lang='lat' dir='ltr'><strong>lib.</strong></span> <span class='ocrx_word' id='word_1_1040' title='bbox 2816 4931 2834 4969; x_wconf 87' lang='grc' dir='ltr'>ι</span> <span class='ocrx_word' id='word_1_1041' title='bbox 2873 4915 2940 4970; x_wconf 90' lang='lat' dir='ltr'><strong>de</strong></span> <span class='ocrx_word' id='word_1_1042' title='bbox 2986 4916 3103 4987; x_wconf 81' lang='lat' dir='ltr'><strong>Vita</strong></span> <span class='ocrx_word' id='word_1_1043' title='bbox 3141 4913 3507 4987; x_wconf 65' lang='lat' dir='ltr'><strong>Constantini</strong></span> <span class='ocrx_word' id='word_1_1044' title='bbox 3531 4900 3731 4987; x_wconf 78' lang='lat' dir='ltr'><strong>cap._</strong></span> 
     </span>
    </p>
   </div>
   <div class='ocr_carea' id='block_1_143' title="bbox 2176 4976 3736 5059">
    <p class='ocr_par' dir='ltr' id='par_1_143' title="bbox 2176 4976 3736 5059">
     <span class='ocr_line' id='line_1_146' title="bbox 2176 4976 3736 5059; baseline -0.01 -14"><span class='ocrx_word' id='word_1_1045' title='bbox 2176 4976 2557 5059; x_wconf 72' lang='lat' dir='ltr'><strong>Fragmentum</strong></span> <span class='ocrx_word' id='word_1_1046' title='bbox 2595 4988 2664 5043; x_wconf 89' lang='lat' dir='ltr'><strong>de</strong></span> <span class='ocrx_word' id='word_1_1047' title='bbox 2711 4986 3028 5059; x_wconf 85' lang='lat' dir='ltr'><strong>Constantio</strong></span> <span class='ocrx_word' id='word_1_1048' title='bbox 3073 4986 3427 5059; x_wconf 84' lang='lat' dir='ltr'><strong>Chloropag.</strong></span> <span class='ocrx_word' id='word_1_1049' title='bbox 3454 4976 3603 5059; x_wconf 57' lang='grc' dir='ltr'><strong>47ιηὶ</strong></span> <span class='ocrx_word' id='word_1_1050' title='bbox 3625 4976 3736 5031; x_wconf 53' lang='lat' dir='ltr'><strong>Licio</strong></span> 
     </span>
    </p>
   </div>
   <div class='ocr_carea' id='block_1_144' title="bbox 2175 5054 3649 5125">
    <p class='ocr_par' dir='ltr' id='par_1_144' title="bbox 2175 5054 3649 5125">
     <span class='ocr_line' id='line_1_147' title="bbox 2175 5054 3649 5125; baseline -0.005 -10"><span class='ocrx_word' id='word_1_1051' title='bbox 2175 5054 2311 5115; x_wconf 45' lang='lat' dir='ltr'><strong>nius&#39;</strong></span> <span class='ocrx_word' id='word_1_1052' title='bbox 2327 5062 2532 5125; x_wconf 80' lang='lat' dir='ltr'><strong>scelere,</strong></span> <span class='ocrx_word' id='word_1_1053' title='bbox 2560 5060 2794 5124; x_wconf 84' lang='lat' dir='ltr'><strong>avaritia,</strong></span> <span class='ocrx_word' id='word_1_1054' title='bbox 2826 5058 3141 5125; x_wconf 84' lang='lat' dir='ltr'><strong>crudelitate,</strong></span> <span class='ocrx_word' id='word_1_1055' title='bbox 3166 5054 3649 5113; x_wconf 56' lang='lat' dir='ltr'><strong>libidine&#39;steviebat.</strong></span> 
     </span>
    </p>
   </div>
   <div class='ocr_carea' id='block_1_145' title="bbox 2732 5148 3198 5208">
    <p class='ocr_par' dir='ltr' id='par_1_145' title="bbox 2732 5148 3198 5208">
     <span class='ocr_line' id='line_1_148' title="bbox 2732 5148 3198 5208; baseline 0 -4"><span class='ocrx_word' id='word_1_1056' title='bbox 2732 5149 2960 5208; x_wconf 83' lang='lat' dir='ltr'><strong>CAPUT</strong></span> <span class='ocrx_word' id='word_1_1057' title='bbox 2988 5148 3198 5205; x_wconf 80' lang='lat' dir='ltr'><strong>XLVII.</strong></span> 
     </span>
    </p>
   </div>
   <div class='ocr_carea' id='block_1_146' title="bbox 2247 5262 3733 5340">
    <p class='ocr_par' dir='ltr' id='par_1_146' title="bbox 2247 5262 3733 5340">
     <span class='ocr_line' id='line_1_149' title="bbox 2247 5262 3733 5340; baseline -0.005 -16"><span class='ocrx_word' id='word_1_1058' title='bbox 2247 5269 2386 5325; x_wconf 86' lang='lat' dir='ltr'><strong>Deus</strong></span> <span class='ocrx_word' id='word_1_1059' title='bbox 2424 5285 2671 5324; x_wconf 87' lang='lat' dir='ltr'><strong>summus.</strong></span> <span class='ocrx_word' id='word_1_1060' title='bbox 2709 5268 3018 5340; x_wconf 83' lang='lat' dir='ltr'><strong>Martyrium</strong></span> <span class='ocrx_word' id='word_1_1061' title='bbox 3069 5266 3240 5323; x_wconf 84' lang='lat' dir='ltr'><strong>sancti</strong></span> <span class='ocrx_word' id='word_1_1062' title='bbox 3286 5262 3733 5340; x_wconf 56' lang='lat' dir='ltr'><strong>Basileiepiscopg</strong></span> 
     </span>
    </p>
   </div>
   <div class='ocr_carea' id='block_1_147' title="bbox 2174 5334 3733 5409">
    <p class='ocr_par' dir='ltr' id='par_1_147' title="bbox 2174 5334 3733 5409">
     <span class='ocr_line' id='line_1_150' title="bbox 2174 5334 3733 5409; baseline -0.013 -9"><span class='ocrx_word' id='word_1_1063' title='bbox 2174 5343 2420 5400; x_wconf 70' lang='lat' dir='ltr'><strong>Amasene</strong></span> <span class='ocrx_word' id='word_1_1064' title='bbox 2454 5359 2465 5394; x_wconf 89' lang='lat'>:</span> <span class='ocrx_word' id='word_1_1065' title='bbox 2521 5340 2748 5394; x_wconf 87' lang='lat' dir='ltr'><strong>Licinius</strong></span> <span class='ocrx_word' id='word_1_1066' title='bbox 2792 5334 2952 5409; x_wconf 82' lang='lat' dir='ltr'><strong>igitur</strong></span> <span class='ocrx_word' id='word_1_1067' title='bbox 2977 5340 3316 5409; x_wconf 84' lang='lat' dir='ltr'><strong>omnipotente</strong></span> <span class='ocrx_word' id='word_1_1068' title='bbox 3361 5334 3733 5409; x_wconf 74' lang='lat' dir='ltr'><strong>Domininostrt</strong></span> 
     </span>
    </p>
   </div>
   <div class='ocr_carea' id='block_1_148' title="bbox 2175 5407 3731 5482">
    <p class='ocr_par' dir='ltr' id='par_1_148' title="bbox 2175 5407 3731 5482">
     <span class='ocr_line' id='line_1_151' title="bbox 2175 5407 3731 5482; baseline -0.008 -14"><span class='ocrx_word' id='word_1_1069' title='bbox 2175 5416 2303 5470; x_wconf 85' lang='lat' dir='ltr'><strong>Jesu</strong></span> <span class='ocrx_word' id='word_1_1070' title='bbox 2325 5413 2516 5469; x_wconf 84' lang='lat' dir='ltr'><strong>Christi</strong></span> <span class='ocrx_word' id='word_1_1071' title='bbox 2538 5428 2691 5466; x_wconf 89' lang='lat' dir='ltr'><strong>manu</strong></span> <span class='ocrx_word' id='word_1_1072' title='bbox 2714 5407 2948 5482; x_wconf 80' lang='lat' dir='ltr'><strong>adjutus,</strong></span> <span class='ocrx_word' id='word_1_1073' title='bbox 2975 5407 3238 5465; x_wconf 73' lang='lat' dir='ltr'><strong>uictoriam</strong></span> <span class='ocrx_word' id='word_1_1074' title='bbox 3285 5409 3348 5462; x_wconf 89' lang='lat' dir='ltr'><strong>de</strong></span> <span class='ocrx_word' id='word_1_1075' title='bbox 3370 5407 3649 5463; x_wconf 65' lang='lat' dir='ltr'><strong>Maximino</strong></span> <span class='ocrx_word' id='word_1_1076' title='bbox 3665 5412 3731 5452; x_wconf 72' lang='grc' dir='ltr'><strong>τι·</strong></span> 
     </span>
    </p>
   </div>
   <div class='ocr_carea' id='block_1_149' title="bbox 2214 5487 2755 5541">
    <p class='ocr_par' dir='ltr' id='par_1_149' title="bbox 2214 5487 2755 5541">
     <span class='ocr_line' id='line_1_152' title="bbox 2214 5487 2755 5541; baseline -0.009 -1"><span class='ocrx_word' id='word_1_1077' title='bbox 2214 5487 2415 5541; x_wconf 64' lang='lat' dir='ltr'><strong>ortavit.</strong></span> <span class='ocrx_word' id='word_1_1078' title='bbox 2750 5512 2755 5517; x_wconf 89' lang='lat'><strong><em>-</em></strong></span> 
     </span>
    </p>
   </div>
   <div class='ocr_carea' id='block_1_150' title="bbox 2178 5505 3728 5626">
    <p class='ocr_par' dir='ltr' id='par_1_150' title="bbox 2178 5505 3728 5626">
     <span class='ocr_line' id='line_1_153' title="bbox 2250 5505 2755 5539; baseline -0.004 -1"><span class='ocrx_word' id='word_1_1079' title='bbox 2250 5508 2267 5538; x_wconf 68' lang='lat' dir='ltr'><strong>t&#39;</strong></span> <span class='ocrx_word' id='word_1_1080' title='bbox 2333 5505 2371 5538; x_wconf 76' lang='lat' dir='ltr'><strong>vi</strong></span> <span class='ocrx_word' id='word_1_1081' title='bbox 2405 5527 2415 5539; x_wconf 90' lang='lat'><strong>.</strong></span> <span class='ocrx_word' id='word_1_1082' title='bbox 2750 5512 2755 5517; x_wconf 89' lang='lat'>&#39;</span> 
     </span>
     <span class='ocr_line' id='line_1_154' title="bbox 2178 5505 3728 5626; baseline -0.011 -14"><span class='ocrx_word' id='word_1_1083' title='bbox 2178 5505 2467 5626; x_wconf 45' lang='lat' dir='ltr'><strong>postitlmiita</strong></span> <span class='ocrx_word' id='word_1_1084' title='bbox 2505 5565 2637 5610; x_wconf 84' lang='lat' dir='ltr'><strong>veste</strong></span> <span class='ocrx_word' id='word_1_1085' title='bbox 2672 5552 2863 5626; x_wconf 80' lang='lat' dir='ltr'><strong>servili.</strong></span> <span class='ocrx_word' id='word_1_1086' title='bbox 2895 5550 3192 5607; x_wconf 75' lang='lat' dir='ltr'><strong>Conﬁrmat</strong></span> <span class='ocrx_word' id='word_1_1087' title='bbox 3222 5552 3380 5626; x_wconf 19' lang='lat' dir='ltr'><strong>hanc;</strong></span> <span class='ocrx_word' id='word_1_1088' title='bbox 3404 5550 3728 5626; x_wconf 57' lang='lat' dir='ltr'><strong>narrationem</strong></span> 
     </span>
    </p>
   </div>
   <div class='ocr_carea' id='block_1_151' title="bbox 2175 5611 3730 5695">
    <p class='ocr_par' dir='ltr' id='par_1_151' title="bbox 2175 5611 3730 5695">
     <span class='ocr_line' id='line_1_155' title="bbox 2175 5611 3730 5695; baseline -0.007 -12"><span class='ocrx_word' id='word_1_1089' title='bbox 2175 5611 2445 5684; x_wconf 75' lang='lat' dir='ltr'><strong>Eusebius</strong></span> <span class='ocrx_word' id='word_1_1090' title='bbox 2488 5628 2581 5682; x_wconf 90' lang='lat' dir='ltr'><strong>lib.</strong></span> <span class='ocrx_word' id='word_1_1091' title='bbox 2627 5642 2682 5682; x_wconf 85' lang='lat' dir='ltr'><strong>ix</strong></span> <span class='ocrx_word' id='word_1_1092' title='bbox 2731 5625 2867 5680; x_wconf 88' lang='lat' dir='ltr'><strong>Hist.</strong></span> <span class='ocrx_word' id='word_1_1093' title='bbox 2906 5626 3124 5692; x_wconf 86' lang='lat' dir='ltr'><strong>eccles.,</strong></span> <span class='ocrx_word' id='word_1_1094' title='bbox 3159 5639 3280 5695; x_wconf 87' lang='lat' dir='ltr'><strong>cap.</strong></span> <span class='ocrx_word' id='word_1_1095' title='bbox 3324 5623 3393 5678; x_wconf 85' lang='grc'><strong>10</strong></span> <span class='ocrx_word' id='word_1_1096' title='bbox 3436 5633 3490 5679; x_wconf 88' lang='lat' dir='ltr'><strong>et</strong></span> <span class='ocrx_word' id='word_1_1097' title='bbox 3525 5623 3646 5678; x_wconf 88' lang='lat' dir='ltr'><strong>lib.t</strong></span> <span class='ocrx_word' id='word_1_1098' title='bbox 3677 5611 3730 5667; x_wconf 70' lang='lat' dir='ltr'><strong>de</strong></span> 
     </span>
    </p>
   </div>
   <div class='ocr_carea' id='block_1_152' title="bbox 2174 5696 2928 5765">
    <p class='ocr_par' dir='ltr' id='par_1_152' title="bbox 2174 5696 2928 5765">
     <span class='ocr_line' id='line_1_156' title="bbox 2174 5696 2928 5765; baseline -0.007 -11"><span class='ocrx_word' id='word_1_1099' title='bbox 2174 5699 2294 5755; x_wconf 84' lang='lat' dir='ltr'><strong>Vita</strong></span> <span class='ocrx_word' id='word_1_1100' title='bbox 2324 5698 2661 5755; x_wconf 86' lang='lat' dir='ltr'><strong>Constantini</strong></span> <span class='ocrx_word' id='word_1_1101' title='bbox 2689 5712 2810 5765; x_wconf 88' lang='lat' dir='ltr'><strong>cap.</strong></span> <span class='ocrx_word' id='word_1_1102' title='bbox 2839 5696 2928 5752; x_wconf 84' lang='lat'><strong>58.</strong></span> 
     </span>
    </p>
   </div>
   <div class='ocr_carea' id='block_1_153' title="bbox 2246 5760 3726 5843">
    <p class='ocr_par' dir='ltr' id='par_1_153' title="bbox 2246 5760 3726 5843">
     <span class='ocr_line' id='line_1_157' title="bbox 2246 5760 3726 5843; baseline -0.004 -19"><span class='ocrx_word' id='word_1_1103' title='bbox 2246 5770 2461 5832; x_wconf 77' lang='lat' dir='ltr'><strong>Fretum</strong></span> <span class='ocrx_word' id='word_1_1104' title='bbox 2486 5771 2704 5843; x_wconf 70' lang='lat' dir='ltr'><strong>trajecit.</strong></span> <span class='ocrx_word' id='word_1_1105' title='bbox 2736 5760 3046 5843; x_wconf 78' lang='lat' dir='ltr'><strong>Pugnatum</strong></span> <span class='ocrx_word' id='word_1_1106' title='bbox 3068 5776 3152 5824; x_wconf 90' lang='lat' dir='ltr'><strong>est</strong></span> <span class='ocrx_word' id='word_1_1107' title='bbox 3189 5766 3352 5843; x_wconf 84' lang='lat' dir='ltr'><strong>igitur</strong></span> <span class='ocrx_word' id='word_1_1108' title='bbox 3401 5766 3457 5843; x_wconf 84' lang='lat' dir='ltr'><strong>in</strong></span> <span class='ocrx_word' id='word_1_1109' title='bbox 3503 5779 3564 5822; x_wconf 85' lang='lat' dir='ltr'><strong>ea</strong></span> <span class='ocrx_word' id='word_1_1110' title='bbox 3593 5760 3726 5843; x_wconf 50' lang='lat' dir='ltr'><strong>gari?</strong></span> 
     </span>
    </p>
   </div>
   <div class='ocr_carea' id='block_1_154' title="bbox 2172 5832 3725 5916">
    <p class='ocr_par' dir='ltr' id='par_1_154' title="bbox 2172 5832 3725 5916">
     <span class='ocr_line' id='line_1_158' title="bbox 2172 5832 3725 5916; baseline -0.005 -17"><span class='ocrx_word' id='word_1_1111' title='bbox 2172 5843 2416 5916; x_wconf 85' lang='lat' dir='ltr'><strong>imperii,</strong></span> <span class='ocrx_word' id='word_1_1112' title='bbox 2449 5832 2609 5915; x_wconf 79' lang='lat' dir='ltr'><strong>quain</strong></span> <span class='ocrx_word' id='word_1_1113' title='bbox 2637 5832 2876 5900; x_wconf 74' lang='lat' dir='ltr'><strong>Licinius</strong></span> <span class='ocrx_word' id='word_1_1114' title='bbox 2906 5839 3125 5898; x_wconf 85' lang='lat' dir='ltr'><strong>tenebat</strong></span> <span class='ocrx_word' id='word_1_1115' title='bbox 3151 5882 3164 5910; x_wconf 90' lang='lat'><strong>,</strong></span> <span class='ocrx_word' id='word_1_1116' title='bbox 3194 5832 3246 5895; x_wconf 79' lang='lat' dir='ltr'><strong>id</strong></span> <span class='ocrx_word' id='word_1_1117' title='bbox 3285 5846 3407 5912; x_wconf 88' lang='lat' dir='ltr'><strong>est,</strong></span> <span class='ocrx_word' id='word_1_1118' title='bbox 3436 5839 3574 5896; x_wconf 81' lang='lat' dir='ltr'><strong>inter</strong></span> <span class='ocrx_word' id='word_1_1119' title='bbox 3592 5832 3725 5891; x_wconf 54' lang='lat' dir='ltr'><strong>Hel?“</strong></span> 
     </span>
    </p>
   </div>
  </div>
