3950 6368
456 260 565 319 375

1793 249 2140 310 STEPHANI
2176 247 2449 308 BALUZII

3653 248 3740 307 τις

453 378 512 435 vi
559 377 735 435 morbi
764 374 1102 435 deturbatum
1130 379 1373 429 extremo
1414 383 1557 426 anno
1600 367 1813 441 imperii
1843 370 1947 425 sui.
1983 369 2053 425 Et
2077 374 2298 435 Aanno
2321 368 2524 426 Christi
2553 370 2697 441 314,
2727 368 2889 427 unius
2912 369 3041 426 anni
3090 382 3305 427 errore.
3352 366 3495 424 Nam
3545 368 3743 438 quzde

458 465 596 507 sane
644 448 988 515 Lactantius,
1032 444 1121 517 qui
1166 443 1416 517 morbum
1448 442 1565 517 ejus
1596 440 1889 517 desctjbit,
1922 440 2054 495 nihil

460 521 687 577 adnotat
710 521 776 576 de
800 510 1066 576 dementia
1098 530 1163 570 ac
1206 514 1412 570 furore.
1460 510 1615 582 Quod
1658 514 1704 568 si
1731 510 2056 585 Cbrysosto-

460 609 589 649 mus
614 608 670 647 se
699 607 803 648 non
830 590 1177 659 explicasset,
1208 586 1364 659 facile
1391 585 1702 659 crederem,
1734 600 1795 640 ea
1814 584 1973 659 ,_qu_:e
1989 584 2059 659 de

461 664 789 736 imperatore
822 655 1001 736 furore
1032 660 1238 729 percito
1273 658 1340 712 ab
1370 674 1435 713 eo
1466 656 1739 736 dicuntur,
1782 655 1848 711 ad
1891 655 2060 736 Maxi—

444 727 670 792 'miinun
715 731 994 790 referenda
1034 727 1192 797 esse,
1244 738 1466 802 propter
1510 728 1652 784 hunc
1698 728 1875 782 locum
1920 727 2058 784 Lac-

462 807 639 863 tantii.
1421 823 1425 828 ·

537 876 701 947 Caput
726 874 1009 947 parietibus
1029 874 1301 947 infligeret.
1339 872 1451 947 Hoc
1464 880 1555 947 est
1572 886 1734 925 unum
1745 885 1812 926 ex
1825 871 2062 947 detesta-

459 943 689 1013 bilibns,
724 943 780 1002 ut
807 947 859 1001 in
894 946 1048 1002 tertia
1080 943 1384 1000 Tusculana
1412 943 1603 1000 Cicero
1634 952 1820 1008 vocat,
1848 943 2064 1012 generi-

461 1020 562 1091 bus
593 1017 828 1091 lugendi.
866 1016 999 1073 Vide
1027 1015 1330 1074 Casauboni
1368 1014 1535 1073 Notas
1565 1015 1619 1071 in
1656 1013 1855 1070 Jultum
1900 1013 2060 1085 Cupis

462 1090 712 1147 tolinntn.

537 1162 832 1216 Exilierunt
856 1159 1014 1215 oculi.
1046 1159 1193 1215 Idem
1221 1158 1405 1215 scribit
1428 1157 1695 1215 Eusebius
1716 1156 1812 1214 lib.
1838 1173 1892 1213 ιι
1925 1156 2065 1213 Hist.

462 1236 661 1291 eccles.
691 1249 813 1301 cap.
846 1233 941 1299 10;
977 1232 1069 1287 lib.
1103 1248 1122 1286 1
1167 1230 1234 1287 de
1261 1230 1378 1286 Vita
1404 1230 1774 1295 Constantini,
1815 1245 1937 1299 cap.
1973 1229 2064 1301 5t),

461 1306 594 1362 item
627 1300 942 1376 Eutychius,
972 1302 1354 1376 TheOpbanes,
1383 1314 1438 1358 et
1461 1301 1800 1376 Anastasius.
1825 1300 2071 1376 Meminit

461 1376 629 1433 etiam
673 1372 746 1432 DZ
767 1372 1185 1448 Chrysostomus
1212 1375 1485 1448 oratione_
1505 1374 1571 1448 in
1606 1381 1851 1448 sanctum
1896 1372 2072 1448 Baby-

462 1448 572 1503 lam
591 1491 605 1514 ,
634 1458 688 1504 et
716 1443 933 1502 sanctus
966 1446 1321 1519 Hieronymus
1364 1447 1418 1501 in
1450 1444 1798 1511 Zachariam;
1828 1454 1888 1501 ut
1916 1443 2068 1500 vide-

470 1519 652 1574 bimus
680 1519 841 1588 panlo
864 1527 1003 1588 post.

548 1587 830 1662 Tamquam
849 1587 1178 1647 cremaretur.
1198 1588 1257 1644 In
1281 1588 1580 1662 Annalibus
1605 1587 1864 1662 Entychii
1896 1588 2071 1662 scrip-

466 1669 583 1717 tum
609 1660 726 1727 est,
754 1660 1098 1716 Maximinum
1128 1662 1179 1716 in
1211 1660 1455 1716 morbum
1481 1660 1756 1725 incidisse,
1783 1675 1892 1732 quo
1912 1660 2075 1715 adus-

466 1742 584 1788 tum
613 1741 695 1789 est
726 1748 925 1802 corpus
953 1735 1119 1802 ipsius
1140 1733 1276 1788 adeo
1296 1775 1310 1798 ,
1340 1741 1398 1787 ut
1426 1732 1679 1788 carbonis
1708 1733 1876 1787 inStar
1901 1742 2070 1795 esset,

467 1815 527 1861 et
558 1806 628 1859 ita
672 1814 869 1860 tostum
913 1804 1107 1870 fuisse,
1155 1814 1211 1859 ut
1264 1814 1645 1870 rumperentnr
1692 1805 1903 1859 viscera
1956 1803 2074 1873 ejus

463 1890 580 1949 pra:
607 1876 788 1949 calore
808 1891 1013 1949 ,quem
1050 1877 1191 1949 intus
1235 1875 1535 1949 sentiebat,
1565 1884 1621 1929 et
1647 1875 1960 1930 excidentes
1989 1876 2071 1943 ip-

466 1945 583 2003 sius
608 1948 797 2002 oculos
828 1945 880 2001 in
908 1958 1107 2002 terram
1134 1946 1401 2002 decidisse
1421 1988 1437 2009 ,
1470 1945 1825 2016 adustatuque
1854 1961 2074 2002 Carnem

469 2019 539 2075 ab
564 2020 779 2074 ossibus
805 2029 1105 2086 separatam
1138 2033 1279 2073 esse.
1322 2017 1429 2073 Sed
1462 2017 1559 2072 ista
1607 2018 1802 2072 melius
1847 2016 2080 2087 explicat

465 2091 787 2146 Anastasius
813 2089 1256 2145 bibliothecarins
1300 2089 1354 2143 in
1402 2088 1636 2144 Historia
1674 2089 2075 2157 ecclesiastica,

465 2159 555 2216 Itis
586 2163 763 2217 verbis
806 2177 819 2215 :
865 2159 1051 2215 Divina
1079 2161 1389 2229 prteveniens
1420 2161 1498 2214 ira
1524 2161 1905 2228 cotitprcltendit
1936 2176 2074 2216 eum.

471 2231 713 2286 Flamma
743 2233 877 2285 enim
909 2232 972 2286 de
1016 2231 1184 2286 medio
1214 2232 1465 2285 viscerum
1492 2241 1537 2284 et
1576 2231 1921 2285 medullarum
1951 2248 2074 2286 suc—

471 2319 623 2357 censa
651 2318 769 2356 cum
795 2302 971 2357 dolore
1001 2301 1313 2356 intolerabili
1338 2319 1559 2372 pronum
1587 2320 1741 2368 super
1768 2312 1955 2356 terram
1984 2321 2078 2358 att-

471 2374 724 2428 ltelantem
749 2374 1026 2445 prostravit
1054 2375 1157 2447 ita,
1188 2383 1242 2427 ut
1270 2383 1480 2447 uterque
1510 2375 1689 2429 oculus
1716 2376 1830 2447 ejus
1856 2375 2076 2441 exiliret,

469 2455 520 2500 et
545 2461 710 2499 crocus
727 2444 755 2508 ,⁷
772 2454 828 2499 ut
854 2461 1027 2500 revera
1051 2445 1322 2510 scelestus,
1354 2444 1750 2514 relinqueretur.
1771 2444 1940 2499 Porro
1960 2464 2080 2501 cum

473 2533 651 2591 carnes
674 2519 793 2591 ejus
821 2517 1124 2591 putrefacta:
1150 2532 1256 2584 pra:
1282 2517 1637 2591 innumerabili
1668 2518 1861 2591 ossium
1903 2518 2079 2591 incen-

472 2588 561 2662 dio
586 2586 842 2662 caderent,
878 2590 985 2659 ipse
1008 2589 1391 2662 impugnanletn
1413 2586 1813 2662 Deumprojccit
1832 2589 2074 2644 animam.

474 2658 785 2731 sumpsisse
803 2658 983 2716 autem
1007 2660 1108 2715 ista
1133 2660 1472 2715 Anastasium
1496 2676 1562 2715 ex
1583 2658 1938 2731 Theophane,
1963 2676 2078 2716 ma-

470 2729 729 2785 nifestum
755 2740 857 2786 est.

555 2798 840 2857 Nocentem
888 2802 1127 2874 spiritum
1173 2802 1372 2874 efﬂavit.
1430 2801 1486 2857 In
1533 2802 1778 2872 Epitome
1840 2803 2079 2860 Victoris

476 2874 738 2943 scriptum
768 2882 885 2943 est,
912 2873 1088 2943 illum
1134 2873 1367 2941 simplici
1417 2884 1592 2929 morte
1625 2874 1846 2942 periisse
1870 2915 1886 2942 ,
1915 2875 1968 2930 id
1994 2884 2080 2930 est

473 2942 741 3011 naturali,
769 2942 1003 3000 seufato
1022 2959 1146 3015 suo.
1196 2944 1266 3000 Et
1292 2942 1582 3015 Eutropius
1621 2946 1813 3012 tradit,
1842 2962 1965 3002 eum
1998 2946 2081 3001 vi-

473 3018 657 3071 cinum
723 3017 946 3073 exitium
1008 3014 1230 3089 fortuita
1292 3014 1475 3089 morte
1512 3019 1862 3089 praevertisse.
1920 3017 2078 3086 Quod

472 3097 765 3159 utrumque
794 3102 981 3146 verum
1018 3096 1122 3144 est.
1155 3087 1470 3144 Communis
1514 3087 1795 3144 doctorum
1837 3089 2077 3146 virorum

2160 450 2315 525 sexto
2360 456 2504 524 anno
2545 440 2815 525 Maximini
2852 442 3094 525 Augusti
3139 441 3293 499 addit
3317 456 3388 498 ex
3421 442 3660 525 numinis.
3675 442 3745 525 vir

2158 514 2504 568 doctissimus
2545 512 2807 569 llenricus
2851 508 3042 576 Neris,
3088 529 3151 570 ea
3191 529 3323 570 sane
3370 528 3482 568 non
3523 508 3747 569 ofﬁciunt

2159 584 2672 656 Opinionieorum,
2721 585 2811 656 qui
2840 600 2984 640 anno
3031 584 3232 642 Christi
3286 585 3433 649 313,
3485 586 3744 655 assignant

2162 667 2391 711 mortem
2420 654 2875 721 Maximini,cum
2905 658 2984 724 is,
3005 658 3096 728 qui
3123 657 3336 712 titulum
3367 654 3750 726 Augusti’sum-

2163 738 2347 799 pserat
2375 738 2609 784 exeunte
2638 745 2781 783 anno
2805 728 2942 791 307,
2971 740 3064 783 aut
3087 730 3189 786 sub
3220 729 3432 783 initium
3463 728 3743 796 sequentis,

2164 808 2379 854 sextum
2407 799 2617 867 imperii
2662 800 2746 855 sui
2796 814 2997 855 annum
3026 815 3316 855 numerare
3363 800 3751 868 potueritanno

2165 871 2291 927 313.
2324 870 2442 938 Quo
2486 886 2628 926 anno
2678 881 2948 927 mortuum
2982 887 3104 928 esse
3128 872 3277 927 illum
3301 913 3315 937 ,
3346 871 3563 942 probari
3591 881 3751 942 potest

2165 943 2328 997 etiam
2358 945 2677 997 auctoritate
2714 942 2920 998 Aurelii
2955 942 3219 1003 Victoris.
3251 944 3345 1013 qui
3394 941 3615 1007 scribit,
3640 958 3751 997 eota

2167 1024 2288 1084 post
2309 1013 2513 1085 biennii
2539 1025 2823 1085 augustum
2854 1016 3162 1082 imperium,
3188 1015 3371 1085 idest,
3400 1013 3617 1085 biennio
3644 1024 3748 1079 post

2169 1074 2399 1157 mortem
2421 1074 2655 1150 Galeriiv,
2682 1085 2859 1141 fusum
2887 1074 3232 1157 fugatumque
3275 1102 3306 1139 a
3358 1074 3594 1150 Licinio,
3621 1074 3749 1155 apud

2170 1155 2394 1211 Tarsum
2449 1158 2690 1222 periisse.
2737 1157 2869 1213 Nam
2917 1155 3041 1213 cum
3078 1155 3328 1214 Galerius
3378 1158 3647 1212 extinctus
3693 1158 3755 1211 sit

2170 1243 2313 1282 anno
2343 1227 2483 1290 511,
2532 1246 2715 1284 mense
2761 1230 2932 1293 Maio,
2980 1229 3303 1285 Maximinus
3351 1230 3589 1282 moriens
3630 1244 3754 1283 anno

2171 1300 2300 1365 515,
2333 1308 2480 1356 recte
2512 1301 2766 1356 scribitur
2796 1302 3071 1357 biennium
3107 1302 3160 1357 in
3203 1300 3427 1356 Oriente
3476 1314 3752 1370 regnasse;

2172 1370 2264 1441 qui
2294 1371 2338 1425 si
2366 1387 2510 1427 anno
2540 1383 2745 1428 tantum
2772 1373 2880 1429 3N
2906 1385 3151 1430 mortuus
3193 1372 3414 1435 fuisset,
3447 1370 3755 1427 excessisset

2173 1441 2448 1513 biennium
2472 1485 2486 1508 ,
2518 1444 2661 1513 quod
2688 1445 2762 1499 illi
2791 1444 3043 1501 tribuitur
3069 1445 3139 1499 ab
3164 1443 3387 1499 Aurelio
3421 1442 3659 1497 Victore.

2246 1512 2352 1568 Ista
2381 1530 2482 1581 ego
2515 1512 2824 1585 putaveram
2855 1532 2983 1573 vera
3018 1532 3170 1580 esse,
3218 1525 3313 1570 aut
3357 1528 3489 1569 vero
3536 1513 3716 1568 similia
3736 1555 3753 1580 ,

2175 1585 2318 1660 quod
2345 1587 2549 1660 nullam
2576 1588 2735 1643 aliam
2766 1588 3079 1660 emergendi
3108 1603 3176 1643 ex
3204 1603 3268 1642 ea
3288 1585 3750 1660 dirflicultateviata

2176 1656 2475 1728 invenirem
2506 1671 2703 1728 praeter
2728 1656 2988 1715 rationem
3041 1658 3358 1714 numerandi
3401 1670 3574 1711 annos
3612 1656 3757 1712 Maxi-

2180 1727 2313 1800 mini
2342 1745 2371 1783 a
2404 1727 2649 1786 kalendis
2679 1730 2848 1786 Maiis.
2880 1731 3072 1788 Postea
3117 1730 3197 1785 vir
3231 1729 3482 1800 plurima:
3531 1728 3755 1785 lectionis

2179 1799 2459 1868 limatique
2480 1801 2667 1868 judicii
2699 1802 2965 1859 Henricus
2990 1802 3298 1857 Dodwellus
3319 1801 3464 1855 hanc
3490 1814 3661 1854 meam
3680 1815 3758 1854 ex-

2179 1871 2525 1954 plicationem
2553 1874 2765 1928 censuit
2790 1891 2896 1928 non
2923 1890 3045 1930 esse
3074 1875 3293 1937 bonam,
3327 1888 3405 1954 eo.
3423 1870 3565 1941 quod
3593 1870 3755 1926 swculi

2179 1942 2322 1997 illius
2351 1958 2449 1997 usu
2479 1956 2755 2013 receptum
2786 1962 2893 2001 non
2936 1954 3114 2012 esset,
3148 1954 3206 2000 ut
3233 1944 3359 1998 anni
3391 1942 3754 2012 imperatorum

2176 2026 2583 2073 arcesserentur
2607 2016 2677 2072 ab
2701 2032 2891 2073 eorum
2920 2018 3010 2074 die
3037 2017 3202 2071 natali
3222 2059 3235 2082 ,
3278 2024 3512 2070 testatus
3559 2023 3754 2079 tamen,

2179 2100 2240 2140 se
2272 2101 2500 2154 pronum
2529 2101 2651 2143 esse
2699 2089 2751 2143 in
2803 2105 2922 2144 eam
2969 2089 3294 2146 sententiam
3341 2084 3675 2149 concedere,
3715 2087 3754 2140 si

2181 2156 2378 2212 idoneo
2427 2159 2609 2224 aliquo
2660 2159 3008 2231 probataque
3058 2162 3180 2215 lidei
3229 2159 3484 2231 exemplo
3525 2172 3646 2211 usus
3672 2156 3757 2231 ille

2180 2238 2366 2298 posset
2394 2227 2726 2287 confirmari.
2758 2227 2933 2287 Aliam
2978 2248 3111 2301 ergo
3149 2232 3291 2285 viam
3319 2230 3585 2301 sequitur,
3616 2227 3754 2301 edic-

2182 2309 2401 2368 tumque
2428 2303 2732 2370 superioris
2759 2304 2884 2358 anni
2914 2312 3401 2359 commemoratum
3424 2316 3455 2353 a
3497 2300 3756 2353 Maximino

2179 2383 2398 2426 revocat
2422 2373 2488 2427 ad
2517 2389 2716 2428 annum
2743 2373 2942 2430 Christi
2970 2376 3076 2431 312
3101 2382 3399 2429 exeuntem
3417 2412 3434 2437 ,
3460 2380 3755 2442 argumento

2180 2451 2398 2512 sumpto
2427 2460 2491 2499 ex
2524 2444 2642 2510 lege
2671 2444 3008 2502 Constantini
3033 2446 3176 2502 edita
3208 2446 3261 2501 in
3304 2442 3509 2499 Codice
3534 2441 3756 2496 Theodo-

2180 2514 2364 2586 siano,
2397 2532 2550 2586 quant
2581 2515 2759 2571 Roma:
2787 2518 2944 2572 edidit
2970 2520 3062 2573 sub
3091 2518 3298 2572 initium
3333 2514 3625 2569 Decembris
3646 2555 3661 2576 ,
3684 2515 3753 2566 iu-

2180 2584 2329 2655 quit,
2361 2584 2451 2640 sed
2484 2587 2647 2642 Roma
2676 2593 2847 2643 statim
2873 2591 3208 2644 discessurus.
3246 2589 3433 2655 Itaque
3463 2586 3750 2648 existimat,

2181 2657 2415 2728 edictum
2446 2656 2784 2715 Constantini
2811 2670 2866 2717 et
2894 2661 3083 2716 Licinii
3110 2660 3179 2715 de
3211 2673 3344 2728 pace
3383 2657 3641 2713 Ecclesia:
3665 2655 3750 2710 da-

2183 2736 2296 2783 tum
2338 2727 2622 2785 Mediolani
2651 2731 2890 2787 medium
2928 2733 3145 2788 circiter
3192 2727 3544 2786 Decembrem
3592 2742 3753 2797 perve-

2183 2798 2330 2870 nisse
2372 2800 2563 2856 eodem
2610 2818 2797 2859 mense
2841 2803 2909 2858 ad
2959 2804 3337 2865 Maximinum,
3365 2814 3594 2870 eumque
3624 2798 3748 2867 prius

2182 2869 2313 2926 illud
2341 2871 2575 2927 edictum
2618 2874 2672 2929 in
2718 2875 2958 2931 secundo
3003 2880 3493 2930 commemoratum
3515 2869 3752 2925 emittere

2183 2944 2423 3012 potuisse
2448 2944 2639 3000 eodem
2683 2960 2848 3002 anno.
2878 2946 3039 3002 Addit
3063 2945 3261 3001 deinde
3281 2986 3294 3005 .
3321 2959 3429 2999 non
3477 2957 3594 2997 esse
3628 2939 3749 3012 quod

2182 3011 2303 3083 quis
2333 3016 2557 3071 miretur
2585 3017 2685 3071 ista
2714 3018 2794 3074 sic
2814 3017 3104 3081 constitui,
3135 3018 3180 3072 si
3212 3015 3611 3072 veredariorum
3634 3011 3753 3067 cele-

2182 3086 2435 3160 ritatetn,
2507 3088 2785 3160 ipsiusque
2849 3089 3125 3146 Maximini
3193 3101 3439 3160 praeceps
3507 3085 3749 3155 ingeniun

473 3156 739 3216 sententia
765 3168 870 3226 est,
895 3174 1014 3217 eam
1041 3169 1271 3216 mortem
1294 3162 1545 3216 evenisse
1563 3175 1706 3216 anno
1723 3160 1924 3218 Christi
1949 3161 2076 3216 315.
2105 3156 2153 3222 C
2184 3156 2825 3227 exploratum‘habu'erit.

473 3229 726 3288 Petavius
757 3241 934 3289 tamen
965 3232 1004 3287 l.
1036 3246 1091 3285 ιι
1120 3231 1186 3287 de
1217 3231 1466 3286 Doctrina
1499 3240 1804 3301 temporum
1836 3247 1956 3300 cap.
1984 3233 2079 3300 34,

478 3302 699 3365 scribit,
734 3313 956 3359 auctore
978 3345 993 3368 ,
1026 3312 1084 3356 ut
1111 3303 1225 3371 ipse
1270 3302 1375 3369 ait,
1406 3300 1640 3359 Eusebio
1686 3304 1739 3358 in
1767 3300 2039 3359 Chronico
2060 3343 2078 3370 ,

476 3371 932 3441 adstipulantibus
952 3372 1174 3428 Victore
1201 3383 1257 3428 et
1282 3372 1576 3443 Eutropio,
1607 3372 1955 3429 Maximinum
1986 3390 2082 3430 ειη

476 3443 704 3497 tinctum
736 3443 899 3499 fuisse
926 3460 1067 3498 anno
1098 3444 1273 3499 altero
1293 3486 1307 3509 ,
1337 3461 1495 3514 quam
1527 3445 1774 3501 Galerius
1806 3445 2081 3500 Maximia-

478 3528 584 3568 nus
610 3514 795 3584 periit,
826 3514 878 3569 id
900 3523 1015 3579 est,
1046 3530 1186 3569 anno
1210 3514 1411 3570 Christi
1440 3516 1565 3571 512.
1594 3515 1794 3571 Verum
1823 3531 1944 3571 cum
1970 3532 2082 3571 cer-

475 3596 591 3659 tum
638 3587 746 3659 sit,
800 3585 956 3659 illum
996 3585 1192 3659 abiisse
1220 3601 1381 3659 _anno
1411 3587 1655 3659 sequenti
1706 3596 1837 3659 post,
1874 3587 2079 3659 caedem

477 3654 769 3722 Maxentii,
794 3656 914 3728 jure
944 3656 1047 3728 hoc
1077 3657 1193 3710 loco
1220 3654 1506 3711 Petavinni
1535 3654 1886 3728 reprehendit
1934 3657 2081 3714 Hen-

478 3730 628 3783 ricus
656 3727 832 3783 Noris.
882 3727 989 3783 Sed
1031 3727 1148 3795 ipse
1177 3735 1355 3782 tamen
1385 3728 1436 3781 in
1467 3728 1569 3783 hoc
1596 3727 1781 3791 errare
1802 3730 2080 3783 convinci-

476 3807 588 3865 tur,
612 3800 755 3871 quod
777 3808 994 3856 secutus
1017 3799 1309 3871 Baronium
1348 3799 1628 3871 contendit
1661 3800 2080 3871 mortem'Maxi-

480 3869 939 3943 mini'contigisse
981 3884 1124 3924 anno
1147 3870 1261 3943 Δ514»
1285 3908 1322 3943 ,A
1345 3869 1565 3943 ineunte
1612 3886 1760 3926 vere.
1794 3870 1925 3943 Nam
1956 3887 2080 3927 cum

479 3956 548 4013 ex
579 3939 873 4013 postremis
913 3939 1179 3999 Lactantii
1208 3940 1473 4013 capitibus
1498 3953 1739 4009 constet,
1775 3942 1926 3997 illum
1959 3959 2080 4013 per-

480 4012 612 4085 iisse
648 4030 715 4070 eo
745 4030 915 4081 anno,
943 4028 1057 4085 quo
1082 4028 1184 4083 pax
1214 4012 1336 4068 data
1356 4022 1448 4085 est
1475 4013 1753 4081 Ecclesia‘,
1784 4030 1890 4083 quo
1917 4012 2079 4069 etiam

476 4083 789 4142 Lactantius
838 4083 1001 4142 linem
1046 4084 1305 4153 imposuit
1352 4084 1477 4139 huic
1525 4086 1710 4153 Operi,
1740 4093 1796 4139 et
1821 4101 2076 4155 persecu-

477 4157 682 4213 tionem
709 4158 1109 4215 ostenderimus
1135 4157 1365 4225 cmpisse
1394 4171 1537 4211 anno
1562 4157 1698 4221 505,
1727 4167 1959 4212 exeunte
1980 4157 2083 4213 Fe-

480 4227 741 4295 bruario,
792 4230 915 4285 luce
963 4227 1161 4283 clarius
1216 4238 1334 4293 est,
1385 4228 1735 4284 Maximinum
1783 4230 2078 4284 extinctum

480 4296 649 4371 fuisse
676 4315 816 4371 anno
842 4300 977 4365 51⁸5,
1011 4299 1101 4367 qui
1133 4298 1374 4355 decimus
1404 4309 1523 4356 erat
1555 4318 1584 4356 a
1615 4310 1792 4370 empta
1825 4315 2082 4371 persecu-

480 4368 649 4422 tione.
681 4370 877 4441 Nititur
900 4385 1031 4425 sane
1053 4372 1135 4424 vir
1159 4370 1349 4441 doetus
1372 4372 1631 4438 probabili
1656 4368 1967 4441 inspeciem
1993 4388 2082 4428 ar-

483 4451 774 4512 gumento,
816 4440 882 4495 iis
921 4441 1171 4494 nimirum
1214 4439 1484 4497 Maximini
1528 4445 1708 4500 verbis
1755 4439 1819 4499 ex
1862 4445 2079 4512 edicto,

482 4511 627 4578 quod
657 4512 817 4581 paulo
839 4520 972 4582 ante
1000 4521 1226 4582 mortem
1255 4512 1405 4568 dedit
1445 4515 1498 4568 in
1546 4518 1772 4582 gratiam
1820 4514 2081 4569 Christia-

484 4580 678 4656 norum
709 4580 850 4651 apud
880 4580 1208 4656 Eusebium,
1239 4582 1331 4656 lib'.
1364 4599 1454 4650 ιιι,
1486 4580 1605 4656 cap.
1643 4585 1740 4649 10,
1771 4585 1861 4638 ubi
1888 4586 1989 4645 ait.
2019 4600 2080 4641 se

482 4652 767 4724 superiore
795 4667 936 4724 anno
963 4651 1102 4724 datis
1131 4651 1197 4704 ad
1227 4652 1465 4724 singulos
1510 4651 1913 4724 provinciarum
1942 4671 2079 4724 prte-

484 4721 633 4795 sides
663 4722 1137 4795 litterisstatuisse
1176 4722 1397 4795 eadem,
1430 4721 1550 4795 quae
1574 4726 1627 4779 in
1658 4721 1993 4780 Constantini
2025 4736 2080 4781 et

486 4792 677 4848 Licinii
724 4793 916 4865 litteris
959 4792 1395 4865 continebantur.
1422 4792 1555 4850 Cum
1588 4796 1772 4865 itaque
1816 4811 1879 4851 ea
1909 4796 2080 4852 Cons-

454 4865 679 4935 .tantini
708 4879 773 4921 ac
811 4863 1000 4935 Licinii
1045 4863 1358 4935 constitutio
1384 4866 1489 4920 lata
1538 4863 1695 4923 fuerit
1745 4882 1888 4921 anno
1934 4869 2075 4935 515,

482 4934 734 5009 ineunte,
776 4933 1179 5009 evidentissima.
1224 4936 1407 5009 lucere
1436 4939 1624 5009 istam,
1668 4954 1788 5009 qua:
1831 4933 2076 5009 sequenti

483 5021 628 5063 anno
653 5008 774 5062 data
803 5018 916 5069 est,
948 5007 999 5060 in
1028 5021 1224 5087 annum
1246 5005 1351 5060 514
1374 5004 1718 5087 rejiciendam
1742 5024 1864 5065 esse
1880 5004 2082 5087 ,_a_deo—

487 5092 591 5203 aue
618 5094 684 5134 eo
709 5094 853 5134 anno
884 5088 1166 5151 tyrannum
1210 5079 1492 5146 imperium
1522 5096 1643 5135 cum
1671 5082 1776 5134 vita
1808 5080 2074 5139 amisisse.

537 5152 677 5203 ravis
704 5164 835 5203 sane
860 5148 1282 5203 argumentatio.
1312 5149 1357 5203 si
1397 5160 1701 5203 constaret.
1729 5151 2074 5203 Maximiumn

537 5152 677 5206 ravis
704 5164 835 5206 sane
860 5148 1282 5220 argumentatio,
1312 5149 1357 5205 si
1397 5160 1701 5218 constaret,
1729 5151 2075 5209 Maximinum

485 5233 799 5277 numerasse
825 5217 998 5275 annos
1023 5233 1149 5274 suos
1170 5233 1197 5272 a
1221 5217 1465 5276 kalendis
1491 5217 1776 5278 lanuariis.
1820 5223 1924 5280 Sed
1955 5240 2075 5280 cum

484 5298 711 5363 pctavus
740 5292 952 5360 imperii
1000 5291 1117 5361 ejus
1144 5305 1318 5363 annns
1348 5294 1601 5363 impletus
1629 5294 1788 5349 fuerit
1830 5293 2077 5352 kalendis

485 5357 637 5417 Maiis
664 5366 789 5418 anni
813 5357 949 5429 315,
980 5357 1042 5416 ut
1063 5363 1219 5417 docet
1246 5357 1556 5419 Lactantius
1580 5406 1595 5432 ,
1637 5365 1870 5420 edictum
1916 5366 1985 5420 ab
2010 5383 2077 5423 eo

485 5442 607 5498 p08t
631 5435 833 5508 aliquot
880 5449 1094 5508 menses
1139 5433 1321 5487 datum
1368 5435 1435 5489 ad
1479 5447 1828 5507 sequentem,
1861 5436 1912 5490 id
1940 5446 2074 5508 est,

487 5516 699 5577 nonum
721 5506 928 5576 imperii
954 5505 1075 5577 ejus
1101 5517 1298 5559 annum
1329 5505 1597 5573 refertur;
1632 5508 1723 5562 sed
1749 5522 1855 5561 non
1885 5507 1950 5561 ad
1982 5505 2077 5563 an;

486 5584 615 5647 nu_m
643 5575 837 5631 Christi
868 5575 1009 5641 514⁷,
1041 5578 1337 5647 prmsertim
1368 5594 1487 5633 cum
1519 5594 1585 5635 ex
1631 5579 1939 5634 narratione
1970 5580 2076 5636 Ειι-

486 5642 619 5723 sebii
647 5658 886 5723 constet,
914 5642 1097 5723 datu-tn
1123 5663 1242 5704 esse
1285 5650 1446 5721 paulo
1474 5659 1773 5723 postquam
1802 5665 1833 5723 ιι
1854 5649 2073 5723 Licinio

485 5718 657 5796 fictus
680 5718 1027 5796 e_rnt._ltaqne
1057 5718 1321 5796 Baroniu's
1350 5718 1944 5796 etv—ictor‘iam‘Licinii
1969 5732 2067 5796 ,_et

476 5788 676 5842 exitum
703 5788 975 5847 Maximini
1003 5793 1370 5865 eonjnngens,
1417 5794 1519 5852 ista
1546 5793 1837 5867 contigisse
1885 5791 2071 5851 scribit

2106 4549 2162 4610 D

2262 3228 2511 3284 Arbitror
2541 3246 2661 3286 eam
2691 3247 2813 3287 esse
2856 3232 2956 3287 viri
3003 3230 3324 3288 modestiam
3355 3239 3414 3285 et
3442 3227 3747 3300 aequabilita-

2190 3307 2299 3377 tem
2321 3342 2336 3366 ,
2379 3308 2440 3377 nt
2469 3316 2575 3356 non
2617 3317 2759 3373 azgre
2790 3318 3047 3377 passurus
3075 3304 3176 3369 sit,
3206 3304 3253 3358 si
3300 3302 3425 3356 heic
3453 3303 3745 3377 adnotavero

2186 3368 2554 3450 difficultates,
2584 3368 2704 3442 qua:
2731 3368 2861 3450 mihi
2907 3368 3263 3450 occurrerunt
3289 3376 3410 3442 ejus
3439 3369 3597 3428 verba
3622 3368 3744 3450 serio

2186 3442 2513 3498 examinauti
2536 3486 2550 3508 ,
2582 3461 2689 3500 non
2719 3446 2863 3514 quod
2909 3448 2958 3501 ei
2990 3463 3076 3500 me
3104 3460 3459 3516 praeponere,
3489 3454 3576 3497 aut
3601 3442 3742 3516 tequi-

2189 3528 2381 3580 parare
2412 3516 2570 3570 velim
2605 3533 2621 3571 :
2646 3512 2750 3571 sed
2781 3529 2838 3571 nt
2860 3533 2958 3588 per
2985 3512 3190 3572 amicas
3218 3512 3555 3588 velitationes
3580 3512 3742 3567 verita-

2188 3590 2296 3638 tem
2328 3601 2634 3664 qua_a_ramus
2664 3586 2889 3645 invicem
2917 3605 2933 3655 ;
2966 3588 3057 3664 qu_i
3098 3604 3218 3664 esse
3243 3587 3410 3664 debet
3438 3586 3742 3664 unicussco-

2187 3669 2287 3723 pus
2317 3657 2616 3713 studiorum
2647 3655 2999 3715 nostrorumf
3027 3661 3209 3716 Primo
3237 3661 3431 3724 fateor,
3481 3674 3584 3711 non
3610 3655 3744 3710 fuisse

2189 3735 2301 3779 tum
2332 3726 2385 3782 in
2418 3744 2550 3795 usu,
2579 3739 2637 3785 ut
2657 3732 2781 3787 anni
2816 3741 3230 3786 numerarentur
3256 3746 3289 3785 a
3334 3730 3424 3786 die
3468 3728 3621 3783 natali
3663 3727 3743 3779 itu-

2186 3808 2519 3868 peratorum,
2549 3802 2642 3857 sed
2689 3818 2720 3858 a
2760 3803 3006 3858 kalendis
3051 3802 3353 3866 Ianuariis,
3377 3817 3410 3856 a
3432 3799 3746 3871 processione

2187 3871 2504 3944 consulum,
2536 3873 2625 3942 qui
2658 3873 2826 3930 fastos
2850 3874 3135 3944 signabant
3153 3915 3169 3939 ,
3195 3886 3248 3929 et
3275 3869 3649 3929 annisinnmen
3673 3869 3748 3944 ξηι-

2187 3937 2497 4009 ponebant,
2523 3937 2582 3999 ιιί
2612 3946 2787 4000 verbis
2813 3937 3076 4002 Lactantii
3106 3937 3227 4001 utar
3254 3960 3285 4000 e
3315 3944 3454 3999 libro
3485 3956 3636 4000 sexto
3672 3937 3745 3994 ln-

2191 4012 2560 4087 stitntionum,
2590 4016 2792 4087 cap.4.
2823 4017 3053 4085 Quodsi
3098 4018 3220 4087 quis
3264 4026 3445 4072 tamen
3492 4017 3608 4071 heic
3644 4026 3751 4067 con-

2188 4082 2409 4157 tendere
2438 4087 2635 4150 vellet,
2659 4082 3163 4143 'ali'erri'adversut'n
3188 4089 3288 4142 ista
3316 4096 3503 4157 posset
3525 4087 3751 4157 observa-

2186 4154 2266 4209 tio
2288 4155 2646 4229 illustrissimi
2677 4160 2967 4215 cardinalis
2994 4158 3210 4214 Baronii
3233 4200 3248 4222 ,
3275 4154 3367 4229 qui
3393 4159 3447 4213 in
3476 4154 3750 4213 Annalibus

2186 4226 2567 4283 ecclesiasticis
2609 4230 2862 4296 adnotat,
2897 4226 3309 4288 Diocletianum
3338 4231 3666 4292 instituisse,
3704 4233 3753 4279 ιιι

2185 4299 2312 4372 anni
2340 4299 2598 4370 deinceps
2626 4313 3040 4358 numerarentur
3067 4318 3103 4356 a
3130 4302 3301 4372 prima
3344 4301 3435 4357 die
3481 4302 3563 4355 sui
3612 4300 3755 4364 impe-

2185 4369 2252 4423 rii
2273 4410 2289 4434 ,
2318 4385 2489 4440 eoque
2517 4369 2766 4442 exemplo
2794 4369 3177 4440 Maximinum,
3201 4374 3291 4444 qui
3321 4372 3373 4429 ei
3408 4378 3751 4444 successerat.

2186 4454 2358 4495 annos
2389 4458 2518 4497 suos
2566 4441 2756 4499 eodem
2807 4445 2968 4499 modo
3018 4441 3411 4499 numeravisse.
3460 4444 3567 4499 Sed
3615 4441 3754 4496 missa

2189 4512 2289 4565 ista
2318 4511 2605 4585 faciamus,
2633 4531 2753 4585 qua:
2784 4516 3102 4585 testimoniis
3130 4527 3374 4571 veterum
3410 4530 3517 4570 non
3550 4513 3756 4585 fulciuu-

2187 4592 2293 4635 tur.
2327 4583 2417 4637 Ait
2461 4585 2540 4638 vir
2569 4583 2930 4654 clarissimus,
2978 4584 3390 4642 Consnintinum
3441 4587 3660 4641 Romam
3688 4584 3758 4637 itt-

2186 4668 2439 4727 gressumg
2460 4669 2579 4727 esse
2600 4658 2686 4711 die
2716 4657 2785 4714 29
2808 4658 3093 4724 Octobris,
3125 4658 3340 4727 illicque
3383 4658 3525 4713 duos
3568 4667 3759 4711 menses

2187 4739 2292 4801 non
2322 4725 2651 4801 explefisse;
2685 4730 2826 4797 quod
2874 4730 3081 4801 accepit
3113 4744 3178 4785 ex
3228 4725 3585 4801 panegyrictt.
3617 4739 3757 4801 title!“

2182 4793 2441 4851 Nazarius
2464 4793 2815 4854 Constantino
2842 4793 3094 4855 dixitht
3121 4801 3163 4855 si
3194 4793 3295 4854 sub
3327 4793 3543 4855 initium
3576 4793 3757 4854 mensis

2187 4866 2501 4943 Decembris
2527 4870 2753 4943 ltomam
2784 4871 3029 4941 reliquit,
3062 4882 3122 4927 ut
3163 4886 3229 4926 ex
3264 4872 3382 4943 lege
3410 4866 3760 4943 superius

2185 4937 2345 5012 ducta
2363 4938 2541 5009 colligi
2562 4956 2719 5009 posse
2747 4937 2950 5012 putavit
2975 4944 3055 4998 vir
3078 4937 3502 5006 eruditissimus,
3534 4943 3665 5012 perit
3685 4939 3760 4994 illa

2184 5008 2456 5084 bimestris
2485 5008 2612 5066 cura
2638 5054 2652 5078 ,
2701 5008 2861 5083 quam
2911 5015 3093 5069 laudat
3131 5015 3412 5069 Nazarius.
3461 5008 3665 5084 Quippe
3704 5023 3761 5064 eo

2184 5081 2346 5157 modo
2368 5080 2756 5157 Constantinus
2795 5086 2880 5140 vix
2925 5101 3114 5141 mense
3144 5087 3354 5157 integro
3382 5080 3542 5143 fuerit
3570 5080 3756 5157 Romae.

2183 5152 2291 5225 Sed
2322 5155 2465 5225 quod
2490 5154 2734 5221 jugulum
2767 5158 2931 5225 petit,
2979 5166 3163 5223 extat,
3195 5152 3570 5216 utidixitnus.
3599 5156 3651 5211 in
3675 5169 3758 5208 co-

2182 5224 2303 5280 dice
2330 5223 2616 5280 Justiniani
2646 5223 2777 5296 imp.
2806 5227 2898 5281 lib.
2932 5243 2984 5281 XI
3010 5269 3025 5289 ,
3061 5228 3141 5282 tit.
3173 5227 3275 5294 57,
3307 5227 3397 5283 lex
3441 5244 3472 5283 a
3516 5226 3759 5283 Constan-

2183 5296 2294 5350 tino
2348 5296 2471 5351 data
2524 5296 2710 5351 Romae
2762 5297 3066 5353 declinante
3114 5314 3303 5355 mense
3353 5298 3638 5365 Januario,
3681 5298 3758 5366 qui

2182 5367 2461 5441 prnximus
2490 5366 2590 5423 fuit
2622 5377 2743 5436 post
2784 5370 3080 5441 extinctum
3122 5369 3450 5425 Maxentium
3474 5412 3488 5434 ,
3517 5384 3636 5441 quae
3661 5384 3759 5441 ma-

2180 5436 2404 5505 nifeste,
2440 5447 2492 5492 ut
2540 5454 2681 5502 reor.
2711 5440 2987 5507 ostendit,
3028 5439 3443 5496 Constantinum
3476 5436 3642 5498 Roma
3682 5439 3755 5493 di-

2176 5522 2424 5579 gressum
2450 5525 2555 5562 non
2582 5525 2703 5565 esse
2730 5522 2856 5565 ante
2901 5526 3145 5568 mensem
3189 5511 3509 5569 Januarium
3558 5526 3752 5569 exeun-

2176 5588 2310 5653 tem.
2333 5579 2599 5653 Praeterea
2624 5581 2947 5653 immensum
2975 5594 3061 5638 est
3090 5581 3323 5653 spatium
3351 5586 3422 5640 ab
3449 5586 3578 5641 urbe
3599 5583 3751 5653 Roma

2175 5650 2568 5715 Mediolanum,
2592 5652 2734 5722 quod
2759 5654 2956 5725 exiguo
2984 5650 3244 5725 temporis
3272 5656 3559 5712 intervallo
3579 5650 3750 5725 comici

2175 5738 2281 5792 non
2315 5731 2525 5792 potest,
2559 5739 2680 5777 cum
2712 5741 2765 5778 ιι.
2801 5723 2990 5781 ι).’528
3019 5723 3372 5783 numerentur
3403 5728 3456 5783 in
3488 5723 3749 5783 ltinerario

2174 5790 2458 5863 Antonini,
2496 5810 2524 5850 a
2551 5793 2851 5856 Mediolano
2878 5809 3056 5857 autem
3088 5798 3462 5867 Nicomediam
3508 5808 3746 5871 quatuor-
