3950 6368
552 274 660 332 579

547 419 2133 452 ,-,,,,,,,,,-,.,......-.......--.--...--

1855 259 2147 320 STEPHAl

2250 260 2371 318 BAL
2379 258 2511 318 lile
3721 256 3792 316 580

2175 406 3785 434 .....-------------

1642 486 2228 638 STEPHANI
2283 549 2746 634 BALUZII

1457 748 2388 874 EPISTOLE
2467 749 2931 895 nam,

545 980 612 1038 IN
648 977 901 1049 QUIBUS
939 973 1426 1035 EXPLICANTUR
1467 972 1556 1030 ΕΤ
1595 967 2136 1028 [LLUSTBANTUR
2177 965 2315 1022 DUO
2353 965 2533 1021 LOCA
2577 963 2671 1019 EX
2711 963 2918 1021 LIBRO
2957 963 3332 1026 LACTANTJI
3375 965 3467 1025 DE
3515 967 3799 1033 MORTIBUS

1911 1080 2488 1141 ['ERSECUTORUM.

1165 1209 1398 1272 (Prmﬁxa
1421 1217 1496 1259 est
1519 1208 1656 1257 initio
1679 1205 1960 1256 observatio
1985 1203 2075 1251 viri
2097 1200 2366 1251 doctissimi
2387 1199 2452 1247 de
2476 1196 2635 1248 altero
2658 1198 2947 1250 eorumdem
2971 1198 3230 1263 locorum.)

551 1520 896 1578 Illustrissimi
939 1518 1032 1572 viri
1069 1516 1206 1571 Petri
1236 1512 1411 1569 Valeri
1455 1509 1645 1572 Diazii,
1680 1502 1966 1580 consiliarii
2008 1498 2143 1568 regis
2171 1500 2219 1559 Α
2249 1504 2303 1580 et
2334 1496 2616 1580 postulare,
2638 1495 2827 1580 Latine
2850 1495 3213 1580 scribentibus
3239 1496 3527 1580 eleganter
3550 1513 3799 1580 usurpatur,

624 1592 998 1664 Hispaniarum
1025 1591 1075 1643 in
1097 1604 1332 1664 supremo
1355 1584 1565 1664 consilio
1593 1583 1905 1651 Aragonum,
1932 1582 2138 1627 sentem

624 1667 695 1720 tia
724 1657 786 1720 de
814 1662 1030 1735 quodam
1062 1657 1170 1716 loco
1203 1657 1452 1714 Lactantii
1481 1663 1741 1721 corrupto.

619 1845 674 1899 In
699 1843 836 1895 libro
863 1837 1124 1893 Lactantii
1145 1836 1210 1890 de
1233 1834 1493 1890 Mortibus
1517 1831 1956 1907 Persecutorum,
1981 1838 2138 1904 quem

547 1915 821 1970 litteratos
850 1912 998 1966 orbis
1029 1909 1333 1965 restitutum
1365 1918 1536 1970 nuper
1567 1902 1699 1955 vidit
1741 1899 1920 1954 studio
1949 1908 2002 1951 et
2031 1899 2139 1948 vir-

545 1997 658 2043 tute
688 1983 1037 2040 illustrissimi
1089 1982 1240 2036 Dom.
1285 1975 1544 2053 Stephani
1597 1972 1820 2053 Balnea,
1857 1972 2005 2053 liuius
2059 1974 2142 2048 est

681 2058 800 2111 aliis
830 2055 990 2130 valde
1005 2061 1294 2130 corruptus
1324 2040 1451 2130 pag.-
1475 2047 1566 2129 :55,
1601 2045 1690 2127 ubi
1722 2045 1800 2098 sic
1827 2040 2030 2130 editum
2058 2040 2143 2120 vi:

542 2111 734 2187 {lentus
775 2128 902 2195 (col.
924 2125 1054 2193 269)
1086 2141 1100 2176 :
1138 2111 1304 2176 li'tiatn
1325 2111 1418 2174 vel
1432 2119 1516 2195 hi,
1543 2117 1638 2195 qui
1654 2123 1904 2177 eriterunt,
1933 2111 2018 2195 [vel
2055 2111 2141 2180 qui

544 2185 680 2256 dono
709 2185 1151 2258 eruntconsecnti,
1190 2195 1234 2246 si
1283 2191 1568 2266 putaverint
1605 2187 1668 2242 de
1709 2195 1900 2266 nostra
1927 2185 2140 2264 benevo-

545 2273 701 2328 lentia
740 2269 957 2340 aliquid,
997 2266 1254 2322 Vicariu'm
1312 2263 1600 2340 postulent,
1653 2275 1751 2329 quo
1789 2267 1835 2311 et
1884 2263 2007 2325 ipsis
2052 2270 2142 2323 per

545 2355 774 2399 nostram
799 2337 1117 2396 clementiam
1144 2337 1463 2390 consulatur.

620 2415 735 2486 Ego
761 2428 895 2470 vero
922 2405 1584 2486 trib_us_emen_dationibus
1606 2398 2002 2486 repurgandum
2016 2411 2141 2486 esse

549 2475 697 2542 hunc
719 2487 918 2547 locum,
938 2491 992 2538 et
1024 2483 1076 2535 in
1102 2480 1239 2535 hanc
1265 2477 1491 2533 formam
1515 2475 1878 2539 scribendum,
1903 2484 2136 2526 censeo:

549 2558 616 2614 Et
641 2560 756 2628 jam
799 2556 876 2610 vel
909 2555 961 2609 hi
1014 2554 1112 2628 qui
1156 2561 1403 2628 emerunt,
1462 2549 1538 2603 vel
1560 2547 1652 2628 qui
1684 2547 1995 2628 dolnoerunt.
2006 2559 2140 2628 con-1

545 2615 740 2691 secuti,
797 2629 840 2682 si
887 2615 1169 2696 optaverint
1213 2625 1275 2676 de
1317 2631 1498 2696 nostra,
1552 2615 1893 2674 benevolentia
1942 2615 2140 2696 aliquid

547 2687 813 2766 vicarium,
867 2687 1140 2768 postulent,
1185 2710 1284 2766 quo
1319 2704 1366 2747 et
1403 2694 1528 2764 ipsis
1559 2708 1648 2763 per
1673 2699 1900 2744 nostram
1921 2687 2138 2741 clemen-

546 2774 667 2826 tiam
696 2771 1012 2826 consulatur.

632 2846 710 2899 Ac
743 2845 972 2912 primum
1013 2839 1230 2912 quidem
1276 2840 1334 2893 τὸ
1379 2837 1528 2912 etiam
1553 2845 1986 2912 non__congruere
2008 2830 2137 2912 ltuic

550 2898 712 2987 parti,
743 2898 1085 2970 inanifestuin
1117 2915 1248 2987 satis
1277 2923 1380 2987 est,
1413 2925 1474 2963 ac
1495 2898 1916 2987 _lev_ihdivisi'one
1939 2903 2137 2987 substi:
2167 2898 2214 2959 B

550 2975 806 3043 luendum
835 2997 882 3040 et
917 2989 1049 3056 jam,
1095 2982 1237 3054 quod
1278 2981 1420 3056 idem
1465 2978 1749 3056 significat,
1801 2991 1863 3056 ac
1901 2986 2029 3056 tum,
2058 2975 2139 3030 vel

548 3075 689 3125 mox,
721 3065 814 3114 aut
854 3048 1135 3128 postquam}
1170 3064 1228 3111 ut
1274 3053 1491 3108 Plautus
1534 3051 1587 3106 in
1628 3048 1941 3128 Truculenti
1979 3061 2142 3128 scena

549 3117 733 3186 ultima
763 3117 899 3186 dixit
924 3147 936 3184 :
965 3117 1088 3183 Jam
1115 3117 1225 3183 abis
1271 3136 1541 3198 postquam
1567 3137 1764 3198 aurum
1782 3120 1954 3174 habes.
1995 3117 2143 3173 Mens

550 3202 694 3273 enim
726 3203 1110 3271 imperatorum
1142 3201 1194 3254 in
1240 3192 1515 3268 proposito
1531 3195 1720 3273 edicto
1751 3192 1868 3246 haec
1898 3199 2035 3273 erat.
2086 3200 2145 3244 ut

552 3272 696 3328 bona
721 3267 1042 3328 Christianis
1063 3267 1479 3327 restituerentur
1500 3269 1617 3322 sine
1646 3267 1754 3320 ullo
1779 3267 1950 3333 pretio
1975 3277 2145 3332 quan-

553 3346 750 3410 tocius,
782 3360 844 3400 ac
871 3345 1070 3399 deinde
1100 3343 1166 3398 de
1215 3341 1587 3404 indemnitate,
1622 3347 1677 3410 ut
1705 3333 2141 3410 postea_dicunt,

557 3406 898 3480 tractaretur,
924 3420 975 3488 si
1005 3431 1122 3470 eam
1150 3423 1428 3488 cuperent.
1461 3406 1720 3466 Secundo
1741 3410 1858 3462 loco
1891 3406 2146 3488 illudpu-

555 3488 768 3544 laverint
795 3487 938 3542 facili
980 3501 1167 3541 ert-ore
1199 3486 1470 3539 inductum
1515 3493 1597 3538 est
1644 3495 1713 3536 ex
1751 3486 2147 3549 permutatione

557 3560 1084 3627 transpositionequc
1129 3558 1427 3610 litterarum
1473 3562 1600 3627 oret
1646 3569 1701 3608 u.
1761 3551 2147 3627 ltatio_aute_m

555 3620 824 3684 sermonis
852 3620 1055 3697 Optime
1082 3637 1314 3690 constat.
1352 3626 1575 3697 legendo
1601 3624 1902 3697 aptaverint.
1935 3620 2064 3697 Nam
2095 3623 2146 3675 in

557 3701 747 3755 eadem
777 3693 1165 3755 constitutione
1197 3693 1426 3754 inferius
1443 3693 1657 3761 dicitur,
1691 3696 1754 3749 de
1785 3704 1959 3748 nostra
1998 3693 2147 3746 bene-

557 3772 778 3826 volentia
805 3783 1025 3840 sperent.
1075 3771 1200 3826 Hiec
1230 3785 1358 3825 vero
1406 3769 1513 3823 duo
1543 3767 1763 3840 optandi
1807 3774 1864 3820 et
1895 3764 2150 3840 sperandi

559 3844 722 3898 verba
749 3835 1037 3912 conjuncta
1075 3859 1216 3909 saape
1243 3850 1556 3906 occurrunt,
1582 3835 1644 3895 et
1671 3835 2146 3912 Cicero_orat.__27,

556 3915 623 3970 ad
652 3907 892 3982 Quirites
917 3915 1052 3970 dixit
1079 3933 1092 3969 :
1120 3907 1286 3970 Multa
1318 3922 1561 3983 prceterea
1588 3927 1620 3964 a
1648 3908 1819 3964 diisint
1848 3907 2151 3962 mortalibus

557 3997 732 4059 aptata
757 3988 1012 4044 consecuti
1049 4003 1246 4060 sumus.
1355 4058 1364 4060 _
1498 4057 1507 4060 Δ
1953 4052 1962 4060 ο
2126 4023 2131 4027 .

629 4060 902 4129 Praecipua
948 4070 1127 4114 autem
1154 4057 1547 4114 animadversio
1575 4063 1761 4129 nostra
1795 4062 1875 4108 est
1917 4052 2057 4129 circa
2096 4052 2153 4129 τὸ

566 4123 846 4199 Vicarium,
877 4131 1021 4202 quod
1054 4132 1276 4186 verbum
1301 4131 1549 4202 dominus
1584 4127 1834 4202 Baluaius
1861 4123 2153 4202 maiuscula

559 4202 736 4257 littera
766 4197 956 4258 initiali
988 4204 1193 4258 curavit
1237 4201 1488 4271 imprimi,
1523 4200 1767 4255 fortassis
1792 4197 1914 4268 quia
1947 4199 2000 4249 in
2042 4210 2154 4271 nta-

2249 1568 2386 1632 Qttin
2416 1576 2489 1642 et“
2519 1568 2720 1642 aliquid
2751 1567 3021 1642 vicarium
3042 1569 3270 1626 reddere
3306 1567 3519 1626 dictum
3553 1567 3747 1642 legimus
3769 1578 3803 1628 in

2245 1649 2425 1694 sancta
2458 1639 2762 1708 Scriptura,
2799 1639 3023 1694 Levitici
3051 1656 3170 1710 cap.
3202 1657 3353 1703 xxiv,
3403 1658 3569 1698 versu
3608 1639 3695 1711 ⁷19,
3721 1647 3802 1698 ibi:

2247 1711 2351 1774 Qui
2381 1713 2687 1779 percusserit
2731 1713 2947 1775 animal,
2987 1712 3164 1766 reddet
3192 1715 3470 1776 vicarium,
3505 1716 3562 1768 id
3603 1727 3684 1778 est,
3724 1720 3803 1768 atti-
3898 1711 3899 1754 ἓ

2245 1799 2378 1857 niam
2409 1800 2503 1852 pro
2529 1784 2738 1857 anima;
2765 1782 3076 1857 etinlerius
3100 1799 3259 1839 versu
3277 1784 3352 1857 21
3385 1803 3395 1836 :
3427 1787 3535 1850 Qui
3559 1792 3804 1857 percusserit

2237 1855 2551 1924 jurnentum,
2576 1856 2753 1912 reddet
2783 1855 2949 1907 aliud.
2971 1858 3091 1919 Quo
3114 1857 3232 1910 loco
3256 1855 3607 1912 Cornelius:
3632 1858 3801 1927 Lapide.

2247 1935 2302 1977 ttt
2332 1927 2465 1979 alios
2495 1927 2713 1980 criticos
2739 1941 2923 1980 sacros
2951 1927 3215 1988 omittam,
3242 1927 3635 1998 interpretatur
3658 1933 3801 1984 arrival

2241 2000 2409 2050 vivum
2447 1999 2555 2050 vice
2578 1999 2820 2050 animalis
2859 2014 2891 2049 a
2917 2015 2970 2051 se
2998 1999 3171 2050 occisi.
3206 1999 3436 2054 Lorinus
3469 2015 3599 2055 vero
3622 2002 3715 2055 ait:
3745 2002 3802 2053 νέ-

2246 2070 2440 2121 cariutn
2469 2070 2680 2143 animal
2719 2070 2979 2143 signiﬁcat
3010 2069 3157 2143 aliud
3181 2113 3194 2134 ,
3226 2073 3363 2140 quod
3410 2074 3650 2143 suppleat
3688 2076 3802 2126 circa

2244 2142 2506 2214 percussi,
2542 2143 2646 2195 sive
2677 2142 2850 2194 occisi.
2883 2141 2962 2214 Ac
2990 2141 3185 2196 deinde
3229 2141 3553 2214 subiungit:
3587 2143 3687 2196 Hoc
3719 2155 3799 2197 tria-

2243 2222 2352 2264 tum
2379 2212 2489 2266 loco
2517 2230 2664 2266 usum
2694 2214 2891 2281 reperio
2920 2213 3246 2283 interpretem
3276 2212 3488 2270 nomine
3517 2215 3698 2270 vicarii.

2243 2347 2600 2402 lllustrissimo
2637 2349 3031 2422 doctissimoque
3058 2349 3352 2422 viroAPetro
3405 2348 3598 2405 Valero
3637 2349 3798 2408 Diasio.

2332 2421 2626 2475 consiliario
2652 2423 2813 2492 regio,
2840 2420 3138 2493 Stephanus
3167 2420 3419 2477 Baluzius
3446 2422 3732 2478 Tutelensis.

2317 2557 2390 2611 Ex
2421 2555 2612 2610 litteris
2658 2572 2686 2608 a
2727 2566 2776 2611 te
2809 2561 3088 2626 superiore
3121 2571 3265 2611 anno
3291 2557 3432 2611 datis
3464 2558 3536 2612 ad
3583 2558 3796 2612 illustrem

2243 2631 2459 2698 notique
2489 2628 2720 2682 nominis
2749 2630 2997 2683 abbatem
3024 2629 3384 2683 camerarium
3409 2629 3670 2692 intellexi,
3697 2629 3796 2683 bene

2240 2709 2294 2754 te
2323 2715 2504 2770 agerc,
2535 2699 2902 2755 illustrissime
2929 2700 3170 2764 domine,
3193 2708 3249 2754 et
3277 2701 3382 2756 mei
3410 2703 3725 2757 mentionem
3745 2699 3798 2751 ls-

2240 2787 2386 2838 cerc,
2419 2788 2517 2826 nec
2549 2771 2913 2839 injucundam,
2946 2787 3044 2826 nec
3081 2771 3355 2838 inutilem;
3389 2773 3593 2842 quippe
3617 2775 3696 2842 qui
3721 2786 3795 2825 non

2241 2844 2413 2900 solum
2463 2843 2634 2897 amice
2680 2853 2732 2897 et
2775 2843 3076 2899 honorifice
3125 2842 3194 2898 de
3242 2858 3341 2914 me
3372 2844 3670 2914 studiisque
3703 2844 3797 2895 meis

2244 2915 2517 2983 loiincris;
2559 2915 2652 2969 sed
2706 2916 2866 2970 etiam
2916 2915 3206 2979 admones,
3257 2913 3385 2981 quid
3437 2916 3532 2970 tibi
3604 2914 3798 2969 videatur

2246 2985 2641 3041 emendandum
2690 2987 2740 3040 in
2791 2986 3022 3056 quadam
3071 2986 3460 3041 constitutione
3512 2985 3796 3042 Constantini

2247 3057 2318 3112 Μ.
2353 3073 2471 3127 qua:
2493 3067 2637 3112 extat
2669 3059 2720 3112 io
2754 3059 2890 3112 libro
2921 3058 3180 3112 Lactantii
3214 3057 3281 3112 de
3311 3057 3577 3114 Mortibus
3599 3072 3799 3128 persecu-

2249 3139 2445 3183 torutn.
2492 3129 2802 3197 Atnplector
2844 3139 3127 3200 utrumque
3175 3144 3294 3184 cum
3347 3144 3408 3183 ea
3451 3130 3800 3200 reverentiaet

2245 3216 2369 3256 cum
2400 3216 2461 3254 ea
2490 3201 2624 3270 grati
2664 3201 2826 3255 animi
2858 3199 3233 3256 testitiCatione
3255 3244 3267 3264 ,
3299 3216 3417 3270 qua:
3449 3203 3546 3256 tibi
3573 3220 3599 3256 a
3632 3216 3706 3255 me
3727 3199 3797 3253 ilc-

2247 3272 2462 3337 bentur,
2510 3272 2875 3327 eruditissime
2923 3275 3036 3336 vir;
3087 3273 3316 3342 ideoque
3357 3274 3526 3328 ofticii
3572 3274 3671 3328 mei
3708 3286 3797 3325 esse

2248 3345 2428 3414 putavi
2457 3343 2554 3396 has
2584 3344 2648 3396 ad
2676 3355 2726 3398 te
2746 3345 2953 3400 litteras
2968 3344 3116 3407 dare,
3139 3355 3250 3398 tum
3277 3354 3333 3398 ut
3356 3345 3449 3399 tibi
3476 3349 3798 3415 gratiasagatn

2248 3430 2348 3486 pro
2378 3416 2477 3469 bac
2520 3415 2683 3468 animi
2729 3417 2800 3469 tui
2856 3417 2905 3469 itt
2950 3432 3036 3471 me
3085 3416 3480 3486 propensione,
3519 3427 3626 3471 tum
3665 3426 3712 3469 ut
3735 3428 3800 3479 per

2249 3502 2366 3543 eam
2395 3487 2732 3540 occasionem
2757 3496 2875 3541 utar
2896 3487 3256 3542 familiaritate
3287 3487 3403 3553 ejus
3432 3489 3550 3551 viri,
3585 3501 3727 3557 queat
3748 3487 3800 3544 is,

2249 3573 2370 3614 cum
2417 3572 2524 3628 quo
2551 3557 2830 3613 meliorem
2860 3561 2982 3612 vitm
3011 3574 3144 3613 mete
3192 3569 3397 3620 partem
3431 3561 3603 3624 exegi,
3636 3560 3705 3611 vir
3730 3558 3801 3610 im-

2252 3632 2495 3686 mortalis
2535 3631 2815 3684 memoria:
2863 3632 3052 3684 Pctrtts
3079 3629 3147 3683 de
3178 3629 3379 3690 Marca,
3413 3631 3800 3699 archiepiscopus

2254 3702 2594 3764 Parisiensis,
2628 3702 2837 3770 plurimi
2872 3701 3118 3764 faciebat,
3151 3711 3203 3754 et
3224 3715 3344 3755 cum
3377 3700 3612 3756 Antonio
3639 3702 3800 3767 Augus-

2253 3775 2366 3830 tino
2405 3774 2654 3828 confcrre
2681 3775 2909 3828 solebat.
2954 3772 3167 3827 Revoco
3207 3781 3277 3833 te.
3323 3782 3379 3826 ut
3410 3773 3580 3835 vides,
3622 3772 3681 3825 ad
3713 3784 3801 3823 sco-

2255 3845 2410 3916 pulos
2442 3845 2748 3910 Bresconis,
2778 3845 3140 3899 illustrissime
3168 3845 3268 3908 vir,
3300 3843 3445 3898 unde
3470 3845 3671 3898 initium
3693 3855 3802 3895 coin-

2255 3918 2440 3972 mercii
2486 3917 2558 3970 tui
2587 3931 2707 3970 cum
2749 3932 2960 3970 summo
2986 3917 3130 3979 viro;
3173 3931 3280 3983 quo
3326 3917 3378 3968 in
3422 3916 3616 3971 cmlum
3659 3922 3801 3984 postea

2256 3989 2488 4051 sublato,
2524 3998 2578 4044 et
2606 3996 2660 4042 tu
2687 4003 2883 4058 magno
2909 3988 3084 4042 amico
3119 3982 3338 4042 orbatus
3368 4002 3449 4054 es,
3475 3996 3530 4042 et
3568 3982 3672 4057 ego
3699 3982 3802 4052 opti-
3849 4009 3859 4028 ι

2257 4076 2347 4116 mo
2375 4073 2617 4127 patrono.

2333 4133 2502 4189 Venio
2535 4145 2675 4185 nunc
2704 4131 2768 4185 ad
2813 4131 2986 4186 locum
3015 4130 3300 4196 Lactantii,
3333 4130 3488 4201 cujus
3515 4146 3543 4185 a
3571 4139 3618 4184 te
3645 4133 3803 4182 tentata

2259 4206 2563 4261 emendatio
2590 4211 2692 4258 est.
2718 4202 3014 4258 Obscurum
3042 4217 3162 4257 esse
3185 4203 3334 4256 illum
3362 4216 3426 4257 ac
3465 4201 3715 4261 mutilum,
3739 4210 3801 4249 sa-

561 4276 837 4360 Itusclripto
871 4275 1192 4360 .Colbertin'o
1237 4267 1528 4360 exemplari
1573 4273 1650 4355 sic
1687 4267 2002 4360 Leper‘crat,
2031 4267 2110 4360 ξςΞΙ
2133 4308 2146 4331 ,
2176 4298 2219 4360 C
2261 4280 2328 4332 tis
2355 4285 2586 4360 constat,
2619 4284 2843 4360 propter
2860 4275 3128 4360 delectum
3178 4274 3433 4360 nimirum
3463 4276 3615 4329 unius
3655 4268 3802 4360 uicis;

559 4344 702 4413 quod
745 4338 914 4416 inagis
955 4356 1104 4418 puto,
1133 4346 1201 4402 de
1231 4362 1328 4401 suo
1357 4338 1660 4413 adscripsit.
1687 4341 1882 4397 Vicarii
1914 4338 2146 4418 dignita-

562 4409 669 4487 tem
705 4409 993 4487 sigttilicari
1023 4409 1124 4472 hoc
1162 4419 1280 4472 loco
1309 4409 1645 4482 existimans,
1678 4423 2001 4481 secutusque
2040 4409 2146 4464 Eu-

561 4486 696 4541 sebii
746 4486 1020 4558 antiquam
1071 4491 1352 4545 lectionem
1395 4501 1450 4546 et
1498 4489 1850 4549 sententiam;
1893 4498 2052 4558 quam
2095 4491 2151 4558 et

563 4558 797 4630 priorem
827 4556 1170 4629 interpretem
1205 4561 1778 4631 Cltristopborsonutn.
1827 4567 1882 4611 et
1925 4556 2152 4631 novissi-

564 4627 732 4702 mum,
755 4627 984 4702 eumque
1008 4631 1164 4702 longe.
1180 4627 1473 4688 doctiorem
1491 4627 2154 4702 accuratioreinqtte_|len-

563 4699 733 4770 ricum
759 4699 1052 4767 Vttlcsiutn,
1077 4699 1187 4757 suis
1210 4705 1548 4758 versionibus
1565 4701 1902 4770 eXpressisse
1924 4699 2148 4752 viderat.

562 4769 1060 4846 Cznterumqerravit
1089 4775 1357 4830 Eusebius
1394 4775 1555 4846 (quod
1591 4769 1719 4846 pace
1756 4771 1873 4840 ejus
1901 4770 2151 4846 dixerim)

561 4843 806 4913 aliosque
843 4844 894 4898 in
923 4859 1162 4900 errorem
1208 4841 1446 4911 induxit,
1483 4861 1640 4914 quem
1688 4844 1949 4898 Lactantii
2002 4841 2154 4896 locus

564 4915 653 4988 bic
669 4915 835 4988 nobis
861 4917 1084 4988 detexit.
1121 4916 1254 4972 Nam
1286 4918 1337 4971 in
1362 4919 1624 4988 imperiali
1668 4917 1769 4972 lIOC
1816 4914 1979 4980 edito,
2013 4914 2153 4988 quod

563 4985 771 5052 Latine,
827 4999 885 5042 ut
928 4987 1098 5045 fuerat
1141 4985 1482 5057 conceptum,
1530 4988 1883 5058 transcripsit,
1931 5000 2036 5040 non
2088 4985 2155 5042 de

561 5059 944 5130 gubernatore,
971 5060 1202 5126 Vicario,
1226 5069 1318 5115 ant
1341 5061 1521 5130 judice
1557 5061 1661 5115 alio
1690 5059 1980 5130 provincia:
2009 5072 2157 5112 men-

563 5129 639 5184 tio
677 5129 815 5186 facta
845 5141 927 5186 est
951 5151 964 5185 :
994 5132 1087 5187 sed
1117 5133 1314 5201 aliquid
1343 5129 1610 5194 vicarium.
1639 5129 1768 5187 valet
1797 5146 1901 5184 rem
1931 5130 2156 5198 aliquam

561 5202 826 5274 vicariam,
851 5219 947 5259 seu
979 5207 1096 5259 vice
1121 5213 1177 5259 et
1209 5206 1327 5259 loco
1353 5204 1515 5268 illius,
1545 5221 1664 5274 quae
1694 5201 2160 5274 restitutafuisset

561 5269 914 5346 Christianis,
951 5274 1276 5331 reddendam
1319 5276 1387 5330 ab
1435 5269 1883 5346 imperatoribus;
1917 5272 1978 5346 id?
2013 5272 2156 5346 quod

561 5345 911 5416 sequentibus
940 5348 1238 5402 rationibus
1263 5343 1547 5403 evincitur.
1580 5347 1710 5402 Nam
1739 5345 2050 5401 Lactantius
2078 5343 2159 5416 di-

562 5426 708 5471 serte
735 5417 947 5472 dixerat
971 5421 1066 5472 bas
1095 5419 1300 5474 litteras
1322 5419 1632 5488 imperiales
1655 5418 1720 5472 ad
1751 5416 2041 5488 Przesidem
2071 5415 2160 5469 da-

563 5496 666 5548 tas,
697 5503 805 5543 non
827 5489 892 5544 ad
920 5491 1187 5546 Vicarium
1211 5508 1222 5553 ;
1251 5500 1304 5548 et
1321 5487 1533 5546 illarum
1557 5504 1737 5544 sermo
1765 5499 1906 5543 totus
1921 5487 2159 5542 directus

562 5569 643 5613 est
669 5559 734 5612 ad
771 5562 1043 5627 eumdem,
1075 5564 1160 5618 cui
1211 5563 1459 5618 executio
1501 5561 1854 5617 restitutionis
1900 5557 2158 5614 faciendze

563 5631 1032 5688 committebatur:
1062 5645 1120 5688 ut
1161 5635 1452 5690 absurdum
1495 5635 1652 5701 plane
1690 5642 1854 5693 esset,
1903 5631 1964 5683 ad
1993 5632 2155 5684 alium

563 5703 868 5778 quempiam
902 5707 1239 5778 pra-fectum,
1270 5709 1357 5778 qui
1388 5707 1440 5764 iu
1473 5707 1560 5760 illa
1598 5706 1867 5775 provincia
1893 5703 1980 5772 jus
2015 5703 2158 5756 dii-eo

566 5779 670 5847 ret,
699 5773 859 5828 verba
897 5773 1573 5847 imperatorum'converti.

568 5903 576 5914 Δ
636 5841 754 5898 lam
768 5859 897 5902 vero
919 5841 1032 5904 lucc
1059 5849 1307 5920 loquendi
1322 5852 1476 5920 ratio,
1502 5848 1700 5920 aliquid
1724 5847 1968 5904 vicarium
1989 5852 2166 5916 optare

2253 4367 2372 4419 quae
2403 4349 2447 4404 si
2493 4341 2661 4420 setttel
2692 4341 2935 4420 suppleta
2965 4345 3144 4420 fuerit,
3178 4346 3346 4420 nulla,
3396 4355 3456 4400 ut
3489 4360 3590 4417 ego
3623 4341 3802 4420 quidem

2253 4415 2509 4483 arbitror,
2542 4417 2826 4473 difficultas
2871 4419 3191 4473 remanebit.
3225 4417 3355 4486 Quae
3396 4415 3578 4472 autem
3623 4415 3700 4469 illa
3737 4415 3801 4472 sit,

2255 4493 2367 4561 ipsa
2397 4491 2613 4562 quidem
2658 4489 2918 4545 Lactantii
2950 4491 3113 4562 verba
3138 4491 3272 4543 satis
3303 4488 3544 4545 indicare
3581 4487 3802 4562 videatut.

2256 4556 2454 4618 clarius
2486 4577 2613 4615 vero
2665 4563 2844 4615 versio
2881 4576 3054 4628 graeca
3105 4561 3360 4627 Eusebii,
3407 4577 3474 4616 ex
3506 4576 3609 4628 qua
3641 4556 3806 4628 colligi-

2258 4652 2396 4698 mus,
2432 4648 2614 4689 vocem
2657 4633 2989 4703 poscendum,
3021 4643 3112 4687 aut
3133 4633 3364 4704 aliquam
3400 4627 3626 4704 similent
3649 4627 3803 4704 adden-

2257 4696 2529 4761 dam‘eSse
2559 4706 2608 4758 in
2638 4696 2742 4759 lioc
2775 4705 2913 4769 loco,
2941 4696 2994 4758 et
3014 4705 3093 4759 sic
3124 4696 3410 4772 legendum
3436 4722 3450 4758 :
3478 4702 3643 4757 Etiam
3666 4696 3799 4772 vellit}

2258 4779 2346 4849 qui
2372 4788 2620 4840 emerunt,
2641 4777 2717 4830 vel
2737 4777 2822 4845 qui
2843 4775 2980 4849 dono
3004 4786 3146 4849 erunt
3167 4771 3445 4849 consecuti,
3472 4777 3522 4849 si
3546 4771 3801 4849 poscendum

2260 4842 2542 4920 putaverint
2575 4850 2659 4920 .de
2707 4842 2881 4920 nostra
2927 4847 3273 4901 benevolentia
3321 4842 3557 4920 aliquid;
3594 4842 3803 4898 Vicaritmt

2260 4917 2534 4990 postulent,
2561 4917 2661 4990 quo
2688 4930 2731 4973 et
2763 4919 2888 4983 ipsis
2925 4935 3015 4986 per
3041 4929 3268 4973 nostram
3311 4919 3628 4990 clementiam
3658 4925 3804 4990 constt-

2259 4985 2418 5046 latur.
2474 4985 2622 5046 Hanc
2679 4985 3070 5046 restitutiOnem
3127 4990 3451 5045 conﬁrmant
3514 4989 3661 5044 verba
3703 4985 3804 5051 legis

2259 5065 2447 5134 prima:
2490 5063 2692 5118 codicis
2743 5062 3100 5116 Theodosiani
3149 5062 3216 5117 de
3259 5062 3451 5118 Ollicio
3478 5059 3685 5134 rectoris
3711 5067 3803 5124 pro-

2261 5131 2449 5190 vinciae
2475 5152 2487 5187 :
2520 5134 2580 5188 Si
2607 5135 2670 5187 de
2690 5134 2920 5187 civilibus
2943 5135 3108 5187 causis
3133 5133 3404 5203 quicquam
3437 5131 3702 5204 putaverint
3723 5137 3802 5204 esse

2263 5208 2592 5276 poscendum.
2625 5205 2704 5260 Tu
2731 5220 2881 5270 vero,
2912 5207 2991 5258 vir
3017 5195 3402 5272 eruditissime,
3431 5195 3639 5268 censes,
3663 5202 3722 5254 ita
3748 5195 3800 5248 le-

2262 5278 2491 5349 gendum
2525 5289 2575 5332 et
2609 5277 3095 5344 interpungendum
3124 5296 3136 5330 :
3164 5275 3229 5330 Et
3251 5278 3365 5347 jam
3394 5278 3472 5332 vel
3502 5278 3571 5338 hi,
3601 5275 3802 5349 quietae-

2262 5336 2404 5415 iiunt,
2449 5351 2526 5403 vel
2572 5349 2660 5418 qui
2711 5336 3023 5402 donaverunt
3065 5336 3343 5415 consecuti,
3385 5351 3429 5404 si
3477 5336 3726 5418 optaverint
3755 5336 3800 5418 dt

2263 5431 2434 5475 nostra
2461 5417 2801 5477 benevolentia
2829 5420 3025 5487 aliquid
3067 5421 3330 5488 vicarium,
3382 5417 3650 5492 postulent,
3669 5427 3749 5492 φφ
3766 5417 3801 5463 ει

2207 5551 2212 5556 ,
2263 5494 2388 5564 ipsis
2429 5510 2517 5562 per
2561 5502 2787 5546 nostram
2804 5484 3138 5564 clementiam
3180 5484 3500 5564 consulatur.
3548 5492 3607 5546 Et
3633 5484 3800 5564 conjecj

2266 5559 2380 5619 tura
2410 5559 2628 5636 quidem
2666 5574 2753 5618 tua
2782 5562 2941 5616 docto
2965 5573 3038 5636 _ct
3063 5564 3274 5636 erudito
3308 5566 3443 5636 viro,
3463 5563 3616 5632 digna
3651 5565 3734 5636 est,
3761 5559 3800 5606 ei

2265 5634 2542 5705 plurim-im
2584 5635 2742 5690 habet
2772 5636 2884 5689 veri
2931 5634 3357 5691 similitudinem.
3401 5635 3617 5690 Veteres
3638 5634 3802 5706 quippe

2268 5703 2546 5777 eleganter
2566 5707 2819 5760 dicebant
2848 5707 3100 5760 vicariam
3130 5722 3371 5772 operam,
3397 5721 3583 5760 manus
3605 5703 3796 5777 vicarj”.

2271 5793 2508 5834 amorem
2553 5779 2842 5841 vicarium,
2889 5793 3100 5846 pinnam
3141 5779 3413 5842 vicariam,
3465 5787 3672 5832 mortem
3696 5781 3802 5845 τιατ

2273 5853 2428 5921 riam,
2462 5860 2514 5908 et
2559 5850 2660 5905 alia
2713 5848 3039 5920 huiusmodi.
3083 5848 3273 5921 Opinio
3318 5860 3495 5906 tamen
3537 5848 3618 5903 illa
3654 5853 3742 5905 tua.
3771 5851 3804 5890 SI

3902 2307 3904 2462 ψ
