3950 6368
108 268 224 324 581

1157 266 1506 323 EPISTOLAS
1551 267 1612 323 IN
1658 268 1793 325 θυι)
1833 267 2199 327 LACTANTII
2237 273 2437 331 LOCA.

3337 284 3448 340 582

113 401 207 440 me
242 386 526 454 permittis
552 383 712 465 libere
732 381 897 454 loqui,
922 395 1028 437 non
1055 390 1208 465 vacat
1229 381 1564 438 difficultate.
1751 384 1806 447 Α
1829 389 2000 464 ortam
2027 399 2150 465 esse
2178 397 2400 465 propter
2429 387 2591 444 verba
2623 390 2876 465 quaedam
2895 390 3131 465 obscura
3152 391 3317 465 Pauli
3343 395 3442 465 ju-

114 467 506 527 prreterquam
534 456 668 528 quod
699 463 753 509 tu
803 469 908 508 non
958 454 1184 528 supples
1203 469 1410 520 vocem,
1458 470 1577 528 qua:
1615 455 1728 528 illic

112 525 303 587 deest.
338 525 636 598 vocemque
658 528 937 598 putauerint
962 538 1138 580 mutas
1173 525 1223 579 in
1253 526 1555 596 Optaverim,
1581 527 1726 596 quod

115 615 231 654 non
282 600 422 656 licet
466 597 661 669 absque
697 597 1098 653 evidentissima
1143 599 1492 662 necessitate,
1534 613 1728 654 sensus

114 672 416 739 postulare
454 672 676 736 videtur,
729 681 784 723 ut
837 669 1090 738 Princeps
1128 669 1370 738 designet
1403 684 1722 736 personam,

112 744 203 796 cui
241 743 608 813 provinciales
634 742 842 810 spoliati
878 742 1148 810 porrigant
1176 756 1362 810 preces
1399 755 1544 813 suas.
1588 741 1723 813 Cum

111 811 256 869 vero
306 814 576 870 Vicarium
625 814 784 867 totius
837 813 1138 866 collationis
1183 827 1246 864 ac
1300 811 1724 867 transmissionis

110 902 251 940 cura
283 889 702 955 constringeret,
734 894 787 938 ut
820 884 1015 954 legitur
1046 885 1096 937 in
1128 883 1285 938 titulo
1309 883 1724 955 CodicisTheoo

109 958 336 1011 dosiani
371 958 440 1012 de
468 953 656 1013 Oflicio
696 956 909 1018 Vicarii.
953 956 1085 1010 nihil
1114 955 1350 1011 alienum
1390 956 1457 1009 ab
1491 954 1608 1025 ejus
1635 953 1720 1008 of-

110 1030 247 1083 ﬁcio
281 1028 411 1083 fecit
440 1027 844 1094 Constantinus,
887 1043 1010 1083 cum
1038 1027 1215 1097 jussit,
1261 1036 1318 1081 ut
1346 1027 1435 1098 qui
1472 1034 1724 1097 putarent

107 1100 326 1170 aliquid
359 1101 429 1155 ab
476 1101 592 1170 ejus
633 1100 1001 1154 benevolentia
1035 1098 1362 1170 poscendum
1392 1115 1490 1168 pro
1525 1101 1676 1154 bonis
1701 1141 1718 1167 ,

107 1169 239 1240 qua}
270 1173 446 1226 coacti
487 1169 849 1228 reddidissent
887 1171 1100 1238 corpori
1129 1169 1593 1234 Christianorum,
1631 1171 1720 1225 Vi-

106 1245 327 1298 carimn
353 1244 599 1304 adirent.
633 1243 886 1298 nimirum
915 1253 974 1299 ut
999 1243 1045 1298 is
1065 1242 1130 1297 ad
1159 1241 1462 1312 Principem
1492 1243 1720 1299 referret

105 1317 374 1385 quicquid
403 1315 530 1370 illud
562 1326 723 1370 esset.

185 1387 296 1442 Sed
331 1398 424 1450 tu,
459 1389 541 1442 vir
579 1386 922 1453 doctissime,
965 1385 1079 1450 ais,
1126 1385 1460 1441 Lactantium
1509 1385 1718 1442 diserte

103 1457 357 1521 dixisse,
391 1458 488 1514 has
520 1459 726 1514 litteras
775 1458 1080 1529 imperiales
1126 1458 1192 1512 ad
1223 1458 1511 1528 praesidem
1560 1458 1716 1514 datas

103 1545 234 1583 esse
258 1573 270 1589 .
306 1546 413 1584 non
444 1531 511 1585 ad
542 1531 810 1586 Viearium
833 1572 847 1595 ,
877 1539 931 1584 et
960 1538 1129 1585 totum
1161 1531 1375 1585 illarum
1405 1545 1713 1584 sermonem

103 1601 382 1656 directum
412 1617 532 1656 esse
561 1603 624 1655 ad
654 1601 901 1656 eumdem
924 1643 936 1662 ,
970 1603 1054 1656 cui
1079 1607 1328 1656 executio
1358 1603 1714 1658 restitutionis

103 1673 378 1728 faciendae
411 1674 884 1735 committebatur;
930 1673 1330 1742 absurdumque
1360 1675 1519 1743 plane
1549 1689 1670 1728 esse
1693 1716 1708 1742 ,

99 1745 171 1798 ad
202 1747 367 1799 alium
397 1747 703 1814 quempiam
751 1745 1102 1809 Pro-fectum,
1151 1746 1238 1814 qui
1272 1746 1322 1798 in
1376 1747 1462 1798 illa
1499 1747 1713 1812 provin-

100 1817 186 1869 cia
219 1818 309 1886 jns
336 1817 574 1882 diceret,
601 1816 762 1871 verba
792 1817 1133 1886 imperatoris
1180 1817 1391 1873 referri.
1425 1817 1528 1872 Sed
1559 1817 1710 1885 beic,

102 1888 176 1960 ni
211 1889 390 1954 fallor,
451 1889 848 1944 observandum
898 1898 1012 1952 est,
1062 1904 1258 1943 nomen
1307 1888 1552 1960 prtesidis
1603 1905 1711 1945 non

103 1959 279 2014 fuisse
315 1960 547 2030 positum
600 1962 650 2014 in
683 1960 857 2014 fronte
902 1959 1332 2022 constitutionis,
1366 1976 1488 2015 cum
1536 1960 1710 2016 edicta

99 2034 388 2099 generalia
435 2034 820 2088 consueverint
864 2032 1082 2087 inscribi
1117 2034 1424 2088 nominibus
1473 2033 1710 2088 Praefec-

100 2113 288 2157 torum
317 2108 604 2170 praetorio,
637 2104 884 2173 quamvis
925 2105 989 2156 ad
1020 2120 1141 2158 eum
1176 2105 1338 2159 missa
1367 2105 1528 2159 fuerit
1557 2120 1585 2158 a
1619 2104 1708 2158 Li-

99 2175 272 2230 cinio.
308 2175 400 2230 Hic
426 2177 569 2229 enim
595 2219 609 2240 ,
642 2192 762 2230 cum
795 2175 1081 2231 manifesto
1105 2176 1271 2231 divini
1295 2176 1538 2230 Numinis
1559 2177 1712 2231 auxi-

99 2245 177 2299 lio
209 2247 492 2301 victoriam
522 2247 590 2301 de
619 2246 906 2302 Maximino
937 2257 1296 2317 reportasset,
1318 2263 1440 2302 cum
1475 2249 1707 2316 primum

100 2330 297 2383 poSIea
329 2317 692 2373 Nicomediam
736 2321 1010 2388 ingressus
1060 2330 1176 2386 est,
1219 2321 1448 2388 gratiam
1495 2334 1708 2375 summo

102 2390 220 2444 Deo
250 2391 522 2444 relaturus
547 2431 560 2452 ,
591 2391 801 2444 litteras
833 2390 950 2444 illas
993 2393 1141 2445 misit
1193 2392 1259 2444 ad
1292 2391 1578 2460 praesidem
1599 2432 1614 2456 ,
1652 2403 1708 2446 ut

99 2462 224 2529 ejus
275 2477 405 2515 cura
453 2470 882 2531 proponerentur
934 2462 985 2516 in
1034 2477 1097 2517 ea
1143 2463 1294 2517 urbe.
1347 2460 1482 2517 Cum
1525 2472 1703 2519 autem

100 2533 352 2602 przesiilis
383 2548 578 2588 nomen
606 2534 860 2602 generale
903 2535 1002 2598 sit,
1034 2546 1087 2588 et
1114 2534 1178 2587 ad
1221 2549 1409 2588 omnes
1462 2536 1703 2602 pertine-

99 2614 218 2668 ret,
255 2605 346 2674 qui
383 2606 688 2672 provincias
715 2605 925 2674 imperii
957 2604 1183 2658 Romani
1228 2606 1514 2674 regebant,
1548 2606 1703 2662 vide-

101 2685 190 2729 tur
217 2675 532 2731 Lactantius
564 2677 722 2732 isthic
762 2692 858 2745 per
896 2676 1189 2731 Praesidem
1222 2677 1584 2743 intellexisse,
1613 2688 1704 2733 aut

101 2747 381 2821 Vicarium
413 2748 650 2821 Ponticae
680 2748 1011 2821 diteceseos,
1043 2757 1136 2821 aut
1157 2749 1492 2804 consularem
1523 2749 1706 2821 Bithy-

101 2819 237 2881 nizr,
283 2835 443 2889 quam
476 2820 641 2873 fuisse
668 2830 880 2874 constat
926 2820 1028 2873 sub
1053 2819 1408 2888 dispositione
1456 2819 1699 2887 ejusdem

103 2889 328 2944 Vicarii.
366 2892 547 2960 Itaque
577 2907 695 2944 cum
725 2907 968 2946 summus
998 2899 1118 2959 post
1156 2891 1466 2959 prreiectttm
1500 2895 1700 2959 magis-

101 2971 276 3015 tratus
303 2963 355 3016 in
383 2977 444 3016 ea
476 2963 696 3033 regione
740 2972 884 3017 esset
913 2963 1154 3016 Vicarius
1185 2963 1451 3027 Pontieze,
1487 2964 1699 3020 videre-

101 3044 190 3088 tur
216 3034 584 3101 censendum,
616 3047 882 3088 serVaIam
929 3035 977 3089 ei
1011 3033 1175 3087 fuisse
1213 3049 1368 3088 suam
1410 3035 1700 3090 auctorita-

101 3115 206 3158 tem
234 3105 289 3158 in
336 3106 512 3160 edicto
532 3148 548 3170 ,
578 3107 717 3175 quod
743 3107 953 3175 jussum
982 3115 1064 3159 est
1100 3107 1322 3172 [ιι-οροηί
1365 3107 1418 3160 iu
1447 3107 1577 3160 urbe
1607 3107 1699 3162 Ni-

1742 1783 1789 1844 B

1834 453 2194 533 risconsultig'
2211 453 2294 533 sic
2310 466 2511 533 _tamen
2540 469 2597 515 ut
2625 453 2792 517 totum
2823 462 2955 517 illud
2988 464 3258 533 negotium
3288 453 3442 521 face-

1831 539 1944 580 rem
1971 526 2045 581 tui
2067 527 2277 597 judicii.
2310 527 2507 584 Verum
2549 538 2805 656 quoniam
2835 550 2901 589 eo
2933 526 3175 604 tempore
3205 537 3438 591 multum

1831 607 2126 656 occupatus
2153 614 2301 653 eram
2332 600 2383 653 in
2412 601 2546 656 eden
2593 619 2625 656 ο
2651 605 2826 656 primo
2851 616 2996 656 [omo
3025 623 3268 656 mem-um
3291 609 3438 656 Con-

1831 607 2126 674 oecupatus
2153 614 2301 674 eram
2332 600 2383 653 in
2412 600 2625 674 edendo
2651 605 2826 674 primo
2851 616 2996 660 tonio
3025 600 3268 663 meorum
3291 609 3439 663 Con-

1829 668 2078 746 ciliorum
2099 711 2113 735 ,
2147 668 2726 746 adeoquelaboraliam
2775 677 2870 731 otii
2925 680 3143 746 penuria
3166 721 3179 742 ,
3213 689 3438 735 coactus

1828 752 1947 794 sum
1979 741 2229 796 deserere
2259 744 2542 798 consilium
2576 745 2706 800 illud
2741 741 2958 810 meum}
3007 760 3100 804 aut
3145 741 3337 805 Saltem
3369 751 3423 804 in

1826 810 1971 864 aliud
2003 823 2214 888 tempus
2239 813 2475 888 differre.
2507 814 2726 888 Interim
2755 835 2979 888 magnus
3010 822 3096 876 ille
3127 822 3432 877 studiorum

1826 897 2070 961 meorum
2104 885 2276 961 fautor
2320 897 2375 940 et
2424 887 2563 940 altor
2606 885 3114 961 Joannes'Baptista
3144 892 3432 949 Colbertus

1826 957 2061 1030 excessit
2087 971 2119 1010 e
2148 955 2281 1010 vivis
2303 971 2524 1030 ;_eoque
2549 960 2812 1024 cadente,
2847 955 3039 1030 fateor,
3085 965 3155 1019 ita
3193 979 3436 1020 maerore

1824 1024 2095 1100 abjeetum
2121 1041 2184 1082 ac
2215 1024 2551 1098 proﬂigatum
2574 1046 2695 1085 esse
2721 1035 2958 1086 animum
2989 1024 3188 1100 meum,
3219 1045 3277 1091 ut
3303 1051 3428 1092 cum

1824 1095 2058 1172 inlibris
2085 1095 2225 1154 meis
2245 1095 2546 1170 quzererem
2576 1102 2876 1172 perfugium
2927 1120 2990 1160 ac
3017 1095 3271 1162 solatium
3292 1149 3306 1170 ,
3341 1108 3428 1162 ni-

1824 1166 1897 1222 bil
1951 1171 2128 1244 minus
2157 1166 2539 1241 cogitaverim,
2573 1166 2758 1244 quam"
2782 1185 2835 1228 ut
2895 1175 3084 1232 ludicri
3113 1166 3428 1235 certaminis

1821 1241 2058 1308 speciem
2078 1244 2389 1320 praeberem
2413 1261 2428 1310 ;
2459 1241 2704 1315 adeoque
2733 1248 3049 1320 memoriam
3077 1265 3311 1320 quoque
3339 1250 3426 1320 ip-

1821 1323 1936 1365 sam
1962 1313 2168 1381 perdidi
2195 1316 2353 1390 istius
2373 1328 2575 1372 nostrae
2595 1313 3036 1385 concertationis,
3057 1313 3240 1390 dequa
3267 1313 3426 1388 paulo

1820 1391 1948 1438 ante
1975 1387 2292 1441 memoravi.
2321 1386 2589 1443 Revocata
2623 1398 2706 1443 est
2729 1400 2908 1444 autem
2926 1386 3428 1447 occasionelitterav

1818 1467 1938 1527 rum
1963 1497 1976 1521 ,
2007 1472 2142 1527 quas
2193 1458 2396 1513 amicus
2459 1461 2548 1514 ille
2592 1473 2776 1516 noster
2811 1461 2878 1516 ad
2919 1477 3006 1516 me
3035 1463 3183 1518 dedit
3222 1464 3288 1519 15
3328 1462 3426 1517 ka-

1819 1522 2006 1602 lendas
2025 1522 2358 1602 Februarias
2382 1530 2546 1602 hujus
2589 1533 2749 1598 anni;
2799 1549 2932 1597 quas
2963 1535 3145 1602 accepi
3181 1534 3420 1589 tardius-

1817 1597 1979 1676 cule,
2006 1599 2258 1676 nimirum
2287 1597 2746 1676 l8‘kal'.Aprilis.
2779 1597 3108 1660 Mentionem
3139 1605 3337 1676 quippe
3368 1608 3420 1662 in

1818 1667 1927 1746 illis
1954 1669 2160 1726 faciens
2192 1688 2344 1746 novin
2371 1667 2756 1730 lucubrationis
2781 1690 2808 1730 a
2841 1685 2891 1730 te
2920 1667 3337 1746 emissachiia'm
3363 1693 3422 1734 se

1819 1745 2107 1814 missurum
2151 1745 2474 1814 pollicetur,
2523 1748 2777 1801 excitavit
2823 1751 3138 1803 memoriam
3191 1745 3421 1804 Cenota-

1819 1811 2066 1891 phiorum
2085 1811 2423 1891 Pisanorum,
2449 1827 2502 1891 et
2527 1828 2630 1872 tua:
2654 1833 2864 1874 mecum
2893 1819 3291 1891 disputationis.
3317 1821 3422 1877 Ac-

1815 1883 1950 1937 cedo
1997 1888 2175 1956 itaque
2208 1887 2421 1942 tandem
2458 1890 2610 1944 home
2637 1930 2674 1961 ,ν
2711 1899 2769 1945 ιιι
2813 1883 3190 1954 reum-causa:
3219 1894 3422 1961 qualis-

1815 1967 2045 2031 cumque
2074 1967 2354 2031 patronus,
2391 1975 2509 2013 eam
2543 1960 2682 2031 apttd
2715 1972 2765 2017 te
2793 1974 3030 2030 acturus,
3055 1964 3138 2018 vir
3163 1960 3416 2018 eruditis-

1813 2025 1982 2094 sime,
2035 2025 2121 2095 te,
2175 2030 2425 2106 inquam,
2456 2025 2693 2106 judicent
2742 2025 3058 2101 habiturus,
3087 2050 3249 2106 quem
3293 2047 3421 2092 ante

1812 2110 2076 2174 expertus
2096 2115 2214 2155 sum
2236 2102 2626 2174 adversarium.
2649 2103 2832 2174 Neque
2853 2106 2997 2160 enim
3023 2102 3151 2160 mihi
3177 2116 3422 2162 metuen-

1812 2167 1938 2223 dum
1968 2181 2051 2226 est
2078 2174 2176 2247 sub
2201 2174 2290 2227 tali
2311 2173 2525 2242 judice;
2549 2175 2642 2245 qui
2666 2167 3020 2247 praeterquam
3045 2177 3188 2247 quod
3214 2179 3419 2235 amicus

1813 2255 1964 2317 meus
1994 2252 2108 2317 est,
2147 2244 2340 2317 justus
2375 2256 2424 2300 ct
2457 2244 2587 2300 recti
2641 2257 2830 2314 tenax,
2880 2244 2992 2304 ires
3037 2244 3328 2317 personas,
3363 2261 3422 2305 ut

1811 2309 2002 2368 Cicero
2028 2309 2100 2369 de
2138 2309 2197 2370 se
2242 2316 2454 2382 aiebat,
2489 2334 2625 2372 unus
2672 2309 2960 2374 sustinebit
3004 2309 3214 2375 summa
3247 2309 3417 2378 animi

1811 2385 2100 2460 aequitate,
2131 2402 2283 2442 suam
2303 2430 2318 2452 ,
2350 2389 2664 2450 adversarii.
2693 2390 2908 2460 judicis.

1883 2453 2047 2535 Igitur
2070 2458 2184 2535 hinc
2200 2468 2327 2535 sunt
2352 2461 2511 2514 verba
2529 2460 2679 2535 Pauli
2693 2453 2763 2516 'in
2796 2462 3126 2518 editionibus
3140 2479 3234 2534 per
3253 2472 3411 2535 typo-

1807 2527 2043 2596 graplios
2074 2531 2338 2600 vulgatis,
2371 2547 2491 2602 qua:
2522 2533 2767 2587 manibus
2799 2550 2941 2588 nunc
2968 2527 3418 2591 erudit-oruu'i'tc-

1808 2610 2001 2672 runtur
2002 2618 2042 2672 έ
2078 2602 2362 2656 Anniculus
2383 2604 2657 2666 amittitur,
2681 2605 2768 2672 qui
2791 2616 3016 2660 extremo
3043 2608 3168 2660 anni
3191 2607 3275 2661 die
3301 2623 3413 2662 mo-

1805 2670 1955 2744 ritur.
1989 2670 2057 2725 Et
2085 2674 2398 2727 consuetudo
2427 2675 2664 2744 loquendi
2695 2670 2748 2728 id
2778 2678 2851 2730 ita
2874 2693 2982 2732 esse
3002 2677 3253 2733 declarat.
3285 2680 3417 2735 Ante

1807 2739 1941 2817 diem
1970 2743 2222 2817 decimum
2253 2739 2622 2810 kalendarum,
2658 2758 2770 2817 post
2792 2749 2923 2801 diem
2956 2749 3205 2803 decimum
3235 2751 3415 2806 kalen-

1806 2811 2011 2870 darum.
2050 2814 2230 2887 Neque
2257 2827 2370 2870 utro
2393 2819 2524 2870 enim
2555 2811 2786 2874 sermone
2814 2823 3047 2875 undecim
3072 2823 3179 2877 dies
3209 2824 3412 2894 signi/i-

1805 2896 2011 2942 leﬂllﬂ'.
3055 2911 3070 2922 ⁸

1877 2957 2031 3014 Hunc
2060 2974 2161 3029 ego
2190 2960 2365 3014 locum
2398 2961 2477 3016 sic
2505 2962 2892 3030 interpretatus
2925 2978 3041 3018 sum
3075 2963 3126 3017 in
3161 2967 3407 3019 Annota-

1805 3029 2042 3084 tionibus
2071 3032 2137 3085 ad
2168 3032 2363 3105 librum
2391 3029 2659 3087 Lactantii
2685 3033 2754 3088 de
2800 3035 3060 3089 Mortibus
3093 3047 3410 3105 persecuto-

1805 3112 1962 3176 r_uin_,
2015 3113 2071 3176 ut
2119 3103 2542 3176 existimaverim
2572 3146 2585 3169 ,
2615 3107 2866 3160 eumdem
2916 3106 3060 3160 diem
3094 3103 3410 3176 significari

98 3177 428 3231 εοιηράίρηςί
448 3219 460 3238 ,
488 3167 1401 3248 ηδεὸεμιρ’τθιίηεηάίιηιίθοὶίυηειῃ
1433 3179 1698 3249 vulgatam
1729 3180 1774 3244 ρ
1806 3167 2017 3227 duobus
2043 3174 2302 3249 loquendi
2332 3175 2504 3249 modis
2534 3167 2783 3231 adductis
2815 3193 2842 3229 a
2874 3167 3292 3232 Jurisconsulto.
3327 3179 3411 3235 Tu

98 3249 256 3302 istius
310 3249 411 3303 loci
460 3249 818 3305 Lactantiani.
883 3250 996 3321 Ego
1048 3250 1179 3311 tibi,
1229 3249 1310 3303 vir
1357 3251 1697 3320 doctissime,

100 3330 338 3374 mentem
389 3337 562 3375 meam
612 3323 825 3389 aperio,
875 3335 928 3376 et
972 3321 1313 3388 conjecturas
1363 3336 1511 3376 meas
1555 3338 1702 3377 coui-

99 3392 286 3454 mitto,
319 3393 471 3446 facile
497 3393 845 3462 amplexnrus
871 3393 1207 3462 Opinionem,
1231 3409 1392 3461 quam
1424 3405 1476 3446 tu
1504 3395 1699 3456 proba-

98 3463 240 3517 veris
261 3478 600 3518 esseveram.
621 3464 944 3519 iamdudum
971 3466 1216 3517 ausculto
1240 3466 1304 3517 de
1328 3465 1572 3533 epistolis
1592 3468 1701 3521 An-

99 3535 229 3588 tonii
259 3534 576 3604 Augustini,
606 3552 739 3607 quas
784 3535 923 3589 fama
955 3544 1070 3589 erat
1100 3544 1151 3589 te
1182 3536 1542 3606 vulgaturum.
1587 3537 1698 3592 Ma-

97 3621 195 3673 gna
226 3616 313 3662 est
340 3608 481 3660 inter
512 3623 608 3662 nos
640 3608 738 3662 viri
786 3608 942 3662 istius
972 3609 1272 3661 reverentia
1301 3616 1357 3662 et
1402 3611 1696 3665 auctoritas

101 3678 612 3750 lucubrationesque
644 3679 762 3748 ejus
805 3679 1114 3734 avidissime
1154 3680 1464 3748 arripimus.
1514 3682 1696 3750 Itaque

98 3750 140 3802 si
171 3750 412 3804 nondum
443 3765 503 3804 ea
536 3753 702 3806 editio
736 3753 871 3805 facta
912 3761 993 3804 est
1015 3794 1028 3817 ,
1059 3765 1156 3804 oro
1187 3760 1239 3805 te
1261 3795 1274 3817 ,
1330 3752 1410 3804 vir
1441 3753 1692 3807 iIIuStris-

97 3823 268 3885 sime,
299 3823 517 3876 nomine
563 3839 748 3877 eorum
801 3823 1081 3889 omnium,
1131 3823 1221 3892 qui
1273 3824 1440 3877 bonas
1489 3824 1695 3880 litteras

97 3903 280 3964 amant
302 3935 316 3956 ,
349 3909 412 3947 ne
437 3895 640 3950 diutius
664 3894 945 3964 protrahas
970 3895 1400 3962 expectationem
1429 3904 1689 3951 nostram.

99 3963 209 4017 Non
240 3965 429 4019 dubito
455 3963 674 4030 autem,
708 3966 835 4034 quin
869 3966 1010 4019 inter
1051 3967 1311 4035 epistolas
1337 3967 1514 4022 Latini
1545 3967 1692 4022 Lati-

1807 3256 2028 3321 contra,
2053 3246 2148 3321 vir
2175 3246 2518 3321 clarissime,
2551 3249 2927 3321 _pu_tasrpriore
2978 3249 3139 3303 modo
3184 3251 3410 3321 intelligi

1805 3313 2007 3390 debere
2034 3315 2148 3390 dies
2177 3317 2361 3390 decem
2386 3360 2400 3382 ,
2427 3319 2521 3390 qui
2551 3313 2812 3373 kalendas
2841 3321 3160 3374 antecedunt
3186 3363 3199 3384 ,
3237 3313 3409 3390 poste-

1805 3385 1949 3441 riore
1972 3428 1986 3449 ,
2019 3387 2204 3442 decem
2237 3388 2329 3458 qui
2358 3385 2758 3458 subsequuntur
2786 3392 3005 3446 easdem
3044 3385 3322 3458 kalendas,
3355 3393 3408 3450 id

1803 3459 2225 3532 est,_deeiiu_um
2257 3461 2399 3515 diem
2445 3466 2648 3516 mensis
2697 3466 2991 3532 sequentis.
3025 3463 3279 3532 Quamvis
3305 3481 3404 3518 au-

1804 3534 1911 3604 tem
1942 3529 2202 3604 Rebuﬂ'us
2228 3533 2543 3601 scripserit,
2581 3535 2716 3588 hanc
2745 3529 3095 3604 qumstionein
3133 3537 3250 3604 plus
3280 3538 3405 3591 suib-

1804 3600 2042 3678 t_ilitatis,
2073 3618 2232 3678 quam
2264 3600 2531 3678 utilitatis
2558 3600 2793 3672 habere,
2848 3600 3263 3678 putaverintque
3291 3608 3402 3662 Bu-

1799 3669 1949 3747 daeus
1995 3684 2049 3727 et
2093 3669 2372 3747 '_Alciatus,
2409 3675 2632 3730 Paulum
2680 3669 2868 3732 ludere
2916 3681 3092 3747 potius
3120 3669 3188 3734 et.
3207 3681 3404 3735 morari

1798 3740 2080 3818 lectorem,
2103 3745 2203 3800 hoc
2227 3747 2439 3818 grypho
2467 3749 2700 3803 voluisse
2727 3791 2740 3811 ,
2773 3740 2931 3818 quam
2965 3750 3162 3806 docere
3185 3793 3199 3813 ,
3234 3752 3401 3806 adeo-

1796 3829 1901 3892 que
1935 3817 2119 3892 inutile
2151 3817 2320 3873 videri
2355 3821 2526 3887 possit
2549 3821 2687 3876 ultra
2716 3817 3046 3892 perscrutari
3071 3839 3254 3877 verum
3283 3839 3402 3877 ver-

1797 3883 1987 3940 borum
2040 3888 2255 3963 illorum
2307 3883 2571 3956 sensum;
2621 3883 2797 3947 eniiar
2826 3902 3004 3948 tamen
3056 3909 3154 3963 pro
3210 3894 3402 3950 iii-ium

1796 3971 2040 4032 mearum
2070 3961 2292 4016 modulo
2321 3963 2642 4028 ostendere,
2675 3964 2802 4032 quid
2836 3965 3020 4019 dicere
3047 3961 3276 4019 voluerit
3303 3965 3400 4019 Ju-

1796 4028 2153 4106 risConsultns
2175 4076 2187 4099 ,
2223 4035 2495 4104 simulque
2521 4028 2855 4092 confirmabo
2881 4036 3192 4106 opinionem
3225 4052 3400 4091 meam

1793 4097 1860 4153 de
1889 4103 2068 4157 verbis
2097 4097 2386 4161 Laetautii.

1869 4173 2072 4245 Duplex
2107 4177 2403 4245 antiquitus
2431 4178 2535 4231 fuit
2578 4177 2747 4233 editio
2775 4179 3060 4233 verborum
3109 4177 3296 4240 Pauli,
3344 4180 3401 4235 in

1791 4244 1988 4319 quibus
2018 4254 2126 4319 tota
2154 4244 2399 4302 consistit
2424 4248 2716 4302 difficultas
2737 4290 2750 4311 ,
2782 4261 2832 4303 et
2866 4266 2986 4319 quae
3017 4265 3234 4306 crucem
3268 4251 3398 4306 [ise-

1791 4327 1917 4388 l'l_l_nl
1943 4317 2072 4370 viris
2092 4319 2493 4374 eruditissimis.
2511 4320 2740 4388 Quidam
2761 4317 2903 4375 enim
2927 4321 3144 4378 codices
3167 4323 3397 4379 habent:

1792 4384 2202 4466 eqte__utroque
2234 4391 2370 4466 enim
2409 4384 2639 4466 sermone
2668 4391 2966 4448 undecimus
2999 4395 3107 4450 dies
3137 4396 3400 4466 signiﬁca.

1791 4468 1906 4520 (ur;
1929 4458 2016 4512 alii
2045 4471 2231 4513 contra
2267 4479 2280 4515 :
2315 4460 2514 4516 Neutra
2545 4465 2678 4516 enim
2708 4481 2940 4518 sermone
2968 4458 3399 4521 undecimns'diea

1791 4531 2133 4604 signiﬁcatur.
2185 4533 2338 4588 Prior
2382 4535 2578 4600 editio,
2624 4551 2782 4604 quam
2836 4538 3028 4591 I’aulus
3069 4537 3136 4594 de
3178 4539 3399 4593 Middel—

1799 4601 1999 4668 burgo,
2040 4602 2182 4656 Valla
2205 4645 2219 4670 ,
2270 4605 2532 4668 Budaeus.
2568 4601 2810 4662 Alciatus
2837 4650 2850 4672 ,
2886 4609 3142 4666 Rebull'us
3171 4619 3230 4666 et
3274 4612 3399 4666 Dio—

1800 4673 1984 4742 nysius
2015 4673 2379 4731 Gotholredus
2404 4680 2637 4748 amplexi
2668 4690 2794 4734 sunt
2815 4722 2828 4745 ,
2861 4684 3047 4737 nititur
3074 4683 3400 4738 auctoritate

1797 4754 2040 4825 veterum.
2055 4750 2438 4825 exemplarium
2454 4752 2968 4825 manuscriptorum,
2983 4770 3213 4825 quorum
3234 4769 3396 4809 unum

1797 4827 1877 4892 est
1914 4817 2252 4874 bibliotheca!
2280 4820 2479 4892 Regim,
2506 4824 2708 4891 reliqua
2733 4817 3092 4891 Colbcrlitiae;
3121 4843 3242 4880 cum
3276 4827 3397 4892 qui.

1793 4888 1896 4942 bus
1922 4893 2170 4959 congruit
2197 4888 2557 4950 etiam'codex
2585 4888 2842 4951 Germani
2882 4888 3181 4956 Colladbnii
3210 4888 3396 4951 lauda-

1797 4969 1882 5038 tus
1926 4960 1997 5038 ab
2025 4962 2216 5017 eodem
2266 4963 2622 5038 Gothol‘redo.
2665 4967 2848 5022 Altera
2872 5010 2886 5033 ,
2905 4984 3076 5036 quam
3106 4969 3356 5038 (lujacius
3377 5008 3391 5034 ν

1795 5032 2059 5086 Antonius
2089 5035 2440 5104 Augustinus,
2471 5037 2757 5094 Marcellus
2786 5032 3142 5096 Francolinus
3170 5032 3224 5094 et
3272 5032 3394 5092 Ilia?

1794 5105 1980 5182 tiysius
2011 5105 2260 5182 Petavius
2286 5109 2439 5182 sequi
2471 5110 2794 5175 maluerunt,
2822 5111 3202 5182 suifragatores
3232 5109 3393 5164 habet

1791 5176 1928 5263 duos
1947 5190 2168 5263 “veteres
2198 5176 2378 5263 libros
2395 5181 2970 5263 bibliotliocteliegite,
2991 5176 3222 5263 quorum
3254 5196 3392 5235 unus

1791 5247 1891 5322 fuit
1909 5247 2034 5322 olim
2059 5249 2266 5305 IEmari
2287 5251 2582 5309 Banconeti
2608 5253 2706 5307 viri
2726 5247 3054 5322 doctissimi;
3079 5267 3250 5320 neque
3268 5266 3406 5305 eam.

1792 5319 1917 5374 alibi
1948 5324 2168 5392 reperi.
2204 5325 2283 5377 An
2329 5324 2474 5378 illam
2511 5325 2727 5392 adjuvet
2760 5319 3055 5379 auctoritas
3096 5319 3389 5376 Pandecta-

1794 5405 1912 5446 rum
1944 5391 2377 5448 Florentinarum
2398 5436 2411 5458 ,
2458 5391 2763 5450 videbimus
2792 5404 3002 5464 postea.
3037 5392 3254 5446 Interim
3289 5409 3384 5447 ex.

1796 5463 2091 5530 pendamus
2122 5474 2402 5536 utramque
2431 5468 2722 5522 editionem
2746 5506 2761 5532 ,
2790 5463 3163 5517 affirmativam
3197 5463 3389 5519 videli-

1787 5544 1872 5590 Cet
1897 5546 1952 5590 et
1978 5538 2281 5606 negativam
2302 5578 2316 5602 ,
2346 5548 2402 5591 ut
2429 5553 2524 5593 eas
2550 5537 2767 5606 quidam
2803 5548 3088 5587 vocavere.

1859 5607 2247 5662 Allirmativam
2283 5609 2509 5669 habent,
2546 5617 2602 5663 ut
2631 5607 2770 5671 dixi,
2820 5613 2942 5656 octo
2987 5613 3166 5658 vetera
3201 5620 3388 5661 exem-o

1784 5678 1952 5748 plaria
1994 5678 2336 5734 bibliotheca:
2369 5679 2546 5749 Regia:
2572 5687 2626 5749 et
2647 5677 2994 5749 Colberting.
3029 5677 3094 5728 Et
3137 5676 3187 5728 in
3218 5676 3389 5744 Regio

1783 5742 1998 5820 quidem
2032 5751 2243 5824 signato
2269 5742 2556 5824 l6'l5fsic
2591 5748 2795 5824 legitur
2831 5742 3068 5824 :nxlgque
3096 5749 3226 5798 enim
3261 5742 3388 5824 utro

1781 5812 2013 5878 sermone
2041 5812 2307 5875 undecima
2333 5812 2439 5874 dies
2470 5812 2808 5890 signiﬁcatur.
2842 5812 3069 5871 Codices
3100 5831 3229 5872 vero
3255 5815 3387 5872 Col-

100 4035 168 4107 nii
201 4037 384 4096 plures
418 4036 610 4107 legeris
641 4038 796 4091 datas
822 4037 887 4091 ad
917 4037 1166 4092 eumdem
1198 4037 1524 4103 Antonium,
1560 4041 1693 4096 alias

99 4106 164 4178 de
190 4122 255 4161 eo
287 4106 606 4177 loquentes,
640 4124 800 4162 unam
852 4111 1013 4163 etiam
1057 4108 1228 4178 ipsius
1278 4111 1344 4163 ad
1396 4109 1687 4166 Latinium.

98 4177 361 4233 Caeterum
389 4178 797 4249 disquirendum
827 4189 947 4241 est,
976 4177 1175 4235 verane
1223 4182 1293 4234 sit
1322 4184 1557 4250 suspicio
1583 4182 1687 4236 La-

99 4250 210 4302 tinii
242 4251 306 4303 ad
351 4250 619 4306 Metellum
649 4253 969 4314 scribentis,
1015 4253 1306 4306 alienatum
1342 4255 1592 4308 nimirum
1624 4255 1691 4309 ab

100 4335 162 4373 eo
200 4319 364 4376 fuisse
393 4324 626 4378 animum
659 4323 874 4377 Antonii
896 4367 909 4384 ,
939 4324 1082 4392 quod
1112 4323 1178 4376 ad
1211 4325 1385 4392 ipsum
1423 4326 1686 4380 interdum

100 4393 376 4457 scribens,
437 4396 800 4464 amplissimos
861 4395 1148 4449 illustrium
1203 4397 1686 4450 reverendissimo~

99 4478 320 4534 rumque
351 4466 532 4519 titulos
554 4509 568 4534 ,
603 4469 799 4526 quibus
830 4466 1048 4535 Hispani
1080 4466 1235 4520 valde
1263 4467 1681 4532 delectarentur,

99 4535 280 4608 einen
314 4537 582 4592 tribuerit.
618 4540 729 4608 Ego
759 4540 900 4592 enim
934 4537 1297 4607 Angustinum
1329 4539 1685 4594 animadverti

99 4603 263 4680 fuiSse
289 4609 527 4663 inanium
568 4603 1118 4680 contemptoremfac
1149 4609 1374 4680 proinde
1415 4611 1683 4678 suspicor,

96 4677 225 4732 alias
253 4682 415 4736 fuisse
445 4697 660 4747 causas,
689 4681 759 4735 ob
786 4677 918 4751 quas
951 4682 1038 4735 ille
1065 4677 1354 4751 interrupit
1385 4677 1686 4738 litterarum

97 4753 471 4824 commercium
492 4795 506 4818 ,
536 4753 680 4824 quod
711 4755 808 4822 ipsi
849 4765 962 4807 erat
989 4769 1113 4808 cum
1145 4751 1380 4808 Latinio.
1416 4754 1516 4808 Tui
1537 4754 1687 4824 judi-

96 4820 159 4895 cii
191 4820 326 4877 facio
365 4832 536 4879 totum
557 4820 712 4879 'illud
733 4820 1032 4895 ‘negotium
1053 4868 1068 4890 ,
1095 4825 1462 4882 eruditissime
1487 4820 1589 4892 vir,
1623 4828 1688 4881 ti-

98 4891 252 4968 bique
279 4896 485 4968 longam
509 4911 573 4968 ac
599 4891 996 4968 felicem'vitam
1025 4906 1176 4968 opto.

209 4967 742 5022 metire-Parisiorum
766 5009 780 5034 ,
811 4967 918 5022 kal.
950 4967 1100 5025 Maiis
1132 4967 1292 5025 1685.

99 5101 378 5164 Clarissima
405 5109 772 5183 viroHenrigo
798 5109 860 5164 de
889 5109 1082 5183 Nor_is,
1125 5112 1522 5183 Augustiniano,
1566 5115 1686 5172 Ste-

480 5182 683 5252 phanus
706 5180 950 5237 Baluzius
981 5180 1269 5239 Tutelenéis
1289 5226 1304 5252 ,

741 5319 802 5374 S.
846 5318 911 5372 P.
960 5319 1025 5374 ι).

134 5450 287 5531 ,(3υηὶ
311 5461 434 5531 ante
464 5455 564 5508 hoc
587 5455 863 5510 biennium
891 5459 969 5510 vir
1007 5458 1079 5513 tui
1109 5459 1323 5529 meique
1349 5475 1411 5516 ac
1435 5476 1680 5518 commu-

99 5524 234 5604 nium
260 5524 559 5604 studiorum
609 5524 1340 5604 nostrorum‘amantissit‘nus
1365 5573 1380 5597 ,
1429 5533 1679 5604 idemque

98 5591 431 5648 doctissimus
461 5597 724 5650 Antonius
777 5597 1138 5668 Magliabecus
1187 5604 1251 5656 ad
1304 5591 1390 5658 me
1438 5591 1678 5661 misisset

99 5667 828 5744 opus_t_uum,_eru_digssime
874 5667 981 5744 vir,
1006 5689 1112 5741 quo
1141 5671 1476 5744 Cen0taphia
1511 5675 1678 5730 Pisa-

98 5745 159 5810 ηεξ
201 5735 307 5790 Caii
339 5745 392 5810 et
439 5735 586 5810 Lucii
616 5738 886 5794 Caesarum
934 5735 1210 5797 illustrasti
1237 5785 1252 5810 ,
1285 5735 1674 5804 constitueram

99 5803 158 5858 ad
184 5814 234 5864 te
253 5807 494 5865 scribere
521 5809 587 5864 de
608 5813 972 5870 controversia
996 5857 1009 5882 ,
1041 5830 1201 5886 quam
1231 5803 1386 5873 video
1417 5818 1554 5872 inter
1576 5803 1674 5876 nos
