4006 6350
546 315 657 426 tis

1834 361 2112 421 JOANNIS
2150 359 2376 422 COLUM
2388 363 2450 421 BI
3724 357 3806 420 416

550 485 702 540 bilem
723 486 963 557 juvenem
992 483 1202 555 punicea
1227 483 1474 557 indutum
1501 482 1670 537 tunica
1694 481 1924 557 baltlteus
1946 483 2132 536 ambie-
2162 486 2204 545 Α
2237 485 2436 557 rtiores
2464 485 2627 538 scribi
2683 498 2959 551 curavere,
3016 486 3144 542 Sine
3170 486 3383 542 arbitris
3413 484 3660 540 Meritum
3701 504 3802 538 nult-

551 558 655 629 bat.
687 554 1204 629 mmemorem
1227 555 1448 629 Polybio
1479 566 1773 629 memorata
1802 554 2130 624 (quanquam

553 625 669 682 haec
714 629 784 681 ab
808 625 922 680 istis
963 628 1102 680 haud
1153 625 1575 697 dubie'diversa)
1603 638 1817 680 secretas
1847 636 2009 688 notas,
2044 641 2134 696 per

550 714 678 766 quas
708 697 948 752 mandata
980 699 1220 753 ntitteutis
1263 715 1379 752 vera
1407 714 1514 751 esse
1563 707 2001 766 cognoscerentur,
2036 712 2133 766 vo-

552 765 639 823 cat
685 767 1071 839 LiviusitAddc
1098 768 1244 839 Lips.
1275 769 1341 824 ad
1368 768 1495 823 Tac.
1529 765 1838 839 AnnalJS.
1868 765 2134 839 c.A'2,VCa-

551 840 706 894 saub.
737 838 804 894 ad
834 838 1064 896 IEneam
1094 837 1395 905 Tactieuiti,
1425 841 1650 894 Salinas.
1681 838 1746 893 ad
1769 839 1878 894 Jul.
1902 837 2132 909 Capitol.

551 910 846 974 Pertinae.,
892 926 943 967 c.
976 914 1030 968 1.
1078 910 1187 966 Nec
1237 911 1470 966 absurde
1511 911 1632 980 quis
1681 910 1914 975 dixerit,
1949 911 1999 964 iu
2054 910 2137 980 bis

550 983 918 1052 comparuisse
948 992 1195 1038 notarum
1220 999 1410 1053 genus,
1430 979 1548 1053 quze
1569 983 1700 1050 sigla
1715 980 1966 1036 dicuntur
1990 995 2016 1033 a
2037 979 2135 1036 Ju-

461 1113 469 1120 ,
551 1053 784 1128 stiniano
815 1053 1161 1128 imperatore,
1189 1055 1383 1128 quibus
1431 1053 1714 1128 utebantur
1755 1055 2133 1128 ᾳημςρογρὰφορ,

547 1123 661 1202 sive
701 1128 1054 1202 ταχνγρᾲφοι.
1089 1123 1221 1202 Nam
1277 1127 1395 1190 lios,
1416 1125 1514 1202 qui
1547 1139 1641 1202 per
1665 1123 2139 1202 siglailla'iutel-

553 1193 736 1266 lexere
771 1193 1081 1266 singulares
1130 1197 1356 1263 litteras,
1397 1193 1466 1251 de
1515 1193 1850 1265 q’nibusVal.
1905 1195 2134 1257 Probas,

551 1265 753 1320 refellit
801 1265 1051 1322 Nicolaus
1089 1268 1338 1326 Ilensius.
1372 1269 1452 1322 vir
1481 1266 1793 1328 illustris,in
1821 1266 2047 1334 epistola
2073 1265 2139 1320 ad

551 1335 828 1415 Socerum
846 1354 1046 1404 metttn,
1074 1342 1474 1415 τὸνμᾳκαρίτην,
1500 1339 1764 1415 jamplitn
1795 1337 1863 1415 ab
1893 1336 1994 1391 hoc
2024 1352 2140 1390 tne-

553 1421 676 1462 cum
710 1408 937 1480 benigne
965 1407 1380 1475 comu'iunicat'a,
1402 1407 1543 1480 qua},
1585 1408 1630 1480 si
1678 1423 1768 1480 res
1792 1407 1980 1462 fuisset
2009 1423 2141 1480 mea:

557 1479 790 1550 spontis,
813 1478 1127 1549 jamdudum
1150 1481 1345 1536 donata
1360 1478 1496 1536 foret
1511 1479 1734 1550 publicae
1759 1478 1882 1534 luci.
1912 1479 2062 1546 Quod
2087 1490 2142 1550 et

551 1548 625 1622 de
656 1550 775 1622 aliis
805 1548 909 1608 non
939 1554 1120 1622 paucis
1147 1553 1346 1607 dictum
1388 1548 1565 1614 velini,
1598 1568 1715 1619 qiue
1745 1566 1886 1604 nunc
1919 1552 1968 1604 in
2001 1549 2140 1604 scri-

555 1621 658 1694 niis
684 1621 746 1676 Β.
786 1621 968 1679 Soceri
1026 1624 1371 1692 delitescunt,
1433 1641 1519 1679 me
1548 1623 1762 1694 quidem
1800 1637 2018 1690 prorsus
2043 1636 2142 1676 no-

553 1689 700 1747 lente
727 1703 781 1748 et
807 1695 994 1751 invito.

629 1762 874 1833 Reguiem
913 1769 1067 1834 vitae,
1119 1767 1249 1820 sicut
1301 1766 1528 1833 optabat.
1575 1763 1980 1833 Elegantissima
2024 1764 2143 1834 ejus

553 1835 714 1888 verba
731 1836 898 1907 refert
921 1851 1108 1894 aucmr
1134 1838 1343 1893 Politia!
1371 1837 1742 1907 Metroplianis
1761 1845 1815 1890 et
1845 1836 2140 1907 Alexandri

551 1907 690 1982 apud
725 1906 972 1963 Pbotium
1003 1929 1014 1964 ε
1043 1917 1143 1967 Νῦν
1169 1910 1432 1982 ὁνθάνατός
1463 1905 1664 1982 μοι’τῆς
1693 1912 1825 1971 ζωῆς
1855 1905 2098 1982 ήδῷτρερος
2129 1947 2143 1971 ,

547 1979 784 2054 μέγιστον
828 1983 1047 2054 ἐντάφιον
1095 1981 1298 2036 λαϐόντι
1343 1988 1432 2040 τήν
1464 1978 1568 2054 ’σήν
1611 1981 1892 2051 ἡγεμονίαν,
1918 1978 2142 2054 ὖιῖμῖδνε

549 2048 735 2125 sor/dp
762 2048 1056 2136 καταλιὲτιξν
1099 2053 1182 2106 ἐπὶ
1225 2062 1317 2125 γῆς
1349 2053 1588 2124 βασιλέα,
1619 2048 2029 2136 τᾶςχεξστιανῶῗ
2055 2048 2144 2105 δάι’

549 2119 680 2197 ripa—at
702 2119 977 2197 ᾖτεριμᾲξαι
1005 2119 1293 2197 δυνάμενόν,
1323 2119 1406 2178 nati
1429 2131 1617 2181 στῆσαι
1644 2123 1731 2176 τὸν
1757 2119 1926 2197 (Idmon
1966 2120 2104 2197 φόνον
2125 2161 2140 2185 ,

549 2185 604 2242 6L
622 2185 923 2270 Μξιξιᾴιάνὸς
953 2197 1012 2250 οὐ
1039 2185 1180 2267 λήγῇ
1205 2197 1459 2270 κατᾼὰᾼτῶν
1486 2201 1797 2270 χριστιανῶν
1836 2185 2145 2265 aula-qudam-

551 2261 759 2338 Ws‘jidnv
773 2286 861 2334 μοι
888 2271 978 2326 τήν
1008 2261 1258 2338 pannoin
1286 2263 1463 2320 δίδωσι
1486 2261 1641 2330 Ritu.

594 2332 733 2414 .Deo
761 2331 852 2389 suo
877 2331 1102 2391 reddere.
1123 2334 1233 2391 Deo
1245 2353 1336 2390 suo
1364 2345 1415 2390 ut
1436 2338 1686 2400 redderet,
1708 2333 1886 2390 forsan
1912 2331 2146 2390 Concin-

553 2419 694 2459 IIIUS.

627 2477 836 2551 Sanctae
861 2480 1123 2551 religionis
1146 2479 1409 2534 restitutae.
1429 2475 1966 2551 Sicrecteemendari
1991 2485 2142 2551 puto,

549 2562 673 2602 eum
702 2549 753 2602 in
789 2548 1080 2607 Parisiensi
1126 2553 1196 2606 sit
1219 2552 1473 2604 restituta.
1501 2550 1589 2604 Sic
1613 2550 1770 2613 infra,
1799 2563 1847 2604 c.
1875 2549 1960 2614 48,
1993 2549 2147 2619 hujus

554 2620 914 2675 benevolentia:
935 2635 1124 2678 nostra:
1143 2623 1360 2677 sanctio.
1385 2620 1563 2676 Utitur
1587 2630 1716 2676 setas
1737 2634 1799 2674 ea
1823 2621 2148 2688 frequentis-

553 2692 690 2762 sime
713 2692 874 2747 etiam
906 2693 1007 2749 IIOC
1056 2694 1236 2749 modo.
1270 2692 1456 2747 Posset
1487 2704 1664 2747 tamen
1697 2692 1766 2762 (si
1793 2693 1876 2746 cui
1911 2691 2146 2746 bri-vitas

556 2761 672 2836 hinc
698 2777 803 2818 non
831 2765 964 2819 satis
991 2764 1220 2836 placeat)
1267 2763 1388 2833 legi,
1425 2765 1530 2818 lucc
1548 2765 1660 2836 fuit
1695 2761 2000 2836 primaejus
2025 2779 2148 2836 san-

556 2783 672 2816 umc
698 2783 803 2818 non
831 2783 964 2819 satts
991 2783 1220 2836 placeat)
1267 2783 1388 2833 tegi,
1425 2783 1530 2818 nwc
1563 2783 1660 2834 (tm
1695 2783 1862 2835 prima
1891 2783 1916 2814 e
1945 2783 2000 2814 us
2025 2783 2147 2815 sau-

555 2833 676 2899 ctio,
705 2836 952 2890 sanctitas
973 2837 1209 2907 religioni
1247 2835 1498 2888 restituta.
1533 2834 1644 2907 Cic.
1669 2877 1682 2898 ,
1716 2833 1826 2889 Ide
1871 2783 1990 2907 Nigit.
2017 2832 2147 2887 dco-

555 2919 696 2972 rum,
727 2921 776 2960 c.
800 2907 834 2960 4
870 2926 881 2960 ;
918 2905 1174 2962 Sanctitas
1201 2918 1271 2961 est
1299 2908 1508 2960 scientia
1535 2906 1861 2960 colendorum
1897 2905 2148 2971 deorum;

558 2975 595 3048 I.
620 2991 680 3048 It,
708 2991 757 3031 c.
790 2978 824 3031 2
856 2995 868 3029 :
898 2978 1124 3033 Deorum
1171 2978 1338 3034 cultus
1386 2991 1430 3032 et
1474 2979 1778 3048 religionum
1829 2977 2145 3048 sanctitates,

489 3061 498 3065 ·
557 3046 740 3120 itidem
773 3051 1070 3120 conjunxit.
1098 3050 1266 3105 Immo
1298 3046 1605 3103 Lactantius
1628 3053 1742 3118 ipse
1766 3049 2017 3102 similiter
2047 3046 2148 3120 ini-

563 3120 637 3172 tio
664 3118 965 3177 divinarum
998 3123 1126 3178 Inst.
1157 3142 1168 3176 ;
1204 3121 1306 3175 Per
1335 3137 1478 3188 quem
1501 3119 1650 3174 rebus
1682 3121 1918 3172 Immanis
1940 3118 2147 3190 justitia

553 3201 602 3242 et
627 3193 873 3246 sanctitas
923 3197 1154 3248 restituta
1200 3203 1292 3248 est.
1327 3193 1510 3247 Eidem
1542 3203 1718 3246 sancta
1747 3192 1946 3262 religio,
1994 3191 2147 3242 homo

556 3274 786 3343 sanctum
831 3266 1026 3321 animal
1058 3309 1072 3335 ,
1103 3277 1293 3322 sanctw
1319 3267 1500 3320 littera:
1529 3273 1584 3319 et
1627 3263 1844 3330 similia,
1878 3262 2008 3316 satis
2030 3274 2148 3317 cre-
2175 3267 2220 3330 C
2255 3274 2414 3343 hujus
2451 3276 2658 3343 scripti,
2690 3275 2828 3330 Max,

558 3332 674 3388 lira.

1063 3453 1128 3508 IN
1167 3451 1395 3509 CAPUT
1435 3452 1604 3508 XXV.

636 3567 890 3625 Laurento
939 3573 1108 3642 imago
1134 3575 1266 3643 ejus.
1317 3570 1589 3638 Multipch
1628 3568 1725 3622 fuit
1777 3568 2148 3643 laureatarum,

562 3653 677 3703 seu,
701 3650 755 3695 ut
789 3651 969 3711 postea
998 3638 1332 3703 dicebantur,
1359 3645 1678 3695 lauratarum
1707 3655 1832 3694 usus
1858 3658 1871 3693 :
1901 3638 1995 3693 sed
2017 3654 2153 3708 pric-

563 3711 751 3781 cipuus
781 3714 830 3767 in
865 3714 1246 3784 imperatorum
1273 3711 2150 3784 inaugurationibus.Statimenim

564 3790 722 3853 atque
743 3781 1021 3853 angustam
1049 3793 1206 3840 erant
1231 3783 1410 3852 adepti
1439 3784 1777 3852 dignitatem,
1803 3781 2154 3853 mittebantur

567 3853 619 3907 in
640 3851 956 3923 provincias
983 3872 1172 3911 eorum
1227 3851 1440 3918 statum,
1487 3851 1538 3908 in
1589 3853 1799 3922 signum
1831 3851 2041 3919 adeptae
2068 3853 2152 3906 di-

563 3925 805 3993 gnitatis,
843 3937 896 3981 et
924 3938 1034 3983 uta
1068 3926 1278 3996 populis
1317 3928 1721 3996 exciperentur.
1737 3923 2152 3996 Pliilosturgius,

563 3997 600 4049 I.
641 4012 736 4060 XII,
765 4013 814 4052 c.
850 3999 918 4053 10
943 4017 954 4050 :
989 4001 1046 4054 Ai
1069 3993 1237 4055 δὲ’τοῦ
1265 3999 1610 4052 Koma-avrion
1633 3995 1830 4058 εἰκόνες,
1865 3998 1932 4056 ὡς
1964 3993 2072 4054 ἔθος
2098 3993 2156 4054 ἧν

563 4075 672 4129 τοῖς
698 4067 818 4146 ἄρτι
845 4072 1179 4148 παρελθοῦσιν
1234 4071 1304 4148 si;
1325 4069 1584 4148 βαςίλειαν
1631 4068 1871 4148 πράττειιν
1891 4109 1906 4132 ,
1931 4069 2154 4148 ἁνατςέμ-

564 4137 744 4196 πονταὶ
766 4145 893 4219 apii;
921 4137 1020 4202 ’τήν
1237 4137 1383 4219 ῌιιέε·
1403 4140 1515 4219 fere
1552 4149 1606 4194 et
1633 4137 1782 4219 plura
1814 4141 1874 4219 .III
1907 4137 2154 4219 eunttIettt

565 4210 1094 4286 sensuin'Ducange'
1137 4216 1188 4269 in
1241 4211 1904 4286 doctissimorglossario,
1963 4210 2157 4286 quibus

567 4281 803 4355 pluscula
833 4286 957 4340 addi
1006 4281 1227 4355 possent
1271 4299 1339 4338 ex
1383 4283 1522 4352 aliis,
1554 4285 1598 4340 si
1649 4283 1788 4338 foret
1832 4298 1990 4353 opus.
2030 4281 2157 4337 Vide

567 4351 702 4407 infra
733 4355 799 4409 ad
845 4371 895 4411 c.
942 4351 1034 4412 42⁷.

645 4423 881 4502 Turbata:
907 4431 1129 4482 rationes
1149 4432 1281 4502 ejus.
1309 4427 1626 4502 Rationibus
1658 4424 1888 4502 turbatis
1909 4439 2003 4479 seu
2031 4437 2160 4502 con—-

569 4495 1183 4566 turbatis,0ppouuntur
1205 4499 1418 4568 liquida:
1439 4507 1494 4552 et
1521 4498 1806 4568 expeditas.
1828 4497 1925 4568 Sic
1955 4495 2160 4549 turbare

567 4583 795 4641 censum,
828 4570 1032 4624 turbare
1058 4567 1350 4641 peregrinas
1377 4569 1609 4641 delicias,
1634 4567 1774 4641 apud
1803 4567 2156 4641 Petronium;

569 4638 638 4692 de
663 4639 858 4707 quibus
900 4641 1021 4695 vide
1060 4637 1302 4696 Gronov.
1359 4640 1585 4693 Oliserv.
1617 4637 1679 4701 δέ
1723 4640 1809 4692 11.
1850 4637 1961 4692 Nisi
1993 4638 2161 4691 mavis

572 4708 685 4763 lianc
717 4713 782 4764 ad
834 4712 1070 4765 turbatas
1092 4727 1332 4781 agrorum
1360 4711 1584 4763 rationes
1615 4709 1842 4781 referre,
1873 4710 1940 4764 de
1962 4709 2156 4781 quibus

569 4781 794 4849 agrariae
829 4784 903 4836 rei
953 4780 1279 4849 scriptores,
1308 4790 1364 4837 et
1414 4782 1480 4835 ad
1535 4795 1628 4835 eos
1657 4780 1920 4851 Rigaltius
1949 4791 2000 4837 et
2033 4780 2159 4836 Gua-

570 4855 703 4919 sius,
739 4854 834 4907 viri
862 4854 1178 4908 doctissimi.

642 4923 749 4977 Sed
776 4925 907 4978 illud
936 4926 1256 4996 excogitavit.
1283 4923 1595 4980 Lactantius
1614 4923 1682 4979 de
1710 4922 1852 4994 Opif.
1875 4925 1989 4990 Dei,
2012 4939 2061 4980 c.
2086 4923 2120 4979 5
2145 4939 2157 4976 :

572 4996 710 5061 Quid
730 4997 865 5050 enim
895 4997 1195 5068 excogitabit
1225 4999 1250 5051 ἒ)
1277 4997 1400 5068 quid
1429 4996 1580 5066 faciet
1604 4997 1630 5051 Ρ
1666 4997 1788 5066 quid
1816 4997 2091 5053 moliatur?

1099 5112 1167 5168 IN
1203 5111 1432 5170 CAPUT
1471 5112 1667 5169 XXVI.

645 5204 826 5259 Orbem
857 5215 1002 5261 terra?
1027 5206 1284 5261 devorare.
1316 5205 1587 5275 Interprcs
1623 5206 1797 5261 Esaia)
1826 5217 1999 5272 vetus,
2033 5221 2153 5272 cap.

569 5276 661 5340 24,
704 5293 754 5332 v.
784 5278 816 5332 6
847 5297 860 5332 :
913 5277 1130 5347 Propter
1156 5280 1250 5332 hoc
1276 5280 1565 5332 maledictio
1597 5279 1790 5333 vorabit
1819 5289 2028 5332 terram.
2060 5277 2161 5330 La-

569 5359 756 5416 ctattt.,
787 5365 884 5414 vlt,
916 5366 965 5404 (δ.
1001 5350 1068 5404 10
1103 5370 1116 5405 :
1151 5349 1458 5416 Dispirdent
1487 5351 1680 5413 omnia,
1723 5359 1768 5403 et
1798 5350 2160 5412 comminuent,

569 5431 615 5473 et
641 5421 971 5475 decorabant.
1006 5425 1180 5491 Atque
1227 5423 1306 5478 sic
1359 5424 1519 5476 etiam
1559 5423 1849 5488 Epitomes,
1875 5435 1925 5474 c.
1955 5421 2042 5484 Il,
2080 5420 2162 5475 bis

569 5491 820 5560 loquitur,
860 5503 918 5547 ut
940 5509 1080 5548 nunc
1101 5495 1421 5548 vetustiores
1446 5494 1708 5546 omittam.

642 5561 990 5620 Describerent
1042 5565 1252 5631 plebem.
1306 5565 1570 5628 Lactant.,
1628 5563 1756 5618 Inst.
1806 5561 1839 5614 I.
1891 5576 1926 5625 t,
1959 5574 2007 5614 c.
2042 5560 2157 5619 22:

569 5634 703 5690 Deos
723 5653 814 5707 per
840 5637 1066 5707 familias
1089 5637 1371 5703 descripsit.
1406 5633 1822 5707 Usitatissimum
1847 5632 2068 5707 verbum
2095 5635 2163 5690 de

565 5703 751 5770 censu,
800 5703 890 5763 aut
934 5708 1273 5772 censitione;
1320 5705 1590 5776 quomodo
1639 5713 1696 5760 et
1748 5705 1888 5774 apud
1919 5703 2160 5773 Graecos,

569 5781 836 5855 sing/pugni
856 5790 912 5836 et
927 5783 1271 5855 cirroypdqntv.

695 5846 1092 5919 pportunitateni
1119 5846 1272 5904 nacti.
1309 5848 1520 5913 Nancti,
1548 5849 1690 5920 quod
1731 5856 1816 5904 est
1845 5847 1903 5920 iri
1923 5846 2162 5920 editione

580 5917 890 5988 I’at'isietisi,
924 5922 1124 5978 nollem
1155 5928 1438 5978 mutatum.
1481 5917 1654 5990 Atque
1677 5922 1753 5978 sic
1800 5921 1854 5977 itt
1886 5919 2036 5976 Livio
2063 5917 2160 5978 d0-

2237 567 2370 620 ctus,
2395 555 2437 645 .ll.
2493 572 2622 645 Χξχ.
2651 571 2700 640 tt.
2753 557 2840 611 50.
2870 557 3112 640 Glosszc,_
3144 570 3384 645 nanctus_,
3425 558 3736 645 ᾷραξάμνθς.
3760 557 3801 612 In

2238 627 2513 681 veteribus
2543 628 2696 682 libris
2724 640 3002 696 comparet
3043 631 3204 684 etiam
3230 633 3370 696 apud
3394 627 3556 686 alios.

2312 696 2542 773 Nimium
2583 700 2804 773 territus.
2835 701 3106 773 AlVimium,
3136 701 3184 755 id
3212 710 3314 766 est,
3346 703 3501 756 valde
3531 700 3674 773 ἄγαν.
3699 702 3800 755 Inst.

2241 767 2381 842 Div.,
2415 769 2451 842 l.
2487 785 2541 835 ν,
2567 784 2619 842 c.
2743 789 2755 822 :
2785 771 2845 824 Si
2875 771 3087 824 nimium
3115 775 3189 842 pii
3214 774 3434 840 fuerint;
3457 773 3527 827 tle
3552 767 3682 840 Opif.
3707 773 3800 837 Dei,

2237 853 2288 913 c_.
2312 839 2346 895 9
2376 859 2389 894 :
2507 841 2706 911 aliquid
2735 843 2888 895 nimis
2935 839 3146 912 propius
3190 839 3504 906 admoveas;
3533 845 3617 898 ubi
3648 845 3801 913 legen-

2238 910 2558 987 d_um,nimio
2583 910 2814 987 propius.
2837 910 3066 987 SicLiv.
3100 931 3114 969 l
3148 933 3160 969 :
3197 913 3376 970 Nimio
3404 917 3545 987 plus,
3567 910 3712 986 quani
3732 932 3800 970 sa-

2240 982 2304 1036 tis
2325 992 2492 1037 tutum
2520 994 2642 1037 esset
2673 984 2881 1038 accolis.
2931 985 3114 1040 Ilerat.

2488 1096 2549 1147 Et
2575 1096 2752 1150 tollens
2771 1112 2971 1149 vacuum
2995 1101 3144 1149 nimio
3168 1100 3276 1164 plus
3297 1100 3454 1165 gloria
3475 1102 3734 1152 verticem

2243 1203 2421 1331 lIllimio
2468 1207 2660 1271 satius,
2691 1206 2826 1262 dixit
2883 1208 3134 1272 Plautus,
3163 1209 3389 1280 aliisque
3448 1224 3554 1264 non
3598 1209 3799 1264 dissimi-

2266 1293 2330 1331 ia.

2266 1293 2330 1331 l3.

2321 1348 2586 1415 Quaerebat
2611 1361 2878 1420 quatenus.
2908 1350 3190 1418 Quatenus,
3221 1351 3312 1404 illo
3352 1365 3491 1414 aevo,
3518 1351 3705 1420 smpius
3731 1367 3806 1404 no-

2246 1427 2318 1490 ιθ
2348 1425 2620 1488 quomodo.
2669 1421 2818 1476 Lact.
2865 1422 2978 1475 Div.
3009 1422 3178 1476 Iustil.
3209 1422 3246 1475 I.
3295 1439 3347 1487 l,
3377 1438 3496 1490 cap.
3526 1423 3588 1475 2|
3623 1442 3638 1477 ;
3679 1421 3808 1476 Isidis

2245 1489 2499 1564 ZEgyplia
2515 1509 2662 1546 sacra
2685 1503 2821 1557 sunt,
2852 1503 3098 1561 quatenus
3128 1494 3292 1561 [ilium
3324 1489 3592 1564 parvulum
3621 1495 3693 1546 vel
3717 1512 3809 1562 per-

2243 1563 2451 1625 diderit,
2481 1564 2559 1617 vel
2602 1565 2875 1628 invenerit;
2906 1565 2945 1634 7|.
2981 1579 3055 1626 tv,
3089 1579 3138 1618 c.
3180 1565 3248 1618 9.7
3295 1563 3331 1618 :'
3358 1564 3496 1619 Sciet
3527 1566 3610 1634 qui
3637 1566 3808 1628 viderit,

2242 1645 2492 1706 quatenus
2514 1636 2734 1698 ubiurati
2763 1652 2853 1703 per
2879 1633 3136 1689 Christum
3165 1636 3228 1689 de
3264 1633 3565 1704 corporibus
3606 1638 3810 1706 fugiant;

2245 1703 2339 1758 lib.
2370 1720 2463 1787 vlt,
2492 1721 2541 1759 c.
2571 1707 2603 1760 6
2635 1723 2650 1762 :
2680 1706 2958 1774 Quatenus,
2992 1716 3079 1761 aut
3107 1703 3431 1777 quamobrem
3463 1703 3684 1760 homines
3710 1725 3810 1776 pro.

2243 1786 2418 1830 creati.

2325 1849 2396 1900 Se
2423 1864 2453 1900 a
2485 1848 2712 1916 periculo
2750 1849 3072 1917 impendente
3099 1849 3336 1904 muniret.
3387 1849 3534 1904 Lact.
3580 1849 3811 1918 Epitom.,

2250 1932 2300 1991 ς.
2421 1918 2766 1991 Severissimis
2788 1921 2978 1991 legibus
2999 1922 3098 1973 vita
3121 1933 3293 1975 nostra
3320 1922 3581 1984 munitur;
3610 1923 3672 1972 de
3691 1921 3807 1989 Opif.

2253 1989 2514 2062 Dci,rcap.
2554 1995 2586 2044 4
2618 2008 2629 2042 :
2666 1990 2733 2044 Ut
2761 1989 3004 2062 adversus
3036 1993 3268 2046 nocentia
3320 1993 3648 2062 fragilitatem
3692 2008 3810 2043 suam

2249 2061 2502 2142 muniret;
2531 2077 2648 2132 cap.
2685 2064 2750 2119 10
2777 2080 2789 2116 :
2822 2061 2888 2117 Ut
2923 2063 3058 2117 oculi
3101 2061 3396 2118 ntunitiorcs
3425 2075 3584 2117 essent
3610 2063 3669 2115 ab
3693 2065 3809 2134 inju-

2248 2147 2327 2185 ria
2335 2173 2346 2184 .

2322 2205 2538 2258 Severus
2561 2206 2759 2259 interim
2777 2204 2936 2260 vadit.
2951 2204 3139 2260 Oratio
3160 2205 3276 2260 tunc
3287 2205 3567 2274 elegantia:
3589 2205 3812 2260 Firmiani

2249 2277 2416 2330 noStri
2446 2279 2623 2331 minus
2651 2278 2976 2344 reSponderc
3005 2277 3236 2336 videtur,
3269 2278 3488 2331 Severus
3514 2278 3671 2340 vadit,
3697 2287 3738 2328 et
3759 2276 3812 2327 ad

2249 2363 2418 2402 muros
2457 2348 2668 2402 accedit.
2713 2349 2960 2403 Arbitror
2987 2349 3327 2402 scribendum
3355 2365 3370 2400 :
3400 2348 3615 2402 Severus
3642 2348 3811 2400 interim

2253 2416 2461 2472 Italiam
2499 2421 2710 2473 invadit.
2739 2419 2844 2473 Nec
2869 2419 3056 2482 officit,
3107 2420 3264 2488 paulo
3286 2430 3406 2486 post
3432 2419 3529 2472 has
3568 2433 3719 2472 voces
3746 2433 3812 2471 re-

2251 2489 2378 2558 peti,
2421 2491 2670 2544 nimirum
2725 2491 2900 2558 capile
2946 2491 3209 2559 proximo.
3251 2490 3513 2546 Videmus
3549 2489 3685 2543 enim
3726 2489 3810 2542 La-

2247 2562 2504 2615 ctantium
2551 2561 2892 2630 frequentare
2917 2572 3200 2617 consuetas
3230 2561 3518 2616 verborum
3559 2559 3806 2624 formulas,

2247 2631 2508 2757 gngttxat
2544 2631 2632 2688 ubi
2657 2636 2758 2688 hoc
2790 2633 2908 2689 sine
2929 2632 3219 2704 legentium
3251 2633 3413 2688 taedio
3440 2631 3554 2687 fieri
3582 2646 3724 2702 posse
3747 2632 3808 2686 vi-

2286 2719 2314 2757 e
2359 2720 2382 2754 a
2414 2719 2500 2757 ur.

2286 2713 2500 2758 enatur.

2332 2773 2621 2845 Vestemque
2663 2786 2709 2830 et
2740 2792 3036 2846 purpuram.
3091 2776 3173 2831 An
3197 2785 3281 2828 est
3308 2773 3360 2830 ἓν
3387 2773 3472 2830 διὰ
3496 2774 3672 2830 δυοῖνῖ
3697 2773 3805 2828 Cre-

2247 2844 2476 2900 diderim
2504 2844 2700 2916 potius,
2729 2844 2781 2902 et
2830 2844 3140 2902 interiorem
3170 2856 3400 2910 vestem,
3427 2855 3484 2900 et
3515 2847 3806 2900 exteriorem

2252 2917 2494 2986 intelligi,
2527 2933 2651 2972 cum
2698 2919 2748 2972 in
2773 2929 2998 2988 utraque
3026 2918 3324 2988 majestatis
3353 2918 3701 2988 imperatoria:
3725 2916 3804 2971 ali-

2249 3004 2350 3060 qua
2376 2990 2657 3044 extiterint
2682 2991 2929 3057 insignia.

2322 3060 2396 3113 Ab
2424 3062 2517 3115 hoc
2541 3062 2707 3130 capite
2731 3079 2850 3115 suos
2877 3059 3312 3132 perscqui.Verba
3333 3059 3450 3114 haec
3478 3059 3654 3114 mutila
3673 3073 3806 3132 quor-

2251 3146 2368 3186 sum
2417 3143 2708 3202 spectent,
2755 3131 2976 3188 difficile
3024 3133 3372 3202 pronuntiatu
3423 3132 3651 3186 fatentur
3673 3131 3804 3184 etiam

2251 3203 2350 3256 viri
2397 3203 2713 3258 doctissimi.
2762 3204 3017 3260 Suspicor
3062 3205 3252 3258 leviter
3319 3203 3504 3258 dicere
3569 3211 3804 3256 auctorem

2861 3244 2862 3249 η
2907 3220 3017 3258 icor
3063 3220 3252 3258 leviter
3319 3220 3504 3258 uicere
3569 3220 3804 3256 auctorem

2861 3220 3138 3330 (galerum)
3183 3289 3212 3326 a
3250 3273 3454 3329 Severo
3501 3287 3622 3327 suos
3656 3285 3804 3341 perse-

2251 3347 2446 3418 quendi
2480 3345 2673 3403 fecisse
2704 3347 3084 3418 initium,sive
3137 3356 3298 3416 caput
3329 3360 3426 3417 pro
3475 3343 3804 3411 ltomine,sive

2253 3417 2351 3489 pro
2381 3418 2533 3474 initio
2552 3418 2804 3489 accipias.
2836 3419 2909 3473 Ita
2934 3417 3090 3473 Ovid.
3115 3435 3129 3472 :

2376 3532 2513 3584 Hanc
2537 3546 2634 3596 ego
2655 3534 2947 3598 suspiciens,
2973 3538 3026 3582 et
3047 3532 3110 3582 ab
3134 3531 3224 3582 hac
3247 3529 3478 3595 Capitolia
3494 3541 3706 3580 cernens.

2251 3633 2433 3700 Curt.,
2467 3636 2503 3690 I.
2535 3652 2587 3701 ν,
2614 3651 2664 3690 c.
2692 3636 2727 3690 2
2761 3655 2773 3690 :
2817 3636 2940 3690 Post
2985 3637 3077 3691 hos
3107 3635 3418 3705 Antigonus,
3459 3643 3506 3686 et
3531 3633 3665 3705 ab__eo
3692 3628 3802 3705 Lyn-

2252 3717 2408 3780 cestes
2433 3700 2704 3780 kAmyntas
2757 3709 2874 3780 fuit.
2929 3706 3138 3780 Florus,
3173 3707 3210 3761 Ι.
3231 3700 3323 3768 iu,
3354 3719 3404 3760 c.
3439 3705 3505 3759 18
3531 3723 3543 3758 :
3572 3702 3635 3780 Ut
3663 3700 3803 3780 viniis

2255 3779 2391 3833 Asia:
2421 3770 2790 3852 Europwquea
2821 3778 3048 3849 Corﬁnio
3073 3777 3237 3833 Roma
3267 3786 3538 3848 peteretur.
3569 3777 3631 3831 Et
3648 3775 3716 3829 sic
3736 3770 3801 3824 alii

2258 3865 2364 3906 11011
2407 3867 2550 3906 raro.

2761 3942 2822 3998 IN
2865 3942 3092 4000 CAPUT
3122 3939 3340 3998 XXVII.

2334 4055 2468 4110 Urbe
2498 4057 2716 4119 munita,
2749 4065 2794 4110 et
2822 4056 2970 4110 rebus
2996 4056 3173 4124 coeptis
3198 4053 3442 4124 inimicis.
3490 4053 3611 4108 Mihi
3637 4049 3808 4106 videtur

2259 4127 2444 4190 fuisse,
2499 4129 2622 4181 urbe
2674 4129 2888 4193 munita,
2919 4137 2963 4182 et
3006 4128 3154 4182 rebus
3198 4127 3373 4196 ereptis
3400 4127 3603 4178 inimica
3627 4124 3810 4182 reddita,

2257 4199 2447 4253 bellum
2498 4200 2765 4268 diligenter
2812 4201 3086 4264 instruens,
3116 4200 3165 4252 in
3218 4196 3447 4250 Galliam
3495 4195 3810 4268 proficiscitur.

2261 4269 2432 4324 Rebus
2453 4265 2648 4340 ccepti}.
2680 4285 2708 4324 a
2734 4271 2936 4326 Severo
2964 4280 3109 4340 puta,
3126 4286 3188 4324 ac
3211 4270 3392 4340 occiso
3421 4265 3515 4324 illo
3538 4285 3566 4321 a
3588 4265 3809 4340 Galerio:

2262 4341 2346 4396 Itis
2396 4333 2576 4405 rebus,
2600 4342 2649 4396 id
2682 4351 2786 4406 est,
2821 4333 3187 4396 molitionibus
3211 4339 3487 4394 inimicam
3519 4339 3692 4393 urbem
3719 4333 3816 4389 red-

2260 4411 2413 4466 didit.
2451 4415 2714 4467 lnstruere
2741 4423 2993 4468 certamen
3041 4413 3209 4468 babes
3249 4412 3414 4466 etiam
3460 4411 3600 4481 apud
3621 4409 3815 4464 Lactan-

2262 4483 2417 4548 tium,
2449 4485 2484 4538 Ι.
2520 4501 2593 4546 vi.
2627 4499 2674 4539 c.
2704 4485 2796 4540 22.
3491 4529 3500 4536 κ

2337 4553 2672 4626 Dimissisque
2691 4556 2898 4610 animis.
2922 4555 3132 4626 Aptius,
3161 4562 3220 4608 ut
3241 4563 3405 4626 puto,
3423 4553 3669 4626 demissis.

2336 4625 2612 4680 Promissis
2651 4629 2940 4698 ingentibus
2975 4625 3110 4695 felix
3135 4627 3358 4680 animus.
3390 4625 3734 4698 Scribendum
3757 4626 3824 4673 cst

2264 4711 2386 4752 Cum
2418 4698 2634 4753 Baluzio
2661 4717 2676 4754 :
2707 4693 2876 4752 Donec
2904 4693 3164 4764 promissis
3190 4699 3482 4767 ingentibus
3502 4699 3641 4766 flexit
3658 4693 3824 4747 animos

2263 4785 2480 4843 eorum;
2503 4779 2622 4843 aut,
2650 4770 2792 4839 quod
2822 4785 2922 4840 ego
2951 4769 3164 4843 malim,
3190 4770 3348 4822 donec
3383 4767 3651 4843 promissis
3675 4767 3826 4843 inigen-

2262 4840 2395 4897 tibus
2419 4841 2567 4910 ﬂexis
2593 4843 2774 4896 animis
2801 4841 3158 4910 quorumdam,
3181 4849 3316 4894 retro
3349 4841 3499 4910 signa
3523 4840 3767 4894 convertit.

2339 4913 2446 4968 Sed
2475 4912 2710 4966 Daciam.
2740 4913 2796 4966 In
2828 4913 3116 4967 Parisicnsi
3157 4910 3390 4966 editione
3418 4910 3520 4964 fuit
3567 4910 3824 4963 Ιὶαεὶιειιω.

2265 4985 2408 5056 quod
2445 4994 2783 5056 nonrtemere
2805 4985 2963 5038 velim
2990 4991 3273 5056 mutatum.
3296 4982 3430 5036 Nam
3461 4981 3716 5056 Daciscos,
3746 4989 3827 5043 pro

2272 5049 2447 5119 Dacis,
2484 5055 2648 5110 babes
2690 5059 2854 5111 etiam
2905 5053 3043 5122 apud
3093 5053 3384 5123 Vopiscum
3434 5055 3486 5108 in
3543 5049 3825 5123 Attreliatw.

2267 5141 2318 5182 c.
2348 5129 2417 5184 38
2439 5137 2679 5182 extremo
2704 5143 2718 5191 ;
2750 5121 3021 5198 quomodo
3046 5141 3140 5180 eos
3157 5121 3212 5180 et
3240 5122 3554 5198 fiunniscos,
3576 5121 3826 5179 Teatiscos,

2275 5200 2580 5264 Mauriscos,
2611 5197 2812 5255 dixisse
2837 5197 2998 5252 docet
3025 5197 3346 5253 Salmasius.

2773 5311 2837 5368 IN
2876 5310 3104 5366 CAPUT
3145 5308 3384 5366 XXVIII.

2342 5409 2690 5466 Maximianus
2732 5408 2882 5461 alter.
2925 5403 3233 5467 Herculius,
3265 5403 3355 5471 qui
3388 5411 3446 5457 ut
3467 5415 3644 5472 supra,
3674 5413 3716 5451 c.
3743 5391 3824 5451 ‘26.

2268 5485 2489 5547 dictum,
2511 5489 2846 5549 resumptum
2875 5477 3156 5546 imperium
3184 5489 3473 5529 commune
3496 5473 3825 5528 habebatequ

2270 5555 2539 5612 Maxentio
2569 5551 2697 5605 tilio.

2342 5606 2635 5692 Principem
2656 5620 3024 5692 calamitatum.
3045 5619 3140 5692 Sic
3168 5619 3406 5692 princeps
3435 5616 3719 5692 religionum
3736 5606 3825 5688 tt-

2267 5709 2430 5770 ptter,
2457 5686 2571 5770 Div.
2603 5692 2774 5770 Instit.
2807 5691 2843 5744 ι.
2869 5708 2917 5753 t,
2957 5706 3007 5744 c.
3031 5690 3096 5744 ‘21
3132 5686 3204 5770 et.
3237 5689 3467 5770 ibidem,
3497 5686 3824 5770 principes

2267 5757 2529 5840 ielligendi
2581 5765 2754 5840 divina
2806 5759 3436 5840 curetes;__pgtl_t_agorici,
3498 5757 3655 5840 stat'fi,
3706 5765 3825 5821 pert-

2267 5829 2500 5914 pateiici,
2542 5835 2797 5914 principes
2823 5835 2989 5914 omnis
3015 5829 3326 5914 disciplinae,
3419 5847 3477 5914 tt,
3505 5844 3552 5914 (ξ.
3582 5829 3631 5882 8.

2529 5891 2814 5978 respublica
2859 5891 3161 5959 sustineret:
3183 5891 3322 5958 Div.'
3352 5891 3480 5958 Inst.
3517 5903 3550 5956 l.
3587 5914 3661 5958 vi,
3684 5909 3723 5949 c.
3753 5891 3782 5944 8
3809 5905 3822 5942 :
