4006 6350
489 300 604 364 459

1775 298 2048 357 NICOLAI
2089 297 2339 356 TOINAR
2349 298 2413 354 DI

3704 299 3801 356 μθ

496 423 688 479 tionem
715 424 893 500 populi
916 423 1112 500 sui“...
1143 430 1198 476 ut
1225 437 1288 475 ne
1323 420 1598 500 sepulturae
1619 417 1824 500 quidem
1856 418 1998 500 locus
2035 419 2087 500 in
2116 418 2168 478 Α
2195 431 2327 500 pore
2368 416 2420 472 id
2451 416 2884 500 contigerit,“ac_
2915 427 3182 500 praeterea
3221 417 3479 500 yideatur

497 503 637 550 terra
665 489 770 549 tam
784 489 936 550 inata:
972 493 1142 549 bestia:
1168 501 1454 562 appareret.
1496 490 1638 546 Nero
1676 489 1934 562 continuo
1971 498 2093 559 post

492 565 774 622 incensam
820 567 1040 621 Romam
1079 565 1129 618 in
1157 561 1498 620 Christianos
1524 561 1717 617 saeviit.
1749 561 1807 615 Id
1838 574 2097 631 expresse

493 635 719 694 Tacitus
745 637 840 693 lib.
871 653 936 692 xv
958 636 1152 692 Annal.
1183 651 1304 706 cap.
1332 634 1424 700 58,
1457 634 1550 690 44.

512 737 518 742 -
569 708 648 763 De
680 708 780 762 hoc
810 708 1059 763 incendio
1081 703 1373 763 Suetonius
1398 720 1632 778 quoque,
1658 705 1712 760 in
1732 703 1946 778 Nerone
1971 719 2090 773 cap.

493 780 587 846 58,
612 789 667 834 et
697 780 812 844 Dio,
836 785 963 850 ‘pag.
991 779 1120 846 708,
1153 775 1475 848 qttod,teste
1503 775 1700 850 ibidem
1730 775 1939 850 Tacito,
1970 790 2088 844 cap.

492 851 587 915 35,
634 847 856 922 contigit
894 847 956 907 C.
998 847 1231 906 Lecanio
1283 850 1472 922 Basso,
1510 848 1584 922 Μ.
1644 847 2095 922 Licin_io_Crassn

491 937 662 986 coss.,
685 922 735 976 id
763 917 868 988 c'st,
891 938 1035 978 anno
1056 922 1155 978 Ch.
1181 923 1270 978 64.
1292 920 1419 992 Ejus
1442 921 1759 992 principium
1784 920 1849 973 II
1873 917 2088 992 kalend.

493 993 753 1059 Sextiles,
785 995 900 1048 sive
931 995 1002 1050 I9
1031 994 1118 1049 die
1157 994 1306 1056 Julii.
1332 989 1496 1061 linis,
1534 1002 1689 1048 sexto
1725 991 1941 1045 demum
1980 989 2091 1053 die,

491 1065 609 1120 sive
648 1065 776 1121 Julii
818 1066 890 1121 24
919 1067 1004 1122 vel
1050 1067 1123 1121 25
1167 1082 1230 1121 cx
1276 1065 1485 1128 Tacito,
1531 1064 1663 1119 ibid.
1706 1079 1825 1130 cap.
1870 1061 1961 1126 44,
2003 1061 2092 1115 ubi

489 1136 678 1192 addit:
715 1135 855 1209 Ergo
895 1137 1147 1193 abolendo
1188 1137 1381 1192 rumori
1424 1135 1566 1191 Nero
1599 1134 1828 1209 subdidit
1868 1150 2005 1209 reos,
2047 1142 2094 1186 et

491 1205 866 1277 quasitissimis
912 1210 1072 1280 poenis
1108 1209 1314 1278 a/fecit,
1361 1225 1489 1278 quos
1532 1224 1620 1278 per
1665 1206 1862 1278 ﬂagitia
1903 1205 2094 1260 invisos

491 1281 679 1405 vulgus
706 1281 1024 1363 Christianos
1045 1281 1355 1364 appellabat.

617 1367 770 1405 emus
799 1363 976 1405 itaque
998 1352 1198 1405 Neroni
1230 1355 1355 1405 reho

617 1367 770 1424 emus
799 1353 976 1424 itaque
998 1346 1198 1409 Neroni
1230 1353 1468 1422 reliquos
1494 1360 1700 1424 septem
1719 1349 1812 1424 vel
1833 1346 2092 1424 _octo__Ju-

495 1422 554 1478 lii
584 1422 704 1494 dies
731 1419 994 1494 capiendo
1020 1425 1267 1488 consilio,
1292 1419 1364 1478 ut
1377 1419 1612 1479 incensae
1644 1420 1802 1494 Urbis
1832 1419 2087 1474 invidiam

495 1494 552 1550 in
593 1493 933 1552 Christianos
961 1496 1231 1554 derivaret
1269 1515 1280 1549 :
1313 1508 1650 1566 consequens
1675 1493 1801 1556 erit,
1841 1505 2091 1566 persecat

493 1568 702 1637 tionem
731 1570 964 1637 coepisse
994 1568 1212 1624 ineunte
1241 1567 1459 1624 circiter
1483 1563 1670 1637 mense
1691 1563 2092 1637 Augustoanni

491 1636 597 1692 Cb.
625 1635 714 1693 64.
745 1634 934 1695 Annus
960 1649 1138 1695 autem
1160 1639 1260 1694 Ch.
1295 1638 1384 1704 68,
1411 1650 1464 1693 et
1492 1637 1606 1694 dies
1631 1636 1664 1691 9
1685 1635 1827 1690 Junii
1853 1634 2091 1704 insignes

493 1717 623 1766 sunt
673 1709 900 1766 Neronis
952 1726 1106 1767 nece.
1154 1711 1498 1767 Intervallum
1559 1708 1756 1763 divinas
1801 1706 2086 1771 vindictae,

496 1781 623 1835 anni
645 1783 698 1844 5,
728 1796 941 1838 menses
967 1784 1055 1849 10,
1085 1799 1147 1839 ac
1169 1783 1287 1838 dies
1315 1782 1533 1837 circiter
1560 1781 1614 1836 9.

568 1852 646 1925 Es
674 1852 758 1908 his
781 1864 944 1924 atque
972 1871 1038 1910 ex
1062 1854 1408 1925 supradictis,
1440 1853 1580 1908 beati
1611 1850 1857 1920 Apostoli
1895 1858 2096 1925 marty-

496 1923 583 1980 rio
609 1923 811 1981 fuerint
838 1921 1014 1983 affeCIi
1044 1921 1276 1983 exéunte
1299 1925 1588 1980 undecimo
1625 1937 1812 1978 mense
1849 1937 1880 1975 a
1909 1921 2097 1976 conci-

495 2003 606 2050 tata
659 1999 1056 2066 persecutione.
1101 1999 1183 2054 Ab
1233 1997 1386 2052 initio
1431 1996 1583 2066 enim
1626 1995 1828 2049 mensis
1872 1992 2098 2066 Augusti

495 2066 623 2122 anni
662 2063 773 2122 Ch.
819 2069 910 2137 64,
955 2071 1022 2125 ad
1068 2070 1230 2126 linem
1269 2068 1414 2124 Junii
1466 2065 1592 2122 anni
1637 2066 1728 2132 65,
1779 2063 2100 2120 undecimus

497 2140 705 2194 mensis
732 2141 906 2195 ﬂuxit.

1072 2233 1139 2289 IN
1178 2232 1408 2290 CAPUT
1439 2231 1527 2286 Ill.

577 2345 705 2403 Post
733 2348 891 2416 hunc,
916 2349 1194 2420 interfectis
1219 2349 1414 2420 aliquot
1437 2348 1605 2403 annis.
1639 2347 1843 2416 Nempe
1867 2347 1938 2402 50
1963 2361 2099 2417 prte-

499 2427 585 2476 ter
612 2421 646 2475 6
675 2435 908 2483 menses.
935 2431 992 2476 ut
1023 2420 1232 2478 dicetur
1257 2420 1417 2475 infra.

579 2491 725 2564 Alter
767 2509 867 2564 non
905 2494 1073 2547 minor
1117 2504 1365 2564 tyrannus
1413 2501 1554 2547 ortus
1594 2501 1686 2546 est.
1736 2489 2100 2556 Domitianus,

499 2562 790 2620 duodecim
815 2563 1088 2619 Ccsarum
1115 2562 1440 2634 postremus.

578 2635 940 2700 Subiectorum
959 2633 1126 2690 tamen
1158 2635 1436 2690 cervicibus
1457 2633 1712 2689 incubavit
1732 2638 1886 2705 quam
1917 2633 2101 2688 diutis-

501 2705 653 2779 sime,
688 2714 924 2778 tutusque
951 2709 1201 2779 regnavit,
1241 2707 1401 2779 donec
1433 2707 1619 2776 impias
1653 2722 1836 2779 manus
1847 2705 2104 2779 adversus

503 2775 786 2832 Dominum
807 2775 1050 2833 tenderet.
1075 2777 1219 2843 Tito,
1247 2778 1395 2833 fratri
1417 2792 1536 2839 suo,
1567 2777 1826 2832 successit
1847 2776 2104 2831 Domitia-

503 2863 611 2920 nus
638 2863 780 2904 anno
802 2848 903 2920 Cb.
937 2850 1031 2916 81,
1060 2849 1148 2906 die
1173 2850 1242 2905 I5
1266 2849 1620 2920 Septembris.
1647 2849 1702 2903 Si
1727 2847 1918 2904 saevire
1939 2849 2107 2918 erepit

506 2919 770 2976 adversus
808 2919 1148 2977 Christianos
1191 2919 1475 2977 anno’Ch.
1523 2919 1612 2986 91,
1662 2933 1850 2974 mense
1889 2919 2105 2975 circiter

503 2990 827 3064 Februario,
876 3003 934 3049 ut
977 2993 1196 3064 quidem
1234 2993 1505 3064 existimo,
1522 2999 1654 3064 Atum
1695 3006 1829 3047 vero
1873 2991 2106 3064 impera-7

504 3062 650 3137 verit
675 3073 800 3120 ante
821 3061 1254 3137 persecutionem
1285 3079 1456 3120 annos
1481 3061 1570 3130 12,
1600 3078 1724 3118 cum
1760 3062 2040 3118 mensibus
2068 3063 2102 3117 ό

502 3147 569 3189 ac
594 3135 882 3207 plusquam
907 3135 1154 3192 dimidio.

2197 488 2396 560 primo,
2427 503 2490 543 ac
2528 488 2726 544 deinde
2762 488 3004 560 Ecclesia
3045 491 3186 546 male
3221 489 3440 558 habita,
3476 489 3616 545 nihil
3646 489 3794 560 plane

2198 559 2682 635 Taciti_|_ocu_s_iste
2707 559 2920 616 confert
2945 560 3013 616 ad
3044 562 3315 635 ﬁgendam
3357 559 3789 633 persecutitmem

2196 645 2342 686 anno
2369 630 2472 690 Cb.
2505 633 2596 688 95.
3085 630 3108 635 '
3358 630 3375 633 '

2224 775 2232 777 _
2272 703 2535 777 Henricus
2586 703 2894 777 Dodvvellus
2943 705 3174 777 Anglus,
3212 703 3385 777 γης.
3429 704 3502 777 111
3536 703 3793 777 Disserta-

2197 775 2346 830 tione
2394 789 2446 828 ιι
2477 773 2822 842 Cyprianica,
2851 773 3055 832 Oxonii
3072 791 3218 832 anno
3246 776 3393 832 I685
3417 775 3586 838 edita.
3615 776 3698 830 cui
3726 777 3791 832 De

2197 845 2476 902 Paucitate
2527 845 2821 918 Martyrum
2872 848 3096 904 Lemma
3141 848 3317 903 afﬁxit
3367 846 3792 917 indignissimum

2199 917 2419 973 homine
2461 917 2755 988 utcumque
2785 919 3110 987 christiano,
3153 919 3351 976 nedum
3395 929 3623 973 auctore
3664 919 3792 975 litteo

2196 1001 2337 1061 rato,
2389 990 2671 1044 contendit
2716 1006 2784 1044 ex
2839 991 3009 1045 Brutii
3059 991 3241 1047 verbis
3287 991 3432 1061 apud
3486 989 3790 1054 Eusebium,

2196 1060 2334 1132 IIist.
2365 1061 2458 1117 lib.
2491 1078 2570 1126 ιιι,
2595 1076 2716 1132 cap.
2741 1061 2831 1128 I8,
2857 1062 3071 1118 nonnisi
3091 1061 3194 1118 Ch.
3217 1060 3362 1117 anno
3385 1062 3478 1126 95,
3507 1061 3790 1117 Ecclesiae:

2195 1131 2363 1188 fuisse
2391 1148 2420 1187 a
2451 1131 2753 1187 Domitiano
2781 1144 3051 1199 vexatam,
3079 1134 3202 1202 quia
3227 1132 3480 1188 videlicet
3511 1134 3632 1202 ejus
3654 1135 3787 1202 prin-

2196 1205 2408 1273 cipatus
2437 1220 2580 1258 anno
2621 1205 2711 1268 I5,
2744 1203 2924 1260 Flavia
2955 1204 3224 1262 Domitilla
3246 1246 3262 1273 ,
3290 1204 3467 1260 Flavii
3505 1203 3791 1262 Clementis

2197 1284 2308 1329 tum
2358 1275 2596 1332 consulis
2651 1292 2720 1332 ex
2770 1291 2962 1333 sorore
3014 1279 3216 1346 neptis,
3275 1278 3347 1332 ob
3401 1275 3792 1333 confessionem

2195 1346 2398 1420 Christi
2420 1349 2475 1420 in
2488 1347 2735 1420 insulam
2757 1348 3009 1420 Pontiam
3038 1347 3275 1420 relegata
3292 1419 3295 1420 ν
3302 1357 3412 1420 est.

2269 1418 2376 1491 Sed
2401 1435 2430 1474 a
2459 1419 2708 1491 για).
2738 1419 2942 1491 Anton.
2992 1418 3176 1491 Pagio'
3195 1419 3248 1475 in
3276 1419 3477 1475 Critica
3510 1418 3792 1475 Baroniana

2194 1489 2427 1560 passim,
2453 1498 2508 1546 et
2538 1490 2880 1546 Theodorico
2912 1489 3220 1557 Ruinartio,
3264 1491 3535 1546 monacho
3582 1491 3793 1547 Benedi-

2196 1563 2344 1617 ctino
2370 1563 2420 1615 in
2451 1563 2769 1629 pra'fatione
2796 1562 2863 1618 ad
2894 1571 3010 1618 acta
3041 1562 3335 1634 Martyrum
3381 1562 3597 1617 sincera
3643 1574 3693 1618 et
3719 1579 3793 1618 se-

2195 1631 2331 1688 lecta
2355 1674 2370 1691 .
2400 1633 2621 1689 Parisiis
2656 1649 2800 1689 anno
2846 1633 2988 1691 I689
3033 1633 3176 1690 edita
3219 1648 3326 1690 non
3365 1633 3532 1688 modo
3577 1644 3684 1688 tota
3713 1635 3790 1690 illa

2199 1669 2370 1698 “Ma,
2401 1669 2621 1689 ...ωηο
2656 1669 2800 1689 ...ιηυ
2850 1669 2987 1691 ww
3033 1669 3176 1690 ιω...
3221 1669 3325 1690 ..νη
3578 1669 3684 1688 ιν...
3713 1669 3790 1690 η...

2199 1705 2460 1777 pcdwelli
2502 1705 2813 1761 dissertatio
2842 1707 3059 1777 egregie
3078 1704 3349 1760 confutata
3377 1713 3470 1777 est
3495 1721 3508 1756 :
3534 1705 3626 1777 scd
3649 1707 3790 1761 etiam

2203 1775 2329 1832 huic
2368 1787 2710 1848 argumento,
2745 1792 2845 1848 pro
2873 1775 3165 1833 asserenda
3205 1776 3600 1848 persecutionis
3631 1777 3790 1832 Domi.

2205 1848 2401 1903 tiancte
2432 1847 2694 1918 brevitate
2724 1847 2977 1913 adducto,
3003 1847 3323 1918 responSum
3357 1857 3463 1910 est.
3496 1847 3627 1918 nihil
3679 1849 3789 1906 inde

2203 1917 2540 2002 co_nli‘ci,.nisi
2572 1921 3004 1990 persecutionem
3031 1917 3347 1990 istamanno
3376 1917 3554 1974 Ch.95
3577 1920 3789 1977 maxime

2203 1989 2544 2047 efferbuisse.
2578 1989 2585 1990 ί
2905 2057 2908 2060 ,
3193 1989 3202 1990 ί

2281 2062 2349 2117 Et
2372 2071 2522 2118 certe
2550 2063 2602 2117 in
2633 2061 2904 2119 Chronico
2941 2062 3177 2129 paschali
3207 2062 3272 2117 ad
3303 2062 3371 2117 I4
3395 2061 3675 2117 Domitiani
3709 2078 3786 2118 an-

2205 2149 2334 2211 num
2385 2133 2811 2211 habenturltazc
2850 2134 3012 2190 verba
3045 2151 3057 2211 :_
3094 2135 3292 2211 inepti
3338 2133 3365 2211 ᾇ
3410 2140 3620 2211 Βροῦςος
3659 2135 3785 2205 (lege

2205 2207 2472 2282 Βρούτιος)
2511 2206 2723 2268 πολλοὺς
2745 2209 3110 2283 ,Χριστιανοὺς-
3137 2204 3268 2263 καὲά
3306 2207 3366 2283 re
3411 2204 3470 2283 ῥ’
3517 2204 3622 2283 (re;
3646 2204 3781 2283 Δομι-

2205 2275 2378 2334 τὶανοῦ
2399 2275 2856 2361 μξμᾳρτυρηκένάι.
2893 2275 3158 2332 Memoriae
3197 2277 3368 2360 prodit
3405 2275 3643 2358 Brutius,
3669 2275 3782 2330 mu!-

2207 2357 2285 2402 tos
2336 2349 2656 2405 Christianos
2717 2348 2783 2404 I4
2837 2366 2974 2403 anno
3026 2349 3306 2405 Domitiam
3374 2357 3667 2419 martyrium
3714 2354 3780 2419 [c-

2207 2435 2356 2478 cisse.

2282 2491 2351 2548 Ut
2380 2500 2558 2549 autem
2590 2507 2656 2548 ex
2691 2492 2796 2548 isto
2833 2481 3001 2547 Brittii
3047 2490 3166 2546 loco
3192 2489 3392 2561 aliquid
3421 2489 3675 2556 eliciatur,
3701 2493 3776 2546 cui

2208 2562 2362 2618 inniti
2395 2565 2684 2634 possimus,
2702 2562 3037 2620 secernenda
3065 2572 3193 2618 sunt
3217 2571 3369 2619 certa
3394 2562 3462 2618 ab
3485 2564 3701 2630 incertis,
3721 2578 3774 2618 ac

2206 2635 2549 2690 statuendum
2583 2653 2596 2690 :

2281 2707 2483 2769 Primo.
2528 2706 2815 2762 Domitiani
2861 2721 3060 2761 annum
3094 2705 3162 2762 12
3213 2705 3401 2762 iniisse
3436 2721 3576 2762 anno
3601 2704 3688 2760 Ch.
3713 2706 3772 2761 Μ

2208 2776 2298 2832 die
2330 2779 2398 2834 I5
2423 2777 2796 2851 Septembris,
2829 2792 2950 2832 cum
2980 2776 3298 2834 decurreret
3331 2777 3439 2832 217
3470 2777 3769 2851 Olympiadis

2206 2849 2508 2986 “biiugis,
2530 2919 2903 2992 Olympiadem
2928 2919 3036 2976 218
3058 2919 3346 2992 incmpisse
3371 2921 3426 2976 in
3449 2920 3674 2978 Solstitio
3691 2934 3771 2974 περ

2210 2992 2320 3048 tivo
2349 2994 2474 3048 anni
2514 2992 2615 3049 Ch.
2644 2993 2733 3048 95.

2280 3063 2484 3129 Tertio,
2537 3065 2823 3120 Domitiani
2867 3079 3069 3118 annum
3113 3064 3183 3120 I5
3211 3062 3429 3120 ductum
3471 3062 3767 3121 fuisseadie

2211 3136 2281 3191 I5
2326 3136 2660 3206 Septembris
2703 3137 2843 3206 anni
2877 3133 2976 3190 Cb.
3025 3135 3116 3204 95,
3171 3151 3294 3192 cum
3339 3135 3642 3199 decurreret
3684 3134 3768 3188 218

627 3205 888 3264 hronicon
923 3209 1173 3278 paschale
1210 3207 1424 3264 initium
1459 3206 1807 3262 Domitiauea:
1847 3219 2104 3276 persecu-
2131 3209 2180 3273 C
2211 3207 2276 3262 Ol
2317 3205 2546 3276 mp’iadis
2571 3222 2744 3262 annus
2768 3205 2996 3278 primus.

627 3280 670 3332 is
694 3278 935 3334 annectit
956 3294 1083 3334 ann.
1115 3280 1216 3334 Ch.
1250 3280 1344 3334 92.
1371 3293 1478 3334 non
1506 3287 1686 3334 autem
1714 3277 1808 3334 95.
1833 3287 1891 3330 ιιι
1916 3288 2108 3333 censet
2281 3224 2525 3334 beniaue
2567 3278 2744 3334 eidem
2773 3293 2972 3333 annum

503 3278 670 3334 tionis
694 3277 935 3335 annectit
956 3294 1083 3334 ann.
1115 3280 1216 3336 Ch.
1250 3280 1344 3346 92,
1371 3293 1478 3334 non
1506 3287 1686 3334 autem
1714 3277 1808 3344 95,
1833 3287 1891 3330 ιιι
1916 3288 2108 3333 censet

505 3349 573 3422 γ.
605 3349 667 3422 C.
701 3351 830 3405 Ant.
876 3350 1074 3422 Pagius
1116 3351 1171 3406 in
1219 3349 1614 3422 Dissertatione
1646 3347 1901 3422 llypatica
1922 3348 2106 3422 ,iLugo

505 3419 639 3477 duni
679 3436 821 3476 anno
862 3419 1021 3489 1681),
1054 3422 1222 3488 edita,
1255 3439 1308 3493 p.
1351 3422 1476 3493 110.
1507 3431 1563 3476 et
1604 3420 1670 3493 in
1696 3419 1893 3493 Critica
1940 3421 2106 3475 Baro-

506 3493 668 3547 niana
702 3493 767 3547 ad
792 3509 990 3548 annum
1033 3494 1131 3548 Ch.
1165 3489 1412 3560 90,num.
1442 3492 1498 3554 5,
1523 3507 1576 3562 p.
1607 3489 1698 3559 86,
1727 3492 1817 3560 qui
1844 3498 2106 3562 praeterea

505 3564 563 3620 in
595 3563 789 3619 Critica
814 3564 1011 3620 ibidem
1037 3565 1129 3630 ait,
1164 3565 1325 3634 hujus
1350 3563 1604 3620 Chronici
1631 3571 1906 3618 auctorem
1931 3562 1984 3616 in
2010 3576 2108 3630 pu-

507 3634 691 3690 tandis
735 3635 1140 3708 Olympiadibus
1188 3637 1548 3708 Eusebianam
1597 3634 1862 3689 rationem
1914 3635 2104 3708 sequi,

507 3707 627 3764 sive
663 3723 768 3760 uno
797 3704 940 3763 ann—0
977 3723 1070 3763 cas
1107 3717 1470 3772 antevertere,
1511 3705 1640 3761 licet
1667 3720 1857 3759 revera
1897 3704 2108 3760 duobus

509 3779 667 3833 annis
687 3780 756 3834 ab
775 3788 995 3836 auctore
1015 3779 1268 3835 Cbronici
1293 3785 1717 3834 antevertantur.
1742 3775 1941 3830 Earum
1965 3778 2108 3830 enim

508 3849 723 3905 initium
753 3849 902 3906 ducit
931 3853 998 3905 ab
1027 3867 1166 3906 anno
1191 3850 1409 3906 Pcriodi
1437 3849 1663 3904 Juliana:
1685 3847 1847 3912 5956,
1879 3861 2002 3901 cum
2028 3847 2110 3902 in-

509 3922 775 3990 emperint
803 3922 1059 3978 duntaxat
1085 3938 1228 3978 anno
1250 3922 1412 3978 5958.

584 3989 790 4066 ﬂorum
833 3994 964 4066 nihil
997 3995 1316 4066 quidquam,
1363 3992 1503 4046 sicut
1525 4006 1626 4046 nec
1663 3990 1767 4044 alia
1807 3989 2106 4066 complura,

509 4062 644 4137 yidit
667 4064 781 4130 ille,
809 4065 964 4137 cujus
997 4061 1386 4137 c'hroitologica
1415 4076 1578 4137 opera
1611 4070 1855 4137 usus_es_t_.
1897 4061 2104 4115 clariss.

511 4133 819 4207 Ducangius
850 4132 904 4191 in
945 4132 1294 4207 apponendis'
1319 4133 1580 4190 chronico
1614 4132 1856 4205 paschali
1895 4142 2105 4202 tempo-

507 4220 629 4261 rum
655 4207 1106 4263 characterismis.

587 4276 645 4332 In
689 4279 994 4348 supradicta
1037 4279 1192 4334 istius
1232 4277 1488 4335 Chronici
1527 4276 1764 4334 editione
1800 4286 1947 4332 tanta
1986 4276 2107 4346 qui-

513 4347 637 4404 dem
681 4347 769 4404 est
807 4349 1157 4419 perturbatio,
1191 4361 1311 4406 nata
1355 4365 1419 4406 ex
1467 4349 1765 4420 ignorantia
1799 4349 2000 4412 dicam,
2039 4363 2107 4402 an

513 4419 743 4487 incuria,
779 4430 838 4475 ut
862 4436 1034 4476 anmts
1065 4426 1348 4477 concitatas
1390 4419 1505 4491 per
1528 4421 1888 4476 Domitianum
1922 4433 2107 4491 perseg

515 4491 748 4564 cutionis
778 4493 1043 4547 fluctuans
1074 4508 1128 4564 p.
1168 4493 1300 4560 259,
1340 4488 1479 4548 inter
1495 4507 1674 4564 annos
1708 4491 1810 4564 Ch.
1840 4488 1937 4564 95,
1966 4500 2020 4546 et
2040 4488 2110 4546 94

514 4561 887 4632 relinquatur;
914 4561 1094 4632 neque
1111 4578 1273 4633 porro
1294 4563 1629 4633 Olympiadis
1649 4563 1758 4618 218
1784 4561 1988 4630 primus
2014 4576 2110 4615 au-

516 4580 887 4632 reunquatur;
914 4580 1089 4632 neque
1111 4580 1273 4633 porro
1294 4580 1356 4619 υι

516 4647 640 4699 nus,
670 4635 759 4703 qui
783 4633 856 4690 ibi
884 4633 1172 4690 Domitiani
1201 4645 1286 4691 est
1307 4580 1396 4702 I5y,

511 4713 750 4760 llOICllll‘.

587 4775 706 4832 Jam
739 4792 864 4834 vero
892 4777 1298 4849 inquirendum,
1330 4792 1437 4848 quo
1461 4776 1695 4848 primum
1728 4783 1970 4849 tempore
2001 4776 2108 4830 Do-

514 4849 771 4905 mitianus
800 4849 1100 4905 Ecclesium
1130 4849 1425 4906 vexaverit.

587 4922 716 4994 Ant.
745 4921 872 4992 Pag.
902 4921 966 4994 Υ.
991 4920 1052 4976 C.
1087 4920 1140 4975 in
1171 4920 1558 4977 Dissertatione
1583 4920 1862 4994 Hypatica,
1893 4937 1946 4992 p.
1980 4922 2104 4986 III),

514 5002 569 5065 et
595 4993 649 5047 in
676 4991 873 5065 Critica
905 4991 1230 5065 Baroniana,
1261 5009 1314 5062 p.
1347 4994 1439 5057 85,
1471 4991 1702 5055 ηιιηιξιι,
1732 4993 1785 5048 id
1815 4995 1961 5065 ponit
2004 4995 2106 5049 sub

515 5064 677 5120 linem
705 5064 831 5118 anni
863 5065 961 5119 Ch.
1002 5064 1092 5128 95,
1136 5081 1204 5120 ex
1234 5065 1402 5121 Taciti
1435 5065 1572 5131 loco,
1613 5065 1704 5135 qui
1740 5066 1792 5120 in
1821 5064 1942 5120 line
1965 5065 2101 5120 Vitae

513 5136 780 5208 Agricola:
802 5136 1011 5191 felicem
1044 5137 1298 5202 prmdicat
1324 5136 1627 5208 Agricolam
1649 5175 1666 5201 ,
1695 5137 1836 5206 quod
1865 5137 2101 5208 Conlega

514 5206 807 5278 Priscoque
845 5222 987 5262 coss.
1033 5222 1177 5262 anno
1222 5206 1427 5264 scilicet
1457 5206 1556 5263 Ch.
1600 5207 1688 5275 95,
1734 5208 1946 5264 decimo
1991 5207 2100 5263 kal.

513 5276 790 5351 Septemb.
821 5281 941 5334 sive
964 5280 1037 5334 25
1066 5279 1152 5351 die
1179 5279 1436 5350 Augusti,
1460 5280 1762 5351 excesserit,
1792 5289 1941 5351 atque
1966 5280 2104 5335 adeo

513 5349 724 5406 evaserit
755 5362 1067 5420 postremum
1096 5350 1226 5405 illud
1255 5349 1471 5422 tempus,
1503 5368 1602 5422 quo
1643 5349 1965 5406 Domitianus
2001 5367 2102 5405 non

503 5422 620 5493 jam
646 5439 733 5489 per
773 5422 1042 5476 intervalla
1069 5438 1132 5476 ac
1161 5423 1474 5492 spiramenta
1504 5433 1810 5494 temporum,
1853 5423 2103 5494 sedicon.

512 5495 688 5560 tinuo,
722 5503 768 5546 et
804 5495 937 5548 velut
977 5511 1078 5548 uno
1112 5495 1236 5561 ictu,
1270 5495 1637 5564 rempublicam
1666 5495 1919 5548 exhausit.
1950 5493 2106 5551 Unde

509 5564 674 5646 infert
694 5565 922 5646 .Pagius,
951 5566 1384 5636 persecutionem
1411 5566 1512 5622 sub
1541 5565 1706 5621 linem
1746 5567 1872 5620 anni
1902 5565 2001 5621 Ch.
2035 5565 2105 5620 95

511 5649 819 5706 tttcmptsse.

579 5709 683 5780 At,
708 5722 828 5780 meo
852 5707 1068 5780 quidem
1095 5707 1301 5779 judicio
1320 5751 1334 5773 ,
1363 5708 1489 5763 inde
1515 5707 1889 5764 tantummodo
1920 5707 2103 5780 sequi-

509 5786 629 5852 tur,
671 5779 1030 5852 Domitjanum
1082 5797 1189 5835 non
1245 5780 1508 5846 saeviisse,
1566 5781 1671 5837 nisi
1723 5789 1848 5852 post.
1897 5779 2104 5836 obitum

512 5849 795 5922 Agricolas.
824 5849 958 5908 Cum
989 5860 1168 5908 autem
1198 5853 1463 5909 incertum
1491 5854 1583 5925 sit,
1612 5849 1935 5927 quo‘postea
1963 5862 2102 5909 tem-

1424 4607 1538 4688 uilo
1555 4634 1776 4688 omnino
1787 4607 2112 4690 Icharactere
2135 4607 2191 4668 D

2364 3278 2525 3351 nique
2567 3278 2744 3351 eidem
2773 3276 2972 3351 annum
3017 3276 3085 3351 I4
3101 3278 3290 3351 fuisse
3334 3279 3621 3351 inemptum
3657 3291 3770 3351 anno

2209 3347 2312 3405 Ch.
2357 3347 2459 3418 94,
2512 3366 2633 3405 cum
2666 3349 2907 3421 ejusdem
2945 3349 3053 3405 218
3089 3349 3423 3421 Olympiadis
3466 3347 3630 3408 annus
3663 3349 3768 3403 alter

2209 3430 2357 3478 esset
2380 3423 2430 3474 in
2456 3437 2637 3477 cursu.

2283 3490 2438 3549 Unde
2466 3507 2807 3563 consequens
2825 3500 2929 3556 est,
2956 3491 3172 3563 biennio
3201 3508 3384 3550 errare
3410 3494 3652 3552 Chronici
3676 3504 3772 3562 pas-

2209 3563 2382 3620 chalis
2435 3562 2749 3631 auctorem,
2795 3564 2887 3635 qui
2941 3562 3228 3619 Domitiani
3277 3567 3346 3622 I5
3387 3583 3587 3623 annum
3626 3565 3772 3633 alligat

2211 3636 2401 3708 primo
2429 3635 2531 3691 218
2576 3635 2900 3708 Olympiadis
2945 3650 3118 3708 anno,
3164 3647 3218 3692 et
3264 3637 3547 3694 Indictioni
3594 3637 3644 3694 5.
3667 3635 3771 3708 Nam

2207 3705 2546 3782 juxtabujus
2575 3705 2809 3762 auctoris
2826 3705 3150 3782 _n_tet_hodum
3173 3716 3228 3782 et
3255 3709 3613 3782 hypotheses,
3633 3707 3771 3782 olym-

2211 3780 2329 3849 pias
2361 3777 2469 3832 218
2497 3788 2552 3833 et
2596 3793 2772 3834 annus
2818 3778 2887 3833 I5
2935 3777 3224 3834 Domitiani
3270 3777 3449 3837 ortum
3502 3777 3773 3837 habuissent

2212 3864 2356 3904 anno
2383 3849 2484 3903 Ch.
2515 3850 2602 3905 91.

2212 3864 2356 3904 anno
2383 3850 2484 3903 Cb.
2515 3850 2602 3904 91.

2284 3919 2404 3976 Non
2437 3936 2641 3984 moror,
2670 3920 2983 3992 consulatus
3027 3919 3080 3975 in
3108 3924 3498 3992 posterioribus
3528 3919 3771 3979 Domitiani

2213 3992 2371 4066 annis
2416 3994 2733 4066 ahauctore
2755 3989 3011 4066 Chronici
3042 3989 3309 4063 paschalis
3341 4011 3616 4066 perperam
3643 3993 3773 4066 fuisse

2214 4063 2423 4118 affixos.
2453 4063 2506 4118 ld
2530 4064 2673 4118 enim
2705 4063 2770 4118 ad
2804 4079 2916 4118 rem
2963 4062 3281 4134 praesentem
3322 4062 3455 4122 non'
3477 4067 3672 4122 attinet.
3697 4062 3774 4118 As-

2213 4149 2370 4189 sumo
2397 4134 2658 4190 duntaxat
2682 4133 2822 4205 quod
2873 4135 2943 4189 ibi
2966 4133 3221 4191 refertur
3260 4153 3323 4192 ex
3373 4138 3542 4193 Brutii
3572 4134 3771 4197 historia,

2213 4205 2404 4260 multos
2441 4205 2757 4260 Christianos
2802 4222 2936 4260 anno
2969 4206 3036 4262 I4
3080 4206 3364 4263 Domitiani
3408 4211 3690 4275 martyrium
3719 4209 3774 4275 fe-

2213 4277 2363 4332 cisse.
2393 4277 2525 4333 Cum
2565 4276 2707 4332 enim
2753 4277 2894 4332 inter
2920 4278 3160 4333 eruditos
3187 4279 3505 4347 conveniat,
3541 4276 3772 4335 Domitia-

2215 4364 2342 4423 num
2373 4364 2478 4423 non
2503 4363 2741 4423 vexasse
2764 4349 3094 4423 Ecclesiam,
3116 4350 3232 4423 nisi
3269 4351 3774 4423 postquamdefuncto

2214 4421 2455 4493 Agricola
2492 4420 2574 4473 die
2606 4419 2678 4493 25
2707 4418 3071 4493 Augustianui
3099 4420 3195 4477 Ch.
3218 4423 3288 4478 9‘5
3318 4418 3423 4493 (δι’
3444 4422 3624 4478 Tacito
3637 4418 3772 4489 supra

2214 4490 2452 4565 laudato)
2494 4492 2730 4565 continuo
2775 4502 2823 4545 et
2868 4491 3000 4565 velut
3033 4508 3135 4546 uno
3176 4494 3278 4547 ictu
3321 4490 3672 4565 rempublicam
3707 4504 3773 4543 es-

2216 4563 2410 4630 hausit,
2444 4563 2573 4617 mihi
2605 4563 2790 4617 videor
2806 4563 2983 4617 medio
3006 4565 3305 4619 tutissimus
3325 4563 3520 4634 iturus,
3534 4566 3576 4620 si
3597 4563 3770 4634 dixero,

2220 4635 2612 4689 Domitianeam
2655 4635 3086 4706 persecutionem
3140 4635 3431 4706 incmpisse
3478 4632 3655 4692 mense
3697 4632 3776 4687 Fe-

2217 4705 2436 4777 bruario
2463 4704 2794 4777 insequentis
2819 4706 2945 4777 anni
2973 4704 3064 4771 94,
3095 4715 3255 4777 atque
3274 4704 3412 4764 adeo
3436 4708 3623 4764 eodem
3641 4718 3772 4764 anno.

2214 4777 2304 4833 die
2344 4776 2377 4832 6
2407 4776 2526 4832 Maii
2576 4777 2797 4841 mensis,
2851 4776 3113 4833 Joannem
3160 4776 3467 4848 apostolum
3506 4780 3558 4834 in
3610 4777 3772 4848 dolium

2211 4849 2476 4906 ferventis
2506 4848 2610 4904 olei
2643 4847 2858 4918 plenum
2906 4849 3073 4904 fuisse
3098 4845 3431 4917 immissum,
3457 4865 3519 4906 ac
3542 4845 3773 4905 deindein

2212 4919 2477 4977 Patluuon
2508 4920 2737 4991 insulam
2783 4919 3114 4990 relegatum:
3140 4921 3285 4991 quod
3324 4937 3448 4977 cum
3481 4922 3772 4990 Hieronymo

2211 4994 2497 5064 convenit,
2527 4990 2627 5064 qui
2671 4990 2728 5064 in
2756 4991 3011 5064 Catalogo
3053 4990 3377 5064 scriptorum
3409 4993 3764 5064 ecclesiastico-

2211 5079 2329 5118 rum
2361 5064 2456 5138 ait,
2489 5061 2540 5117 id
2571 5061 2862 5138 contigisse
2886 5061 3266 5138 quartodecimo
3295 5063 3625 5138 (Domitiani)
3637 5075 3772 5138 annq.

2207 5134 2486 5190 secundum
2511 5144 2627 5205 post
2663 5130 2924 5189 Neronem
2951 5130 3351 5207 persecutionem
3375 5130 3772 5191 ntovente'Domi-

2205 5208 2367 5261 tiano.

2281 5279 2370 5334 Sic
2396 5280 2577 5351 itaque
2603 5291 2632 5331 a
2661 5276 2968 5351 Neroniana
3014 5279 3422 5351 persecutione,
3449 5286 3676 5351 qum,_ut
3700 5288 3770 5351 su:

2209 5364 2305 5420 pra
2336 5342 2571 5415 ostendi,
2600 5349 2700 5405 sub
2727 5349 2934 5404 initium
2963 5342 3164 5407 mensis
3182 5342 3418 5421 Augusti
3439 5342 3689 5406 a'nno’Ch.
3714 5342 3769 5421 61

2209 5415 2407 5490 coepit,
2443 5421 2640 5478 fuerint
2684 5421 2752 5475 ad
2796 5421 3186 5494 Domitianeam
3227 5415 3353 5477 anni
3400 5423 3493 5489 50,
3535 5415 3767 5494 przeter_6

2209 5486 2447 5565 menses,
2490 5501 2618 5563 quot
2633 5505 2773 5565 sunt
2803 5508 2996 5565 nempe
3015 5493 3084 5548 ab
3109 5493 3262 5551 initio
3287 5486 3512 5565 Augusti
3536 5486 3660 5549 'aani
3685 5486 3763 5544 Ch.

2211 5562 2302 5627 64,
2330 5564 2400 5620 ad
2430 5562 2590 5620 linem
2619 5563 2860 5620 Januarii
2884 5562 3011 5620 anni
3051 5565 3141 5622 94.

2281 5634 2564 5712 Postquam
2609 5651 2725 5691 vero
2877 5639 3280 5712 persequendum
3311 5642 3510 5712 justum
3552 5632 3761 5712 populum

2207 5708 2450 5781 instinctu
2476 5707 2768 5781 dwmonztm
2787 5707 3026 5762 incitatus
3039 5707 3143 5777 est,
3163 5721 3283 5764 tunc
3304 5707 3521 5766 iraditus
3537 5711 3592 5781 in
3611 5715 3759 5781 imus

2207 5780 2530 5834 inimicorum
2573 5779 2668 5832 luit
2707 5795 2899 5850 prunas.
2935 5781 3268 5836 Domitianus
3298 5798 3482 5839 mense
3511 5779 3757 5850 Februario

2207 5853 2333 5909 anui
2354 5852 2454 5908 Ch.
2485 5851 2582 5919 94,
2616 5860 2674 5906 ut
2702 5846 2948 5922 proxime
2985 5851 3208 5927 dictum,
3237 5855 3428 5913 δεξιὴ-ιι
3450 5855 3618 5924 capit.
3643 5846 3750 5903 Pre-
