4180 6332
756 361 818 421 11
1861 360 1919 415 S.
1962 356 2286 413 lRENA‘JUS
2327 356 2629 417 LUGDUN.
2674 357 2867 414 EPISC
3926 370 3993 426 η

751 492 964 547 Graece
1004 499 1081 545 ex
1134 479 1375 543 Irenaeo
1413 474 1811 555 transcripsit
1860 474 2283 554 Epiphanius,
2318 490 2462 535 cum
2495 490 2655 535 nova
2684 474 3205 553 interpretatione
3233 475 3475 552 Latina,
3510 497 3713 562 eaque
3773 501 3999 563 parum

749 594 1057 651 accurata.
1088 586 1267 648 Unde
1298 583 1586 658 Gallasii,
1613 589 1682 643 ut
1730 581 2000 655 videtur,
2030 578 2375 641 consilium
2408 578 2552 652 fuit,
2586 595 2713 640 non
2746 586 2867 639 tam
2916 586 2988 640 ut
3030 578 3261 642 cultior
3314 589 3375 641 et
3422 583 3817 645 emendatior
3847 602 4001 664 pro-

757 687 928 750 diret
959 690 1239 750 Irenaeus
1261 730 1277 761 ,
1318 702 1508 764 quam
1539 692 1607 746 ut
1638 682 1906 763 prolixis
1939 700 2014 743 ex
2040 680 2410 743 Calviniana
2439 679 2724 741 doctrina
2755 679 2923 741 notis
2959 678 3081 740 viri
3109 680 3494 741 sanctissimi
3527 686 3845 746 sententia
3878 685 4002 747 cir-

749 789 1246 861 cumveniretur,
1291 796 1351 849 et
1374 795 1656 851 veterum
1683 790 2008 849 haereseon
2051 783 2469 862 triumphator
2496 782 2818 845 reluctans
2842 782 2916 844 ad
2950 800 3174 845 novam
3226 782 3604 856 traheretur,
3638 790 3745 843 aut
3797 784 4002 846 male-

747 892 936 955 dictis
960 892 1363 954 laceraretur.
1399 886 1747 951 Gallasium
1785 882 2031 961 excepit
2066 885 2343 943 Joannes
2366 880 2638 942 Iacobus
2660 882 2969 959 Grynaeus
3001 898 3078 943 ex
3110 881 3331 943 eadem
3377 888 3569 955 secta,
3625 881 3737 960 qui
3770 898 4002 945 novam

747 992 974 1055 Irenaai
1009 990 1319 1052 librorum
1341 986 1686 1050 editionem
1713 983 1974 1046 Basileae
2002 998 2167 1044 anno
2192 982 2341 1043 1571
2375 980 2641 1052 curavit,
2680 997 2716 1042 a
2747 980 3253 1057 praecedentibus
3285 981 3445 1042 nihil
3480 982 3793 1043 diversam
3821 1004 3837 1057 ;
3870 982 4002 1045 nisi

746 1093 921 1175 quod
951 1093 1274 1173 antiquam
1304 1087 1756 1170 priorumlibri
1788 1086 1976 1166 primi
2006 1085 2305 1164 capitum,
2338 1102 2480 1164 quae
2508 1086 2718 1146 Graece
2752 1082 3381 1161 refertEpiphanius,
3406 1082 4002 1161 interpretationem

747 1200 1033 1262 Latinam
1064 1205 1304 1259 temere
1332 1189 1694 1262 sustulerit,
1730 1196 1797 1249 ut
1828 1187 1970 1249 Jani
2005 1181 2293 1248 Cornarii
2326 1183 2689 1245 versionem
2748 1182 3193 1256 substitueret,
3249 1183 3490 1245 omisso
3529 1190 3709 1244 textu
3748 1185 3997 1256 Grreco;

744 1321 1039 1385 novaque
1074 1301 1350 1381 singulis
1382 1297 1697 1376 capitibus
1728 1300 2119 1375 argumenta,
2153 1291 2353 1353 veteri
2412 1295 2657 1351 servata
2686 1287 3031 1361 divisione,
3091 1291 3519 1366 praemitteret.
3554 1294 3641 1355 Iis
3698 1295 4001 1357 omnibus

740 1405 1140 1470 emendatior
1162 1420 1305 1482 quae
1331 1398 1645 1462 Francisci
1673 1392 2109 1466 Feuardentii,
2159 1389 2404 1452 ordinis
2435 1391 2781 1465 Minorum,
2818 1390 2885 1451 in
2918 1409 3094 1453 sacra
3126 1394 3448 1458 Facultate
3484 1397 3828 1458 Parisiensi
3884 1399 4005 1461 do-

743 1513 958 1585 ctoris,
979 1527 1169 1588 opera
1185 1517 1243 1571 et
1264 1504 1502 1579 studio,
1531 1501 1835 1574 Coloniae,
1856 1515 2020 1560 anno
2048 1498 2221 1569 1596,
2248 1493 2768 1573 prodiit,-ibidem
2795 1516 2864 1560 ac
2883 1500 3142 1561 Parisiis
3160 1498 3463 1577 deinceps
3483 1498 3717 1576 saepius
3751 1516 3997 1563 recusa.

741 1615 828 1675 Ea
859 1613 1028 1674 enim
1064 1627 1208 1691 quae
1234 1608 1402 1687 typis
1437 1600 1698 1667 Nivellii
1729 1615 1895 1661 anno
1927 1599 2078 1659 1575
2107 1604 2166 1657 et
2200 1598 2353 1657 1576
2383 1597 2724 1674 prodierat,
2750 1614 2785 1658 a
2806 1599 3090 1675 priorum
3112 1600 3470 1661 editionum
3500 1599 3673 1661 vitiis
3705 1602 4001 1663 nondum

741 1716 894 1777 satis
927 1719 1270 1791 expurgata
1300 1715 1453 1771 erat.
1484 1709 1638 1768 Nam
1676 1708 2091 1781 praeterquam
2121 1697 2292 1778 quod
2323 1704 2563 1759 textum
2596 1702 2890 1763 Latinum
2916 1704 2993 1763 ad
3032 1703 3341 1775 Vaticani,
3371 1713 3431 1764 et
3460 1704 3695 1765 veteris
3727 1704 3997 1767 alterius

740 1813 996 1892 optimas
1024 1818 1187 1871 notae
1240 1805 1481 1868 codicis
1505 1820 1621 1864 ms.
1656 1801 1841 1863 ﬁdem
1871 1803 2295 1875 comparatum
2360 1795 2657 1873 pluribus
2692 1799 2759 1859 in
2793 1798 2951 1860 locis
2992 1801 3297 1876 restituit,
3350 1802 3608 1865 lacunas
3641 1805 3995 1883 supplevit,

739 1930 811 1974 ac
845 1911 1134 1990 quinque
1174 1902 1509 1985 postremis
1534 1898 1683 1961 libri
1716 1895 1928 1976 quinti
1959 1893 2270 1971 capitibus
2333 1895 2639 1956 hactenus
2673 1895 3054 1965 desideratis
3091 1899 3267 1958 auxit
3300 1920 3315 1971 ;
3354 1898 3499 1961 libri
3558 1903 3749 1980 primi
3781 1905 3994 1982 priora

738 2014 957 2071 decem
993 2013 1055 2067 et
1083 2011 1222 2067 octo
1262 1999 1487 2080 capita,
1520 1997 1598 2059 ab
1625 1994 1981 2073 Epiphanio
2019 1992 2341 2072 quondam
2380 2011 2458 2055 ex
2497 1995 2739 2056 Irenaeo
2771 1998 2982 2058 Graece
3015 1996 3351 2074 descripta,
3393 1998 3799 2082 aliorumque
3833 2006 3994 2065 Fra-

737 2112 1138 2185 gmentorum
1158 2102 1519 2163 Graecorum
1549 2115 1627 2159 ex
1645 2094 1836 2158 variis
1868 2091 2236 2155 auctoribus
2268 2099 2596 2155 erutorum
2616 2094 2861 2174 copiam
2894 2112 3024 2157 non
3052 2094 3479 2172 pcenitendam
3512 2101 3722 2163 verbis
3751 2102 3996 2164 Latinis

733 2204 1053 2289 adjunxit,
1085 2202 1389 2283 subjectis
1427 2201 1618 2263 etiam
1650 2194 2039 2260 doctissimis
2067 2194 2285 2257 Jacobi
2339 2195 2517 2256 Billii
2550 2202 2611 2258 et
2640 2198 2998 2259 'Frontonis
3029 2196 3245 2258 Ducaai
3303 2198 3880 2265 observationibus.
3912 2204 3995 2269 At

733 2321 806 2375 ut
840 2310 1163 2390 prioribus
1192 2304 1549 2387 perfectior,
1584 2318 1699 2364 nec
1727 2301 1865 2378 ipsa
1887 2306 2095 2361 tamen
2127 2300 2411 2360 numeris
2438 2298 2738 2359 omnibus
2761 2298 3075 2372 absoluta,
3114 2300 3243 2362 imo
3278 2318 3396 2361 nec
3427 2304 3648 2379 pauci's
3681 2322 3799 2366 nec
3821 2304 3992 2367 levi-

733 2413 855 2475 bus
884 2413 1059 2475 vitiis
1092 2412 1330 2474 laborat
1350 2404 1861 2470 Feuardentiana
1890 2403 2022 2464 hinc
2051 2402 2270 2463 editio.
2305 2402 2378 2463 Ut
2402 2402 2572 2463 enim
2604 2400 2767 2462 nihil
2801 2401 2878 2462 de
2904 2402 3069 2462 notis
3092 2402 3362 2474 dicatur,
3399 2406 3670 2467 eruditis
3699 2407 3990 2486 quidem,

730 2526 803 2579 ut
832 2534 906 2578 ea
927 2522 1075 2579 retas
1104 2514 1365 2589 ferebat,
1407 2510 1514 2572 sed
1549 2507 2004 2589 prolixioribus
2035 2517 2094 2567 et
2129 2523 2164 2567 a
2189 2506 2511 2584 proposito
2545 2504 2799 2584 longius
2836 2504 3348 2580 excurrentibus,
3378 2507 3671 2586 nihilque
3699 2514 3808 2569 aut
3870 2523 3988 2584 pa-

732 2634 875 2678 rum
908 2616 1170 2679 omnino
1202 2612 1277 2675 ad
1309 2619 1523 2673 textus
1556 2607 2048 2670 elucidationem
2077 2604 2585 2667 conducentibus
2616 2625 2631 2677 ;
2667 2605 2899 2667 eumin
2922 2606 3081 2668 locis
3113 2607 3278 2672 bene
3316 2607 3535 2671 multis
3567 2624 3683 2669 nec
3710 2606 3994 2670 feliciter

732 2720 1034 2794 restituit,
1065 2717 1393 2781 infelicius
1425 2712 1787 2791 explicavit,
1822 2710 1887 2772 in
1947 2709 2242 2790 pluribus
2268 2727 2347 2771 ne
2380 2709 2640 2789 quidem
2676 2710 2832 2789 quid
2868 2719 3083 2790 posset
3124 2718 3427 2793 expertus
3452 2717 3548 2773 est
3583 2710 3710 2771 :ita
3745 2717 3812 2772 ut
3842 2718 3992 2788 post

729 2817 1143 2882 Feuardentii
1191 2835 1374 2881 curas
1405 2826 1703 2881 sexcenta
1724 2822 2158 2896 superessent,
2190 2816 2427 2896 quibus
2459 2814 2769 2877 medicam
2798 2834 3055 2879 manum
3101 2818 3427 2882 admoveri
3486 2832 3750 2879 necesse
3804 2822 3936 2878 erat
3973 2836 3993 2889 ;

724 2939 1008 3005 quorum
1071 2931 1282 2985 tamen
1337 2938 1468 2984 non
1521 2937 1717 3001 pauca
1771 2918 2239 2981 emendavisset
2288 2915 2461 2979 facili
2521 2916 2803 2995 negotio,
2851 2917 2905 2976 si
2938 2919 3191 2979 codices
3220 2917 3640 2998 mss.quibus
3668 2936 3825 2981 usus
3858 2924 3987 2990 est,

730 3027 921 3105 paulo
953 3027 1257 3088 attentius
1285 3026 1739 3089 consuluisset.
1770 3023 2008 3086 Omitto
2044 3038 2188 3100 quae
2234 3021 2299 3082 in
2333 3038 2407 3083 ea
2437 3021 2719 3083 editione
2775 3020 3228 3083 desiderantur
3283 3020 3700 3094 adminicula,
3741 3021 3989 3099 quibus

732 3128 987 3191 lectoris
1018 3127 1194 3190 labor
1221 3128 1566 3202 minuatur,
1602 3126 1795 3206 eique
1833 3122 1934 3184 via
1966 3122 2044 3183 ad
2071 3121 2329 3184 facilius
2368 3121 2891 3203 investigandum
2920 3129 2981 3184 et
3014 3122 3493 3203 assequendum
3528 3126 3806 3187 auctoris
3826 3142 3986 3187 sen-

729 3250 873 3296 sum
900 3233 1250 3295 muniatur.

812 3338 1048 3420 Prodiit
1083 3358 1330 3419 tandem
1362 3371 1530 3418 anno
1560 3358 1737 3432 1702,
1771 3355 2006 3418 Oxonii
2039 3354 2106 3415 in
2132 3352 2381 3431 Anglia,
2430 3366 2614 3425 nova,
2651 3349 3002 3412 accuratior
3033 3356 3093 3411 et
3135 3348 3491 3430 elegantior
3520 3367 3790 3429 operum
3842 3352 3987 3412 Ire-

727 3462 849 3525 ntei
876 3460 1096 3533 editio,
1134 3458 1349 3520 studio
1386 3465 1445 3519 et
1478 3473 1669 3535 opera
1700 3458 1818 3521 viri
1844 3458 2184 3519 clarissimi
2214 3462 2479 3522 Joannis
2522 3461 2775 3523 Ernesti
2805 3460 3030 3533 Grabe,
3067 3460 3386 3522 variorum
3436 3457 3777 3537 ipsiusque
3809 3457 3988 3519 notis

724 3565 1064 3633 illustrata,
1099 3569 1159 3623 et
1192 3560 1372 3622 novis
1403 3560 1801 3639 Fragmentis
1841 3559 2247 3640 locupletata.
2281 3564 2451 3636 Quin
2486 3582 2562 3625 ex
2606 3564 2747 3643 ejus
2782 3562 3105 3625 laboribus
3136 3579 3302 3640 saepe
3330 3560 3815 3639 profecerimus,
3847 3558 3989 3619 dis-

726 3664 1032 3727 simulare
1063 3678 1179 3723 nec
1205 3678 1547 3741 possumus
1579 3678 1697 3723 nec
1721 3660 2040 3725 volumus.
2075 3666 2249 3725 Hanc
2294 3665 2647 3727 editionem
2696 3665 3095 3727 commendat
3156 3672 3456 3743 typorum
3511 3662 3851 3753 elegantia,
3908 3660 3986 3722 in

725 3764 1143 3845 exquirendis
1173 3780 1243 3824 ac
1271 3761 1655 3841 colligendis
1700 3764 1885 3825 novis
1920 3766 2311 3845 Fragmentis
2344 3768 2575 3829 Graecis
2611 3783 2735 3830 non
2768 3766 3117 3845 indiligens
3149 3781 3321 3838 cura,
3350 3772 3410 3826 et
3458 3764 3526 3825 in
3558 3763 3988 3828 emendandis

726 3865 882 3933 locis
912 3868 1159 3948 aliquot
1187 3866 1343 3928 felix
1367 3866 1754 3945 conjectura.
1791 3868 2032 3930 Verum
2064 3870 2237 3949 quod
2286 3871 2353 3931 in
2402 3871 2835 3933 Feuardentio
2887 3878 2947 3933 et
2987 3868 3265 3932 Gallasio
3297 3866 3570 3929 eruditis
3622 3867 3983 3945 displicuit,

722 3970 894 4031 idem
926 3969 1065 4031 viro
1098 3966 1452 4029 clarissimo
1483 3966 1794 4029 accidisse
1824 3968 2100 4047 quisque
2130 3976 2455 4048 agnoscet.
2491 3972 2643 4031 Nam
2675 3968 2856 4030 illius
2882 3966 3178 4044 exemplo
3212 3968 3477 4028 meliora
3505 3983 3672 4047 seepe
3706 3987 3851 4031 cum
3882 3970 3987 4029 vi-

722 4073 925 4135 disset
957 4070 1505 4152 probavissetque,
1541 4070 1857 4132 deteriora
1889 4078 2093 4133 tamen
2118 4060 2701 4147 secutus,viti05as,
2726 4078 2833 4133 aut
2859 4070 3073 4131 minus
3103 4086 3286 4129 sanas
3308 4068 3616 4130 lectiones
3639 4070 3983 4148 amplexus

721 4178 840 4245 est,
872 4171 1081 4233 obviis
1115 4178 1175 4231 et
1206 4170 1440 4231 nativis
1485 4169 1550 4230 in
1590 4168 1937 4249 marginem
1970 4170 2222 4249 rejectis
2261 4195 2275 4233 :
2308 4189 2378 4233 ac
2421 4172 2609 4249 longe
2644 4173 2845 4250 plura,
2872 4185 3061 4248 quam
3094 4169 3548 4244 emendaverit,
3581 4170 3719 4233 loca
3771 4172 3983 4232 mani-

714 4270 880 4333 feste
915 4275 1213 4348 corrupta
1238 4285 1316 4329 ne
1350 4267 1616 4329 tentavit
1655 4268 1942 4346 quidem,
1972 4275 2077 4330 aut
2110 4271 2296 4347 plane
2341 4270 2707 4333 infeliciter.
2743 4268 3096 4331 Gallasium
3147 4283 3297 4327 vero
3326 4268 3636 4345 imitatus,
3671 4272 3982 4337 Ecclesiae

721 4373 1113 4453 Anglicanaa,
1146 4372 1246 4432 cui
1280 4388 1349 4431 se
1375 4370 1689 4449 adjunxit,
1726 4371 1879 4431 dum
1912 4372 2124 4432 studet
2155 4372 2538 4450 impensius,
2577 4371 2785 4451 potior
2821 4370 2917 4430 illi
2970 4385 3119 4430 cura
3171 4366 3375 4431 fuisse
3407 4370 3687 4445 videtur,
3726 4382 3795 4435 ut
3830 4376 3973 4436 Ire-

718 4493 931 4539 naeum
961 4476 1149 4537 etiam
1180 4474 1453 4535 invitum
1486 4481 1544 4535 et
1571 4471 1988 4536 reluctantem
2027 4473 2395 4553 Anglicanaa
2424 4483 2609 4537 sectae
2641 4474 3035 4553 adjungeret,
3070 4488 3259 4550 quam
3290 4479 3361 4534 ut
3387 4488 3551 4551 Opus
3589 4474 3971 4555 castigatius

718 4581 895 4643 daret
940 4585 1001 4639 et
1050 4575 1477 4638 emendatius.
1535 4562 1697 4635 Hinc
1729 4580 1817 4636 tot
1878 4581 2172 4636 notarum
2210 4572 2537 4636 fastidiosa
2571 4573 2927 4653 prolixitas,
2964 4580 3034 4635 ut
3084 4572 3415 4634 levissima
3439 4592 3711 4653 quaeque
3746 4575 3968 4653 verba,

718 4683 1074 4763 saepissime
1112 4681 1273 4743 nihil
1319 4680 1394 4741 ad
1427 4697 1560 4742 rem
1615 4678 1910 4741 facientia
1946 4680 2380 4758 distorqueat:
2418 4680 2482 4740 in
2511 4678 2658 4740 aliis
2693 4693 2845 4740 vero
2876 4677 3033 4739 locis
3089 4672 3359 4755 parcior,
3413 4674 3850 4748 Feuardentii,
3904 4686 3972 4738 et

716 4787 989 4847 aliorum
1015 4780 1207 4853 notis,
1239 4780 1451 4859 iisque
1482 4778 1666 4843 nullo
1698 4779 1948 4841 delectu
1981 4780 2219 4853 ascitis,
2248 4779 2541 4858 nihilque
2595 4779 2673 4841 ad
2703 4787 2913 4841 textus
2937 4777 3428 4857 intelligentiam
3458 4776 3965 4855 conferentibus,

716 4881 1037 4961 margines
1068 4877 1403 4941 inferiores
1445 4877 1695 4941 refercit
1726 4900 1741 4950 ;
1768 4880 2054 4957 proprias
2111 4896 2281 4952 suas,
2313 4879 2369 4939 si
2393 4897 2537 4958 quae
2570 4888 2743 4953 sunt,
2777 4880 3059 4942 eruditas
3090 4880 3260 4953 licet,
3295 4896 3438 4942 cum
3493 4886 3703 4942 tamen
3734 4880 3969 4942 erudi-

716 4982 913 5044 tionis
947 4981 1056 5041 illa
1078 4977 1373 5057 supellex
1402 4980 1480 5041 ad
1510 4982 1787 5041 auctoris
1819 4982 2203 5043 sententiam
2238 4982 2686 5045 illustrandam
2718 5000 2941 5062 parum
2985 4983 3324 5061 pertineat,
3368 4982 3678 5044 lectorum
3722 4983 3965 5062 exiguo

713 5088 924 5149 fructu
954 5084 1130 5146 auxit
1161 5082 1463 5162 majorem
1488 5083 1553 5143 in
1586 5084 1866 5145 modum.
1900 5084 2019 5145 Hic
2048 5092 2247 5160 taceo,
2281 5086 2457 5165 quod
2490 5086 2559 5148 in
2584 5086 3041 5149 Dissertatione
3087 5083 3368 5147 secunda
3414 5084 3816 5145 commodius
3850 5102 3968 5145 ex-

710 5205 968 5268 ponam,
992 5186 1171 5265 quod
1208 5185 1275 5246 in
1318 5185 1676 5247 Oxoniensi
1712 5187 1997 5249 editione
2030 5198 2275 5250 servata
2304 5190 2500 5251 veteri
2526 5190 2811 5269 quidem,
2851 5192 3091 5252 Irenaeo
3128 5197 3339 5250 tamen
3369 5186 3557 5266 longe
3584 5188 3961 5265 recentiori,

711 5295 773 5349 at
809 5287 1027 5367 inepta
1057 5303 1318 5364 prorsus
1342 5286 1620 5365 capitum
1651 5287 1957 5360 sectione,
1993 5288 2281 5351 lemmata
2318 5290 2641 5351 interdum
2672 5306 2783 5367 pro
2817 5290 3083 5351 arbitrio
3115 5289 3472 5365 sustulerit,
3533 5288 3959 5365 transtulerit,

712 5387 1113 5461 dissecuerit,
1152 5386 1577 5465 pluribusque
1600 5404 1727 5448 non
1755 5404 1894 5449 raro
1923 5388 2139 5461 simul,
2174 5406 2302 5451 non
2332 5389 2473 5450 sine
2502 5389 2843 5466 dispendio
2876 5389 3156 5466 plurium
3179 5389 3456 5467 capitum
3481 5388 3609 5466 jam
3640 5387 3963 5449 lemmati-

712 5493 833 5549 bus
860 5494 1316 5561 truncatorum,
1352 5487 1694 5564 congestis,
1730 5488 1829 5549 vel
1871 5489 2101 5550 iisdem
2130 5488 2229 5548 bis
2260 5498 2367 5550 aut
2413 5497 2507 5549 ter
2539 5490 2848 5567 repetitis,
2909 5489 3356 5553 confusionem
3404 5489 3601 5567 magis
3665 5489 3950 5565 auxerit,

712 5606 902 5671 quam
932 5589 1237 5652 minuerit
1270 5589 1661 5653 clarissimus
1694 5592 2196 5667 Grabius..Quid,
2231 5593 2402 5672 quod
2434 5596 2805 5672 Fragmenta
2838 5595 3048 5657 Graeca
3080 5596 3217 5657 suis
3236 5595 3497 5673 quidem
3532 5593 3689 5656 locis
3720 5611 3959 5671 oppor-

713 5705 867 5756 tune
899 5692 1159 5767 inserta,
1191 5691 1304 5752 sed
1336 5696 1421 5752 ita
1451 5692 1849 5754 incommode
1882 5691 2188 5771 disposita
2226 5692 2374 5765 sint,
2422 5700 2487 5752 ut
2519 5700 2826 5771 perpetuo
2861 5694 3031 5755 velut
3057 5692 3328 5754 circuitu
3352 5711 3463 5771 per
3486 5692 3746 5777 paginas
3766 5692 3955 5757 ober—

714 5816 851 5863 rare
878 5803 1217 5863 teneantur
1250 5796 1557 5861 lectorum
1585 5798 1779 5876 oculi,
1810 5797 2036 5861 incerti
2080 5814 2244 5875 saepe
2278 5813 2404 5877 quo
2437 5796 2585 5859 ferri
2619 5797 2886 5860 debeant
2919 5799 2945 5858 ?
2994 5795 3113 5858 Sed
3145 5796 3274 5860 haec
3299 5791 3459 5857 forte
3508 5792 3947 5873 typographu-
