4180 6332
217 396 286 451 IS
1397 399 1454 451 Ι).
1497 391 1838 452 MASSUETI
1879 394 2266 454 Pii/EFATIO.
3377 402 3437 456 Η

217 531 357 576 rum
389 512 580 591 culpa
605 520 721 584 est,
757 515 990 591 quibus
1027 516 1216 576 etiam
1251 513 1311 574 id
1349 514 1656 590 imputare
1689 512 2020 587 debemus,
2051 513 2224 592 quod
2251 521 2418 573 tanta
2465 515 2544 573 sit
2577 517 2752 578 illius
2786 516 3089 578 editionis
3122 517 3190 577 in
3237 524 3438 579 trans-

217 615 486 679 marinis
517 616 889 693 regionibus
929 616 1218 694 penuria,
1241 624 1330 688 ut,
1356 633 1498 676 cum
1533 631 1656 676 non
1684 615 1821 674 sine
1855 614 2132 675 maxima
2160 613 2548 689 difﬁcultate,
2572 619 2920 699 majorique
2953 620 3152 698 pretio
3181 636 3436 697 compa-

219 719 345 779 rari
378 723 621 795 posset,
641 733 777 776 eam
827 717 1020 794 prelis
1054 718 1189 779 suis
1221 717 1536 795 subjicere
1591 714 2048 776 meditarentur
2078 714 2448 793 Bibliopolas
2501 722 2894 782 Parisienses
2925 729 2986 782 et
3033 708 3444 786 Amstelaada~

219 837 500 883 menses.

302 927 522 1002 Itaque
560 921 715 988 viris
750 920 1034 982 doctrina
1067 928 1127 980 et
1160 921 1388 998 pietate
1419 922 1781 1000 conspicuis
1817 924 2027 983 visum
2067 929 2161 980 est
2198 939 2323 984 non
2361 924 2579 985 utilem
2626 923 2833 995 modo,
2875 927 2988 986 sed
3019 930 3441 990 necessariam

219 1041 365 1086 esse
395 1007 621 1084 novam
653 1020 874 1082 lrencei
925 1020 1292 1093 editionem,
1328 1038 1469 1099 qua)
1498 1031 1558 1081 et
1600 1023 1949 1082 accuratior
1986 1033 2192 1096 esset,
2227 1030 2286 1084 et
2333 1039 2364 1083 a
2420 1021 2757 1084 Catholicis
2802 1027 3118 1089 inoffenso
3149 1032 3310 1107 pede
3335 1032 3443 1091 de-

220 1131 390 1193 curri
417 1136 653 1208 posset.
689 1126 758 1187 ld
790 1122 1024 1186 laboris
1050 1139 1083 1182 a
1107 1119 1408 1200 qquiam
1439 1137 1472 1180 e
1497 1120 1729 1179 nostris
1754 1121 1996 1198 suscipi
2037 1125 2416 1200 cupierunt;
2450 1123 2566 1182 rati
2594 1123 2911 1199 videlicet,
2948 1145 3063 1189 nec
3093 1129 3436 1204 immerito,

220 1236 563 1304 Irenaeum,
617 1226 1051 1306 Apostolicum
1089 1223 1271 1283 illum
1305 1222 1536 1293 virum,
1588 1220 2082 1283 Occidentalium
2117 1225 2442 1286 Gallorum
2486 1225 2711 1297 lumen,
2750 1238 2817 1290 ut
2864 1243 3040 1294 vocat
3081 1235 3444 1298 Theodore-

217 1344 325 1398 ωδ
393 1331 415 1359 ⁸
451 1379 466 1408 ,
503 1340 818 1411 tantaeque
851 1328 1242 1392 auctoritatis
1277 1327 1673 1404 scriptorem,
1705 1344 1831 1388 non
1861 1331 2090 1390 mereri
2122 1331 2334 1391 minus
2358 1347 2547 1409 quam
2587 1332 2892 1414 reliquos,
2934 1350 3000 1400 ut
3024 1341 3089 1402 in
3115 1342 3254 1420 ejus
3293 1361 3442 1424 Ope-

217 1457 364 1502 rum
392 1447 675 1501 accurata
706 1436 984 1498 editione
1022 1439 1234 1494 nostra
1258 1431 1973 1504 versareturindustria;
2002 1443 2062 1494 et
2093 1439 2264 1513 quod
2298 1434 2364 1494 in
2388 1435 2530 1496 aliis
2563 1454 2689 1498 non
2716 1439 3078 1516 paenitendo
3112 1461 3439 1515 successu.

219 1564 370 1627 quae
417 1564 494 1609 ex
531 1540 1022 1621 congregatione
1056 1544 1268 1598 nostra
1317 1535 1701 1614 prodierant,
1743 1537 2135 1599 editionibus
2169 1542 2517 1617 praestitum
2551 1552 2666 1613 est,
2712 1543 2776 1604 in
2811 1545 2928 1606 ista
2980 1564 3439 1628 quoque,.non

217 1654 437 1715 minus
459 1665 726 1728 Operosa
748 1661 938 1724 quam
957 1640 1336 1713 necessaria,
1359 1649 1650 1716 praestare
1681 1657 2073 1703 conaremur.
2095 1645 2162 1703 Id
2189 1645 2384 1724 igitur
2405 1647 2618 1707 oneris
2642 1648 3011 1724 impositum
3038 1653 3216 1727 mihi,
3239 1657 3444 1717 detra-

216 1760 451 1813 ctatum
470 1749 729 1817 quidem
749 1744 1016 1814 diutius,
1039 1741 1208 1804 subii
1226 1739 1675 1814 tandem.Quid
1697 1758 1845 1803 vero
1869 1751 2158 1820 praestare
2177 1753 2435 1806 conatus
2455 1745 2708 1820 fuerim,
2730 1751 2946 1826 paucis
2967 1753 3437 1831 explicandum.

217 1856 370 1917 Tria
402 1854 555 1915 mihi
601 1850 1003 1930 potissimum
1042 1845 1393 1924 praestanda
1428 1862 1567 1906 esse
1597 1845 1787 1919 duxi;
1830 1856 2075 1909 textum
2107 1851 2443 1912 emendare
2489 1868 2560 1913 ac
2607 1852 2877 1929 pristino
2919 1853 3155 1928 decori,
3188 1865 3256 1918 ut
3308 1860 3441 1922 ﬁeri

215 1964 449 2036 potest,
501 1955 875 2023 restituere;
927 1953 1221 2016 eumdem
1265 1952 1625 2023 illustrare;
1670 1972 1740 2016 ac
1783 1955 2039 2017 demum
2073 1975 2147 2019 ea
2197 1961 2408 2021 omnia
2480 1960 2826 2022 lectoribus
2870 1977 3088 2037 parare
3131 1963 3438 2035 subsidia,

215 2057 459 2136 quibus
491 2055 666 2115 labor
697 2070 921 2114 eorum
952 2055 1298 2116 minuatur.
1335 2053 1430 2113 Ad
1463 2053 1738 2130 primum
1781 2056 1954 2132 quod
1984 2058 2235 2127 attinet,
2269 2075 2411 2118 cum
2441 2060 2694 2120 Grmcus
2723 2060 2942 2121 lrenaai
2981 2068 3216 2137 textus,
3248 2068 3409 2126 maxi

215 2173 319 2218 ma
349 2173 424 2216 ex
454 2163 626 2233 parte
651 2200 665 2226 ,
700 2161 1055 2231 temporum
1102 2153 1361 2231 injuria,
1394 2151 1636 2213 dudum
1671 2153 1949 2228 perierit,
1988 2171 2289 2234 unusque
2313 2155 2442 2216 fere
2471 2156 2748 2233 supersit
2781 2158 3061 2231 Latinus,
3088 2158 3215 2237 jam
3248 2161 3444 2222 instar

212 2259 580 2338 archetypi;
621 2257 688 2318 in
730 2257 898 2317 hunc
933 2275 1114 2317 curas
1153 2273 1374 2317 omnes
1423 2256 1688 2329 contuli,
1723 2263 1792 2317 ut
1835 2259 2414 2332 emendatissimus,
2453 2277 2641 2339 quam
2685 2258 2820 2321 fieri
2856 2267 3120 2336 poterat,
3153 2263 3317 2322 etab
3345 2263 3440 2324 in-

215 2364 458 2441 sparsis
491 2361 893 2423 librariorum
948 2361 1132 2439 culpa
1183 2361 1377 2422 mavis
1420 2359 1744 2421 abstersus
1795 2361 2098 2438 prodiret.
2157 2364 2344 2424 Hunc
2395 2364 2473 2424 ad
2525 2380 2723 2426 novos
2751 2370 2877 2423 tres
2911 2379 3061 2424 mss.
3103 2365 3374 2435 codices,
3410 2385 3443 2427 a

212 2463 400 2526 nullo
430 2463 735 2524 hactenus
765 2461 1140 2532 recensitos,
1172 2458 1591 2520 attentissime
1637 2459 1845 2538 exegi.
1873 2460 2151 2520 Primum
2185 2478 2218 2522 e
2252 2461 2637 2523 Bibliotheca
2674 2463 3138 2525 Claromontani
3175 2465 3437 2547 Collegii

207 2567 360 2626 Sec.
393 2567 548 2625 Jesu
586 2569 944 2640 acceptum.
988 2560 1295 2622 utendum
1329 2559 1484 2619 mihi
1525 2559 1790 2635 praebuit
1818 2559 1914 2620 vir
1944 2559 2376 2632 doctissimus,
2404 2559 2586 2639 cujus
2618 2560 3071 2623 humanitatem
3117 2581 3440 2644 nunquam

211 2681 343 2727 non
383 2664 624 2742 experti
656 2679 903 2732 sumus,
935 2664 1008 2723 R.
1040 2663 1106 2722 Ρ.
1127 2661 1400 2720 Joannes
1432 2657 1822 2730 Harduinus,
1857 2659 2063 2719 eidem
2097 2659 2501 2720 Bibliothecaa
2535 2660 2885 2736 praefectus.
2921 2667 2979 2726 ls
3006 2668 3256 2744 optimas
3281 2679 3445 2732 notae

206 2770 439 2840 codex,
481 2785 625 2830 cum
655 2775 798 2829 ante
847 2782 1046 2827 annos
1095 2773 1163 2827 ut
1195 2762 1530 2824 minimum
1575 2763 1692 2823 800
1722 2761 1997 2839 scriptus
2029 2762 2132 2834 sit,
2167 2771 2324 2823 teste
2374 2763 2811 2827 eruditissimo
2856 2768 2976 2845 ρὶω
3018 2772 3337 2833 memoriae
3367 2776 3437 2836 D.

205 2870 455 2930 Joanne
501 2865 904 2935 Mabillonio,
955 2865 1186 2942 perito,
1239 2863 1296 2922 si
1339 2861 1487 2940 quis
1521 2878 1826 2940 unquam,
1860 2861 2080 2922 talium
2125 2879 2338 2922 rerum
2383 2863 2781 2940 aastimatore,
2814 2871 3122 2945 omnium,
3160 2873 3238 2934 ad
3285 2893 3441 2954 quas

214 2972 460 3051 priores
501 2971 814 3032 editiones
849 2967 1025 3029 factae
1053 2975 1235 3040 sunt,
1270 2966 1524 3026 videtur
1558 2966 2071 3045 antiquissimus.
2107 2966 2374 3028 Mutilus
2405 2978 2613 3028 tamen
2643 2978 2776 3042 est;
2830 2971 3070 3034 avulsis
3127 2976 3298 3037 enim
3332 2995 3441 3056 po-

207 3073 468 3135 stremis
499 3071 672 3134 foliis
707 3069 1026 3148 pluribus,
1063 3067 1364 3130 extremis
1395 3065 1528 3127 fere
1559 3067 1776 3127 decem
1823 3065 2137 3142 capitibus
2170 3067 2533 3127 decurtatus
2579 3074 2786 3128 manet
2833 3068 2993 3131 li-ber
3027 3073 3312 3151 quintus.
3348 3075 3441 3136 An

205 3195 391 3250 casu,
425 3194 505 3238 an
534 3173 895 3254 improvido
933 3172 1115 3234 scioli
1147 3170 1507 3250 cujuspiam
1559 3169 1688 3251 (cui
1716 3170 1875 3231 forte
1910 3169 2311 3247 displicuerit
2343 3169 2848 3231 Millenariorum
2886 3189 3061 3234 error
3097 3174 3173 3235 ab
3204 3178 3443 3238 [remeo

211 3273 683 3358 prepugnatus)
717 3275 856 3336 zelo
885 3273 954 3334 id
998 3271 1325 3345 acciderit,
1361 3271 1703 3333 obscurum
1737 3278 1857 3332 est.
1898 3272 2152 3333 Certum
2181 3278 2274 3332 est
2306 3271 2625 3350 integrum
2669 3269 2822 3331 olim
2871 3271 3074 3334 fuisse
3122 3277 3401 3338 codicem
3425 3323 3440 3344 .

206 3401 362 3448 cum
401 3399 540 3461 pars
569 3379 860 3443 vicesimi
887 3378 1049 3439 sexti
1087 3375 1311 3454 capitis
1351 3375 1559 3438 adhuc
1589 3375 1888 3454 supersit.
1926 3376 2158 3436 Caetera
2195 3375 2498 3452 deinceps
2530 3374 2606 3434 ad
2641 3373 2785 3434 libri
2817 3377 3004 3439 ﬁnem
3034 3380 3438 3443 interierunt.

211 3483 381 3544 Hinc
409 3480 958 3545 Claramontanum
999 3477 1285 3538 codicem
1340 3476 1668 3536 diversum
1705 3492 1845 3535 esse
1900 3491 1934 3534 a
1984 3473 2492 3534 Feuardentiano
2544 3471 2953 3537 manifestum
3003 3477 3302 3538 videtur:
3339 3477 3443 3537 hic

209 3584 389 3647 enim
417 3583 666 3662 integer
703 3580 848 3651 fuit,
883 3577 994 3641 ille
1030 3595 1180 3639 vero
1231 3577 1432 3639 multo
1465 3577 1878 3640 emendatior.
1922 3577 2203 3639 Alterius
2248 3577 2488 3638 codicis
2529 3578 2732 3639 varias
2779 3577 3086 3640 lectiones
3117 3585 3249 3640 toto
3281 3578 3443 3639 libre

209 3683 426 3763 primo
453 3691 514 3745 et
549 3682 872 3761 prioribus
909 3692 1049 3745 octo
1076 3683 1222 3744 libri
1270 3681 1536 3744 secundi
1582 3681 1894 3759 capitibus
1929 3680 2262 3742 Passeratii
2300 3697 2492 3741 manu
2535 3680 2881 3759 descriptas
2930 3681 3004 3742 ad
3042 3697 3215 3742 oram
3247 3681 3441 3742 unius

207 3783 596 3862 exemplaris
646 3783 949 3845 editionis
998 3783 1264 3855 Erasmi,
1311 3783 1387 3843 ab
1421 3798 1550 3842 uno
1601 3798 1633 3842 e
1685 3781 2014 3842 reverend.
2064 3780 2352 3842 Patribus
2397 3781 2830 3843 Dominicanis
2861 3781 2983 3843 vici
3016 3784 3076 3842 S.
3110 3783 3439 3854 Honoratz,

209 3884 408 3965 hujus
438 3886 640 3960 urbis,
674 3885 875 3947 amico
911 3904 1050 3949 meo
1091 3887 1329 3964 accepi.
1359 3886 1530 3960 Quin
1577 3903 1610 3946 e
1651 3902 1770 3946 ms.
1800 3885 2040 3957 codice,
2076 3901 2280 3963 eoque
2323 3887 2719 3964 perantiquo,
2750 3903 2820 3947 ac
2851 3886 3033 3947 bonaa
3074 3895 3259 3961 notas,
3311 3895 3372 3948 et
3409 3907 3439 3947 a

207 3988 725 4052 Feuardentiano
753 4031 769 4059 ,
804 3987 1286 4050 Claromontano
1319 3995 1380 4048 et
1411 3987 1725 4047 Vossiano
1773 3987 2027 4047 diverso
2058 3994 2367 4063 excerptaa
2417 3987 2564 4059 sint,
2607 3985 2824 4048 nullus
2857 3987 3223 4065 ambigendi
3260 3987 3442 4049 locus

207 4087 373 4153 mihi
408 4095 527 4158 est,
569 4106 686 4150 nec
715 4088 861 4150 aliis
892 4089 1035 4161 erit,
1069 4089 1180 4167 qui
1213 4104 1318 4148 eas
1349 4103 1490 4149 cum
1529 4085 1930 4148 laudatorum
1974 4087 2264 4147 codicum
2314 4086 2696 4148 lectionibus
2726 4086 3132 4149 contulerint.
3167 4089 3327 4161 Quis
3361 4100 3441 4148 su

208 4187 324 4250 ille
354 4189 576 4262 codex,
606 4197 668 4250 et
704 4190 812 4250 ubi
849 4207 1022 4251 nunc
1052 4190 1417 4263 delitescat,
1454 4191 1757 4252 hactenus
1795 4190 2270 4268 deprehendere
2323 4208 2451 4254 non
2481 4191 2699 4269 potui;
2747 4191 3051 4253 amissum
3103 4208 3232 4253 non
3283 4190 3442 4252 adeo

207 4310 376 4374 agre
405 4293 656 4366 ferrem,
685 4295 740 4356 si
766 4304 1017 4356 caeteras
1048 4295 1254 4356 varias
1285 4294 1592 4355 lectiones
1633 4293 1712 4354 ad
1759 4293 1904 4354 libri
1955 4295 2053 4354 sui
2091 4295 2437 4372 marginem
2471 4302 2686 4356 notare
2729 4295 3108 4373 perrexisset
3144 4297 3436 4356 Passera~

206 4392 364 4454 tius.
396 4394 647 4454 Tertius
683 4395 882 4456 codex
912 4410 1042 4473 quo
1073 4412 1231 4455 usus
1263 4412 1428 4464 sum,
1463 4411 1684 4455 recens
1718 4411 1788 4455 ac
1826 4395 2213 4467 chartaceus,
2242 4411 2442 4455 annos
2472 4394 2976 4472 quadringentos
3006 4409 3133 4453 non
3167 4394 3437 4462 excedit,

208 4507 330 4552 nec
362 4491 711 4569 posteriora
736 4491 1025 4569 quinque
1057 4491 1202 4551 libri
1226 4491 1436 4570 quinti
1466 4492 1667 4570 capita
1698 4493 2001 4554 continet.
2037 4495 2096 4554 ls
2127 4496 2339 4554 Romae
2367 4503 2725 4555 asservatur
2753 4494 2818 4553 in
2853 4491 3244 4554 Bibliotheca
3285 4495 3441 4556 emi-

206 4591 574 4654 nentissimi
608 4591 949 4654 cardinalis
977 4593 1304 4666 Ottoboni;
1337 4611 1530 4673 quem
1559 4595 1820 4673 quidem
1875 4597 1968 4656 vir
2015 4597 2317 4674 optimus,
2356 4614 2426 4659 ac
2455 4597 2532 4658 de
2561 4596 2788 4656 litteris
2820 4607 2942 4656 tam
2975 4597 3138 4657 bene
3174 4599 3440 4660 meritus

204 4693 283 4754 D.
315 4691 727 4764 Bianchinus,
751 4708 864 4769 pro
895 4693 1206 4772 singulari
1231 4711 1346 4756 sua
1367 4694 1434 4756 in
1461 4710 1574 4755 nos
1597 4694 2012 4769 humanitate,
2041 4696 2527 4758 communicavit
2555 4712 2697 4756 cum
2723 4698 2848 4757 RR.
2873 4699 2984 4758 PP.
3006 4696 3239 4758 domno
3258 4699 3439 4761 Guil-

204 4787 403 4852 lelmo
433 4793 512 4851 La
542 4795 749 4865 Parre,
784 4794 1301 4873 Congregationis
1333 4806 1563 4856 nostra;
1591 4793 1656 4855 in
1687 4795 1859 4856 curia
1892 4796 2168 4856 Romana
2200 4803 2600 4871 procuratore
2630 4793 2934 4873 generali,
2968 4794 3236 4873 ejusque
3263 4799 3438 4859 socio

203 4891 280 4952 D.
318 4889 583 4952 Claudio
603 4891 682 4953 de
719 4893 850 4964 Vic,
883 4893 995 4972 qui
1029 4892 1229 4955 varias
1263 4893 1403 4972 ejus
1434 4891 1738 4954 lectiones
1770 4908 1884 4969 pro
1915 4909 2029 4953 sua
2075 4891 2462 4970 benignitate
2499 4891 2859 4956 describere
2894 4902 2953 4957 et
2989 4895 3064 4956 ad
3107 4913 3205 4958 me
3237 4906 3436 4959 trans-

203 4991 454 5055 mittere
480 4993 718 5073 dignati
745 5001 918 5056 sunt.

285 5096 359 5156 In
390 5095 754 5157 subsidium
786 5103 1190 5157 accesserunt
1226 5096 1272 5156 ii
1297 5096 1573 5168 codices,
1607 5095 1842 5175 quibus
1879 5097 1946 5157 in
1974 5095 2357 5158 adornandis
2395 5095 2787 5159 editionibus
2817 5100 2953 5162 suis
2989 5103 3088 5162 usi
3123 5110 3269 5164 sunt
3300 5112 3434 5166 tum

201 5199 579 5262 Franciscus
611 5199 1099 5272 Feuardentius,
1137 5207 1271 5260 tum
1310 5199 1706 5262 clarissimus
1735 5205 2010 5262 Joannes
2054 5205 2358 5262 Ernestus
2404 5202 2702 5276 Grabius,
2737 5222 3010 5284 quorum
3062 5209 3266 5268 varias
3300 5209 3430 5271 lec-

201 5303 413 5367 tiones
442 5303 522 5365 ad
553 5321 726 5365 oram
757 5303 1058 5366 editionis
1094 5321 1226 5365 sum
1256 5320 1382 5365 non
1411 5304 1822 5384 indiligenter
1852 5307 2146 5386 (Grabius
2176 5306 2546 5387 prtesertim)
2581 5307 3031 5384 ascripserunt.
3067 5309 3139 5368 Et
3172 5309 3433 5387 quidem

204 5409 485 5467 veterem
513 5401 723 5478 illum,
756 5420 885 5483 quo
916 5405 1384 5468 Feuardentius
1419 5423 1575 5467 usus
1607 5415 1724 5479 est,
1765 5405 1999 5468 frustra
2047 5406 2486 5485 qumsivimus,
2537 5422 2744 5484 neque
2775 5414 2986 5467 utrum
3036 5405 3321 5483 perierit,
3353 5423 3431 5468 an

205 5508 272 5570 in
305 5506 581 5586 alicujus
612 5505 1022 5568 Bibliotheca
1050 5505 1281 5568 forulis
1313 5509 1664 5584 delitescat,
1699 5511 1861 5572 scire
1891 5510 2239 5589 potuimus.
2275 5511 2432 5570 Sunt
2455 5510 2564 5588 qui
2597 5508 2960 5570 existimant
2990 5525 3135 5568 eum
3167 5507 3232 5566 in
3267 5508 3428 5568 Vos-

201 5607 287 5672 sii
319 5623 545 5669 manus
576 5607 952 5680 devenisse;
985 5608 1098 5668 sed
1135 5609 1472 5689 utriusque
1522 5610 1831 5673 lectiones
1882 5609 2228 5672 conferenti
2253 5655 2268 5682 ,
2321 5610 2606 5671 diversos
2648 5625 2789 5671 esse
2837 5610 3043 5670 statim
3080 5604 3428 5685 apparebit.

203 5711 420 5777 Alium
451 5711 735 5774 codicem
765 5712 833 5773 in
857 5711 1250 5775 Bibliotheca
1277 5716 1574 5779 Vaticana
1623 5725 2014 5781 asservatum
2047 5716 2189 5778 citat
2236 5713 2491 5776 Latinus
2543 5711 2851 5783 Latinius,
2887 5707 3214 5787 variasque
3259 5705 3430 5784 ejus-

344 5882 367 5916 ⁸
398 5880 757 5951 Theodoret.,
790 5883 934 5943 Dial.
964 5883 1014 5950 l,
1042 5899 1167 5957 pag.
1196 5884 1284 5940 53.
