4180 6332
236 383 304 444 I'I
1414 380 1475 436 Ι).
1518 376 1868 438 MASSUETI

1824 376 1868 436 τι
1907 374 2298 435 Ριιιειιᾊτιο.
2891 357 2897 363 ’
3401 369 3475 428 ιιι

234 496 516 570 rebatur,
550 492 1010 558 emendandam
1041 507 1183 555 esse
1218 489 1632 564 censuimus;
1669 489 1749 552 iis
1781 489 2093 552 duntaxat
2124 483 2476 550 observatis
2505 490 2567 547 et
2593 484 2762 547 inter
2794 483 3000 546 varias
3029 475 3343 550 rectiones
3373 503 3474 549 rev

233 594 520 668 censitis,
560 610 706 674 qua;
733 593 800 654 in
831 591 978 669 aliis
1018 591 1411 656 editionibus
1445 592 1762 671 prmcipua
1793 599 1855 656 et
1889 594 2142 656 saniora
2171 608 2312 656 esse
2355 589 2757 654 videbantur.

312 696 452 757 Non
483 694 696 755 minor
725 692 793 754 in
839 697 1355 776 recognoscenda
1401 715 1475 762 ea
1521 706 1695 779 parte
1760 699 1961 763 (Ξτωοὶ
2012 706 2248 774 textus,
2302 713 2449 778 qum
2497 701 2725 768 exstat,
2777 709 2928 754 cura
2973 689 3097 754 fuit
3143 691 3471 771 adhibita,

232 794 527 876 quamvis
563 793 1009 858 deficientibus
1041 811 1193 858 mss.
1218 796 1451 859 minori
1484 815 1811 862 successu.
1841 799 2014 874 Quin
2040 799 2253 861 Graece
2281 795 2610 877 scripserit
2639 798 2940 869 lrenmus,
2973 794 3246 875 ejusque
3275 793 3476 859 libros

230 901 304 963 in
335 899 631 961 Latinum
677 914 1072 973 sermonem,
1107 916 1302 978 quem
1351 901 1544 964 modo
1593 901 1925 976 habemus,
1977 901 2364 964 converterit
2400 899 2741 979 imperitus
2784 899 3022 982 aliquis
3066 918 3138 964 ac
3167 901 3474 965 barbarus

229 1001 575 1080 interpres,
608 999 716 1062 vix
759 999 1120 1071 dubitatur;
1158 1000 1222 1061 id
1253 1001 1509 1065 abunde
1561 1003 1899 1080 probatum
1933 1009 2030 1065 est
2079 1001 2149 1064 in
2194 1000 2476 1064 secunda
2523 999 3018 1077 Dissertatione,
3060 1018 3206 1084 quae
3240 1001 3476 1066 Praefa-

227 1104 475 1166 tionem
507 1100 810 1180 excipiet,
841 1101 920 1162 ad
951 1117 1141 1180 quam
1181 1100 1480 1165 lectorem
1513 1103 1790 1165 remitto.
1833 1102 1990 1166 Cum
2037 1110 2250 1165 autem
2279 1108 2494 1164 textus
2518 1101 2775 1164 Graecus
2811 1100 3093 1182 integer,
3117 1109 3482 1182 temporum-

224 1207 493 1289 injuria,
526 1205 654 1285 jam
691 1204 938 1268 dudum
987 1205 1276 1284 perierit,
1319 1216 1653 1288 supererat
1706 1213 1778 1270 ut
1815 1207 2106 1287 dispersa
2135 1206 2427 1287 undique
2478 1207 2853 1285 Fragmenta
2900 1206 3479 1288 conquirerentur:

227 1311 406 1393 quod
454 1319 514 1374 et
544 1311 819 1374 sollicite
849 1311 1082 1376 factum
1131 1318 1248 1374 est.
1283 1314 1698 1394 Quaecunque
1755 1313 1926 1375 enim
1963 1330 2083 1375 seu
2113 1318 2360 1378 veteres
2399 1315 2878 1379 conservarunt,
2912 1327 3039 1372 seu
3081 1309 3483 1374 recentiores.

224 1412 592 1487 ediderunt,
625 1428 743 1472 seu
770 1410 912 1473 alia),
941 1413 1260 1475 editiones
1288 1414 1594 1478 exhibent
1625 1413 1853 1477 lrenmi
1884 1414 2282 1493 Fragmenta,
2317 1411 2455 1474 sive
2498 1427 2722 1474 eorum
2753 1426 2898 1490 quin
2930 1417 3300 1494 supersunt,
3333 1412 3482 1475 sive.

223 1528 375 1592 qum
413 1511 822 1586 interierunt,
854 1527 1148 1591 Operum,
1198 1530 1271 1576 ac
1305 1530 1468 1577 nova
1499 1513 1763 1594 protulit
1808 1512 2206 1576 clarissimus
2238 1511 2534 1589 Grabius,
2577 1529 2664 1575 ex
2705 1511 2900 1575 variis
2937 1511 3307 1576 auctoribus
3336 1520 3475 1577 tum

224 1619 446 1689 editis,
491 1625 628 1680 tum
677 1618 1130 1698 manuscriptis
1171 1626 1386 1695 eruta;
1436 1626 1496 1681 et
1537 1626 1752 1682 nostra
1797 1619 1931 1682 llth
1971 1616 2230 1682 exhibet
2267 1618 2500 1693 editio,
2552 1617 2669 1681 sed
2717 1615 3044 1679 interdum
3085 1617 3370 1681 auctiora
3410 1632 3480 1683 et

224 1718 685 1791 emendatiora,
717 1719 800 1781 iis
831 1719 1068 1785 additis
1096 1738 1241 1800 quae
1266 1720 1406 1800 ipse
1438 1720 1693 1800 collegi,
1731 1719 1831 1784 vel
1852 1720 2042 1782 amici
2088 1720 2620 1799 suppeditarunt;
2653 1721 2868 1784 omnia
2916 1739 2994 1785 eo
3022 1723 3248 1804 ordine
3275 1723 3476 1787 collo-

221 1825 360 1881 cata
389 1826 574 1898 atque
608 1818 920 1896 disposita
980 1821 1094 1900 qui
1144 1821 1660 1884 Feuardentiano
1705 1829 1766 1883 et
1812 1820 2128 1884 Grabiano
2167 1821 2353 1899 longe
2379 1821 2776 1884 commodior
2806 1826 2910 1888 sit.
2945 1825 3194 1888 Grmcas
3223 1824 3478 1888 Biblio-

221 1924 427 1987 thecae
456 1923 672 2002 Regina
700 1930 760 1985 et
784 1923 1164 1990 Colbertinae
1192 1928 1479 2002 Catenas,
1502 1927 1795 2007 aliosque
1824 1928 2193 1990 earumdem
2224 1927 2479 1990 codices
2505 1945 2655 1990 mss.
2690 1929 2966 2000 Griecos,
2998 1942 3164 2007 quos
3194 1926 3262 1989 in
3298 1926 3482 1990 notis

221 2044 348 2088 suo
384 2043 705 2107 quemque
739 2025 880 2089 loco
907 2029 1211 2108 iudicavi,
1243 2033 1568 2106 consului,
1602 2050 1672 2095 ac
1702 2050 1813 2111 per
1843 2032 2188 2111 diligentes
2231 2032 2472 2094 amicos
2507 2033 2851 2111 Graeceque
2905 2032 3127 2094 doctos
3181 2032 3468 2109 expendi

220 2126 475 2200 curavi;
507 2143 780 2206 quaeque
811 2143 889 2187 ex
939 2130 1021 2194 iis
1073 2133 1467 2211 transcripta,
1512 2135 1653 2196 sive
1689 2150 1721 2192 a
1772 2132 2176 2207 Combeﬁsio,
2232 2131 2370 2193 sive
2420 2149 2455 2194 a
2499 2133 2757 2208 Grabio,
2802 2134 2953 2198 sive-
2993 2134 3073 2198 ab
3123 2135 3270 2198 aliis
3300 2135 3476 2198 edita

218 2240 402 2308 sunt,
426 2252 462 2297 a
494 2254 592 2299 me
624 2236 944 2317 recognita
971 2239 1121 2292 sunt
1150 2232 1396 2305 omnia,
1444 2249 1560 2293 nec
1595 2229 1793 2294 semel
1828 2237 2107 2293 correcta
2147 2238 2208 2293 et
2245 2232 2561 2295 restituta.
2595 2233 2755 2308 Quae
2793 2252 2945 2299 vero
2993 2254 3076 2300 ex
3108 2236 3472 2316 Epiphanio

217 2347 519 2417 excerpta
552 2349 726 2417 sunt,
756 2356 903 2402 cum
935 2334 1228 2416 ejusdem
1281 2335 1696 2397 Bibliotheca;
1745 2336 1961 2415 Regia;
2000 2335 2220 2398 codice
2271 2353 2401 2400 uno
2453 2337 2804 2413 chartaceo,
2851 2355 3060 2419 eoque
3105 2340 3348 2402 recenti
3399 2355 3472 2402 ac

219 2439 533 2502 mendoso
571 2439 710 2521 (nec
740 2440 911 2501 enim
945 2439 1174 2503 melior
1197 2437 1846 2520 occurrebat),denuo
1874 2447 2014 2518 post
2056 2439 2385 2503 Petavium
2417 2442 2687 2517 contuli,
2722 2449 2782 2504 et
2817 2460 2852 2504 a
2883 2442 3296 2523 quibusdam,
3327 2460 3473 2524 quas

216 2538 575 2600 doctissimi
615 2539 734 2601 viri
767 2537 1169 2618 diligentiam
1213 2536 1542 2618 fugerant,
1590 2539 1818 2601 erratis
1869 2539 2247 2618 expurgavi.
2284 2541 2359 2602 Ut
2397 2549 2458 2603 et
2502 2559 2646 2604 cum
2677 2544 2983 2607 Vaticano
3031 2545 3250 2610 codice
3285 2546 3477 2630 (alios.

215 2641 394 2702 enim
427 2657 578 2704 mss.
629 2639 974 2719 Epiphanii
1021 2637 1280 2704 Panarii
1307 2641 1560 2704 codices
1609 2646 1858 2708 Graecos
1893 2663 2022 2708 non
2074 2646 2249 2726 novi)
2295 2646 2762 2720 conferrentur,
2816 2647 2979 2710 nihil
3024 2648 3200 2728 quod
3251 2649 3319 2712 in
3367 2666 3469 2711 me

213 2734 416 2801 fuerit
445 2738 857 2816 praetermisi;
893 2739 1009 2802 sed
1037 2738 1259 2802 nullus
1291 2743 1504 2804 Grmce
1541 2742 1769 2806 doctus
1799 2746 1916 2825 qui
1955 2745 2274 2808 tantillum
2302 2745 2564 2822 laboris,
2597 2763 2947 2832 paucorum
2991 2755 3158 2810 certe
3187 2748 3468 2822 dierum,

216 2842 552 2921 suscipere
588 2842 982 2921 dignaretur,
1020 2843 1255 2918 Romae,
1289 2845 1400 2906 ubi
1434 2854 1648 2910 tamen
1685 2847 1906 2926 plures
1937 2857 2109 2926 sunt,
2140 2850 2407 2928 reperiri
2443 2851 2670 2928 potuit.
2712 2852 3024 2914 Caeterum
3055 2866 3200 2928 quae
3241 2850 3469 2914 lrenmi

215 2943 434 3003 Graeca
464 2941 544 3004 ab
580 2941 948 3024 Epiphanio
987 2947 1303 3026 descripta
1332 2950 1606 3012 Iacobus
1634 2951 1866 3014 Billius
1899 2951 1965 3016 in
2001 2955 2294 3017 Latinum
2331 2971 2694 3016 sermonem
2728 2955 3063 3027 convertit,
3095 2953 3246 3034 quia
3279 2954 3474 3035 longe

213 3043 580 3126 elegantius
635 3051 1124 3132 accuratiusque
1182 3055 1389 3128 vertit,
1445 3073 1636 3135 quam
1693 3066 1877 3120 vetus
1925 3059 2242 3137 interpres
2281 3061 2583 3136 Latinus;
2623 3060 2803 3125 illius
2851 3061 3463 3140 interpretationem,

204 3146 344 3226 jam
379 3149 794 3211 Feuardentii
824 3151 1091 3214 editioni
1124 3153 1497 3219 Coloniensi
1543 3158 1695 3220 anni
1747 3161 1902 3221 1596
1945 3169 2007 3223 et
2055 3160 2533 3224 Parisiensibus
2583 3163 2890 3244 deinceps
2928 3162 3255 3240 insertam,
3288 3173 3350 3228 et
3396 3164 3474 3229 in

213 3258 501 3315 nostrae
534 3257 798 3335 regione
830 3257 1064 3320 veteris
1093 3257 1536 3338 adjunximus,
1571 3270 1640 3325 ut
1664 3263 1864 3326 altera
1897 3283 1976 3326 ex
2005 3265 2200 3329 altera
2227 3265 2616 3329 illustretur.
2659 3267 2794 3329 Alia
2831 3283 2982 3329 vero
3013 3285 3208 3347 pauca
3237 3270 3466 3332 lrenmi

215 3355 596 3432 Fragmenta
645 3358 881 3434 Graeca,
917 3379 1062 3441 quae
1093 3362 1323 3426 Billius
1365 3365 1584 3427 itidem
1620 3370 1828 3442 vertit,
1867 3385 2140 3448 quaeque
2189 3370 2281 3433 sic
2329 3385 2634 3432 conversa
2681 3371 3150 3434 Feuardentius
3193 3371 3473 3434 editioni.

214 3468 355 3514 suae
385 3453 678 3530 inseruit,
711 3467 774 3522 et
803 3466 1033 3523 nostra;
1060 3464 1293 3542 pariter
1341 3464 1586 3528 inserui
1621 3467 2094 3541 voluissemus;
2128 3471 2239 3532 sed
2283 3487 2427 3531 cum
2460 3470 2590 3533 haec
2617 3471 2829 3533 versio
2875 3488 3018 3533 cum
3067 3472 3266 3535 veteri
3311 3473 3472 3535 citra

213 3554 668 3621 confusionem
699 3567 996 3642 componi
1025 3586 1152 3638 non
1183 3571 1522 3649 potuisset,
1558 3589 1695 3634 eam
1730 3574 2022 3637 omittere
2055 3576 2252 3637 coacti
2286 3591 2536 3637 sumus.

302 3657 525 3720 lrenaai
562 3667 860 3725 textuma
887 3666 1136 3730 mendis
1162 3686 1430 3749 purgare
1467 3688 1687 3748 parum
1726 3672 1980 3744 fuisset,
2030 3673 2159 3735 nisi
2199 3681 2366 3735 recte
2401 3675 2744 3736 distinctus
2791 3684 2980 3756 atque
3034 3679 3284 3744 divisus
3314 3700 3461 3762 pro—

214 3761 409 3822 diret.
446 3765 856 3830 Distinctioni
891 3773 1234 3836 consulunt
1282 3784 1606 3840 consueta)
1647 3779 2134 3841 distinctionum
2179 3787 2344 3840 notae
2397 3787 2563 3857 apte,
2612 3788 2920 3859 quantum
2953 3783 3156 3858 licuit,
3190 3803 3466 3868 quaeque

213 3869 358 3931 suis
397 3870 550 3933 locis
585 3876 914 3951 repositae;
946 3879 1252 3944 divisioni
1286 3900 1436 3946 vero
1465 3902 1625 3948 nova.
1656 3887 1931 3964 capitum
1961 3887 2185 3956 sectio,
2222 3903 2510 3965 novaque
2543 3886 2822 3965 singulis
2859 3887 3105 3960 praeﬁxa
3147 3887 3463 3952 lemmata.

213 3974 478 4036 Factum
534 3976 620 4050 id,
666 3981 839 4058 quod
873 3980 1127 4062 vulgata
1177 3983 1436 4061 divisio,
1491 3996 1551 4049 et
1607 3991 1868 4069 antiqua
1902 3989 2195 4052 lemmata
2253 4007 2380 4051 non
2406 3992 2667 4063 lrenmo,
2715 3991 3149 4069 sedimperito
3181 3992 3457 4074 cuipiam

213 4076 558 4137 recentiori
610 4080 950 4143 tribuendo
999 4087 1354 4149 certissime
1416 4088 1773 4163 videantur,
1817 4098 1882 4153 ut
1935 4090 2001 4153 in
2070 4091 2528 4153 Dissertatione
2588 4091 2872 4153 secunda
2925 4092 3256 4169 probatum
3306 4095 3461 4157 satis

207 4175 709 4240 existimamus:
761 4188 896 4244 tum
950 4187 1124 4265 quod
1151 4190 1471 4252 sectiones
1519 4192 1802 4270 capitum
1858 4211 2025 4273 saepe
2079 4194 2558 4256 absurdissimm
2607 4194 2758 4268 sint,
2815 4213 2942 4258 non
2998 4198 3213 4259 minus
3267 4215 3472 4279 quam.

205 4285 612 4352 argumenta,
670 4295 815 4358 quae
881 4284 1160 4346 auctoris
1224 4290 1612 4351 sententiam
1670 4292 2009 4355 obscurant
2059 4295 2278 4373 potius
2335 4313 2528 4376 quam
2603 4304 3080 4374 repraesentant.
3135 4299 3303 4360 Nihil
3361 4307 3462 4362 ta».
3542 4318 3547 4323 '

208 4395 365 4480 men
397 4387 601 4442 actum
634 4390 751 4458 est,
818 4385 946 4446 nisi
1004 4403 1082 4447 ex
1135 4376 1656 4452 doctissimorum
1717 4392 2052 4456 hominum
2095 4396 2393 4472 consilio,
2449 4396 2646 4476 idque
2694 4396 2762 4458 in
2801 4398 3128 4478 prioribus
3185 4410 3464 4480 quatuor

207 4479 403 4543 libris
467 4484 811 4562 duntaxat;
903 4506 1046 4550 nam
1101 4491 1169 4553 in
1249 4495 1511 4572 quinto,
1599 4498 2110 4563 Feuardentiana
2177 4501 2414 4563 divisio
2499 4510 2561 4564 et
2642 4501 2933 4563 lemmata
2999 4499 3132 4563 fere
3214 4479 3462 4564 servata

208 4590 388 4644 sunt.
444 4586 615 4659 Quin
665 4597 726 4650 et
781 4593 1034 4674 singula
1091 4601 1299 4679 capita
1357 4603 1423 4666 in
1484 4603 1701 4682 plures
1759 4607 2183 4687 paragraphos
2216 4626 2332 4670 seu
2364 4623 2666 4670 numeros
2699 4607 2907 4669 divisa
2941 4615 3113 4682 sunt,
3145 4607 3349 4670 allixis
3379 4608 3458 4670 ad

209 4688 567 4792 marginem
612 4693 914 4763 brevibus
972 4707 1338 4782 summulis,
1391 4709 1630 4789 quibus
1673 4711 1831 4791 quid
1894 4713 2175 4792 quisque
2241 4712 2642 4790 praecipuum
2702 4709 3189 4788 complectatur,
3261 4708 3460 4771 lector

207 4804 380 4889 uno,
415 4789 587 4854 velut
651 4795 890 4861 intuitu
918 4803 1289 4880 conspiciat.
1357 4809 1446 4868 Ne
1503 4789 1713 4869 tamen
1744 4855 1759 4883 ,
1805 4789 2156 4889 qui'veteri
2197 4789 2506 4872 divisioni
2564 4811 2632 4872 in
2673 4808 2944 4872 citandis
2976 4808 3292 4888 capitibus
3357 4825 3460 4870 as-

208 4888 388 4950 sueti
444 4901 619 4965 sunt,
678 4915 759 4958 ex
814 4916 978 4962 nova
1021 4903 1405 4979 turbentur,
1468 4908 2000 4984 Feuardentiana,
2059 4927 2202 4989 qum
2260 4911 2390 4989 jam
2460 4911 2886 4984 communior,
2948 4910 3027 4972 ad
3104 4911 3457 4990 marginem

209 4997 461 5051 δεῖνδίᾶ
518 5001 634 5067 θεῖ,
703 5014 847 5059 cum
895 5004 1215 5064 asteriscis
1272 5007 1336 5067 in
1392 5016 1590 5084 textu,
1625 5009 1864 5088 quibus
1918 5010 2576 5072 Feuardentianorum
2607 5011 2887 5088 capitum
2925 5011 3182 5071 initium
3221 5019 3283 5072 et
3312 5008 3456 5072 finis

210 5093 640 5174 designetur;
701 5121 975 5182 quorum
1027 5108 1217 5171 etiam
1271 5122 1644 5191 argumenta
1700 5114 1944 5191 integra
1975 5115 2164 5177 initio
2221 5115 2435 5193 Operis
2469 5124 2828 5194 comparata
2870 5133 3015 5179 cum
3045 5115 3231 5178 novis
3268 5114 3456 5176 exhi-

211 5194 468 5260 bentur.

293 5300 583 5368 Alterum
641 5312 814 5388 quod
872 5329 984 5390 pro
1039 5317 1228 5379 cilicii
1284 5321 1526 5382 ratione
1580 5323 1898 5401 agendum
1952 5325 2107 5385 mihi
2170 5323 2379 5385 hacin
2436 5321 2722 5385 editione
2778 5321 2960 5396 duxi,
3021 5330 3234 5384 textus
3297 5321 3455 5384 illu-

210 5403 585 5466 strationem
623 5418 882 5487 spectat.
920 5418 1076 5480 Cum
1108 5423 1280 5484 enim
1318 5425 1416 5487 vel
1479 5444 1556 5488 ex
1586 5428 1826 5490 tractati
1884 5428 2243 5507 argumenti
2273 5427 2666 5501 difﬁcultate,
2703 5428 2802 5490 vel
2867 5446 2946 5490 ex
2979 5427 3180 5490 Latini
3246 5427 3452 5490 inter-

212 5509 408 5583 pretis
470 5510 817 5591 imperitia,
878 5522 1378 5592 obscurissimus
1435 5532 1761 5595 interdum
1817 5535 1902 5596 sit
1959 5535 2291 5607 Irenaeus;
2343 5542 2586 5596 textum
2647 5532 3012 5603 emendare,
3048 5530 3449 5594 emendatio-

212 5623 499 5711 numque
558 5617 868 5680 rationem
928 5625 1193 5689 reddere
1226 5631 1380 5691 satis
1417 5649 1557 5693 esse
1592 5650 1718 5693 non
1747 5632 2100 5706 videbatur,
2132 5632 2258 5693 nisi
2315 5634 2504 5694 etiam
2564 5631 2766 5711 caligo
2813 5631 3024 5693 verbis
3086 5629 3293 5694 otl‘usa
3323 5627 3456 5692 dis-

211 5709 586 5781 pelleretur.
623 5720 839 5781 Mouet
869 5724 1147 5791 lrenrcus
1209 5730 1345 5810 ipse
1379 5735 1421 5806 ⁷,
1474 5742 1862 5810 portentum

1792 5734 2064 5799 r'sissima
2091 5742 2145 5794 et
2176 5732 2482 5795 altissima
2506 5749 2634 5794 esse
2653 5709 3097 5795 Ginosticorum
3133 5739 3443 5807 mysteria.

315 5871 324 5886 '
371 5862 538 5934 lren.,
572 5863 726 5921 Praef.
762 5867 796 5923 Ι.
828 5883 865 5935 ι,
894 5884 944 5940 p.
979 5868 1029 5924 5.
