4180 6332
770 408 840 462 19
1854 392 1909 445 S.
1951 390 2274 448 lREN/EUS
2313 389 2612 447 LUGDUN.
2650 388 2863 444 EPISC.
3913 382 3982 436 20

766 538 899 599 qua
958 535 1084 578 non
1145 532 1346 575 omnes
1393 512 1671 590 capiunt.
1731 510 1879 571 Haec
1933 510 2217 589 quidem,
2257 526 2443 588 quam
2499 507 2780 569 dilucide
2827 503 2957 566 ﬁeri
3022 507 3285 582 poterat,
3320 500 3521 578 aperit
3558 503 3616 560 et
3676 496 3978 568 confutat,

766 620 988 697 sicque
1044 626 1173 676 toto
1234 628 1423 683 opere
1482 610 1845 681 insectatur,
1879 615 1949 668 ut
1981 606 2056 669 ab
2111 606 2190 666 iis
2222 622 2547 684 nunquam
2578 603 2798 665 oculos
2829 607 3061 663 avertat
3095 620 3110 671 ;
3149 600 3234 659 ita
3269 607 3474 662 tamen
3511 607 3577 659 ut
3608 600 3719 679 qui
3755 598 3852 659 his
3912 598 3979 657 in

764 716 956 778 rebus
984 713 1385 776 mediocriter
1416 714 1643 774 versati
1692 718 1861 784 sunt,
1896 718 2225 789 totumque
2283 717 2415 769 tum
2455 707 2729 769 auctoris
2779 722 3064 782 scopum,
3124 710 3258 763 tum
3287 700 3798 774 adversariorum
3839 704 3980 781 eius

762 820 1168 901 hypothesim
1230 835 1356 879 non
1419 819 1569 879 satis
1637 827 1869 880 attente
1912 816 2336 888 consnderant,
2400 812 2724 874 interdum
2778 809 2975 871 animi
3010 808 3345 886 pendeant,
3384 806 3607 867 incerti
3662 804 3761 865 vel
3821 802 3980 882 quid

761 929 1124 1007 signiﬁcent
1156 926 1494 987 salebrosa:
1525 930 1585 981 et
1612 920 1916 987 obscurae,
1950 917 2059 979 sed
2091 924 2159 977 ut
2187 915 2531 993 plurimum
2559 913 2923 991 interpretis
2955 911 3160 989 culpa,
3189 912 3501 972 sermonis
3530 911 3844 987 ambages,
3879 905 3981 966 vel

762 1048 1069 1112 quorsum
1108 1035 1345 1105 spectet
1401 1025 1622 1087 oratio.
1671 1022 1783 1084 His
1846 1038 1990 1082 cum
2023 1036 2150 1097 prae
2200 1018 2443 1080 caeteris
2480 1015 2946 1078 consulendum
2975 1013 3193 1086 fuerit,
3241 1029 3591 1089 eorumque
3654 1009 3843 1070 taedio
3910 1024 3981 1069 ac

762 1131 962 1191 labori
1024 1128 1407 1208 parcendum
1443 1172 1461 1201 ,
1535 1122 1815 1186 diﬁicilia
1894 1136 2165 1200 quaeque
2248 1118 2385 1178 loca
2440 1116 2742 1193 subjectis
2808 1113 3017 1175 textui
3076 1111 3287 1183 notis,
3350 1126 3539 1190 quam
3600 1105 3979 1170 brevissime

766 1235 966 1312 potui,
1003 1234 1319 1311 explicare
1370 1238 1631 1292 conatus
1664 1246 1805 1289 sum
1837 1248 1852 1292 :
1902 1226 2114 1287 ascitis
2170 1224 2358 1285 etiam
2386 1223 2716 1284 doctorum
2744 1220 3023 1281 virorum
3057 1212 3635 1277 observationibus,
3670 1222 3981 1286 quaecum

761 1357 885 1417 que
916 1339 989 1400 ad
1050 1336 1327 1399 auctoris
1364 1329 1849 1407 intelligentiam
1874 1324 2230 1385 conducere
2257 1323 2411 1382 visas
2440 1326 2610 1389 sunt,
2644 1316 2756 1378 sed
2786 1315 3036 1376 laudato
3056 1328 3305 1388 semper
3336 1314 3663 1368 auctorum
3697 1301 3982 1363 nomine.

760 1438 823 1498 Si
865 1439 1119 1516 quando
1154 1454 1304 1499 vero
1363 1428 1832 1509 frequentiores
1864 1433 1924 1486 et
1974 1425 2250 1485 fusiores
2282 1423 2618 1483 videantur
2679 1434 2821 1479 esse
2857 1424 3040 1486 notae,
3082 1414 3145 1474 id
3180 1410 3589 1472 tribuendum
3621 1402 3976 1484 argumenti

758 1536 1137 1612 difﬁcultati,
1170 1554 1359 1616 quam
1392 1534 1801 1615 paucioribus
1833 1531 2133 1608 expedire
2170 1545 2299 1591 non
2331 1527 2505 1587 valui
2536 1548 2551 1598 ;
2609 1524 2852 1585 veritus
2884 1538 2993 1594 ne,
3031 1520 3183 1581 dum
3210 1516 3421 1578 brevis
3455 1531 3595 1576 esse
3628 1510 3978 1579 studerem,

759 1641 1069 1703 obscurus
1097 1643 1332 1703 ﬁerem.
1376 1640 1635 1703 Accedit
1666 1637 1837 1717 quod
1870 1653 2013 1697 cum
2048 1635 2217 1696 varia
2250 1641 2310 1695 et
2344 1631 2539 1693 multa
2570 1648 2604 1691 e
2634 1629 2829 1689 sacris
2860 1626 3196 1703 utriusque
3228 1617 3611 1683 Testamenti
3649 1614 3981 1676 codicibus

757 1737 1118 1799 testimonia
1164 1739 1432 1817 proferat
1465 1743 1763 1811 lrenaeus,
1804 1754 1947 1817 qua)
1976 1753 2116 1797 cum
2149 1753 2226 1796 ex
2257 1735 2382 1795 alia
2409 1732 2702 1794 versione
2736 1731 2861 1791 sint
2889 1776 2903 1801 ,
2953 1724 3339 1789 discriminis
3397 1718 3687 1782 nonnihil
3749 1717 3982 1778 habere

757 1842 1134 1906 videbantur
1167 1868 1182 1918 ;
1216 1846 1280 1906 id
1312 1848 1647 1907 observare
1680 1845 1745 1905 in
1776 1843 2038 1923 gratiam
2061 1841 2396 1917 Scripturze
2427 1854 2617 1899 sacrae
2646 1834 3081 1896 studiosorum
3099 1845 3306 1907 Operm
3325 1826 3594 1905 pretium
3624 1824 3831 1883 visum
3861 1829 3959 1881 est

755 1944 878 2015 Qui
911 1953 1119 2006 autem
1153 1946 1466 2025 ejusmodi
1502 1946 1670 2007 notis
1716 1951 1777 2005 et
1806 1940 2359 2005 observationibus
2392 1954 2517 1998 non
2553 1935 2843 2013 indigent
2878 1931 3138 2001 eruditi,
3175 1944 3279 1989 eas
3316 1926 3818 2005 prastermittere,
3853 1923 3958 1982 ire

664 2072 665 2075 η
756 2062 1093 2123 na'umque
1149 2048 1549 2109 continenter
1603 2044 1816 2124 legere
1854 2051 2121 2121 possunt
2155 2064 2171 2113 ;
2230 2040 2297 2101 in
2332 2038 2621 2100 inferiori
2653 2032 3203 2115 quippemargine
3238 2026 3461 2107 positae
3491 2042 3524 2087 a
3556 2030 3736 2085 textu
3787 2019 3978 2082 facile

746 2144 1009 2241 ~seiungi
1042 2156 1309 2223 queunt.
1345 2150 1480 2209 Non
1514 2146 1802 2208 commisi
1833 2153 2065 2218 tamen,
2122 2152 2192 2206 ut
2240 2143 2555 2222 margines
2586 2152 2907 2219 gravarem
2965 2137 3046 2196 iis
3086 2135 3276 2218 notis,
3313 2149 3454 2211 quae
3484 2130 3557 2192 ad
3593 2124 3982 2188 eruditionis

757 2248 846 2324 (in
890 2266 986 2308 me
1036 2258 1201 2311 certe
1233 2249 1503 2329 exiguae)
1537 2249 2025 2312 ostentationem
2089 2249 2415 2316 duntaxat,
2450 2244 2550 2306 vel
2590 2243 2667 2304 ad
2718 2242 3008 2317 dogmata
3040 2245 3099 2298 et
3151 2236 3297 2298 ﬁdei
3328 2231 3798 2297 controversias
3833 2247 3982 2308 per-

754 2348 981 2417 tinent,
1016 2351 1140 2410 nisi
1170 2353 1425 2430 quando
1452 2354 1669 2432 paucis
1726 2352 1935 2413 verbis
1997 2351 2240 2413 absolvi
2299 2353 2693 2426 potuerunt;
2751 2351 2923 2404 ratus
2957 2339 3277 2411 videlicet,
3331 2338 3721 2415 prOprioque
3753 2333 3983 2393 doctus

755 2455 1215 2530 experimento,
1275 2457 1619 2520 lectoribus
1685 2456 1846 2518 nihil
1912 2455 2270 2529 molestius,
2328 2469 2517 2532 quam
2575 2461 2643 2510 ut
2701 2445 2977 2525 singulis
3035 2442 3167 2505 fere
3226 2439 3543 2516 vestigiis,
3576 2431 3983 2512 interpositis

755 2553 976 2627 moris,
1010 2546 1308 2620 insistere
1336 2570 1658 2638 cogantur.
1695 2564 1905 2626 Satius
1941 2578 2081 2623 esse
2121 2560 2300 2630 duxi,
2357 2576 2428 2619 ea
2460 2574 2603 2636 qum
2657 2553 2886 2616 fusiori
2919 2560 2978 2614 et
3006 2548 3378 2613 accuratiori
3413 2540 3701 2605 examine
3731 2537 3985 2615 indige-

752 2647 923 2722 bant,
984 2670 1108 2713 non
1176 2649 1437 2733 quidem
1492 2661 1558 2720 in
1603 2661 1743 2739 ipsa
1781 2660 2180 2731 Prmfatione,
2234 2676 2310 2718 ne
2342 2650 2420 2717 in
2468 2635 2853 2715 immensum
2898 2668 3037 2713 cum
3093 2657 3277 2711 rectas
3326 2641 3607 2708 methodi
3640 2635 3984 2715 dispendio

754 2760 1103 2856 (ξῐςθδοθτθῐς
1163 2756 1274 2816 sed
1308 2757 1373 2816 in
1407 2759 1846 2841 singularibus
1880 2757 2446 2823 Dissertationibus
2482 2762 2879 2833 pertractare,
2914 2752 2979 2811 in
3008 2750 3245 2828 quibus
3278 2764 3377 2808 res
3411 2757 3681 2823 quaeque
3720 2752 3839 2798 suo
3871 2750 3982 2794 or-

753 2845 929 2927 dine;
958 2857 1018 2909 ει
1080 2854 1381 2916 continua
1415 2860 1582 2922 serie
1617 2862 2151 2937 expenderentur.
2203 2861 2356 2918 Tres
2397 2856 2591 2934 igitur
2619 2854 2796 2932 operi
2831 2852 3106 2930 prmmisi
3143 2871 3157 2909 :
3195 2849 3263 2908 in
3292 2845 3491 2923 prima
3518 2841 3597 2900 de
3641 2838 3724 2897 iis
3766 2833 3981 2896 omni-

751 2945 896 3020 bus,
934 2967 1123 3029 quam
1154 2959 1625 3023 accuratissime
1660 2964 1862 3040 potui,
1889 2962 2191 3034 disserui,
2218 2977 2360 3039 quae
2384 2961 2459 3019 ad
2490 2958 2955 3027 haereticorum,
2991 2962 3205 3015 contra
3236 2966 3398 3030 quos
3431 2944 3649 3007 scribit
3674 2944 3983 3009 lrenaaus,

752 3068 1109 3127 personam,
1140 3066 1405 3136 aetatem,
1441 3081 1673 3140 mores,
1730 3065 1960 3142 scripta
1992 3074 2053 3128 et
2083 3065 2368 3142 dogmata
2409 3062 2725 3138 pertinent
2758 3082 2773 3132 ;
2822 3058 3027 3120 fontes
3060 3074 3093 3117 e
3125 3055 3361 3134 quibus
3403 3052 3652 3126 impura
3682 3042 3982 3106 doctrina

748 3153 1150 3231 proﬂuxerit,
1183 3162 1453 3238 aperui;
1512 3165 1935 3244 altissimaque
2002 3180 2225 3225 eorum
2260 3162 2557 3239 mysteria
2618 3165 2959 3227 scrutatus,
3024 3154 3182 3233 quid
3221 3150 3342 3211 sub
3386 3143 3781 3224 aanigmatico
3839 3155 3986 3199 ver-

748 3255 976 3319 borum
1008 3264 1239 3328 cortice
1296 3266 1720 3344 delitesceret,
1775 3278 2060 3348 retegere
2104 3274 2366 3329 conatus
2404 3282 2570 3325 sum.
2608 3265 2675 3323 lu
2713 3260 2991 3323 secunda
3026 3255 3343 3337 quidquid
3387 3254 3465 3314 de
3499 3247 3720 3312 lrenaei
3758 3244 3883 3305 vita
3919 3255 3985 3307 et

751 3360 970 3434 gestis,
1007 3367 1330 3444 martyrio,
1367 3369 1644 3447 scriptis,
1694 3388 1763 3430 ac
1808 3368 2213 3447 potissimum
2258 3367 2336 3426 de
2367 3364 2656 3443 quinque
2703 3362 2883 3421 libris
2916 3356 3300 3419 Detectionis
3334 3363 3388 3413 et
3425 3348 3763 3411 eversionis
3816 3344 3983 3406 falso

751 3463 1552 3543 cognontinalwagnitionis
1578 3470 1771 3549 (hunc
1800 3469 1969 3531 enim
1997 3467 2349 3547 genuinum
2394 3482 2535 3525 esse
2571 3479 2791 3524 eorum
2825 3461 3079 3521 titulum
3112 3457 3349 3518 ibidem
3383 3450 3683 3530 ostendi),
3721 3449 3799 3509 de
3830 3462 3989 3523 ope-

750 3557 839 3619 ris
872 3558 1062 3640 hujus
1093 3565 1389 3639 consilio,
1426 3544 1615 3647 atque
1650 3567 1966 3639 methodo,
2006 3544 2347 3646 quidquid
2379 3564 2661 3641 denique
2712 3564 2789 3623 de
2829 3560 2974 3621 aliis
3009 3556 3207 3619 sancti
3240 3551 3525 3615 Doctoris
3567 3547 3819 3625 scriptis
3872 3544 3988 3604 de—

752 3660 1022 3737 perditis
1081 3665 1146 3726 in
1187 3675 1467 3730 veterum
1496 3672 1929 3733 monumentis
1958 3672 2253 3742 occurrit,
2293 3670 2579 3730 studiose
2611 3665 2867 3745 collegi,
2919 3683 2988 3725 ac
3022 3679 3131 3740 pro
3166 3658 3333 3721 virili
3397 3672 3534 3717 mea
3570 3659 3742 3730 parte
3776 3647 3989 3724 expli-

753 3761 881 3822 cui.
938 3765 1006 3823 in
1062 3768 1245 3828 tertia
1278 3770 1534 3830 demum
1580 3777 1767 3831 totam
1805 3772 1863 3831 S.
1914 3768 2200 3846 episcopi
2233 3770 2545 3829 doctrinm
2584 3743 2813 3827 seriem
2848 3761 3056 3824 evolvi
3088 3782 3104 3832 ;
3145 3759 3405 3827 leviora,
3440 3754 3492 3813 si
3531 3768 3673 3830 quae
3700 3748 3849 3817 sint,
3882 3743 3986 3805 of-

751 3862 1096 3940 fendicula,
1147 3888 1227 3931 ne
1286 3871 1351 3932 in
1401 3889 1473 3933 ea
1527 3879 1764 3932 temere
1814 3872 2134 3951 quispiam
2184 3871 2590 3948 impingeret,
2650 3867 2969 3945 patefeci:
3046 3859 3221 3941 quod
3271 3853 3606 3919 obscurius
3642 3849 3787 3918 Ῡυίι,
3835 3846 3992 3906 illu-

752 3967 994 4040 stravi;
1050 3970 1222 4047 quod
1286 3972 1565 4033 alienum
1618 3981 1678 4034 et
1703 3972 1864 4033 male
1921 3971 2193 4032 aﬁictum
2260 3971 2504 4049 reieci;
2554 3969 2727 4047 quod
2778 3967 2855 4027 ab
2883 3961 3293 4025 heterodoxis
3355 3973 3540 4033 prave
3595 3956 3987 4019 contortum,

752 4070 1064 4149 vanisque
1115 4072 1624 4135 cavillationibus
1658 4075 2085 4145 obscuratum,
2147 4072 2507 4151 explanavi,
2562 4069 2881 4132 vindicavi
2927 4074 2986 4128 et
3018 4062 3287 4126 asserui.
3344 4054 3824 4130 Haec,inquam,
3858 4045 3993 4106 ini-

752 4169 845 4231 tio
874 4173 1084 4247 Operis
1145 4176 1446 4251 praemisi,
1496 4183 1565 4234 ut
1607 4174 1804 4236 lector
1850 4174 2167 4235 inoffenso
2227 4149 2383 4249 pede
2418 4178 2630 4249 posset
2686 4169 2908 4230 lrenaai
2959 4167 3159 4227 libros
3212 4164 3574 4223 decurrere.
3635 4153 3768 4214 Erit
3822 4149 3991 4212 forte

753 4272 859 4333 cui
892 4273 1253 4351 displicebit
1286 4285 1454 4339 tanta
1487 4278 1617 4339 hmc
1646 4278 1999 4338 chartarum
2057 4275 2256 4336 moles
2290 4274 2468 4351 operi
2510 4290 2638 4334 non
2676 4272 2835 4333 adeo
2897 4268 3143 4347 ingenti
3202 4260 3554 4342 praemissa.
3590 4254 3860 4316 Moleste
3926 4256 3992 4311 et

754 4374 894 4451 ipse
927 4376 1044 4437 tuli
1106 4378 1411 4440 foliorum
1448 4382 1904 4459 impressorum
1958 4397 2295 4441 numerum
2358 4384 2583 4454 praeter
2623 4374 2879 4436 modum
2913 4379 2973 4434 et
3025 4364 3562 4446 exspectationem
3594 4353 3987 4420 excrevisse.

754 4476 879 4536 Sed
926 4475 1293 4541 fefellerunt
1332 4451 1745 4560 typographi,
1779 4480 1922 4542 falsi
1964 4489 2023 4540 et
2072 4479 2195 4557 ipsi
2248 4451 2615 4556 paginarum
2650 4494 2843 4537 manu.
2879 4480 3276 4536 exaratarum
3318 4458 3748 4540 inaequalitate
3777 4475 3793 4525 ;
3822 4451 3991 4513 alio-

754 4577 867 4655 qui
924 4578 1075 4639 huic
1132 4578 1533 4642 incommodo
1586 4582 2076 4660 prospexissem.
2137 4580 2419 4658 Singulis
2453 4593 2638 4656 porro
2675 4577 2854 4637 libris
2886 4575 3136 4654 praeﬁxa
3185 4576 3278 4630 est
3315 4565 3523 4627 brevis
3574 4578 3644 4621 ac
3702 4554 3991 4619 dilucida

756 4680 1271 4762 uniuscujusque
1303 4681 1704 4764 analysis(ea
1758 4682 2054 4744 videlicet
2085 4699 2227 4759 qum
2272 4654 2514 4741 dudum
2571 4697 2604 4739 a
2654 4679 3023 4739 doctissimo
3083 4677 3300 4731 nostro
3338 4667 3573 4726 domno
3630 4656 3889 4761 Nicolao
3920 4654 3988 4716 le

755 4786 1009 4861 Nourry
1038 4785 1303 4845 solerter
1334 4751 1725 4855 concinnata,
1753 4782 1830 4843 ab
1878 4782 2019 4858 ipso
2055 4780 2301 4857 vulgata
2332 4787 2427 4839 est
2455 4778 2520 4837 in
2587 4774 2915 4848 Apparatu
2937 4762 3015 4822 ad
3048 4758 3489 4822 Bibliothecam
3520 4751 3848 4814 maximam
3881 4768 3993 4808 ve-

762 4887 960 4938 terum
991 4877 1287 4951 Patrum;
1338 4883 1556 4960 paucis
1587 4848 1972 4960 quibusdam
2006 4896 2116 4958 pro
2148 4848 2389 4938 ratione
2427 4882 2657 4937 nostrae
2712 4868 3015 4933 editionis
3056 4862 3290 4925 additis
3323 4858 3417 4920 vel
3453 4848 3822 4926 immutatis)
3859 4869 3990 4929 qua

754 4987 901 5053 libri
940 5004 1172 5065 smpus
1204 4995 1262 5047 et
1311 4994 1751 5063 argumentum
1790 5002 1915 5044 uno
1948 4983 2117 5043 velut
2147 4990 2491 5058 conspectu
2523 4977 2963 5059 perlustretur.

846 5141 935 5201 Ad
971 5138 1204 5201 calcem
1236 5138 1471 5216 Operis,
1505 5145 1725 5211 prmter
1756 5132 2229 5211 deperditorum
2253 5127 2473 5191 irenaai
2505 5125 2885 5201 scriptorum
2916 5117 3311 5194 Fragmenta,
3346 5124 3424 5169 ex
3456 5104 3649 5167 variis
3682 5110 3814 5163 tum
3848 5103 3996 5164 edi-

756 5241 864 5309 tis,
922 5247 1055 5299 turn
1123 5254 1272 5297 mss.
1325 5235 1506 5295 libris
1568 5242 1765 5304 eruta,
1829 5249 2101 5311 quorum
2160 5230 2444 5308 quaedam
2496 5226 2732 5292 Graece,
2808 5218 2929 5280 alia
2978 5217 3188 5277 Graece
3230 5215 3291 5269 et
3349 5205 3569 5267 Latine
3616 5220 3788 5263 nunc
3847 5205 3990 5281 pri-

760 5358 937 5403 mum
978 5337 1342 5415 prodeunt;
1400 5337 1639 5416 adjecta
1686 5341 1834 5396 sunt
1877 5352 1986 5411 per
2047 5331 2304 5393 modum
2356 5326 2723 5407 appendicis
2769 5322 2889 5382 alia
2943 5336 3020 5379 ex
3076 5321 3356 5375 veterum
3407 5307 3855 5370 Gnosticorum
3903 5304 3993 5364 li-

762 5445 894 5505 bris
955 5447 1268 5518 excerpta,
1321 5457 1463 5516 qum
1517 5439 1783 5515 sparsim
1813 5437 1976 5514 apud
2026 5444 2272 5496 veteres
2306 5436 2515 5493 Patres
2572 5430 2960 5491 occurrunt;
3032 5434 3176 5497 quae
3221 5411 3515 5491 pluribus
3548 5408 3773 5469 ἰντέηωὶ
3829 5408 3995 5471 locns

763 5564 892 5608 non
951 5515 1173 5624 parum
1221 5515 1382 5605 lucis
1442 5544 1703 5604 aﬁ‘erent
1750 5567 1765 5604 :
1832 5560 1909 5603 ex
1970 5541 2088 5603 hoc
2133 5541 2350 5601 saltem
2396 5536 2745 5615 specimine
2788 5523 3182 5606 deprehendi
3236 5518 3417 5580 facile
3488 5516 3741 5593 poterit,
3813 5515 3990 5577 haud

764 5660 926 5704 vana
979 5660 1146 5715 esse,
1214 5658 1355 5717 quae
1397 5648 1529 5701 tum
1591 5643 1895 5711 lrenaeus,
1946 5649 2079 5701 tum
2136 5637 2247 5699 alii
2310 5639 2517 5697 Patres
2548 5635 2625 5695 de
2658 5633 2736 5692 iis
2774 5628 3150 5708 Opinionum
3213 5615 3521 5697 portentis
3559 5615 3966 5689 scripserunt

765 5741 1099 5805 Maximam
1173 5749 1405 5819 partem
1456 5741 1586 5821 jam
1628 5743 1965 5820 cellegerat
2008 5739 2401 5801 clarissimus
2463 5735 2760 5805 Grabius,
2836 5722 3299 5806 Spicilegioque
3377 5734 3495 5777 suo
3542 5723 3826 5777 veterum
3876 5718 3989 5777 Pa—

770 5848 936 5902 trum
999 5846 1057 5901 et
1107 5839 1543 5902 haereticorum
1600 5816 2204 5917 primi—etscrunrli
2266 5834 2477 5896 saeculi
2560 5834 2931 5894 inseruerat.
2989 5822 3286 5898 Qumclam
3368 5821 3441 5883 ad
3514 5836 3662 5881 mss.
3734 5816 3982 5881 Biblio-
