4180 6332
169 373 232 434 il
1347 372 1412 431 D.
1451 372 1805 430 MASSUETI
1844 368 2242 427 PlUE-FATIO.
3346 365 3418 418 22

170 492 360 555 theca:
416 487 783 552 Bodleianae
855 487 1107 550 codices
1158 490 1583 570 recognovit:
1675 488 1966 568 quaedam
2049 493 2109 549 et
2174 486 2312 565 ipse
2367 483 2446 546 ad
2503 499 2655 546 mss.
2717 485 3130 550 Bibliotheca
3197 484 3414 564 Regina

171 598 417 660 codices
468 593 684 673 exegi.
753 595 896 655 Haec
949 594 1268 672 excipient
1346 613 1570 658 eorum
1643 594 2072 668 Praefationes,
2135 592 2618 671 Prolegomena,
2681 599 2845 654 notae
2897 598 2958 652 et
3016 590 3413 653 observatio-

165 717 302 773 nes,
363 697 477 776 qui
525 712 722 757 novas
777 693 1000 756 lreneei
1061 695 1379 758 editiones
1434 697 1742 758 hactenus
1806 695 2236 774 publicarunt,
2295 693 2392 753 vel
2456 693 2890 765 illustrarunt;
2972 700 3040 756 ut
3118 695 3212 756 sic
3283 709 3416 755 uno

172 795 496 858 volumine
540 792 1101 869 comprehensum,
1147 793 1522 880 minorique
1572 802 1833 873 sumptu
1892 794 2168 856 studiosi
2224 794 2693 865 nauciscantur,
2767 793 2939 872 quod
3010 801 3192 858 antea
3255 810 3416 854 non-

172 896 296 958 nisi
344 892 640 970 pluribus
689 901 749 953 et
803 890 1020 970 majori
1075 892 1363 971 impensa
1415 911 1777 973 comparare
1834 895 1958 956 sibi
2013 903 2322 973 poterant.
2362 896 2432 954 Et
2464 894 2724 972 quidem
2756 893 2930 973 quod
2977 893 3054 955 ad
3117 900 3296 955 notas
3353 900 3415 954 et

171 995 644 1059 observationes
694 991 971 1067 attinet;
1017 995 1214 1070 Billii,
1285 997 1627 1059 Frontonis
1691 999 1905 1061 Ducaei
1966 1006 2025 1058 et
2077 997 2489 1066 Feuandentii
2541 997 2823 1073 integras
2867 996 3082 1058 denuo
3129 995 3234 1058 edi
3296 1012 3414 1059 cu-

173 1099 324 1172 ravi,
376 1093 666 1176 quamvis
719 1092 901 1171 plura
940 1096 1070 1174 jam
1121 1114 1200 1158 ex
1237 1095 1317 1158 iis
1364 1098 1852 1178 decerpsissem,
1906 1099 2198 1177 meisque
2247 1098 2722 1173 inseruissem;
2785 1107 2956 1159 ratus
2996 1105 3245 1180 gratum
3311 1116 3411 1159 me

170 1205 479 1268 facturum
528 1199 906 1269 lectoribus,
968 1197 1024 1256 si
1069 1203 1273 1258 totum
1309 1197 1670 1272 exhibeam,
1728 1199 1911 1278 cujus
1955 1206 2157 1275 partes
2204 1203 2385 1258 antea
2435 1195 2731 1274 legerint.
2770 1198 2862 1256 Ex
2918 1195 3196 1257 Gallasio
3248 1214 3410 1275 pau-

173 1307 455 1367 cissimas
512 1301 738 1380 selegi,
803 1316 948 1360 cum
1005 1297 1328 1377 plermque
1360 1299 1523 1361 nihil
1595 1299 1722 1360 nisi
1763 1317 1954 1360 vanas
2007 1299 2421 1376 inﬁcetasque
2485 1296 2978 1358 declamationes
3015 1297 3412 1361 contineant.

173 1411 257 1470 Ex
310 1406 540 1471 Grabio
587 1405 845 1484 plures,
900 1418 1006 1463 eas
1067 1401 1368 1463 videlicet
1418 1421 1578 1482 quas
1635 1401 1960 1467 catholica:
2014 1419 2203 1463 aures
2237 1400 2404 1462 ferre
2447 1398 2716 1477 possint.
2770 1398 3182 1460 Feuardentii
3235 1405 3414 1459 notas

173 1529 299 1572 non
331 1509 629 1572 omnibus
661 1506 913 1586 placere
936 1549 954 1578 ,
998 1506 1504 1567 Protestantibus
1540 1523 1686 1567 vero
1742 1507 2098 1586 plurimum
2164 1503 2506 1583 displicere
2539 1503 2732 1583 probe
2764 1501 2939 1562 novi.
2984 1500 3155 1574 Quin
3204 1506 3412 1561 tamen

174 1632 282 1695 pro
319 1623 602 1693 tempore
648 1612 918 1675 eruditae
952 1609 1112 1682 sint,
1149 1611 1373 1690 virque
1423 1613 1570 1690 pius
1623 1630 1692 1674 ac
1750 1612 1974 1674 doctus
2023 1612 2101 1673 de
2161 1613 2426 1683 Irenaeo,
2480 1618 2738 1689 totaque
2787 1609 3067 1670 Ecclesia
3109 1607 3416 1669 catholica

174 1717 408 1794 optime
435 1715 700 1778 meritus
730 1710 948 1781 fuerit,
997 1728 1185 1771 nemo
1237 1711 1479 1791 absque
1530 1712 1764 1791 injuria
1815 1728 2044 1790 negare
2091 1718 2319 1788 potest.
2373 1713 2550 1788 Smpe
2609 1709 2872 1788 quidem
2920 1709 2998 1769 ab
3032 1715 3409 1787 argumento

172 1816 428 1898 longius
458 1817 772 1890 discedit,
808 1824 869 1875 et
919 1813 982 1873 in
1019 1813 1446 1874 heterodoxos
1498 1815 1810 1877 acerbiori
1857 1832 2047 1895 quam
2081 1831 2190 1893 par
2223 1821 2390 1876 esset
2441 1813 2608 1893 stj'lo
2643 1813 2965 1884 excurrit;
3003 1813 3112 1873 sed
3165 1813 3226 1875 id
3274 1812 3412 1874 zelo

173 1922 492 1984 catholica;
518 1922 697 1993 ﬁdei,
739 1925 800 1980 et
833 1916 1128 1995 tempori,
1165 1933 1294 1996 quo
1327 1918 1725 1981 ferventibus
1788 1919 2245 1980 controversiis
2289 1919 2605 1998 bellisque
2653 1917 2954 1980 civilibus
2981 1963 2995 1991 ,
3053 1916 3414 1986 Calvinistco

175 2021 520 2083 Catholicos
553 2021 879 2098 perpetuis
911 2022 1221 2084 conviciis
1260 2030 1320 2084 et
1350 2024 1688 2085 calumniis
1728 2024 2153 2097 incessebant,
2189 2026 2702 2087 condonandum.
2737 2022 3051 2101 Quisquis
3085 2022 3414 2085 ministro-

173 2139 310 2183 rum
345 2121 524 2182 illius
552 2122 860 2199 temporis
891 2125 1122 2201 scripta
1165 2123 1428 2203 legerit,
1465 2133 1525 2186 et
1573 2143 1762 2204 quam
1817 2126 2250 2186 inverecunde
2309 2125 2649 2188 Catholicis
2699 2126 3082 2188 calumniam
3131 2125 3410 2190 facerent

173 2240 235 2284 ac
264 2222 636 2284 clarissimis
674 2223 1043 2302 quibusque
1075 2226 1329 2284 Patrum
1361 2225 1745 2293 testimoniis
1776 2226 1902 2287 vim
1936 2226 2283 2301 inferrent,
2321 2224 2695 2304 expendcrit
2719 2273 2736 2300 ,
2780 2227 3284 2290 Feuardentium
3324 2229 3414 2291 fa-

174 2328 287 2388 cile
321 2327 670 2389 excusabit.
715 2327 777 2388 Si
811 2343 954 2403 quae
988 2343 1137 2389 vero
1170 2328 1362 2406 hujus
1397 2337 1766 2407 argumenta
1807 2329 2255 2408 intempestiva
2279 2329 2407 2408 jam
2440 2345 2581 2390 esse
2612 2328 2984 2398 videantur;
3021 2345 3144 2390 non
3181 2328 3410 2406 ipsius,

177 2430 280 2490 sed
316 2430 826 2492 adversariorum
859 2432 1046 2509 culpa
1091 2440 1223 2508 est,
1257 2435 1368 2511 qui
1422 2451 1644 2511 parum
1699 2434 1821 2494 sibi
1876 2442 2272 2506 constantes,
2328 2443 2562 2495 mutata
2603 2433 2956 2494 identidem
2993 2435 3410 2497 veliﬁcatione

174 2531 596 2604 retrocedere,
633 2530 944 2610 pluraque
977 2532 1138 2595 male
1170 2535 1515 2597 constituto
1555 2538 1878 2614 systemali
1921 2536 2014 2598 vel
2053 2538 2311 2611 addere,
2345 2537 2443 2598 vel
2472 2538 2763 2608 demere,
2803 2553 2916 2614 pro
2959 2546 3315 2616 temporum
3352 2547 3414 2599 et

176 2643 690 2714 argumentorum
723 2638 968 2698 ratione
992 2684 1008 2711 ,
1042 2638 1237 2698 coacti
1269 2645 1439 2700 sunt.
1479 2639 1702 2701 Acrius
1737 2657 1854 2700 nec
1886 2643 2136 2720 aequius
2195 2641 2636 2702 doctissimum
2693 2640 3018 2704 hominem
3060 2643 3409 2722 reprehen-

176 2737 326 2796 dunt
357 2737 746 2798 recentiores
779 2737 1039 2817 quidam
1063 2783 1077 2810 ,
1116 2737 1289 2816 quod
1321 2737 1680 2801 adulterina
1715 2741 1948 2817 scripta
1981 2758 2106 2802 non
2155 2759 2348 2818 pauca
2376 2786 2391 2814 ,
2426 2748 2494 2802 ut
2543 2761 2691 2803 vera
2741 2743 3133 2822 allegaverit,
3169 2761 3410 2821 eosque

177 2838 392 2900 Libros
421 2849 481 2901 et
514 2843 836 2902 Tractatus
871 2843 1165 2905 Patribus
1199 2842 1492 2922 pluribus
1540 2845 1936 2920 atlribuerit,
1981 2847 2091 2924 qui
2131 2846 2260 2924 jam
2306 2847 2699 2924 supposititii
2760 2866 2899 2909 esse
2951 2858 3408 2926 agnoscuntur.

176 2939 288 3000 Sed
323 2942 679 3003 communis
729 2942 830 3002 hic
870 2941 992 3004 fuit
1028 2960 1202 3005 error
1253 2943 1513 3004 illorum
1566 2952 1922 3022 temporum
1960 2968 1973 3006 :
2007 2947 2291 3008 nondum
2348 2946 2588 3024 quippe
2642 2947 2796 3008 satis
2831 2947 3111 3025 cliquata
3152 2948 3410 3009 veritate

175 3056 368 3119 reque
397 3042 473 3103 ad
515 3042 876 3104 severiores
908 3040 1141 3103 criticaa
1173 3042 1426 3120 regulas
1460 3042 1768 3119 pensitata
1795 3089 1809 3112 .
1855 3043 1918 3104 id
1967 3045 2128 3105 bona
2162 3044 2280 3105 ﬁde
2319 3045 2634 3118 citabatur
2658 3091 2673 3118 ,
2729 3047 2806 3107 de
2844 3064 2972 3126 quo
3016 3046 3234 3108 nullus
3269 3064 3412 3108 esse

175 3144 505 3208 videbatur
533 3147 902 3226 suspicandi
939 3147 1141 3208 locus.
1197 3146 1321 3219 Qui
1362 3146 1945 3226 Magdcburgenses
1983 3148 2194 3227 ipsos,
2263 3149 2709 3228 famosumque
2753 3151 2937 3212 illum
2989 3151 3158 3230 apud
3190 3153 3410 3213 Prote-

175 3254 409 3307 stantes
445 3247 738 3308 criticum
769 3248 1086 3310 Andream
1120 3248 1416 3308 Rivetum
1468 3247 1924 3309 examinaverit
1950 3295 1964 3323 ,
2017 3249 2069 3308 si
2105 3265 2229 3309 non
2283 3248 2552 3322 iisdem,
2602 3250 2666 3310 in
2703 3250 2847 3311 aliis
2887 3259 3097 3313 tamen
3148 3252 3406 3330 gravius

175 3346 383 3428 lapsos
407 3399 421 3427 ,
459 3371 575 3414 nec
612 3353 766 3414 artis
803 3353 1037 3415 critica;
1066 3353 1404 3431 peritiores
1435 3351 1640 3414 fuisse
1678 3353 1850 3413 illico
1886 3353 2344 3431 deprehendet.
2383 3354 2502 3415 Sed
2552 3353 2803 3414 tandem
2836 3353 2890 3414 si
2924 3352 3078 3432 quid
3115 3369 3414 3431 peccave-

177 3449 253 3509 rit
283 3453 769 3528 Feuardentius,
811 3455 1110 3532 gravius,
1154 3470 1292 3514 mea
1324 3454 1585 3532 quidem
1621 3455 1960 3526 sententia,
2007 3461 2239 3532 peccat,
2304 3454 2409 3532 qui
2456 3453 2706 3529 culpam
2752 3452 3072 3514 conﬁtenti
3109 3459 3407 3533 etquam-

176 3552 444 3629 primum
473 3557 837 3618 emendanti
903 3557 1134 3617 iterum
1191 3557 1469 3635 objicere
1515 3574 1639 3618 non
1677 3567 1953 3619 veretur.
2009 3560 2169 3618 Dum
2207 3558 2469 3634 primam
2502 3556 2730 3618 Πριιωὶ
2772 3556 2876 3616 sui
2911 3556 3258 3616 editionem
3303 3553 3410 3614 ad-

177 3662 444 3728 ornaret,
477 3657 764 3718 scribens
798 3658 863 3718 in
898 3639 1043 3717 libri
1077 3656 1249 3717 tertii
1293 3673 1429 3733 cap.
1463 3658 1537 3716 33
1564 3701 1578 3727 ,
1612 3675 1782 3718 nunc
1830 3659 1908 3718 22
1934 3701 1948 3730 ,
1983 3657 2152 3718 inter
2181 3658 2351 3718 varia
2397 3674 2540 3735 qum
2575 3655 2859 3734 ccmgerit
2913 3657 3167 3714 Patrum
3225 3651 3407 3712 testi-

177 3756 418 3827 monia,
453 3774 654 3819 unum
688 3756 861 3818 velut
893 3774 966 3817 ex
1003 3755 1242 3835 Cyrillo
1278 3755 1715 3819 Alexandrino
1764 3757 1873 3818 lib.
1913 3776 1975 3818 vi
2036 3761 2098 3818 in
2131 3757 2386 3836 Joann.,
2418 3781 2551 3838 cap.
2588 3761 2682 3827 15,
2729 3754 2974 3817 addidit
3012 3777 3025 3814 :
3057 3752 3228 3832 quod
3283 3753 3407 3829 Cy-

178 3855 304 3917 rilli
337 3875 457 3918 non
493 3868 610 3932 est,
651 3859 761 3920 sed
787 3860 1006 3922 Jodoci
1042 3860 1416 3935 Clichtovei,
1455 3863 1569 3941 qui
1601 3871 1880 3942 quatuor
1913 3863 2521 3924 Commentariorum
2558 3882 2706 3922 sunr
2740 3880 2819 3922 im
2853 3861 3049 3921 libros
3082 3856 3412 3937 Cyrillinis

176 3956 564 4020 interseruit.
622 3962 847 4021 Eri-ore
902 3963 1115 4021 statim
1147 3962 1363 4040 agnito
1391 4009 1407 4036 ,
1448 3961 1619 4021 hunc
1668 3963 2007 4024 emendare
2039 3961 2364 4022 festinavit
2400 3963 2494 4022 vir
2542 3962 2790 4032 bonus;
2845 3960 2956 4020 sed
2995 3977 3141 4020 cum
3183 3956 3410 4017 folium

171 4063 294 4140 jam
333 4082 443 4142 per
466 4065 896 4143 typographos
927 4084 1236 4126 excusem
1266 4073 1454 4138 esset,
1490 4065 1740 4126 nullum
1772 4064 1948 4126 aliud
1979 4074 2306 4143 supererat
2342 4065 2720 4136 remedium,
2758 4062 2884 4124 nisi
2909 4069 2977 4122 ut
3011 4077 3135 4139 qua
3167 4057 3413 4120 ratione

179 4167 586 4245 corrigendus
624 4174 824 4240 esset,
859 4167 1126 4230 lectores
1157 4171 1545 4249 tempestive.
1583 4179 1869 4232 moneret
1923 4171 1984 4232 in
2036 4179 2395 4232 erratorum
2449 4170 2700 4241 indice;
2735 4168 2908 4248 quod
2955 4173 3014 4228 et
3046 4165 3215 4227 fecit.
3255 4164 3412 4224 Cum

177 4278 377 4330 autem
408 4268 785 4330 Franciscus
830 4270 1086 4343 Suarez,
1119 4271 1288 4332 haud
1344 4270 1502 4334 lecto
1557 4271 1675 4332 illo
1708 4271 1958 4344 indice,
1992 4271 2494 4332 Feuardentium
2549 4268 2841 4331 acerbius
2895 4264 3408 4344 perstrinxisset,

180 4366 366 4446 digne
410 4387 522 4448 pro
567 4368 984 4450 incogitantia
1013 4376 1355 4454 castigatus
1395 4384 1491 4438 est
1528 4379 1594 4438 in
1628 4377 1908 4438 editione
1939 4376 2304 4438 Coloniensi
2341 4378 2490 4438 anni
2526 4377 2700 4437 1596.
2739 4378 2897 4436 Ecce
2931 4383 3164 4446 tamen,
3204 4389 3417 4434 recen-

180 4465 297 4562 tior
327 4466 581 4545 quidam
622 4469 882 4532 criticus
904 4518 919 4546 ,
955 4492 1032 4536 ne
1065 4475 1248 4538 lectis
1279 4477 1543 4556 quidem
1593 4494 1709 4537 seu
1741 4494 1831 4536 me

1760 4484 2095 4537 nemorale
2148 4475 2398 4547 indice,
2454 4493 2571 4536 seu
2609 4475 2776 4535 notis
2809 4474 2872 4534 in
2908 4474 3092 4534 citata
3127 4469 3411 4531 editione

181 4567 423 4642 additis,
455 4571 523 4631 in
560 4571 693 4633 sola
719 4575 1026 4653 Suarezii,
1052 4588 1159 4640 aut
1193 4580 1534 4660 Theophili
1563 4581 1875 4641 Rainaudi
1912 4580 2052 4653 fide,
2091 4588 2368 4642 erratum
2400 4579 2498 4640 bis
2537 4582 2889 4640 correctum
2919 4579 2978 4632 et
3008 4570 3415 4632 emendatum

181 4663 271 4727 illi
300 4669 500 4732 adhuc
529 4672 847 4753 impingit.
879 4677 1128 4753 Quibus
1150 4679 1278 4758 jam
1318 4679 1526 4740 verbis
1556 4679 1881 4757 exciperet
1915 4679 2413 4754 Feuardentius,
2448 4679 2501 4739 si
2537 4678 2801 4748 viveret,
2836 4678 3197 4735 accuratum
3230 4668 3416 4730 illum

184 4784 539 4850 censorem,
590 4778 703 4857 qui
737 4796 900 4858 quos
944 4788 1235 4845 auctores
1286 4786 1649 4864 redarguit,
1691 4802 1771 4846 ne
1828 4784 2012 4862 segni
2065 4784 2328 4862 quidem
2379 4801 2569 4845 manu
2619 4783 2920 4844 evolvere
2959 4777 3307 4856 dignatur?
3339 4775 3416 4836 Ut

184 4879 246 4930 nt
279 4880 392 4946 est,
425 4878 840 4940 Feuardentii
872 4889 1050 4942 notas
1083 4891 1142 4943 et
1172 4882 1652 4945 observationes
1675 4929 1690 4957 ,
1735 4880 1957 4961 quales
1990 4882 2056 4940 in
2111 4880 2488 4941 novissimis
2539 4879 2772 4942 lrenaei
2823 4873 3217 4938 editionibus
3268 4885 3414 4947 pro-

182 4971 452 5047 dierunt,
491 4977 650 5039 tales
683 4981 917 5042 iterum
967 4981 1066 5042 edi
1129 4983 1392 5058 curavi;
1445 4985 1528 5044 ita
1578 4990 1787 5044 tamen
1839 4989 1910 5042 ut
1943 4981 2153 5042 omnia
2206 4981 2499 5060 ejusdem
2545 4983 2762 5063 (quod
2818 4991 2879 5044 et
2926 4982 3099 5044 idem
3150 4977 3228 5038 de
3268 4973 3413 5036 aliis

181 5071 303 5144 dici
354 5076 577 5156 velim)
631 5080 796 5140 dicta
847 5089 906 5142 et
957 5081 1221 5161 allegata
1270 5092 1572 5161 praestare
1630 5082 1854 5144 nolim.
1899 5085 2118 5160 Neque
2172 5083 2343 5142 enim
2375 5099 2408 5143 a
2441 5099 2539 5143 me
2592 5083 3099 5162 exspectandum
3147 5078 3310 5150 fuit,
3346 5083 3417 5136 ut

184 5182 389 5244 omnia
421 5203 561 5264 qum
613 5187 849 5264 profert
896 5201 1228 5253 auctorum
1276 5193 1640 5254 testimonia
1678 5191 2132 5269 expenderem,
2166 5207 2235 5251 ac
2267 5191 2323 5250 si
2358 5191 2506 5269 quis
2541 5193 2604 5252 in
2651 5192 2731 5250 iis
2787 5188 3056 5250 citandis
3088 5201 3263 5246 error
3298 5181 3413 5242 ob-

186 5290 464 5363 repserit,
522 5289 919 5350 indicarem:
955 5290 1187 5351 laboris
1232 5291 1297 5351 id
1347 5293 1644 5352 immensi
1696 5291 1963 5365 fuisset;
2019 5308 2212 5368 quem
2266 5289 2321 5350 si
2367 5291 2835 5369 suscepissem,
2893 5305 3021 5350 non
3065 5288 3192 5365 jam
3245 5284 3415 5362 ipsas

186 5383 583 5447 Feuardentii
630 5395 834 5462 notas,
881 5389 992 5450 sed
1039 5405 1235 5451 novas
1284 5390 1350 5450 in
1403 5391 1904 5452 Feuardentium
1955 5391 2455 5464 observationes,
2504 5391 2682 5452 nullo
2747 5399 2855 5452 aut
2910 5389 3145 5466 exiguo
3199 5384 3413 5446 fructu

186 5484 515 5551 dedissem.
549 5491 708 5553 Cum
740 5498 953 5553 autem
981 5496 1115 5553 tum
1140 5494 1610 5557 Feuardentius
1633 5539 1648 5569 ,
1685 5502 1823 5555 tum
1855 5496 1966 5556 alii
2014 5496 2490 5559 observationes
2521 5513 2668 5557 suas
2705 5498 2780 5559 ad
2814 5501 3092 5558 veterem
3134 5491 3412 5569 capitum

186 5591 558 5670 sectionem,
602 5613 795 5676 quam
837 5597 1289 5676 sequebantur,
1349 5600 1918 5673 accommodarint;
1968 5600 2061 5660 sic
2103 5601 2621 5674 accommodatas,
2656 5618 2734 5662 ne
2775 5616 2900 5679 qua
2932 5595 3222 5658 confusio
3268 5591 3419 5654 sub-

187 5688 478 5769 oriretur,
511 5695 749 5778 reliqui
785 5721 798 5758 :
830 5714 1011 5761 novae
1038 5700 1341 5763 duntaxat
1387 5699 1692 5761 editionis
1733 5701 1936 5780 capita
1969 5708 2028 5763 et
2062 5702 2326 5781 paginas
2360 5701 2436 5763 ad
2480 5701 2828 5781 marginem
2869 5698 3168 5762 indicavi.

261 5844 538 5911 Tertium
572 5845 892 5925 denique,
928 5848 1102 5926 quod
1131 5849 1198 5913 in
1231 5849 1442 5914 animo
1488 5848 1648 5927 fuit,
1696 5851 1917 5917 lectori
1959 5852 2254 5921 videlicet
2307 5868 2376 5914 ca
2419 5868 2640 5934 parare
2695 5856 2754 5912 ct
2807 5848 3034 5910 offerre
3078 5842 3367 5906 subsidia
3395 5881 3410 5912 .
