4180 6332
765 343 835 401 25
1569 337 2163 397 DISSERTATIONES
2197 337 2416 399 PREVI

2363 339 2500 396 WE
2535 338 2601 394 IN
2643 337 2897 395 [BENE]
2939 334 3202 394 LIBROS.
3930 333 4014 390 Μ’

763 456 1004 542 quibus
1032 452 1213 520 labor
1239 455 1381 537 ejus
1409 457 1740 519 minuatur
1760 500 1776 530 ,
1817 455 1912 521 sic
1941 463 2284 519 exsecutus
2316 471 2482 518 sum.
2515 458 2747 518 Praater
2775 461 2904 516 tres
2935 449 3238 529 superius
3281 451 3655 510 memeratas
3683 445 3993 512 Disserta-

761 559 998 633 tiones,
1047 549 1285 636 easque
1318 570 1541 618 omnes
1572 561 1755 616 notas
1784 560 1846 616 et
1879 553 2358 639 observationes
2383 599 2400 629 ,
2452 552 2692 632 quibus
2722 548 3008 614 difﬁcilia
3055 547 3284 610 lrenmi
3322 545 3462 609 loca
3508 545 3832 611 elucidare
3882 564 3995 613 co-

761 666 946 720 natus
975 667 1152 732 sum;
1184 672 1256 718 ac
1289 669 1516 717 novam
1546 652 1821 732 capitum
1846 651 2193 716 sectionem
2216 695 2234 728 ,
2266 667 2561 731 novaque
2590 651 2886 714 lemmata
2916 655 2979 711 et
3006 646 3360 710 summulas
3384 690 3401 720 ,
3447 646 3687 727 quibus
3718 648 3994 710 auctoris

759 773 996 837 scopus
1027 765 1089 819 et
1122 740 1566 836 argumentum
1598 751 1805 816 oculis
1843 750 2224 826 exhibetur,
2259 751 2329 813 in
2363 751 2603 832 quibus
2634 748 2936 813 omnibus
2983 746 3147 808 forte
3197 746 3492 810 nonnihil
3517 748 3673 827 vopis
3721 749 3995 829 quibus-

760 863 906 928 dam
931 863 1168 942 fuerit;
1209 865 1437 943 praeter
1481 858 1653 932 haec,
1707 858 1968 938 inquam
1994 903 2012 934 ,
2055 873 2380 923 accessere
2431 862 2707 935 quatuor
2768 854 3110 934 ampliores
3175 853 3758 936 locupletioresque
3805 874 3995 946 quam

758 963 1070 1033 hactenus
1102 964 1496 1043 prodierint,
1531 964 1807 1027 Indices.
1842 962 2093 1024 Primus
2122 966 2219 1023 est
2247 961 2603 1024 Grmcarum
2632 975 2860 1022 vocum
2903 956 3298 1022 Glossarium
3322 1000 3339 1031 ,
3388 969 3505 1018 seu
3535 956 3850 1030 Lexicon;
3887 973 3997 1020 se-

756 1064 1010 1128 cundus
1047 1063 1412 1131 Latinarum
1442 1064 1874 1128 difﬁciliorum
1895 1107 1912 1138 ,
1947 1066 2008 1125 et
2051 1062 2128 1125 ab
2156 1079 2285 1126 usu
2313 1061 2636 1125 communi
2667 1059 3084 1124 remotiorum
3111 1103 3129 1134 ,
3181 1073 3454 1138 quarum
3488 1055 3843 1138 signiﬁcata
3891 1057 3992 1125 vel

753 1169 1045 1244 Irenaeo,
1079 1185 1197 1230 seu
1245 1167 1385 1248 ejus
1415 1168 1750 1248 interpreti
1777 1165 2034 1247 propria
2059 1211 2076 1242 ,
2120 1166 2222 1229 vel
2263 1171 2402 1228 ’non
2433 1165 2592 1228 adeo
2638 1164 2825 1227 obvia
2873 1171 3048 1228 sunt.
3082 1161 3336 1227 Tertius
3387 1167 3524 1236 est,
3567 1177 3789 1224 eorum
3827 1179 3995 1242 quaa-

756 1283 1017 1346 eunque
1045 1263 1284 1344 profert
1313 1265 1627 1341 Irenaaus,
1660 1266 2002 1344 Scriptura,
2029 1281 2222 1327 sacras
2250 1264 2802 1340 testimoniorum;
2837 1263 3133 1326 adnotata
3162 1263 3375 1340 etiam,
3409 1266 3464 1327 si
3499 1283 3646 1346 quae
3673 1266 3998 1329 interdum

757 1373 1084 1441 occurrat,
1115 1364 1182 1428 in
1220 1364 1475 1430 citando
1502 1381 1634 1428 uno
1662 1372 1724 1427 et
1755 1365 1981 1428 eodem
2025 1364 2429 1441 testimonio,
2478 1363 2848 1427 diversitate
2871 1408 2888 1435 ,
2928 1369 2998 1425 ut
3029 1380 3104 1426 ea
3131 1364 3378 1430 ratione
3430 1367 3775 1446 Scripturaa
3803 1384 4000 1429 saera:

755 1471 1033 1534 studiosi
1063 1472 1289 1534 lrenaii
1321 1469 1576 1534 codices
1620 1485 1834 1533 sacros
1887 1484 2033 1534 cum
2083 1471 2322 1533 nostris
2352 1487 2717 1550 comparare
2750 1467 2938 1532 facile
2993 1468 3275 1549 possint,
3317 1467 3556 1557 quidve
3603 1465 4001 1532 discriminis

755 1568 1116 1655 (levissimi
1151 1569 1360 1650 certe)
1394 1569 1561 1634 inter
1586 1578 1897 1653 utrosque
1930 1567 2279 1634 intercedat
2306 1615 2322 1645 ,
2375 1570 2739 1634 observare.
2771 1571 3050 1645 Quartus
3085 1568 3374 1658 denique
3400 1612 3416 1643 ,
3448 1584 3667 1629 rerum
3703 1566 3998 1629 omnium

753 1673 1240 1752 principuarum,
1275 1688 1420 1752 quin
1447 1679 1580 1736 tum
1610 1673 1780 1752 apud
1809 1674 2028 1752 ipsum
2066 1674 2400 1744 Irenaeum,
2435 1678 2572 1736 tum
2600 1671 2670 1732 in
2717 1670 2953 1733 nostris
2985 1668 3556 1733 Dissertationibus
3588 1673 3654 1731 et
3692 1667 3863 1731 notis
3893 1683 4006 1732 oe-

752 1783 1059 1853 curr‘unt;
1093 1777 1313 1839 addito
1343 1776 1530 1838 etiam
1555 1771 1626 1834 in
1655 1773 1777 1835 ﬁne
1807 1770 2006 1834 altero
2037 1787 2151 1850 pro
2181 1768 2452 1832 aliorum
2483 1767 2652 1832 notis
2685 1767 2928 1832 Indice.

831 1881 984 1940 Haec
1012 1885 1164 1940 sunt
1194 1893 1338 1957 quae
1369 1874 1448 1937 de
1481 1889 1642 1936 nova
1669 1870 2043 1935 hac'lrenaai
2079 1870 2364 1933 editione
2411 1868 2659 1948 praefari
2692 1868 2906 1931 visum
2951 1877 3070 1932 est.
3118 1872 3422 1948 Exposita
3445 1873 3576 1954 jam
3607 1875 3804 1937 totius
3840 1890 4000 1938 con-

752 1979 889 2041 silii
921 1978 1354 2054 mei‘ratione,
1392 1989 1689 2044 cmterum
1715 1977 2020 2056 deinceps
2055 1978 2356 2040 lectorem
2390 1991 2518 2037 non
2561 1975 2887 2052 morabor,
2941 1975 3099 2055 quin
3150 1976 3293 2056 ipse
3348 1979 3679 2058 dispiciat,
3713 1996 3793 2042 an
3829 1996 4002 2059 opus

752 2081 921 2143 votis
953 2089 1015 2143 et
1047 2082 1288 2144 conatis
1315 2080 1719 2159 respondeat.
1754 2079 1940 2153 Quod
1964 2077 2019 2138 si
2055 2077 2137 2138 ita
2169 2076 2288 2150 sit,
2324 2093 2517 2139 unam
2562 2074 2723 2138 hanc
2766 2093 2910 2139 esse
2951 2075 3145 2138 velim
3195 2077 3432 2141 laboris
3477 2081 3836 2143 mercedem
3861 2121 3879 2154 ,
3912 2080 4002 2142 de

753 2178 1040 2245 Ecclesia
1066 2185 1394 2264 quidpiam
1428 2183 1782 2257 meruisse;
1815 2183 2000 2261 cujus
2024 2175 2275 2260 judicio
2315 2198 2717 2261 quaecunque
2765 2197 2802 2242 a
2853 2196 2954 2242 me
2993 2180 3420 2259 prodierunt,
3470 2183 3748 2246 libenter
3781 2181 3996 2264 subji-

753 2286 855 2349 cio
881 2333 898 2363 ,
935 2305 1011 2352 ea
1040 2291 1254 2353 omnia
1287 2290 1627 2353 emendare
1659 2305 1729 2351 ac
1752 2304 2052 2351 revocare
2088 2294 2367 2366 paratus,
2401 2303 2548 2366 quas
2577 2286 2918 2348 emendare
2944 2303 3019 2348 ac
3049 2301 3350 2347 revocare
3384 2282 3679 2363 jusserit.

959 2603 1929 2764 DISSERTA’I‘IONES
2014 2603 2476 2758 PBEWM
2585 2605 2717 2756 IN
2812 2599 3240 2758 IBENIEI
3350 2596 3785 2754 “Bittis.

757 2420 3968 2458 Μ

1625 3041 2572 3158 DISSERTATIO
2650 3045 3138 3158 PRIMA.

789 3264 880 3328 De
907 3262 1223 3327 haareticis
1251 3280 1413 3344 quos
1449 3263 1614 3328 libro
1645 3265 1854 3344 primo
1883 3272 2168 3328 recenset
2197 3267 2480 3328 Irenaeus
2549 3282 2907 3344 eorumque
2937 3263 3209 3339 actibus,
3241 3265 3496 3345 scriptis
3530 3270 3593 3328 et
3622 3264 3942 3328 doctrina.

1735 3599 2404 3691 ARTICULUS
2474 3596 2967 3693 PRIMUS.

2043 3790 2150 3853 DE
2189 3791 2673 3855 VALENTINU.

2333 3961 2401 3972 -
2445 3957 2448 3962 '

1235 4114 1276 4170 1.
1314 4113 1580 4168 Valentini
1621 4116 1816 4182 patria.
2343 4115 2384 4171 Α
2417 4109 2618 4179 plianio
2661 4119 2885 4165 consent

2343 4115 2384 4171 Α
2417 4109 2618 4179 plianio
2661 4111 3000 4177 consentiat,
3051 4111 3144 4181 qui
3189 4112 3515 4185 Φρεόονίτην
3556 4115 3658 4185 τῆς
3705 4113 3987 4184 Αἰγύπτου

809 4206 1024 4286 [l-Xlll]
1053 4207 1409 4265 DeValentini
1439 4207 1611 4276 patria
1633 4218 1685 4261 et
1720 4207 1888 4274 stirpe
1905 4205 2038 4258 nihil
2061 4212 2304 4268 certum,
2413 4201 2796 4272 παραλιώτην,
2847 4201 3220 4256 Phrebonitem
3277 4205 3346 4256 ad
3399 4206 3720 4258 maritima‘m
3760 4207 3985 4278 Egypti

744 4300 1290 4374 Epiplmpiutesteﬂe
1311 4299 1580 4352 veteribus
1600 4297 1840 4365 exsculpi
1862 4305 2063 4365 potest.
2100 4294 2303 4362 Quam-
2414 4309 2562 4345 oram
2608 4307 2730 4348 esse
2778 4294 2988 4348 scribit.
3037 4292 3280 4367 Longius
3336 4295 3481 4349 enim
3541 4313 3571 4351 a
3621 4298 3759 4351 mari
3812 4299 3987 4356 distat

740 4398 824 4452 vis
862 4394 1021 4462 hujus
1047 4391 1297 4447 haeresim
1338 4390 1454 4445 fuse
1495 4389 1852 4460 exagitaverit
1890 4387 2156 4453 lrenaeus,
2187 4387 2303 4441 tunc
2411 4383 2805 4440 Pharbmthites
2833 4401 3057 4453 nomus,
3093 4402 3187 4454 ac,
3222 4403 3288 4442 ne
3314 4387 3534 4457 propius
3566 4391 3823 4454 accedat,
3885 4391 3985 4444 in-

739 4499 922 4544 tamen
949 4486 1060 4540 alto
1097 4483 1298 4555 premit
1336 4483 1581 4542 silentio.
1625 4481 1919 4550 Accepisse
1961 4495 2022 4536 se
2064 4481 2140 4534 ait
2177 4479 2304 4550 Epi-
2410 4477 2693 4531 tercedunt
2743 4478 2969 4533 Tanites
2995 4489 3050 4533 et
3082 4479 3223 4533 Neut
3252 4480 3418 4533 nomi.
3446 4480 3628 4547 Quare
3671 4481 3715 4534 si
3747 4481 3876 4550 quid
3923 4493 3986 4538 et

739 4579 1002 4650 pbanius,
1030 4576 1124 4631 sed
1159 4575 1438 4629 auditione
1467 4573 1610 4638 sola,
1642 4581 1698 4628 et
1725 4572 1867 4626 fama
1895 4614 1909 4639 ,
1950 4587 2054 4627 non
2096 4581 2297 4638 tamen,
2408 4572 2538 4626 milii
2569 4571 2843 4642 conjicere
2881 4573 3066 4640 liceat,
3113 4575 3367 4629 libentius
3421 4578 3566 4643 apud
3612 4574 3980 4645 Epiplianium

742 4670 942 4740 inquit,
969 4681 1141 4738 usque
1170 4663 1306 4719 adeo
1329 4673 1515 4728 certa,
1547 4673 1606 4717 ut
1660 4664 1882 4717 dubium
1917 4663 2100 4728 levet,
2148 4664 2298 4718 illum
2409 4664 2643 4735 legerem
2725 4654 3063 4712 Plitenotitem
3150 4666 3232 4720 vel
3300 4660 3628 4721 Ptenetitem.
3675 4666 3984 4723 Plitenotes

737 4763 1124 4819 Phrebonitem
1155 4773 1298 4824 esse,
1325 4773 1390 4812 ex
1420 4755 1638 4827 Egypti
1662 4758 1896 4824 quadam
1923 4773 2042 4811 ora.
2071 4755 2169 4812 Ubi
2200 4773 2299 4826 pro
2407 4758 2552 4811 enim
2583 4752 2876 4809 Ptolemaeo
2911 4771 3104 4811 nomus
3141 4765 3261 4812 erat
3300 4757 3354 4812 iu
3399 4753 3620 4828 [Egypti
3665 4756 3813 4811 Delta
3836 4798 3849 4820 ,
3879 4773 3983 4812 su-

742 4850 1111 4904 Phrebonitem
1146 4891 1161 4917 ,
1194 4854 1346 4922 cujus
1375 4853 1476 4906 loci
1514 4852 1661 4906 nulla
1693 4851 1832 4921 apud
1859 4861 2070 4906 veteres
2107 4867 2301 4906 occur-
2403 4867 2500 4923 pra
2548 4850 2844 4915 Meteliten,
2881 4851 2934 4905 in
2986 4854 3241 4905 Austrum
3277 4866 3544 4920 vergens,
3580 4865 3679 4904 nec
3713 4852 3899 4920 procul
3941 4869 3975 4907 ει

733 4948 809 5001 rit
840 4947 1065 5008 mentio,
1104 4945 1385 5014 legendum
1417 4945 1695 4999 contendit
1715 4942 2044 4999 Lambertus
2072 4947 2299 5001 Daunius
2404 4946 2576 5006 mari,
2609 4942 2765 5009 cujus
2787 4952 2958 5012 caput
2993 4952 3112 4996 erat
3153 4943 3382 5007 Βοῦτος,
3415 4941 3603 4996 Batus.
3644 4943 3982 5000 Doctissimo

735 5038 805 5093 ad
831 5040 1061 5108 August.
1099 5037 1176 5090 De
1212 5039 1425 5102 hwres.,
1478 5052 1599 5106 cap.
1626 5036 2170 5104 il,P/iarbwthitem,
2204 5056 2298 5093 cu-
2405 5039 2684 5094 Harduino
2724 5039 2862 5091 idem
2915 5052 3037 5091 esse
3073 5037 3290 5090 videtur
3314 5038 3449 5105 ,.qui
3493 5036 3655 5090 Plinii
3683 5031 3975 5104 Ptenetlm,

727 5131 817 5200 jus
854 5131 1134 5186 sententia:
1167 5130 1433 5185 calculum
1477 5129 1667 5198 adjicit
1708 5129 1962 5186 Petavius
1991 5134 2044 5187 in
2078 5133 2193 5187 suis
2227 5135 2295 5187 ad
2401 5133 2496 5187 lib.
2525 5148 2580 5196 ν,
2609 5148 2732 5202 cap.
2767 5131 2820 5196 9,
2854 5131 3015 5199 idque
3051 5146 3240 5183 verum
3275 5145 3474 5184 nomen
3508 5145 3630 5184 esse
3660 5130 3836 5183 credit
3883 5132 3979 5184 vir

727 5224 1091 5294 Epiphanium
1121 5225 1281 5280 notis.
1310 5225 1503 5279 Exstat
1531 5223 1751 5291 quidem
1776 5225 2183 5283 Pbarbaethites
2212 5229 2295 5282 in-
2405 5227 2456 5279 iu
2497 5224 2878 5295 geographicis
2930 5223 3299 5291 peritissimus
3329 5222 3754 5292 Christophorus
3787 5221 3974 5276 Celta-

724 5317 946 5370 ferioris
977 5315 1198 5388 Egypti
1233 5333 1428 5372 nomus
1450 5357 1466 5380 ,
1502 5316 1660 5384 cujus
1698 5320 2008 5387 caputurbs
2036 5321 2290 5376 Pliarbze-
2401 5319 2534 5382 rius,
2586 5320 2713 5386 quia
2748 5317 2799 5369 in
2833 5315 3271 5370 Ciialeedouensi
3303 5314 3511 5384 synodo
3536 5353 3549 5377 ,
3585 5324 3692 5366 act.
3721 5328 3772 5377 ι,
3797 5312 3974 5366 Hera-

726 5415 841 5470 tus,
877 5405 1172 5463 Bubastico
1197 5418 1253 5468 et
1287 5408 1579 5464 Busiritieo
1619 5409 1930 5466 ﬂuminibus
1976 5414 2288 5480 conclusus,
2400 5413 2539 5469 clius
2591 5413 2975 5468 Ptenetheusis
3019 5419 3356 5463 memoratur
3410 5405 3452 5461 ⁸.
3511 5406 3785 5475 Quidquid
3841 5405 3915 5459 sit
3951 5447 3971 5472 ,

726 5497 781 5550 in
812 5498 1094 5552 meridiem
1124 5514 1356 5570 vergens
1380 5542 1393 5564 ,
1424 5502 1580 5569 cujus
1617 5506 1914 5560 meminere
1947 5506 2284 5575 Herodotus,
2328 5491 2367 5545 Β
2397 5508 2785 5563 Alexandriam
2832 5507 3109 5575 profectus
3157 5500 3508 5565 Valentinus,
3539 5502 3611 5553 ibi
3651 5499 3966 5552 Grzccorum

727 5590 820 5643 lib.
858 5606 920 5656 ll,
956 5607 1080 5661 cap.
1115 5593 1239 5658 166;
1273 5595 1492 5659 Strabo,
1520 5597 1616 5650 lib.
1657 5613 1792 5662 xvn;
1828 5596 2059 5666 Plinius,
2092 5601 2188 5654 lib.
2216 5619 2283 5670 γ,
2401 5602 2608 5658 artibus
2659 5616 2764 5654 non
2823 5597 3168 5652 mediocriter
3215 5595 3502 5648 institutus
3551 5604 3652 5646 cst.
3698 5591 3965 5645 Doctissi-

727 5681 929 5748 cap.9.
968 5683 1074 5738 Sed
1114 5700 1311 5740 vereor
1353 5699 1409 5741 ut
1450 5686 1608 5755 hujus
1641 5691 1786 5744 nomi
1830 5691 1966 5746 situs
1998 5709 2118 5746 cum
2152 5696 2281 5765 Εμῐη
2396 5717 2539 5757 mum
2573 5698 2719 5754 enim
2746 5694 2916 5750 fuisse
2937 5691 3129 5749 scribit
3164 5689 3530 5758 Hieronymus
3565 5688 3614 5740 in
3645 5685 3801 5746 Osee,
3838 5701 3961 5748 up,

804 5797 818 5828 ί
864 5795 1157 5868 Epiphan.,
1193 5799 1334 5858 Hm.
1369 5802 1455 5867 3i,
1486 5801 1512 5873 ᾖ
1542 5803 1591 5855 2.
1691 5805 1710 5837 ’
1754 5805 1969 5877 Epipli.,
2005 5808 2132 5862 ibid.
