4180 6332
196 348 263 405 25
1115 346 1579 406 DISSERTATIO
1613 347 1656 414 1,
1698 345 1862 405 ART.
1904 347 1947 411 l.
1989 348 2079 404 DE
2116 344 2532 404 VALENTINO.
3378 344 3451 401 ὀ

201 475 350 538 x,et
390 467 451 523 in
485 466 708 538 Dialogo
751 477 936 522 contra
976 465 1363 538 Marcionitas,
1412 470 1505 541 qui
1556 470 1775 550 Origeni
1807 474 1852 531 Α
1881 467 2505 541 prohavitdoetissimus
2556 464 2884 520 Pearsonius
2930 471 3073 534 part.
3140 477 3179 517 ιι
3239 466 3446 524 γίηάεσ,

199 560 356 629 vulgo
390 559 817 618 ascribiturmbu
838 560 1058 633 εὐτελὴς
1080 562 1249 633 ἀνήρ,
1276 566 1357 617 vir
1398 566 1615 619 minime
1659 564 1773 619 pul-

199 653 341 723 gnris
390 650 619 706 dicitur.
664 651 807 719 Quin
857 651 1051 707 saltem
1080 653 1317 722 'ingenio
1343 658 1596 725 peracri,
1629 666 1686 711 et
1718 656 1771 711 in

200 739 435 796 lectione
462 751 711 796 veterum
743 741 1198 825 philosOphorum
1230 759 1301 800 ac
1344 754 1628 815 poetarum
1664 762 1770 802 non

199 846 392 902 parum
419 844 671 888 versatus
702 844 866 903 esset,
901 850 1005 890 non
1037 837 1260 906 negabit
1282 838 1536 906 quisquis
1559 838 1623 893 ad
1652 840 1772 908 eius

199 932 435 991 syStema
450 938 514 978 ex
536 933 643 977 tam
664 925 847 982 multis
868 936 1085 998 tamque
1102 930 1375 986 abstrusis
1393 931 1550 995 ideis,
1568 935 1766 1000 partim

198 1030 227 1068 a
261 1030 321 1071 se
348 1016 693 1084 excogitatis,
722 1020 922 1088 partim
952 1021 1169 1076 aliunde
1192 1010 1423 1088 haustis,
1463 1025 1557 1079 sed
1584 1039 1769 1079 secum

196 1105 431 1162 invicem
470 1118 741 1179 utcunque
768 1112 967 1181 aptatis
1012 1111 1340 1170 fabricatum
1366 1118 1683 1173 attenderit.
1712 1118 1779 1173 in

192 1199 385 1270 primis
430 1202 783 1272 philosophia:
805 1201 1121 1270 Platonicze,
1146 1207 1212 1260 ad
1236 1222 1399 1277 quam
1423 1210 1769 1279 potissimum

192 1299 432 1345 mentem
451 1293 1044 1362 appeiiehanthostiei
1065 1311 1504 1370 omnes,operam
1532 1301 1767 1369 dedisse,

194 1383 351 1437 testis
393 1393 479 1440 est
530 1385 899 1444 Tertullianus
937 1389 1010 1453 ιθ,
1046 1390 1310 1461 pluraque
1338 1394 1406 1447 ab
1438 1406 1503 1447 ea
1533 1402 1759 1463 accepta

192 1476 447 1546 dogmata
474 1480 873 1536 demonstrant.
902 1482 1037 1538 cum
1068 1484 1122 1537 in
1156 1483 1413 1555 Egypto,
1432 1494 1490 1541 et
1526 1500 1758 1554 praeser-

191 1564 288 1617 tim
329 1566 719 1633 Alexaudrite,
774 1569 995 1640 plurimi
1034 1570 1342 1627 Judteorum
1397 1590 1462 1630 eo
1521 1586 1766 1645 tempore

195 1657 458 1724 vixerint,
491 1659 621 1714 hinc
656 1660 972 1718 verosimiie
1003 1664 1413 1733 putatJoannes
1441 1665 1767 1723 Franciscus

189 1748 477 1814 Buddaus,
533 1750 589 1805 in
645 1751 929 1807 Dissertat.
998 1752 1065 1807 de
1112 1753 1299 1810 htcresi
1363 1756 1625 1815 Valentia.
1700 1760 1766 1813 ad

1878 560 2030 629 epist.
2060 560 2119 617 S.
2151 558 2369 631 Ignatli.
2446 556 2557 612 Nec
2591 555 2722 610 illud
2768 556 2955 611 verius
2999 556 3143 625 quod
3191 556 3449 626 supponit

1875 652 2107 708 Dallazus
2137 691 2153 718 ,
2197 657 2477 704 auctorem
2536 646 2780 718 epistolae
2826 650 2890 701 ad
2949 646 3330 715 Maguesianos
3378 647 3449 702 ad

1874 744 2258 800 haereticorum
2288 742 2454 811 Sigen
2487 741 2790 811 respexisse
2825 758 2839 795 :
2878 742 3036 813 σιγήν
3063 756 3160 811 pro
3208 740 3446 811 simplici

1872 837 2085 890 silentio
2108 834 2330 903 accipit,
2379 833 2631 903 hancque
2661 847 2850 887 vocem
2896 831 2974 902 τῷ
3005 832 3174 896 ἀΐδιος
3198 833 3451 902 opponit.-

1874 927 2002 983 Vult
2045 939 2236 996 nempe
2289 924 2524 982 Verbum
2582 923 2762 979 Patris
2818 932 3081 979 aeternum
3109 938 3257 989 esse,
3298 923 3448 995 quod

1872 1033 2149 1089 nunquam
2204 1017 2460 1083 siluerit,
2522 1031 2623 1072 nec
2686 1016 3005 1083 silentium,
3060 1026 3118 1071 ut
3173 1016 3446 1081 homines.

1842 1111 2161 1190 'aliquando
2232 1109 2440 1178 ruperit
2499 1106 2692 1173 Pater;
2753 1106 2849 1161 sed
2925 1120 3144 1176 semper
3210 1106 3450 1170 locutus,

1878 1203 2107 1259 Verbum
2150 1202 2251 1258 sibi
2301 1198 2773 1256 consubstantiaie
2802 1238 2818 1264 ,
2866 1208 3132 1253 aeternum
3189 1198 3445 1267 proinde,

1872 1292 2117 1367 proferre
2147 1308 2248 1349 nec
2298 1293 2549 1363 caeperit,
2610 1305 2712 1346 nec
2749 1291 3049 1346 destiterit.
3100 1291 3211 1345 Sed
3264 1290 3451 1345 missis

1873 1389 2022 1443 hisce
2057 1387 2467 1451 controversiis,
2502 1401 2624 1455 qua:
2666 1384 2838 1439 nostri
2877 1400 2984 1437 non
3015 1392 3144 1438 sunt
3184 1385 3439 1450 instituti,

1871 1481 2219 1537 Valentinum
2248 1479 2438 1545 citius,
2469 1493 2630 1549 quam
2685 1487 2879 1548 putant
2935 1476 3171 1532 Dailaeus
3197 1487 3251 1531 et
3278 1474 3440 1530 Blon-

1870 1571 2060 1637 deiius,
2088 1571 2261 1639 prima
2287 1569 2479 1624 saltem
2510 1567 2897 1638 pestiferorum
2941 1567 3257 1638 dogmatum
3297 1565 3448 1622 rudi-

1871 1672 2050 1718 menta
2097 1661 2389 1732 protulisse
2417 1699 2433 1726 ,
2475 1659 2781 1715 certissima
2826 1659 3210 1713 demonstrant
3280 1670 3447 1728 argu-

1871 1765 2076 1810 menta.

188 1842 393 1896 calcem
466 1840 893 1899 Introductionis
958 1846 1030 1899 ad
1067 1845 1367 1901 Historiam
1419 1848 1766 1918 philosophia:
1796 1814 1840 1870 Β
1940 1847 1994 1903 3.
2024 1846 2231 1901 Scribit
2258 1844 2587 1909 lreuaaus“,
2628 1842 2969 1898 Valentinum
2996 1839 3220 1896 Romam
3244 1840 3450 1896 renisu

189 1931 564 2001 Hebraeorum,
586 1951 800 1992 excusse
826 1936 974 1992 Haize
1016 1938 1297 1994 Saxonum
1325 1956 1416 1995 an.
1457 1940 1615 2005 i702,
1656 1940 1763 1995 Va-

187 2024 452 2082 lentinum
496 2043 685 2083 eorum
747 2029 1113 2098 philosophia,
1161 2033 1339 2102 qualis
1388 2048 1454 2088 eo
1518 2044 1765 2104 tempore

187 2129 325 2184 erat,
358 2118 528 2175 fuisse
568 2122 857 2175 imbutum.
887 2121 1094 2178 Auctor
1126 2125 1349 2194 quidem
1397 2136 1481 2182 est
1507 2125 1763 2181 Clemens

184 2212 595 2268 Alexandrinus
630 2214 695 2279 “,
766 2214 1061 2284 discipulos
1124 2216 1278 2287 ejus,
1337 2229 1394 2271 ut
1441 2220 1763 2289 inagistrum

185 2308 659 2368 commendarent,
687 2306 945 2377 gloriatos
975 2308 1163 2373 fuisse,
1214 2325 1336 2364 eum
1368 2316 1761 2381 praeceptorem

188 2397 439 2452 habuisse
469 2397 836 2464 Theodadem,
861 2415 956 2455 seu
989 2400 1338 2457 Theudadem
1364 2404 1679 2473 quemdam,
1698 2405 1759 2460 Β.

185 2488 335 2544 Pauli
373 2490 610 2558 apostoli
634 2492 981 2562 discipulum.
1032 2494 1139 2548 Sed
1173 2495 1294 2565 quis
1317 2496 1567 2564 etqualis
1596 2496 1765 2552 fuerit

188 2580 280 2635 ille
311 2579 657 2644 Theodades,
686 2590 739 2637 et
770 2594 975 2653 quanta
1006 2584 1137 2639 ﬁdes
1166 2595 1551 2655 suspectorum
1584 2588 1762 2643 homi-

187 2688 314 2727 num
347 2675 649 2729 narrationi
686 2675 973 2742 debeatur,
1005 2693 1109 2731 non
1142 2680 1281 2732 satis
1309 2687 1548 2734 constat.

699 2767 761 2825 ll.
799 2766 1064 2823 Valentini
1100 2778 1250 2823 tetas.

254 2866 308 2919 2.
342 2861 419 2917 De
450 2871 697 2930 tempore
719 2875 828 2930 quo
856 2861 1077 2923 vixerit,
1119 2870 1214 2914 aut
1241 2875 1463 2918 errores
1488 2876 1617 2917 suos
1650 2862 1768 2917 dis-

192 2951 908 3015 seminaverit'v'alentiuus,
942 2950 1107 3021 paulo
1133 2953 1315 3007 acrior
1347 2964 1429 3009 est
1467 2955 1612 3009 inter
1640 2970 1761 3011 eru-

187 3043 323 3098 ditos
352 3044 668 3114 disputatio.
724 3042 976 3111 Daiiasus,
1012 3052 1071 3097 ut
1103 3047 1367 3115 epistolas
1415 3046 1762 3120 ignatiauas,

1866 1941 1960 1995 sub
1985 1939 2214 2010 Hygino,
2257 1938 2536 1991 increvisse
2560 1952 2682 1989 vero
2719 1936 2814 1989 sub
2847 1934 2967 2003 Pio,
3000 1935 3227 2005 ἤκμασε
3253 1934 3312 2019 δξ
3346 1934 3449 1989 ἐπὶ

1866 2032 2021 2097 Πίου,
2065 2045 2109 2087 et
2132 2046 2446 2103 prorogassa
2470 2038 2669 2097 tempus
2696 2044 2861 2097 usque
2898 2028 2967 2081 ad
2995 2029 3298 2093 Anicetum,
3352 2026 3449 2081 καὶ

1866 2125 2196 2199 παρέμεινεν
2227 2125 2333 2187 ἕως
2395 2121 2697 2193 Ἀνικήτου.
2732 2120 3018 2174 Consentit
3066 2132 3121 2176 et
3180 2119 3451 2175 Eusebius

1868 2220 1920 2273 in
1955 2218 2236 2283 Chronico,
2293 2216 2385 2271 ubi
2410 2228 2619 2273 certam
2659 2227 2961 2287 temporum
2997 2215 3264 2283 epocham
3302 2214 3447 2268 assi-

1867 2322 2017 2383 gnat.
2096 2309 2231 2363 Nam
2289 2311 2355 2363 ad
2413 2325 2619 2364 annum
2690 2310 2946 2363 Antonini
2994 2307 3072 2361 Pii
3120 2307 3180 2370 5.
3242 2304 3443 2361 Christi

1866 2420 1997 2461 vero
2034 2404 2162 2470 Mi,
2200 2404 2308 2458 Sub
2337 2400 2573 2474 Hygino,
2607 2404 2804 2472 inquit,
2834 2401 3087 2455 Romana:
3135 2399 3280 2453 urbis
3334 2398 3447 2467 epi-

1866 2513 2021 2565 scopo
2054 2494 2362 2549 Valentinus
2417 2494 2820 2557 hazresiarches,
2865 2502 2914 2546 et
2972 2492 3143 2547 Cerdo
3189 2491 3449 2559 magister

1866 2588 2158 2647 Marcionis
2188 2586 2406 2641 Romam
2444 2595 2718 2639 venerunt.
2758 2584 2895 2637 Tum
2933 2584 3001 2638 ad
3047 2598 3249 2637 annum
3283 2583 3444 2637 Anto-

1863 2687 1977 2743 nini
2010 2685 2086 2740 Pii
2123 2684 2183 2751 6,
2209 2683 2411 2739 Christi
2440 2697 2568 2734 vero
2600 2680 2723 2743 lu,
2756 2677 2851 2733 Pio
2891 2678 3003 2746 jam
3050 2686 3267 2731 summo
3300 2685 3443 2742 pon-

1864 2778 2048 2832 tiiice:
2088 2774 2393 2829 Valentinus
2437 2772 2713 2826 h'tereticus
2755 2768 3090 2839 agnoscitur,
3131 2774 3179 2818 et
3227 2777 3443 2833 perma-

1862 2880 1945 2924 net
1974 2886 2136 2940 usque
2166 2868 2233 2922 ad
2272 2867 2569 2920 Anicetum.
2604 2864 2673 2916 At
2700 2863 2755 2917 in
2796 2860 2986 2915 Graeco
3017 2855 3240 2912 Eusebii
3276 2853 3445 2924 paulo

1864 2962 2025 3017 aliter
2073 2978 2085 3015 τ
2134 2959 2292 3014 Κατὰ
2341 2954 2642 3011 ΥΓΕΙΝΟΝ
2693 2951 2909 3024 Ῥώμης
2954 2951 3249 3004 ἐπίσκοπον
3300 2945 3447 2999 Οὐα-

1863 3053 2093 3116 λεντῖνος
2135 3052 2269 3114 ἰδίας
2303 3048 2567 3122 αἱρέσεως
2603 3045 2919 3117 εἰσηγητὴς,
2959 3044 3052 3095 καὶ
3083 3040 3307 3111 Κέρδων
3343 3036 3449 3108 τῆς

184 3133 460 3190 Puritanis
539 3136 792 3190 omnibus
851 3137 1309 3207 molestissimas,
1366 3140 1762 3209 suppositionis

1864 3144 2002 3197 κατὰ
2053 3143 2355 3211 Μαρκίωνα
2410 3139 2618 3207 πλάνης
2674 3136 2949 3206 ἀρχηγὸς.
3002 3135 3170 3203 ἄμφω
3208 3130 3302 3184 ἐπὶ
3345 3129 3446 3200 τῆς

185 3236 454 3294 argueret,
482 3242 513 3279 e
542 3241 601 3280 re
637 3242 735 3280 sua
771 3229 1073 3285 arbitratus
1103 3230 1452 3286 Valentinum
1485 3230 1761 3299 iuniorem

184 3318 403 3384 facere,
446 3319 652 3373 nullum
712 3320 945 3390 lapidem
1004 3338 1112 3378 nou
1171 3325 1387 3391 movit,
1449 3334 1508 3377 ut
1554 3324 1761 3395 iguatio

186 3413 543 3480 posteriorem
594 3415 876 3481 probaret.
909 3416 1113 3485 Nempe
1158 3432 1281 3471 cum
1342 3417 1392 3471 in
1425 3418 1656 3487 epistola
1695 3418 1759 3470 ad

186 3502 561 3571 Magnesianos
610 3504 841 3560 Verbum
880 3507 971 3562 Dei
1008 3510 1221 3563 dicatur
1272 3509 1461 3574 ἀΐδιος,
1495 3511 1596 3563 οὐκ
1655 3510 1761 3562 ἀπὸ

187 3594 338 3664 σιγῆς
354 3596 655 3666 προελθεῖν,
676 3609 950 3664 internum,
975 3617 1077 3653 non
1107 3618 1137 3653 a
1158 3601 1368 3654 silentio
1392 3602 1757 3671 progrediens,

187 3686 266 3739 his
290 3688 472 3740 verbis
491 3687 637 3742 feriri
664 3688 779 3742 vult
798 3690 1023 3746 Daliasus
1050 3689 1549 3746 Vaientiuianurum
1572 3680 1757 3763 Euripi.

183 3780 341 3849 Atqui
398 3779 528 3851 Sige
578 3784 716 3845 hinc,
766 3783 962 3851 inquit,
1022 3793 1150 3837 ante
1205 3784 1393 3852 lgnatii
1433 3787 1759 3855 martyrium

186 3875 421 3928 nondum
479 3884 625 3927 nata.
655 3873 883 3944 Primus,
922 3876 1088 3938 enim,
1112 3877 1313 3929 ircnazo
1341 3886 1482 3932 teste
1514 3878 1578 3941 “,
1604 3880 1669 3930 ab
1696 3894 1759 3931 ea

183 3982 295 4034 quin
355 3967 556 4019 dicitur
614 3965 863 4022 Gnostica
912 3969 1168 4037 haeresis,
1205 3973 1456 4041 antiquas
1495 3973 1548 4025 in
1603 3986 1758 4025 suum

184 4061 539 4113 characterem
582 4062 850 4113 doctrinas
880 4064 1205 4129 transferens
1256 4063 1567 4119 Valentinus
1599 4109 1612 4131 ,
1684 4066 1757 4119 sic

186 4152 485 4219 deﬁnivit:
549 4151 875 4205 Dualitatem
944 4155 1226 4223 quamdam
1302 4157 1757 4222 innominabilcm,

185 4243 333 4305 cuius
382 4242 594 4311 quidem
642 4244 844 4312 aliquid
910 4250 1083 4299 vocari
1152 4248 1553 4313 inenarrabile,
1605 4248 1755 4301 aliud

190 4342 356 4385 autem
415 4331 597 4401 Sigen.
648 4334 1061 4389 AtVaientinus
1116 4350 1290 4405 usque
1338 4336 1404 4389 ad
1458 4336 1756 4390 Eleutherii

187 4426 553 4493 pontiﬁcatum
603 4428 767 4479 vitam
825 4431 1111 4495 protraxit,
1171 4428 1221 4481 id
1312 4438 1637 4499 est,usque
1692 4430 1758 4482 ad

1876 3234 2092 3306 Ῥώμης
2130 3230 2509 3304 ἐγνωρίζοντο.
2540 3228 2648 3284 Sub
2681 3227 2892 3298 Hygino
2944 3225 3129 3281 Romae
3200 3225 3444 3295 episeOpo

1872 3328 2188 3383 Valentinus
2234 3324 2463 3392 prapria:
2505 3321 2763 3375 haereseos
2828 3320 3111 3385 conditor,
3161 3330 3209 3372 et
3232 3316 3444 3373 Cerdon

1862 3420 2155 3475 Marcionis
2221 3416 2418 3471 erroris
2473 3413 2811 3475 architectus,
2858 3413 3009 3465 ambo
3064 3410 3243 3464 Roma:
3274 3408 3446 3480 agniti

1860 3525 2005 3568 sunt.
2044 3513 2175 3579 Quae
2202 3520 2382 3564 tamen
2414 3520 2519 3559 non
2557 3504 2692 3559 adeo
2742 3504 2967 3559 difﬁcile
3000 3504 3282 3560 conciliari
3315 3516 3445 3572 pos-

1861 3612 2007 3660 s‘unt.
2053 3602 2321 3658 Existimo
2366 3600 2514 3653 enim
2581 3600 2969 3661 Valentinum,
3014 3610 3138 3650 cum
3203 3595 3440 3664 primum

1862 3698 2089 3753 Romam
2128 3692 2472 3751 advenitsub
2516 3694 2671 3749 initio
2701 3691 3055 3761 pontiﬁcatus
3079 3686 3298 3758 Hygini.
3351 3697 3447 3741 ca-

1864 3790 2121 3845 tholicam
2173 3789 2332 3845 (idem
2362 3786 2669 3850 simulasse;
2705 3798 2829 3837 nam
2857 3796 2919 3836 ea
2970 3789 3127 3847 erat,
3162 3789 3222 3835 ut
3249 3781 3443 3834 obsero

1860 3891 1951 3935 vat
2006 3880 2326 3935 lreuzeusin
2383 3877 2713 3933 Praciatioue
2760 3875 2885 3931 libri
2958 3873 3144 3944 primi,
3176 3879 3232 3927 et
3286 3869 3441 3935 alibi,

1861 3974 2168 4029 istiusmodi
2229 3974 2509 4028 hominum
2556 3970 2791 4035 malitia,
2845 3978 2905 4023 ut
2944 3966 3229 4027 dissimilia
3287 3964 3443 4019 nobis

1860 4066 2139 4120 sentientes
2168 4105 2183 4129 ,
2232 4065 2429 4118 similia
2459 4072 2640 4118 tamen
2675 4061 3053 4132 -loquerenlur,
3085 4072 3191 4128 quo
3225 4056 3443 4111 facilius

1860 4158 2169 4226 abriperent
2211 4156 2476 4213 incautos.
2507 4159 2576 4211 At
2622 4163 2880 4222 vergente
2932 4152 2999 4205 ad
3048 4151 3209 4203 linem
3247 4147 3442 4219 Hygini

1860 4246 2201 4316 pontiﬁcatu,
2261 4246 2487 4300 mentita
2526 4244 2785 4313 iniquitas
2811 4241 2915 4295 sibi
2961 4249 3130 4308 caput
3186 4238 3441 4292 attollere

1861 4338 2060 4407 cmpit,
2125 4339 2301 4391 adhuc
2372 4347 2552 4391 tamen
2602 4334 2890 4396 timidius;
2952 4333 3125 4385 donec
3176 4328 3440 4384 audacior

1864 4433 2027 4498 facta,
2072 4433 2170 4486 sub
2200 4434 2294 4487 Pio
2329 4432 2505 4501 palam
2556 4431 2762 4499 erupit.
2798 4429 2936 4482 Hinc
2967 4428 3185 4496 agnitus
3225 4426 3443 4480 haereti-

188 4530 382 4570 annum
468 4516 672 4572 Christi
720 4520 912 4574 saltem
973 4520 1110 4582 i77,
1144 4536 1251 4590 quo
1314 4521 1403 4574 hic
1454 4496 1752 4575 Ecclesiam
1787 4496 1835 4553 D
1862 4540 1977 4591 cus,
2014 4496 2070 4578 et
2095 4524 2162 4577 ab
2198 4496 2437 4577 Ecclesia
2478 4496 2690 4591 pulsus,
2718 4522 2771 4573 iu
2806 4520 3044 4589 Cyprum
3086 4517 3345 4582 insulam,
3378 4525 3439 4570 ut

188 4623 370 4676 regere
430 4612 617 4680 capit.
660 4612 794 4665 Cum
831 4629 962 4668 vero
1010 4628 1201 4682 passus
1248 4612 1582 4683 sitlgnatius
1611 4629 1755 4667 anno

186 4697 383 4753 Christi
422 4700 545 4766 107,
614 4703 736 4769 quis
763 4704 952 4757 credat
998 4704 1348 4758 Valentinum
1414 4712 1542 4759 tunc
1571 4704 1753 4775 junio-

189 4791 392 4854 rem,si
448 4802 624 4844 tamen
673 4802 830 4847 natus
876 4805 1053 4859 esset,
1088 4794 1341 4864 dogmata
1391 4811 1491 4851 sua
1526 4796 1750 4860 cudere,

190 4884 263 4938 vel
296 4886 485 4939 saltem
542 4900 797 4955 spargere
848 4886 926 4941 sic
978 4888 1237 4956 potuisse,
1296 4896 1357 4941 ut
1399 4889 1752 4943 sanctissimo

188 4978 411 5047 martyri
449 4978 501 5031 in
546 4978 797 5031 notitiam
820 4978 1008 5031 venire
1038 4979 1353 5046 quiverint?
1379 4979 1472 5033 Sic
1497 4979 1749 5034 Dallceus.

186 5068 247 5123 At
260 5072 401 5140 quod
425 5071 585 5124 veluti
608 5081 815 5125 certum
832 5088 891 5125 ex
912 5071 1111 5125 irenaeo
1128 5073 1383 5137 assumit,
1401 5073 1750 5127 Valentinum

189 5163 412 5230 primum
432 5164 671 5216 omnium
690 5164 849 5233 Sigen
869 5163 1379 5237 delinivisse,[XlV]
1399 5164 1750 5219 falsissimum

187 5269 302 5308 esse
321 5257 685 5309 demonstravi
722 5258 773 5309 in
798 5260 940 5311 notis
965 5260 1029 5312 ad
1053 5260 1147 5314 cit.
1179 5274 1299 5329 cap.
1324 5260 1411 5313 il.
1430 5260 1753 5328 thuisquis

189 5345 235 5398 id
285 5349 501 5411 asserit,
538 5348 590 5401 in
621 5338 863 5402 veterum
901 5350 1286 5406 Gnosticorum
1324 5354 1555 5408 historia
1591 5369 1747 5421 pcre—

188 5451 365 5503 gnnus
388 5438 459 5491 sit
483 5454 711 5494 necesse
731 5452 833 5506 est;
860 5443 999 5509 apud
1031 5443 1126 5497 hos
1158 5446 1303 5497 enim
1331 5445 1485 5516 Bythi
1519 5454 1571 5499 et
1594 5445 1748 5515 Siges

186 5527 523 5595 copulatione
575 5530 711 5584 nihil
769 5531 1144 5600 frequentius,
1182 5545 1237 5587 ut
1292 5536 1407 5589 iusc
1453 5547 1505 5588 et
1544 5536 1745 5589 invicte

258 5748 298 5779 "
338 5747 590 5807 Tertuii.,
632 5751 701 5803 De
741 5768 985 5817 praesen,
1026 5769 1141 5819 (Ἃρ.
1174 5754 1225 5816 7,

193 5818 257 5872 lib
320 5836 353 5885 ι,
390 5836 505 5890 cap-
546 5823 630 5879 il.

1260 5755 1328 5807 50
1458 5757 1494 5784 “
1536 5756 1703 5807 Clem.
1738 5754 1912 5813 Alea,
1954 5754 2041 5807 iii).
2088 5770 2176 5819 vn,
2214 5770 2264 5825 p.
2299 5755 2419 5821 '70",
2479 5755 2609 5809 edit.
2680 5752 2844 5805 Puris.
2916 5745 3037 5790 Hi"

714 5823 752 5853 ⁸³
786 5824 880 5878 ld..
913 5824 1008 5882 lii‘.
1043 5840 1125 5892 Ill,
1164 5842 1209 5879 c.
1244 5825 1365 5889 5,4.
1396 5827 1432 5855 “
1477 5826 1647 5893 Eptph
1682 5870 1695 5894 ,
1735 5824 1871 5881 ll‘xr.
1908 5826 1991 5893 5i,
2092 5825 2140 5879 7.

1859 4617 1937 4670 ait
1977 4615 2320 4685 Epiphanius
2348 4613 2412 4681 ιδ,
2440 4613 2599 4682 fugit,
2632 4611 2720 4665 ubi
2764 4613 2833 4663 ad
2858 4620 3147 4663 extremum
3188 4610 3439 4677 inspicia-

1859 4712 1923 4763 tis
1960 4710 2238 4778 prolapsus
2286 4717 2381 4772 est,
2411 4720 2565 4774 seque
2609 4705 2663 4758 in
2704 4720 2841 4767 eam,
2871 4718 3029 4771 quam
3057 4710 3253 4765 tuetur,
3279 4701 3443 4769 ﬂagi-

1856 4804 2053 4855 tiorum
2082 4802 2414 4869 disciplinam
2442 4799 2603 4851 altius
2620 4796 2900 4851 immersit.
2936 4795 3009 4848 lhi
3038 4796 3290 4849 exitiosae
3324 4797 3435 4865 il)"

1858 4882 2069 4963 potiiesi
2111 4907 2421 4962 supremam
2476 4904 2691 4943 manum
2741 4886 3068 4950 admovisse,
3120 4899 3185 4939 ac
3217 4886 3432 4939 deinqu

1863 5001 1893 5038 e
1926 4986 2063 5039 vivis
2092 4982 2390 5037 excessisse
2407 4981 2539 5035 satis
2558 4978 2861 5049 probabile.
2888 4978 3006 5042 Quo
3030 4976 3259 5045 praecise
3288 4989 3435 5028 anno

1864 5078 2001 5131 diem
2041 5076 2262 5137 obicrit,
2298 5090 2401 5127 non
2458 5072 2646 5141 liquet.
2681 5070 2757 5125 Ex
2788 5070 2975 5124 Irenaai
3022 5078 3203 5122 tamen
3237 5077 3292 5119 et
3323 5066 3432 5120 Eu-

1864 5168 1997 5223 sebii
2033 5167 2211 5221 verbis
2257 5176 2407 5221 certo
2466 5164 2759 5234 colligitur,
2816 5164 2881 5215 ad
2930 5173 3174 5229 tempora
3222 5158 3431 5212 Aniceti

1865 5260 2194 5329 pervenisse,
2227 5274 2323 5312 nec
2348 5257 2549 5311 diutius
2580 5257 2798 5310 vixisse.
2832 5256 2951 5309 llaec
2982 5257 3151 5317 enim,
3176 5251 3434 5322 παρέμει-

1863 5371 1949 5404 νεν
2008 5352 2110 5413 ἱἔως
2150 5353 2459 5421 Ἃνικήτου,
2509 5365 2629 5418 quin
2686 5348 2850 5403 vertit
2892 5346 3080 5400 Irenazi
3136 5344 3430 5409 interptzes,

1856 5447 2157 5513 prorogavit
2192 5454 2394 5510 tempus
2421 5442 2583 5511 usque
2610 5442 2679 5495 ad
2714 5441 3014 5501 Anicetum,
3052 5451 3159 5490 non
3200 5435 3431 5489 ulterius

1857 5548 2181 5606 prorogasse
2204 5547 2391 5606 aperte
2419 5537 2749 5606 signiﬁcant.
2780 5533 3249 5600 Quemadmodum
3285 5529 3428 5583 idem

3196 5748 3233 5777 "
3265 5747 3427 5811 lreu.,
