4180 6332
718 370 783 424 27
1509 366 2099 424 DISSERTATIONES
2136 370 2268 425 PRA

2368 369 2434 425 ιΕ
2470 370 2538 427 iN
2573 371 2829 428 ΙΒΕΝᾹΞΙ
2867 371 3132 429 LlBROS.
3869 378 3933 434 28

711 480 951 538 Iretiaaus
978 480 1071 538 lib.
1103 498 1186 546 nt,
1215 496 1333 550 cap.
1367 482 1421 548 5,
1456 491 1513 535 ut
1546 484 1634 535 diu
1670 486 1873 541 vixisse
1915 487 2266 559 Polycarpum
2298 492 2342 547 Α
2370 501 2540 549 retur.
2575 491 2893 546 catholicam
2951 490 3108 543 ﬁdem
3148 489 3419 557 abiecerat
3442 532 3456 555 ,
3489 492 3532 544 si
3575 498 3755 546 tamen
3790 493 3928 564 abje-

713 572 936 634 indicet.
964 572 1151 625 eodem
1198 571 1360 626 verbo
1407 573 1698 643 παρέμεινε
1757 577 1961 631 utitur:
2002 580 2093 638 ἐπὶ
2144 580 2274 634 πολὺ

715 659 826 732 γὰρ
885 662 1205 733 παρέμενε,
1258 663 1479 716 multum
1511 668 1649 718 enim
1683 671 2058 734 perseveravit,
2100 671 2149 724 id
2172 682 2274 736 est,

717 752 809 807 diu
839 754 1002 806 vixit.
1040 753 1420 810 Ememlandus
1447 771 1579 826 ergo
1629 757 1997 815 Tertullianus
2032 761 2277 817 scribens

715 844 810 899 lib.
850 844 927 899 De
979 846 1270 913 pra’script.
1323 848 1478 912 lttBt'.,
1542 864 1660 918 cap.
1719 849 1807 916 50,
1838 851 2165 907 Marcionem
2220 864 2275 909 et

721 935 1061 989 Valentinum
1093 953 1253 1003 neque
1301 938 1430 989 adeo
1453 938 1577 992 olim
1626 939 1813 1007 fuisse,
1865 943 2117 996 Antonini
2162 944 2275 1011 fere

712 1029 1045 1097 principatu,
1094 1039 1142 1081 et
1196 1031 1247 1081 in
1281 1028 1563 1084 Catholica:
1616 1034 1788 1099 primo
1829 1035 2121 1089 doctrinam
2165 1053 2276 1091 cre-

711 1120 910 1172 didisse
946 1122 1084 1187 apud
1122 1119 1413 1175 Ecclesiam
1443 1122 1843 1191 Romanensem,
1873 1130 1969 1181 sub
2010 1131 2275 1199 episcopa-

714 1221 771 1264 tu
820 1212 1111 1265 Eleutherii
1142 1215 1441 1281 benedicti;
1466 1217 1629 1270 donec
1658 1220 1717 1271 ob
1749 1221 2029 1287 inquietam
2074 1240 2274 1290 semper

712 1321 891 1358 eorum
921 1306 1298 1371 curiositatem,
1348 1323 1501 1377 quam
1536 1311 1729 1378 fratres
1779 1328 1982 1381 quoque
2017 1315 2270 1379 vitabant,

718 1396 879 1447 semel
904 1406 950 1448 et
982 1399 1170 1449 iterum
1201 1398 1376 1466 ejecti,
1412 1399 1651 1453 Marcion
1695 1390 1899 1465 quidem
1932 1420 2047 1455 cum
2079 1406 2272 1459 ducem

711 1486 777 1538 tis
804 1489 1078 1551 sestertiis,
1106 1505 1223 1556 qua:
1259 1488 1510 1544 Ecclesiae
1550 1493 1832 1555 intulerat,
1887 1496 2168 1549 novissime
2217 1499 2271 1550 iu

708 1590 1009 1646 perpetuum
1069 1582 1349 1634 discidium
1397 1584 1645 1651 relegati,
1678 1603 1873 1640 venena
1904 1588 2269 1641 doctrinarum

709 1684 926 1720 suarum
979 1670 1469 1725 disseminaverunt.
1515 1673 1571 1727 Si
1611 1675 1753 1727 enim
1806 1691 1975 1744 usque
2011 1678 2074 1729 ad
2108 1678 2268 1730 Eleu-

642 1803 649 1807 .
715 1760 873 1813 therii
916 1771 1126 1815 aetatem
1169 1764 1505 1829 pervenisset
1566 1765 1913 1831 Valentinus,
1971 1770 2021 1821 id
2078 1771 2268 1839 procul

710 1852 874 1906 dubio
907 1869 1008 1908 non
1033 1856 1304 1909 omisisset
1334 1855 1587 1919 tremens,
1616 1860 1703 1925 qui
1737 1860 1835 1912 sub
1861 1858 1965 1927 hoc
2010 1862 2264 1928 pontilice

708 1943 927 1997 tertium
960 1944 1155 1999 librum
1204 1962 1359 2001 suum
1396 1949 1708 2015 scribebat;
1753 1966 1874 2003 eum
1911 1953 2142 2004 maxime
2170 1968 2264 2004 no-

710 2053 835 2091 vum
892 2039 1021 2093 hinc
1080 2041 1246 2094 robur
1292 2042 1609 2096 accessisset
1657 2052 1978 2112 argumento
2006 2082 2020 2106 ,
2057 2044 2201 2111 quod
2234 2061 2263 2096 ιι

709 2130 947 2184 novitate
974 2131 1353 2187 haereticorum
1386 2136 1641 2189 doctrinae
1669 2136 1904 2203 petebat,
1965 2150 2102 2203 quos
2132 2151 2264 2204 apo-

707 2223 868 2277 stolis
912 2226 1078 2277 multo
1125 2227 1423 2294 posterius,
1454 2229 1802 2283 mediantibus
1834 2230 1952 2300 jam
2018 2228 2267 2283 Ecclesia?

706 2316 1022 2385 temporibus
1055 2357 1071 2382 ,
1123 2319 1467 2373 insurrexisse
1508 2321 1563 2373 in
1602 2337 1752 2374 suam
1808 2324 2116 2376 sententiam
2175 2325 2267 2377 dec

704 2411 1062 2464 monstrabat.
1122 2412 1251 2478 Quae
1304 2414 1465 2467 etiam
1528 2414 1604 2467 ait
1658 2416 1709 2467 in
1762 2414 2085 2471 Praefatione
2142 2418 2262 2471 libri

706 2502 904 2568 primi,
950 2518 1009 2557 se
1062 2502 1333 2557 Valentini
1375 2506 1762 2574 discipulorum
1818 2510 2165 2575 sententiam,
2199 2518 2264 2564 de

704 2608 808 2661 qua
852 2594 1099 2648 dicturus
1131 2606 1271 2660 erat,
1304 2598 1636 2663 exploratam
1685 2600 1885 2654 habere
1915 2608 2025 2654 tum
2054 2616 2083 2654 a
2118 2617 2266 2655 com-

705 2689 987 2741 mentariis
1016 2728 1030 2751 ,
1083 2699 1193 2742 tum
1244 2706 1271 2742 a
1316 2694 1698 2761 congressibus
1743 2708 1929 2747 eorum
1958 2736 1973 2761 ,
2009 2695 2098 2763 qui
2132 2711 2266 2748 nunc

705 2774 854 2828 aliud
879 2778 1085 2841 docent,
1132 2777 1406 2833 Ptolemaei
1457 2781 1706 2835 videlicet
1738 2783 2103 2843 asscclarum,
2151 2783 2264 2851 jam

705 2877 816 2923 tum
858 2870 1205 2926 Valentinum
1255 2873 1306 2924 in
1363 2873 1498 2926 vivis
1546 2875 1893 2943 superstitem
1943 2890 2049 2929 non
2099 2875 2267 2930 fuisse

703 2958 1108 3016 demonstrant.
1145 2960 1250 3013 Sed
1275 2961 1493 3015 demum
1526 2964 1653 3031 quin
1701 2962 2067 3018 Tcrtnllianus
2116 2968 2263 3034 gravi

701 3048 1103 3103 anaehronismi
1124 3050 1275 3119 culpa
1297 3060 1561 3116 teneatur,
1584 3053 1831 3107 dubitare
1855 3070 1950 3107 nos
1980 3072 2086 3110 non
2112 3056 2265 3119 sinit,

2380 585 2520 637 cisse
2545 584 2803 637 dicendus
2839 590 2940 646 est,
2991 581 3136 651 quod
3176 582 3313 637 forte
3358 597 3630 652 nunquam
3676 590 3931 654 suscepit.

2380 673 2711 727 Crediderim
2759 674 2903 727 enim
2944 672 3091 727 illius
3163 672 3403 726 animum
3434 673 3813 729 Gnosticorum
3856 676 3933 729 fa-

2377 765 2516 818 bulis
2541 764 2654 830 jam
2686 765 2751 817 ab
2793 763 2953 817 initio
2983 763 3322 818 Alexandriae
3372 764 3659 839 imbutum,
3695 764 3762 820 de
3793 778 3931 819 nova

2381 855 2682 924 hypothesi,
2717 868 2819 922 qua
2853 856 2955 908 sibi
3010 869 3207 908 nomen
3239 853 3465 916 laceret,
3505 853 3819 911 fabricanda
3844 858 3931 911 ci-

2380 947 2482 999 tius
2510 946 2800 1015 cogitasse,
2824 960 2985 1012 quam
3011 946 3076 1000 de
3113 948 3277 999 veteri
3307 946 3565 1013 religione
3608 946 3926 1014 proﬁtenda.

2378 1036 2580 1092 Saltem
2616 1037 2952 1105 Epiphanius
2976 1037 3085 1105 jam
3124 1053 3244 1091 eum
3271 1038 3338 1091 ab
3372 1037 3627 1108 )Egypto,
3654 1039 3740 1093 ubi
3771 1048 3932 1093 natus

2374 1139 2427 1181 et
2460 1130 2718 1182 educatus
2772 1127 2895 1189 fuit,
2930 1129 3243 1182 haereticum
3297 1130 3541 1194 exhibet,
3591 1130 3928 1184 Catholicum

2374 1235 2657 1287 nusquam.
2690 1218 2860 1283 Quam
2913 1219 3075 1288 igitur
3106 1219 3351 1273 haeresim
3389 1219 3458 1271 ibi
3509 1219 3689 1272 animo
3723 1232 3929 1274 conce-

2373 1320 2548 1381 perat,
2583 1312 2651 1364 ibi
2672 1321 2724 1363 et
2755 1326 3012 1379 spargere
3040 1310 3224 1377 cwpit,
3259 1310 3381 1364 licet
3411 1310 3551 1365 forte
3581 1319 3689 1365 tum
3719 1310 3930 1365 rudiori

2373 1401 2627 1472 penicillo
2654 1401 2997 1455 delineatam.
3037 1400 3145 1454 Nec
3175 1399 3394 1470 Egypti
3440 1400 3637 1455 ﬁnibus
3669 1401 3930 1456 conclusa

2372 1492 2527 1546 stetit
2561 1503 2829 1544 venenata
2875 1492 3118 1545 doctrina
3147 1510 3161 1545 :
3197 1493 3434 1546 manavit
3463 1493 3643 1545 statim
3678 1507 3773 1562 per
3797 1492 3936 1545 vici-

2371 1600 2469 1638 nas
2499 1585 2765 1654 regiones,
2798 1584 3101 1653 multasque
3128 1581 3365 1637 Orientis
3392 1584 3930 1652 etAsimprovincias

2371 1678 2696 1745 occupavit,
2742 1678 2857 1729 sive
2914 1692 2941 1730 a
2991 1676 3280 1730 Valentino
3333 1676 3466 1744 ipso,
3524 1692 3645 1728 cum
3695 1675 3935 1741 Romam

2371 1769 2827 1835 proﬁcisceretur,
2881 1768 2994 1822 sive
3024 1783 3055 1822 a
3092 1767 3373 1837 discipulis
3401 1770 3517 1837 ejus
3541 1770 3927 1825 disseminata.

2367 1858 2591 1911 Constat
2620 1858 2903 1925 siquidem,
2934 1873 3053 1910 cum
3104 1857 3353 1912 Justinus
3387 1870 3597 1928 martyr
3647 1858 3928 1930 Dialogum

2367 1964 2523 2002 suum
2562 1967 2676 2006 cum
2720 1950 2988 2021 Tryphone
3025 1950 3326 2013 scriberet,
3370 1948 3481 2015 iam
3511 1958 3620 2002 tum
3655 1951 3930 2004 exstitisse

2368 2040 2419 2091 in
2449 2040 2591 2092 Asiae
2628 2039 2925 2106 provinciis
2960 2049 3166 2093 certam
3201 2049 3255 2094 et
3299 2043 3646 2093 constitutam
3694 2041 3932 2094 Valenti-

2368 2133 2653 2185 nianorum
2727 2142 2966 2197 sectam,
3014 2132 3251 2185 auctoris
3308 2133 3525 2185 nomine
3557 2133 3924 2200 conspicuam.

2370 2203 2962 2293 [XV]Iiisputationem
3013 2221 3157 2274 illam
3193 2236 3314 2274 cum
3367 2220 3656 2292 Tryphone
3720 2219 3939 2286 ludam,

2367 2330 2485 2383 qua:
2535 2314 2803 2368 scribendi
2866 2312 3076 2382 Dialogi
3136 2314 3475 2367 occasionem
3523 2313 3692 2378 dedit,
3731 2311 3933 2381 Ephesi

2368 2405 2603 2459 habitam
2640 2404 2825 2468 fuisse,
2856 2414 3078 2458 testatur
3101 2406 3210 2473 ipse
3237 2404 3487 2459 Justinus
3519 2406 3672 2458 initio
3696 2406 3759 2457 “'.
3791 2404 3928 2459 Cum

2370 2498 2420 2550 in
2454 2499 2680 2551 decursu
2713 2496 2979 2549 sermonis
3003 2495 3299 2571 objecisset
3325 2494 3542 2566 Trypho
3566 2536 3578 2559 ,
3609 2497 3821 2548 audisse
3844 2512 3927 2561 se,

2367 2591 2540 2660 plures
2564 2605 2749 2642 eorum
2774 2588 2863 2658 qui
2892 2603 2947 2641 se
2985 2585 3167 2641 Jesum
3193 2586 3431 2655 proﬁteri
3470 2587 3669 2653 dicunt,
3702 2598 3749 2639 et
3779 2586 3933 2641 Chri-

2368 2684 2526 2737 stiani
2564 2682 2929 2744 nominantur,
2954 2677 3257 2731 simulacris
3284 2687 3513 2731 mactatu
3561 2681 3884 2730 manducare
3913 2720 3928 2743 ,

2367 2786 2413 2825 et
2444 2771 2574 2825 nihil
2597 2788 2650 2824 se
2672 2787 2735 2824 ea:
2763 2786 2823 2823 eo
2853 2786 3035 2836 capere
3052 2768 3351 2821 detrimenti
3378 2769 3571 2829 dicere,
3615 2782 3721 2820 non
3766 2777 3932 2836 negat

2367 2864 2610 2918 Justinus
2635 2903 2647 2921 .
2677 2864 2783 2915 imo
2826 2862 3031 2914 fatetur
3075 2859 3210 2913 tales
3238 2874 3357 2913 esse
3385 2859 3525 2929 apud
3560 2859 3927 2922 Christianos,

2369 2957 2459 3025 qui
2494 2958 2566 3010 ita
2591 2956 2856 3009 sentirent
2878 2962 2931 3006 et
2961 2961 3205 3022 agerent.
3230 2951 3295 3004 Et
3328 2962 3447 3004 sunt
3470 2966 3651 3003 eorum
3682 2951 3926 3019 quidam,

2370 3051 2567 3119 inquit,
2599 3049 2687 3117 qui
2719 3056 2972 3100 vocantur
3017 3045 3382 3106 Marcionita';
3412 3045 3628 3111 quidam
3661 3059 3781 3096 vero
3822 3042 3931 3096 Va-

701 3139 842 3207 quod
879 3140 1131 3193 Antonini
1171 3142 1529 3210 principatum
1573 3158 1695 3198 cum
1730 3145 2020 3199 Eleutherii
2053 3148 2262 3215 episco-
2289 3152 2329 3208 α
2363 3139 2661 3203 lentiuiani,
2712 3136 3032 3189 Basilidiani
3057 3175 3071 3199 ,
3118 3134 3473 3190 Saturni/iani
3499 3175 3513 3196 ,
3575 3146 3622 3187 et
3682 3135 3776 3186 alii
3820 3136 3936 3188 alia

706 3239 833 3296 palu
877 3240 1195 3298 componat;
1269 3248 1388 3285 cum
1435 3244 1613 3287 tamen
1661 3248 1873 3289 constet
1931 3237 2261 3290 Antoninum

702 3321 883 3376 vivere
907 3324 1131 3378 desiisse
1158 3326 1310 3379 annis
1334 3326 1523 3379 saltem
1549 3329 1953 3395 quatuordecim
1976 3341 2261 3397 antequam

703 3412 1002 3467 Romanam
1032 3416 1213 3469 sedem
1245 3418 1628 3472 conscenderit
1662 3419 2031 3474 Eleutherius.
2064 3422 2265 3475 Vereor

701 3520 831 3574 ergo
855 3515 913 3561 nl
945 3508 1238 3575 Septimius
1270 3510 1526 3561 memoria
1552 3508 1736 3577 lapsus
1767 3510 2113 3566 Valentinum
2165 3528 2265 3581 pro

703 3595 945 3651 Cerdonc
996 3599 1294 3665 scripserit.
1329 3600 1457 3664 Qure
1498 3600 1638 3654 enim
1688 3601 1763 3655 illi
1814 3604 2039 3669 tribuit,
2073 3608 2261 3660 eadem

705 3688 789 3739 isti
822 3688 1050 3741 ascribit
1106 3688 1360 3753 lrenaeus,
1396 3690 1494 3743 lib.
1544 3705 1625 3754 ιιι,
1670 3704 1717 3743 c.
1764 3692 1819 3749 4.
1854 3692 1963 3747 Nec
2017 3704 2262 3747 veterum

702 3778 990 3847 quisquam
1053 3779 1194 3832 alius
1258 3780 1532 3834 memoriae
1591 3779 1848 3848 prodidit,
1912 3780 2264 3836 Valentinum

704 3870 886 3923 itania:
915 3869 1033 3937 plus
1091 3872 1253 3924 semel
1312 3871 1555 3925 Ecclesia
1609 3872 1818 3940 pulsum
1864 3872 2067 3939 fuisse;
2122 3875 2262 3942 quod

701 3962 941 4017 Cerdoni
985 3964 1279 4033 contigisse
1307 3973 1519 4017 certum
1554 3974 1658 4018 est.
1714 3964 2033 4032 Quanquam
2081 3974 2259 4019 tamen

704 4057 748 4108 si
783 4058 904 4125 quis
970 4056 1286 4109 Tertulliani
1346 4058 1529 4109 verbis
1586 4056 1896 4124 religiosius
1956 4057 2262 4122 adhaerens,

704 4148 1047 4201 Valentinum
1082 4149 1165 4202 bis
1192 4162 1256 4200 ex
1286 4148 1521 4200 Ecclesia
1567 4148 1807 4201 Romana
1838 4150 2067 4217 ejectum
2096 4150 2265 4202 fuisse

701 4238 1072 4299 contenderet,
1103 4238 1266 4291 semel
1294 4238 1505 4290 scilicet
1531 4240 1632 4292 sub
1656 4239 2005 4305 pontiﬁcatus
2060 4238 2259 4309 Hygini

707 4331 887 4391 tinem,
923 4328 1115 4381 iterum
1172 4342 1297 4380 vero
1332 4327 1431 4379 sub
1475 4327 1591 4389 Pio,
1646 4343 1750 4381 non
1798 4328 1934 4381 adeo
1988 4344 2262 4397 repugna-

706 4422 937 4475 retn.At
979 4436 1098 4474 eum
1130 4421 1186 4473 in
1217 4421 1487 4473 catholica:
1537 4422 1705 4488 primo
1753 4420 2046 4472 doctrinam
2105 4422 2267 4474 credi-

2365 3232 2574 3300 prtuditi
2596 3230 2825 3293 nomine,
2854 3245 2884 3279 a
2920 3228 3153 3296 principe
3172 3228 3445 3279 sententia:
3481 3227 3698 3296 quisque
3741 3243 3929 3280 nomen

2365 3323 2621 3376 obtinens.
2647 3320 2845 3389 thuid
2863 3317 3271 3371 Valentinianos
3300 3332 3481 3370 coram
3503 3319 3719 3370 homine
3742 3315 3930 3369 Iudaeo

2367 3414 2562 3481 Ephesi
2617 3420 2725 3465 tum
2771 3419 3142 3465 commorante
3169 3446 3184 3470 ,
3236 3408 3288 3461 in
3351 3408 3562 3463 Graecia
3606 3418 3786 3462 autem
3819 3448 3835 3471 ,
3869 3420 3930 3463 et

2365 3504 2634 3567 Corinthi,
2669 3514 2726 3557 ut
2780 3504 2894 3571 ipse
2928 3503 3037 3567 ait,
3082 3502 3398 3572 plerumque
3429 3511 3644 3570 agente,
3678 3500 3935 3568 protulis-

2366 3610 2446 3652 set
2472 3598 2744 3660 Justinus,
2778 3597 2879 3651 nisi
2939 3597 2989 3650 in
3019 3597 3082 3650 iis
3135 3596 3447 3664 regionibus
3475 3608 3625 3660 atque
3654 3595 3767 3645 noti
3796 3591 3937 3645 fuis-

2368 3699 2506 3752 sent,
2529 3697 2583 3741 et
2631 3689 2684 3740 in
2719 3697 2920 3741 sectam
2962 3685 3316 3749 coaluissent,
3352 3697 3417 3735 ac
3444 3682 3621 3735 caeleri
3658 3694 3795 3749 quos
3828 3695 3929 3734 no-

2368 3779 2568 3833 minat?
2595 3776 2805 3831 Paucos
2856 3792 2923 3829 ex
2973 3774 3274 3828 notioribus
3323 3770 3595 3825 Gnosticis
3656 3767 3938 3838 appellare

2367 3870 2499 3925 satis
2530 3870 2593 3923 ad
2621 3869 2923 3921 institutum
2976 3865 3192 3919 luisset.
3220 3862 3391 3918 Porro
3434 3862 3680 3916 habitum
3706 3876 3768 3914 ac
3800 3861 3939 3915 scri-

2369 3971 2513 4028 ptum
2542 3959 2709 4012 fuisse
2749 3957 3029 4025 Dialogum
3082 3970 3223 4008 anno
3274 3954 3493 4008 circiter
3552 3951 3753 4007 Christi
3803 3953 3934 4017 155,

2370 4050 2557 4119 paucis
2590 4050 2747 4102 annis
2780 4058 3067 4117 postquam
3124 4048 3355 4114 priorem
3408 4042 3721 4113 Apologiam
3759 4044 3936 4097 Anto-

2368 4144 2496 4197 nino
2543 4141 2641 4197 Pio
2667 4140 2973 4203 obtulisset,
3008 4139 3221 4208 vulgata
3264 4139 3448 4205 Opinio
3498 4148 3599 4191 est.
3660 4137 3938 4191 Monuisse

2367 4233 2630 4301 siquidem
2665 4246 2723 4285 se
2753 4229 2981 4283 allirmat
3018 4231 3083 4295 ¹⁶,
3116 4230 3167 4281 in
3222 4230 3437 4282 laudato
3473 4228 3714 4297 Dialogo,
3753 4227 3938 4281 Ctesa-

2368 4340 2501 4387 rem,
2531 4322 2906 4378 Samaritanos
2936 4321 3242 4387 imposturis
3273 4320 3453 4371 seduci
3479 4320 3531 4370 in
3560 4335 3812 4383 errorem,
3837 4321 3937 4386 qui

2370 4413 2571 4467 Simoni
2605 4412 2769 4481 gentis
2791 4426 2898 4462 suae
2938 4424 3086 4477 mago
3116 4418 3393 4475 parerent:
3436 4423 3587 4476 quem
3637 4405 3789 4459 deum
3819 4421 3935 4458 esse

702 4515 843 4568 disse
868 4514 1006 4581 apud
1053 4513 1346 4566 Ecclesium
1396 4510 1771 4565 Romanensem
1800 4548 1815 4574 ,
1848 4511 2030 4578 ibique
2072 4511 2264 4565 deinde
2302 4488 2342 4539 D
2370 4518 2529 4567 supra
2559 4501 2913 4569 principatum
2934 4507 2980 4549 et
3007 4506 3314 4565 potestatem
3346 4505 3395 4547 et
3426 4498 3667 4548 virtutem
3716 4509 3923 4547 onmem

704 4610 876 4677 prima
909 4607 1173 4661 haereseos
1194 4606 1542 4658 fundamenta
1567 4604 1790 4673 jecisse,
1825 4604 1980 4671 quasi
2011 4618 2039 4656 a
2077 4602 2262 4657 catho-

704 4701 809 4754 tica
837 4697 938 4752 lide
960 4701 1193 4752 nandum
1231 4698 1545 4752 recessisset
1580 4712 1699 4751 cum
1754 4696 1983 4749 Romam
2012 4697 2261 4759 advenit,

715 4804 815 4846 nec
839 4789 962 4845 alibi
1000 4798 1264 4841 terrarum
1294 4798 1451 4838 antea
1484 4785 1699 4855 agnitus
1724 4784 1917 4838 fuisset
1945 4783 2259 4849 haereticus;

702 4880 953 4949 quisquis
978 4893 1042 4931 ex
1068 4876 1425 4941 Tertulliano,
1454 4876 1540 4930 vel
1593 4889 1716 4928 cum
1749 4873 2088 4930 Tertulliano
2120 4874 2261 4926 intu-

705 4972 851 5037 lerit,
903 4986 963 5025 ea
1020 4981 1230 5024 asserat
1292 4985 1513 5025 necesse
1557 4976 1640 5023 est
1672 4983 1791 5034 qua:
1852 4980 1973 5021 cum
2022 4966 2263 5020 historia:

705 5065 936 5119 veritate
970 5070 1227 5130 pugnent.

776 5155 831 5210 ί.
867 5154 1198 5223 Epiphanius
1260 5152 1521 5221 expositis
1585 5148 1856 5207 Valentini
1925 5146 2266 5217 dogmatibus

708 5248 980 5317 subjungit
1006 5246 1033 5318 §
1063 5248 1114 5309 7,
1150 5246 1293 5299 hunc
1325 5261 1385 5298 ea
1420 5262 1471 5298 ιιι
1524 5243 1740 5315 Egypto
1768 5256 2117 5312 prepagasse,
2151 5249 2261 5292 tum

709 5343 939 5405 Romam
961 5339 1262 5409 profectum
1315 5353 1554 5391 errorem
1599 5351 1757 5392 suum
1790 5336 1841 5389 in
1878 5350 1940 5389 ea
1986 5332 2120 5387 urbe
2154 5331 2264 5385 dis—

709 5433 954 5502 sipassc,
995 5447 1057 5485 ac
1089 5433 1303 5485 demum
1338 5430 1402 5482 ad
1438 5429 1672 5499 Cyprum
1713 5425 1973 5492 deiatum,
2022 5424 2265 5478 ultimum

712 5524 832 5578 iidei
865 5522 1203 5592 naufragium
1229 5520 1425 5575 ibidem
1464 5534 1713 5588 passum,
1759 5517 1999 5570 animum
2046 5514 2269 5567 omnino

712 5620 1058 5688 depravasse.
1092 5614 1189 5666 Diu
1221 5628 1349 5682 ergo
1376 5621 1662 5677 antequam
1691 5609 1918 5663 Romam
1959 5605 2273 5676 proﬁcisce-

892 5792 934 5826 "
965 5789 1195 5855 Justin.,
1232 5788 1362 5845 Dial.
1393 5803 1512 5858 pag.
1548 5786 1674 5853 253,
1707 5787 1790 5841 ed.
1823 5784 1997 5840 Paris.
2029 5782 2180 5838 1656.

2265 5780 2305 5811 ¹⁶
2328 5777 2455 5849 Pag.
2491 5776 2614 5833 549.

2367 4594 2572 4647 dicunt.
2598 4590 2723 4644 Haec
2754 4604 2882 4643 vero
2910 4604 3029 4643 cum
3055 4590 3105 4642 in
3137 4589 3299 4642 citata
3330 4586 3587 4654 Apologia
3613 4594 3933 4653 occurrant,

2366 4684 2568 4738 nemini
2594 4684 2814 4737 dubium
2864 4696 2984 4736 esse
3031 4691 3228 4751 potest,
3263 4680 3393 4749 quin
3448 4687 3571 4747 post
3619 4676 3936 4745 Apologiam

2366 4779 2602 4832 oblatam
2655 4776 2889 4844 scriptus
2942 4774 3012 4828 sit
3056 4772 3336 4840 Dialogus.
3369 4770 3521 4825 Hanc
3561 4784 3737 4825 autem
3780 4768 3936 4823 obla-

2368 4879 2475 4921 tam
2504 4868 2690 4922 volunt
2721 4880 2863 4920 anno
2900 4863 3101 4919 Christi
3161 4862 3280 4916 150.
3333 4862 3544 4917 Asserit
3585 4862 3729 4915 enim
3756 4858 3933 4912 Justi-

2374 4974 2474 5012 nus
2512 4958 2575 5023 ιτ,
2633 4964 2744 5009 tum
2804 4970 2925 5008 cum
2989 4952 3279 5017 scriberet,
3330 4962 3453 5006 ante
3512 4968 3675 5005 annos
3723 4962 3930 5004 centum

2373 5050 2759 5120 quinquaginta
2803 5047 3147 5101 Christianos
3180 5060 3476 5098 asseverare
3520 5044 3789 5097 Christum
3835 5047 3933 5095 sub

2375 5142 2595 5211 Cyreuio
2622 5148 2799 5192 natum
2826 5154 2956 5190 esse.
2986 5138 3091 5191 Sed
3123 5150 3243 5189 cum
3274 5150 3337 5188 ea
3390 5134 3642 5201 loquendi
3698 5131 3933 5187 formula

2375 5250 2479 5288 non
2530 5232 2662 5285 adeo
2714 5239 2919 5283 certum
2984 5245 3248 5283 annorum
3308 5243 3591 5281 numerum
3640 5227 3935 5295 exprimat,

2374 5326 2500 5395 quin
2542 5323 2664 5376 addi
2688 5322 2962 5389 quidpiam
2990 5332 3081 5372 aut
3111 5319 3319 5373 detrahi
3357 5318 3549 5386 possit,
3584 5331 3684 5371 nec
3710 5317 3938 5371 aliunde

2377 5424 2717 5483 constetque
2749 5412 2975 5482 Augusti
3009 5411 3222 5481 imperii
3251 5425 3390 5463 anno
3439 5420 3625 5463 natum
3654 5409 3936 5463 Christum

2377 5510 2535 5563 vellet
2563 5507 2663 5561 SS.
2698 5516 2939 5575 martyr,
2969 5506 3227 5571 scriptam
3268 5501 3578 5571 Apologiam
3618 5514 3762 5554 anno
3811 5515 3943 5554 arra.-

2377 5601 2621 5671 vulgaris
2670 5599 2813 5662 150,
2874 5598 2998 5651 hinc
3054 5597 3259 5665 liquido
3315 5594 3562 5650 concludi
3615 5609 3771 5665 posse
3828 5609 3949 5652 non

2697 5777 2736 5807 "
2770 5774 2897 5843 Pag.
2932 5774 3017 5828 85.
