4180 6332
241 395 312 448 ‘29
1168 398 1620 456 DISSERTATIO
1657 401 1698 464 Ι,
1739 403 1904 458 ART.
1944 403 1984 466 1,
2024 405 2108 458 DE
2151 404 2561 461 VALENTINO.
3412 411 3481 466 50

245 510 400 564 video
439 525 602 565 :cum
645 512 880 566 maxime
909 528 1090 568 verum
1116 515 1316 570 Christi
1369 516 1606 572 natalem
1658 520 1815 573 annis
1844 528 1888 582 Α
1920 525 2146 592 proinde
2172 541 2292 578 cum
2328 525 2413 578 vix
2444 526 2605 578 citius
2630 524 2794 578 scribi
2826 525 3064 594 potuerit
3094 528 3373 598 Apologia,
3414 548 3480 584 eo

244 612 479 672 quatuor
507 603 703 658 solidis
754 619 915 659 :eram
968 607 1244 678 vulgarem
1309 619 1674 674 antevertere,
1703 612 1813 678 jam

244 705 450 749 certum
482 696 554 750 sit
578 697 720 764 apud
750 697 1011 752 eruditos.

316 785 369 840 5.
411 784 588 842 Citius
616 803 744 856 ergo
775 791 1034 858 scriptam
1080 792 1388 860 Apologiam
1418 794 1680 857 arbitror,
1710 808 1813 846 non

243 877 460 948 quidem
487 880 777 944 anqui,
817 891 874 934 ut
925 882 1034 935 vult
1098 884 1365 940 Eusebius
1425 887 1478 939 in
1531 886 1814 948 Chronico,

247 972 342 1024 sed
372 987 518 1026 anno
551 973 774 1042 circiter
800 974 919 1027 145.
942 974 1098 1029 Plura
1123 978 1386 1046 siquidem
1411 977 1551 1034 hanc
1570 987 1814 1033 nostram

246 1065 626 1132 coniecturam
657 1066 875 1121 ﬁrmare
918 1068 1190 1146 videntur.
1221 1069 1461 1126 Primum
1490 1071 1632 1140 quod
1665 1073 1816 1127 Anti-

247 1159 335 1212 noi
364 1175 556 1214 recens
601 1162 651 1212 in
693 1162 919 1216 deorum
975 1180 1261 1218 numerum
1321 1167 1506 1231 relati,
1544 1166 1814 1221 Ἀντινόου

243 1252 336 1305 τοῦ
371 1253 466 1305 νῦν
496 1255 884 1327 γεγενημένου,
909 1259 1237 1313 meminerit.
1267 1259 1668 1316 PorroAntinoi
1689 1277 1815 1330 apo—

250 1340 454 1402 theosis
488 1342 556 1395 ab
591 1349 830 1403 Adriano
882 1349 1017 1403 facta
1070 1363 1154 1406 est
1200 1367 1342 1408 anno
1373 1351 1580 1407 Christi
1615 1353 1736 1416 150,
1769 1354 1813 1409 si

245 1434 466 1489 Eusebii
531 1437 815 1505 Chronico,
844 1441 947 1495 .vel
986 1442 1107 1507 151,
1140 1451 1232 1495 aut
1267 1442 1387 1506 132,
1416 1444 1458 1495 si
1482 1445 1605 1499 aliis
1640 1445 1809 1507 ﬁdes;

247 1531 487 1582 recentis
526 1531 754 1597 proinde
806 1537 1104 1595 memoriae.
1145 1537 1190 1588 si
1215 1535 1484 1590 Justinum
1537 1553 1677 1590 anno
1712 1539 1813 1592 145

247 1618 536 1686 scripsisse
589 1637 983 1690 supponamus.
1033 1625 1278 1694 Denique
1319 1627 1461 1693 quod
1504 1626 1555 1679 in
1590 1626 1835 1698 Dialogo,

245 1719 366 1775 post
390 1711 728 1781 Apologiam,
764 1725 821 1768 ut
856 1717 1129 1782 duximus,
1164 1719 1328 1784 edito,
1359 1719 1576 1789 Trypho
1613 1734 1814 1774 nomen

243 1817 298 1860 et
334 1821 502 1876 genus
526 1823 829 1875 exponens,
889 1808 1097 1878 Trypho
1171 1810 1414 1878 inquit“,
1455 1826 1630 1863 vocor.
1681 1811 1811 1865 Sum

245 1911 423 1952 autem
479 1917 546 1952 ea:
602 1901 1000 1956 circumcisione
1047 1901 1324 1968 Hebrwus,
1362 1921 1426 1958 ea:
1455 1922 1651 1971 nupero
1682 1905 1812 1958 bello

244 1989 738 2060 ρι-οίυθηειξῳυγὼν
765 1993 853 2044 τὸν
887 1992 981 2044 νῦν
1007 1995 1289 2065 γενόμενον
1320 1997 1565 2066 πόλεμον.
1591 1998 1652 2051 Et
1670 2008 1814 2065 post-

243 2099 309 2136 ea
345 2085 514 2136 refert
564 2084 814 2138 Justinus
855 2086 918 2151 η,
964 2087 1107 2154 quod
1148 2087 1456 2158 Tryphonis
1502 2072 1716 2144 sodales
1761 2093 1811 2143 in

243 2177 421 2229 stadio
467 2177 612 2244 quod
667 2178 718 2230 in
771 2189 926 2247 xysto
979 2182 1215 2233 medium
1263 2192 1401 2243 erat,
1448 2186 1716 2249 sedentes,
1751 2185 1813 2238 de

245 2269 376 2320 bello
408 2269 640 2323 Iudaico
675 2272 914 2339 agebant,
959 2274 1084 2343 περὶ
1116 2273 1207 2325 τοῦ
1243 2275 1383 2328 κατὰ
1412 2276 1510 2346 τὴν
1556 2265 1811 2330 Ἰουδαίαν

241 2361 533 2429 γενομένου
550 2363 676 2414 πολέ
686 2381 784 2432 μου
805 2363 1096 2417 διελάλουν.
1117 2365 1255 2431 Quin
1284 2367 1477 2420 bellum
1497 2368 1562 2421 ab
1577 2369 1812 2422 Adriano

243 2455 345 2505 sub
371 2452 582 2520 imperii
616 2456 775 2510 linem
803 2457 1028 2524 Judzeis,
1057 2460 1410 2514 Barcocheba
1443 2464 1600 2525 duce,
1637 2463 1812 2516 rebel-

245 2546 405 2609 libus,
437 2548 673 2612 illatum,
715 2565 965 2620 annoque
993 2553 1216 2606 circiter
1251 2554 1353 2607 136
1377 2554 1685 2616 confectum
1725 2557 1812 2610 hic

245 2637 603 2706 intelligatur,
641 2641 877 2696 dubitari
912 2659 1019 2697 non
1049 2653 1249 2712 potest.
1290 2644 1356 2699 Ut
1391 2647 1535 2700 enim
1567 2647 1632 2700 ad
1665 2649 1812 2701 aliud

241 2730 544 2797 quidpiam,
582 2748 688 2802 quo
705 2732 918 2788 Judteos
955 2737 1148 2789 iterum
1185 2737 1414 2791 rebelles
1445 2738 1664 2806 petierit
1698 2741 1812 2793 An-

244 2822 462 2877 toninus
495 2822 624 2878 Pius
661 2825 773 2879 luce
805 2826 1062 2890 referam,
1086 2829 1226 2895 quod
1262 2829 1439 2882 innuit
1465 2831 1811 2885 doctissimus

243 2911 621 2968 Tillemontius
648 2917 698 2969 in
737 2919 782 2948 ²⁰
807 2918 950 2972 uotis
972 2919 1038 2971 ad
1062 2919 1503 2974 Marcionitarum
1536 2921 1810 2985 haeresim,

241 3007 490 3061 obtinere
531 3025 560 3060 a
613 3025 698 3062 me
735 3027 837 3063 non
880 3026 1118 3078 possum.
1162 3013 1226 3065 Et
1277 3013 1521 3081 quamvis
1552 3013 1810 3080 Capitoli-

242 3113 347 3151 nus
387 3102 451 3128 ²⁰·
485 3110 694 3155 asserat
715 3101 1010 3153 Antonium
1035 3118 1126 3170 per
1147 3102 1312 3157 duces
1333 3117 1461 3157 suos
1496 3103 1802 3158 Judzeorum

1915 617 2103 671 saltem
2138 632 2281 671 anno
2306 618 2562 684 scriptam
2601 615 2766 671 fuisse
2789 632 2888 685 par
2912 633 3033 672 esse
3063 622 3308 674 credere.
3337 621 3474 676 Cum

1914 724 2044 779 ergo
2078 710 2573 764 Valentinianorum
2601 719 2762 765 sectae
2799 712 3112 766 meminerit
3151 711 3397 768 Justinus
3425 717 3477 767 in

1916 803 2161 873 Dialogo,
2191 805 2319 858 hinc
2344 804 2590 873 sequitur
2615 804 2726 872 jam
2770 813 2897 856 ante
2930 819 3131 858 annum
3151 805 3351 860 Christi
3379 806 3480 858 150

1916 898 2184 952 celebrem
2245 898 2429 960 fuisse,
2471 913 2534 950 ac
2571 896 2726 965 longe
2762 897 2975 967 lateque
3006 897 3254 952 diffusam
3292 913 3480 953 eorum

1917 988 2189 1044 haeresim.
2234 990 2373 1056 Quid
2397 990 2439 1042 si
2477 990 2561 1043 his
2588 990 2848 1043 addamus
2878 991 3072 1044 librum
3106 1006 3266 1060 quem
3294 995 3480 1045 adver-

1915 1095 2009 1135 sus
2035 1081 2270 1134 haereses
2302 1096 2492 1134 oumes
2521 1082 2891 1147 composuisse
2941 1097 2999 1137 se
3049 1084 3337 1151 proﬁtetur
3363 1081 3484 1138 Jus-

1918 1172 2136 1224 tinusin
2169 1171 2424 1240 Apologia
2459 1171 2498 1201 ἰ
2534 1170 2556 1223 7
2605 1170 2759 1223 llunc
2801 1180 2979 1223 autem
3023 1171 3196 1238 ipsum
3233 1186 3378 1235 esse,
3424 1171 3481 1224 in

1916 1273 2022 1326 quo
2057 1258 2558 1312 Valentinianorum
2592 1260 2843 1328 dogmata
2883 1261 3193 1328 prodidisse
3234 1273 3289 1314 et
3336 1270 3484 1314 retu-

1916 1351 2058 1406 disse
2095 1353 2174 1405 ait
2212 1350 2583 1405 Tertullianus
2628 1366 2748 1419 cap.
2773 1351 2806 1404 5
2841 1351 2962 1404 libri
2996 1352 3246 1405 adversus
3291 1351 3486 1406 Valen-

1916 1448 2177 1510 tiniauos,
2220 1446 2469 1500 dubitare
2492 1461 2590 1500 nos
2619 1461 2722 1498 non
2754 1445 2881 1498 sinit
2901 1444 3214 1514 Hieronymi
3243 1446 3486 1499 auctori-

1917 1551 1999 1594 tas
2030 1541 2081 1594 in
2110 1538 2386 1610 Catalogo.
2416 1541 2530 1606 Quo
2554 1554 2681 1593 vero
2699 1555 2863 1602 anno,
2894 1548 2949 1593 et
2979 1553 3083 1606 quo
3117 1540 3166 1591 in
3198 1539 3314 1591 loco
3338 1553 3484 1592 com-
3546 1578 3548 1581 .

1914 1633 2122 1701 positus
2149 1633 2335 1694 fuerit,
2377 1632 2480 1686 dici
2513 1647 2616 1685 non
2647 1639 2827 1701 potest
2856 1647 2870 1685 :
2907 1639 2962 1683 at
3018 1630 3281 1697 scriptum
3315 1629 3485 1683 fuisse

1914 1739 2039 1781 ante
2056 1728 2360 1797 Apologiam
2377 1736 2585 1780 certum
2613 1735 2692 1779 est
2715 1744 2728 1791 ;
2751 1739 2848 1778 nec
2861 1724 3084 1794 proinde
3106 1724 3487 1792 probabilitate

1914 1830 2095 1882 vacat,
2128 1821 2228 1873 sub
2253 1817 2463 1886 imperii
2489 1818 2712 1872 Adriani
2748 1816 2931 1879 ﬁnem,
2963 1825 3017 1869 ut
3047 1815 3218 1868 tradit
3276 1815 3482 1868 Cedre-

1917 1930 2036 1969 nus.
2074 1913 2170 1967 llis
2198 1914 2381 1981 itaque
2409 1912 2740 1981 temporibus
2767 1926 2792 1961 a
2833 1910 3016 1964 radice
3078 1910 3213 1963 adeo
3257 1909 3486 1977 pullula.

1917 2016 1999 2060 rat
2064 2005 2442 2060 Valentiniana
2503 2003 2748 2065 hxresis,
2804 2011 2883 2064 ut,
2930 2016 2995 2053 ne
3027 1999 3190 2061 latius
3216 2009 3482 2066 serperet,

1919 2101 2060 2154 hanc
2089 2100 2311 2166 scriptis
2338 2099 2617 2164 exagitare
2647 2110 2878 2151 necesse
2916 2094 3168 2148 habuerit
3213 2092 3480 2146 Justinus.

1984 2196 2038 2246 7.
2072 2193 2146 2247 Eo
2178 2202 2357 2246 autem
2397 2200 2643 2260 spectant
2699 2191 2968 2243 hactenus
3013 2189 3181 2248 dicta,
3225 2195 3283 2238 ut
3323 2184 3486 2254 liqui-

1915 2286 1982 2338 do
2034 2281 2456 2344 concludamus,
2496 2280 2838 2332 Valentinum
2889 2278 3073 2331 Roma:
3123 2277 3341 2345 quidem
3403 2273 3482 2327 Pii

1919 2374 2254 2442 temporibus
2289 2373 2530 2441 agnitum
2573 2373 2737 2425 fuiSSe
2759 2371 3098 2431 hrcreticum;
3124 2368 3372 2422 haeresim
3398 2381 3486 2420 au-

1919 2483 2021 2524 tem
2058 2470 2173 2536 ejus
2210 2483 2309 2520 nec
2362 2466 2435 2519 ibi
2481 2465 2649 2528 nasci,
2701 2479 2800 2517 nec
2848 2463 3163 2517 adolescere
3197 2459 3482 2530 potuisse;

1917 2569 2099 2626 utpote
2144 2573 2263 2626 qua:
2296 2561 2408 2625 jam
2451 2564 2610 2606 antea
2648 2552 2773 2606 alibi
2812 2562 3080 2605 terrarum
3126 2560 3250 2604 nota
3280 2551 3410 2618 (imo
3433 2557 3486 2600 et

1916 2652 2055 2704 forte
2088 2648 2290 2710 Bonne,
2321 2645 2570 2714 quamvis
2598 2655 2787 2697 auctor
2829 2643 2902 2696 ibi
2939 2642 3118 2696 minus
3151 2640 3332 2702 notus)
3359 2639 3483 2692 doc-

1917 2755 2088 2796 torum
2124 2738 2519 2793 catholicorum
2549 2737 2687 2805 stylo
2711 2734 2923 2788 conﬁxa
2958 2734 3157 2785 fuerat.
3191 2732 3247 2783 ln
3281 2728 3484 2799 IEgyp-

1918 2847 1968 2889 to
2008 2836 2243 2901 primum
2278 2831 2642 2890 efformatam,
2681 2829 2880 2880 dudum
2925 2835 3214 2891 antequam
3249 2823 3481 2875 Romam

1916 2927 2355 2994 proﬁcisceretur
2391 2923 2515 2987 (nec
2539 2921 2680 2974 enim
2710 2935 2774 2973 ex
2805 2933 2864 2971 ea
2908 2919 3040 2970 urbe
3071 2917 3121 2967 in
3160 2914 3480 2984 Egyptum,

1917 3021 2058 3073 hanc
2087 3031 2296 3070 veneno
2323 3030 2420 3068 suo
2461 3013 2792 3066 infecturum
2850 3009 3100 3073 rediisse,
3158 3006 3309 3060 ullibi
3345 3006 3482 3075 legi--

1917 3109 2024 3178 tur)
2058 3107 2309 3172 superius
2365 3121 2430 3158 ex
2493 3102 2791 3172 Epiphanio
2827 3099 3080 3152 vidimus.
3115 3098 3179 3150 Et
3232 3098 3484 3165 quamvis

241 3187 525 3241 rebellium
563 3191 845 3244 audaciam
907 3194 1229 3257 contudisse,
1279 3198 1392 3248 haec
1433 3196 1498 3249 de
1531 3195 1806 3265 inquieto-
1837 3202 1878 3258 C
1913 3216 2019 3268 quo
2049 3211 2288 3266 tempore
2317 3200 2513 3251 factum
2553 3197 2644 3259 sit,
2676 3195 2817 3248 haud
2855 3193 2942 3246 ille
2976 3190 3332 3252 tradiderit,a
3354 3203 3485 3242 vero

242 3297 362 3333 rum
387 3285 741 3350 quorumdam
793 3285 1068 3338 hominum
1116 3288 1351 3340 motibus
1381 3288 1565 3341 statim
1600 3303 1809 3356 repres~

241 3372 343 3434 sis,
401 3373 579 3438 potius
634 3390 792 3441 quam
838 3376 903 3426 de
942 3385 1178 3444 pugnato
1228 3375 1369 3431 bello
1407 3392 1515 3444 quo
1573 3376 1815 3446 flagrarit

238 3459 447 3525 Judaea,
482 3464 830 3533 intelligenda
872 3477 1033 3519 sunt:
1069 3466 1231 3533 hujus
1285 3469 1585 3537 siquidem,
1629 3482 1813 3538 utpote

241 3556 558 3619 incelebris,
591 3560 678 3610 vix
715 3559 850 3611 alios
884 3560 1131 3626 reperias
1165 3561 1255 3640 qpi
1293 3562 1662 3616 meminerint.
1697 3564 1809 3617 Non

240 3659 421 3702 tanien
461 3665 520 3700 ex
555 3652 708 3704 citati
754 3650 968 3719 Dialogi
1005 3653 1183 3706 verbis
1239 3654 1426 3706 inferri
1464 3655 1642 3722 velim,
1683 3668 1810 3711 tunc

238 3742 522 3807 temporis,
548 3757 667 3793 eum
701 3742 896 3809 Ephesi
947 3744 1204 3809 degerent
1226 3742 1469 3796 Justinus
1494 3755 1546 3797 et
1571 3744 1808 3814 Trypho,

237 3832 383 3884 bello
417 3833 613 3886 arsisse
637 3831 898 3895 Judteam,
925 3845 982 3886 ut
1015 3834 1140 3887 hinc
1183 3851 1302 3887 cum
1351 3835 1629 3905 Sealigero
1673 3854 1806 3890 con-

235 3925 455 3976 cludant
502 3926 763 3992 scriptum
809 3926 1088 3994 Dialogum
1135 3927 1233 3979 sub
1268 3928 1547 3980 Adriano:
1605 3929 1808 3982 editum

235 4020 382 4072 hunc
409 4028 528 4084 post
569 4017 908 4084 Apologiam,
953 4032 1016 4070 ac
1072 4018 1298 4085 proinde
1356 4019 1456 4073 sub
1509 4020 1808 4084 Antonino,

228 4125 346 4177 ,am
379 4110 769 4163 demonstravi.
825 4109 932 4162 Nec
967 4125 1188 4163 necesse
1221 4121 1421 4178 putem,
1460 4127 1557 4180 pro
1589 4114 1811 4181 γενόμε-

232 4219 328 4256 νον
358 4212 403 4254 et
431 4203 746 4270 γενομένου,
779 4203 916 4270 apud
947 4200 1218 4254 Justinum
1239 4201 1420 4271 legere
1447 4207 1811 4274 γεγενημένον

235 4306 293 4346 σοι
326 4295 708 4362 γεγενημένου,
735 4294 873 4362 quod
905 4293 1012 4345 vult
1034 4293 1367 4347 clarissimus
1407 4295 1807 4351 Tillemontius.

235 4386 591 4452 Participium
624 4386 912 4454 γενόμενος
948 4399 1051 4436 non
1081 4387 1366 4451 praesentis
1415 4389 1597 4451 modo,
1625 4391 1716 4442 sed
1755 4399 1810 4442 et

234 4478 496 4545 pimteriti
527 4477 786 4543 temporis
817 4488 956 4542 saepe
996 4477 1192 4544 smpius
1225 4477 1682 4545 signiﬁcationem
1711 4482 1806 4533 ha-

232 4572 385 4634 bere,
406 4581 458 4623 et
476 4569 794 4637 particulam
816 4567 908 4620 νῦν
928 4584 1024 4637 pro
1043 4586 1204 4636 nuper
1227 4569 1494 4623 interdum
1511 4570 1807 4638 accipi,no—

234 4677 352 4716 tum
377 4675 476 4724 est,
495 4673 548 4715 et
571 4661 835 4729 exemplis
858 4662 1022 4729 proba
1036 4662 1074 4713 ri
1097 4662 1253 4716 facile
1290 4672 1489 4732 posset.
1515 4661 1686 4730 Igitur
1713 4665 1804 4718 τὸν

229 4755 332 4810 νῦν
379 4753 519 4806 κατὰ
571 4754 667 4823 τὴν
711 4754 967 4805 Ἰουδαίαν
1005 4753 1292 4822 γενόμενον
1323 4754 1575 4823 πόλεμον,
1607 4757 1800 4809 bellum

232 4848 534 4916 signiﬁcat,
572 4862 674 4899 non
711 4847 852 4914 quod
894 4856 1019 4900 tunc
1064 4847 1319 4914 temporis
1360 4861 1665 4917 gereretur,
1704 4853 1798 4906 sed

229 4956 411 5009 nuper
465 4939 517 4992 in
575 4937 815 4991 Judir-am
873 4948 1104 5007 gestum,
1159 4940 1381 5007 jamque
1446 4939 1797 5007 confectum;

229 5033 488 5101 quodque
521 5047 646 5085 cum
680 5030 878 5084 Judaeis
913 5029 1046 5084 adeo
1071 5030 1233 5084 fatale
1266 5033 1605 5100 exstitisset,
1628 5049 1692 5088 eo
1716 5035 1799 5086 al-

229 5126 346 5180 tius
374 5124 587 5178 illorum
614 5122 810 5176 animis
839 5123 1063 5176 inﬁxum
1108 5123 1348 5178 luere-hat
1383 5136 1436 5180 et
1461 5127 1800 5195 frequentius

227 5223 285 5274 in
311 5234 407 5272 ore
440 5216 782 5281 versabatur,
805 5233 911 5287 quo
945 5219 1218 5272 recentior
1245 5229 1360 5272 erat
1386 5221 1558 5288 plaga.

306 5312 362 5366 6.
389 5312 514 5366 Haec
537 5313 578 5366 si
605 5328 746 5366 anno
781 5312 998 5366 circiter
1026 5312 1128 5366 MS
1158 5315 1357 5368 editam
1396 5317 1630 5383 priorem
1673 5315 1798 5372 Jus-

229 5404 335 5458 tini
385 5404 730 5473 Apologiam,
761 5420 822 5459 ac
864 5405 1025 5474 paulo
1071 5412 1192 5473 post
1243 5404 1522 5476 Dialogum
1557 5410 1797 5462 conscri-

235 5510 391 5568 ptum
417 5498 584 5550 fuisse
603 5500 801 5552 diserte
817 5517 923 5554 non
945 5500 1585 5568 probant,demonstrant
1603 5503 1794 5555 saltem

232 5592 523 5660 utriusque
543 5602 758 5663 tempus
790 5608 951 5662 quam
980 5595 1204 5663 propius
1230 5594 1340 5649 ﬁeri
1361 5596 1553 5664 poterit
1586 5597 1650 5650 ad
1672 5595 1797 5649 belli

231 5680 734 5738 Barehochehzeani
812 5693 1051 5754 tempora
1111 5689 1472 5742 revocandum
1525 5703 1684 5752 esse;
1737 5701 1801 5740 ac

312 5868 356 5914 ⁸³
387 5870 515 5936 Pax.
551 5867 672 5924 317.
756 5873 797 5904 "
828 5870 955 5936 i’ag.
987 5871 1110 5926 227.

1190 5873 1232 5905 ³⁸
1265 5871 1414 5928 Tom.
1451 5869 1492 5926 ll
1547 5873 1754 5928 Counn.
1789 5873 1839 5928 in
1877 5871 2012 5927 llist.
2047 5871 2176 5927 Cccl.
2207 5871 2249 5903 ²⁰
2291 5869 2344 5922 lu
2388 5869 2671 5923 Antonino.

1917 3287 2125 3356 procul,
2160 3303 2276 3341 mea
2312 3285 2528 3353 quidem
2563 3284 2854 3345 sententia,
2898 3297 3004 3335 non
3051 3280 3346 3334 recesserit
3390 3280 3480 3347 qui

1917 3383 2088 3450 prima
2121 3379 2392 3434 haereseos
2415 3378 2636 3431 exordia
2679 3391 2802 3429 eum
2831 3375 3016 3429 szeculi
3060 3372 3282 3427 secundi
3311 3372 3482 3425 initiis

1917 3474 2278 3542 colligaverit.
2310 3471 2572 3538 llancque
2601 3468 2975 3534 coniecturam
3021 3467 3155 3519 mire
3190 3466 3483 3518 confirmat

1915 3563 2313 3619 Theodoretus.
2342 3561 2545 3616 Scribit
2572 3561 2711 3612 enim
2749 3559 2842 3611 lib.
2879 3576 2916 3620 ι,
2955 3573 3003 3610 c.
3051 3559 3106 3619 5,
3142 3556 3479 3623 Epiphauem

1916 3658 2260 3727 Carpocratis
2315 3656 2523 3716 ﬁlium,
2583 3654 2754 3722 patris
2815 3651 3030 3704 fabulas
3079 3649 3477 3716 ampliﬁcasse;

1914 3752 2159 3805 Adriano
2184 3760 2362 3803 autem
2390 3744 2556 3818 [XVI]
2605 3747 2937 3812 imperante,
3000 3752 3289 3807 utrumque
3331 3738 3483 3791 nefa-~

1917 3843 2026 3895 rias
2053 3856 2180 3895 suas
2232 3841 2470 3893 lizcreses
2517 3836 2914 3899 conﬁrmasse;
2973 3850 3035 3887 ac
3094 3831 3321 3901 proinde
3351 3840 3478 3881 ante

1915 3949 2115 3988 annum
2177 3933 2303 3995 158,
2373 3946 2478 3998 quo
2532 3929 2750 3983 vivendi
2808 3928 2967 3980 finem
3025 3926 3153 3979 fecit
3184 3924 3477 3976 Adrianus.

1915 4028 2290 4083 Constatvero
2325 4040 2390 4077 ex
2414 4025 2691 4077 Clemente
2720 4023 2875 4075 Alex.
2912 4030 2964 4073 ct
2998 4017 3316 4087 Epiphanio,
3355 4015 3480 4083 Epi-

1912 4123 2144 4192 phanem
2172 4122 2236 4173 ad
2275 4119 2738 4173 Secundianorum
2773 4157 2788 4180 ,
2858 4113 3124 4168 Valentini
3183 4112 3477 4180 discipulo-

1915 4230 2056 4279 rum,
2095 4222 2302 4267 seclam
2336 4225 2453 4264 sese
2494 4210 2792 4277 applicasse
2826 4225 2838 4270 ;
2899 4208 3040 4274 quod
3097 4205 3310 4272 quidem
3361 4202 3477 4255 fieri

1912 4304 2097 4358 debuit
2123 4305 2220 4357 sub
2249 4302 2508 4355 extremis
2541 4300 2765 4352 Adriani
2794 4300 3150 4366 temporibus,
3170 4304 3260 4347 aut
3284 4294 3472 4347 saltem

1912 4397 2011 4450 sub
2047 4397 2158 4463 ipsa
2189 4395 2342 4446 initia
2369 4391 2626 4445 Antonini
2663 4391 2768 4454 Pii,
2805 4406 2903 4443 nec
2930 4390 3301 4451 lardius;cum
3332 4402 3476 4438 anno

1912 4487 2084 4542 aetatis
2144 4488 2207 4539 17
2275 4488 2581 4539 exstinctus
2629 4485 2697 4537 sit
2762 4484 3088 4552 Epiphanes.
3165 4480 3283 4534 Jam
3347 4495 3480 4548 ergo

1911 4579 2149 4632 Adriano
2183 4579 2488 4645 imperante
2520 4585 2626 4628 tam
2663 4576 2766 4626 late
2815 4589 3002 4641 sparsa
3055 4582 3173 4626 erat
3205 4571 3476 4625 Valentini

1912 4679 2084 4733 secta,
2113 4681 2328 4729 tamque
2358 4667 2590 4728 famosa,
2615 4676 2672 4718 ut
2705 4666 3006 4725 Secundus,
3046 4665 3156 4717 imo
3206 4674 3258 4716 et
3294 4663 3474 4717 Ptole-

1909 4776 2098 4823 maeus,
2166 4774 2228 4812 ac
2283 4759 2631 4818 Colorbasus,
2681 4757 2798 4825 ejus
2845 4755 3134 4825 discipuli,
3188 4765 3410 4821 accepta
3441 4770 3468 4806 a

1909 4853 2169 4920 magistro
2201 4850 2424 4903 materia
2457 4848 2711 4918 proprias
2749 4848 2848 4901 sibi
2874 4857 3052 4901 sectas
3073 4845 3469 4899 condidissent.

1910 4942 2040 5008 Quae
2073 4941 2280 5009 liquido
2312 4942 2565 5008 probant,
2609 4939 2873 4992 Valentini
2909 4940 3180 5006 dogma-ta,
3208 4936 3297 4988 diu
3323 4944 3473 4989 aute-

1910 5051 2070 5105 quam
2109 5037 2334 5090 Romam
2389 5036 2857 5104 proﬁcisceretur,
2921 5033 3046 5087 alibi
3115 5042 3383 5086 terrarum
3418 5041 3472 5083 et

1909 5139 2034 5185 uota
2072 5139 2126 5183 et
2181 5130 2339 5183 latius
2389 5131 2746 5184 disseminata
2801 5127 2971 5180 fuisse
3002 5143 3015 5177 :
3052 5138 3170 5191 quae
3205 5139 3324 5176 cum
3362 5137 3469 5174 non

1911 5223 2068 5277 simul
2093 5234 2147 5274 et
2177 5223 2363 5287 semel,
2398 5224 2489 5277 sed
2526 5223 2786 5291 paulatim
2851 5218 3208 5277 obtinuerint,
3246 5227 3470 5268 necesse

1911 5327 1992 5370 est
2027 5319 2248 5370 ineunte
2288 5316 2508 5370 circiter
2551 5314 2749 5368 saeculo
2801 5313 3037 5365 secundo
3087 5308 3376 5376 cmperiut.
3405 5305 3468 5357 Et

1912 5421 2082 5473 certe,
2118 5426 2239 5464 cum
2274 5409 2512 5470 lreuzeo,
2548 5406 3291 5476 apostolicorumtemporum
3323 5398 3463 5462 viro,

1910 5504 2188 5573 antiquior
2223 5510 2368 5558 esset
2398 5500 2735 5562 Valentinus,
2775 5499 2842 5550 ad
2892 5494 3256 5565 apostolorum
3291 5505 3464 5542 aevum

1906 5599 2130 5668 propius
2197 5597 2496 5651 accessisse
2523 5608 2744 5649 necesse
2787 5601 2888 5644 est.
2917 5590 3088 5650 llunc,
3142 5595 3200 5638 ut
3256 5584 3386 5647 dixi,
3435 5599 3465 5636 a

1909 5689 2201 5745 Theodade
2225 5690 2482 5759 quodam,
2514 5687 2664 5740 Pauli
2707 5683 2935 5754 apostoli
2978 5681 3265 5752 discipulo,
3305 5677 3463 5732 insti-

2753 5869 2791 5899 ²¹
2832 5869 2958 5936 l’ag.
2990 5862 3077 5915 70.
