4180 6332
704 387 765 442 51
1510 373 2106 439 DlSSER'l‘ATlONES
2144 378 2260 434 PB}

2360 375 2445 432 ΙΑΞ
2488 375 2552 431 IN
2594 375 2850 432 lREN/El
2890 374 3154 433 LIBROS.
3882 376 3960 437 52

706 512 885 562 tutum
913 505 1244 574 iactitabant
1278 506 1397 577 ejus
1438 494 1712 577 discipuli.
1766 503 1914 561 Vana
1934 505 2098 572 forte,
2132 503 2274 574 quod
2306 506 2351 563 Α

713 596 1048 654 I‘beotladem
1105 598 1276 662 illum,
1303 595 1522 653 obscuri
1547 597 1780 653 nominis
1822 597 2121 661 hominem,
2149 610 2278 665 spe-

701 699 833 755 ctat,
861 706 1185 748 vesanorum
1215 692 1495 748 hominum
1525 690 1815 762 gloriatio;
1863 704 1968 746 non
2013 687 2149 745 adeo
2200 701 2280 744 ta.

703 798 851 849 men,
886 793 943 839 ut
974 784 1101 840 hinc
1131 783 1569 854 antiquissimum
1597 781 1762 837 fuisse
1788 781 2118 851 blasphemas
2170 779 2279 835 bae-

702 893 888 934 reseos
939 878 1240 949 principem
1297 877 1488 931 inl'erri
1546 890 1654 930 non
1694 877 1887 945 possit.
1943 873 2076 940 Quis
2129 875 2274 928 enim

699 975 888 1028 credat
924 973 1138 1040 priores
1166 969 1596 1036 Valentinianus,
1638 969 1932 1024 mendaces
1961 967 2112 1033 licet,
2164 974 2274 1019 tam

698 1065 976 1134 perfrictte
1019 1064 1214 1119 frontis
1242 1064 1538 1128 exstitisse,
1575 1072 1634 1118 ut
1684 1064 2003 1134 magistrum
2058 1074 2217 1115 suum
2242 1074 2272 1113 a

697 1159 851 1215 Pauli
885 1159 1165 1230 discipulis
1193 1158 1496 1213 institutum
1524 1154 1735 1225 jactare
1763 1153 1880 1209 ausi
1921 1153 2177 1218 fuissent,
2206 1168 2272 1210 ea

697 1250 995 1321 praesertim
1027 1259 1188 1304 aetate
1219 1263 1324 1318 qua
1367 1245 1709 1302 mendacium
1739 1244 1807 1300 ab
1859 1244 2170 1315 apostolicis
2193 1245 2275 1299 vi-

694 1343 772 1398 ris
799 1359 903 1397 non
932 1343 1123 1412 paucis
1151 1342 1205 1397 in
1234 1342 1371 1396 vivis
1411 1338 1802 1410 superstitibus
1854 1337 2019 1393 facile
2047 1337 2270 1408 coargui

695 1437 983 1506 potuisset,
1010 1435 1115 1489 nisi
1149 1436 1342 1490 saltem
1401 1433 1770 1502 apostolorum
1798 1430 2082 1502 discipulis
2129 1443 2275 1485 core-

693 1545 793 1584 vus
817 1528 1054 1584 fuisset?
1081 1527 1213 1592 Nec,
1245 1537 1301 1582 ut
1339 1529 1391 1583 id
1427 1541 1761 1590 asseramus,
1793 1540 2018 1582 necesse
2046 1534 2130 1582 est
2164 1524 2274 1580 Vae

693 1622 884 1677 lentini
941 1623 1110 1678 vitam
1159 1622 1364 1677 diutius
1411 1634 1573 1690 quam
1600 1633 1700 1689 par
1736 1618 1810 1674 sit
1855 1618 2268 1688 protrahamus.

690 1712 826 1768 Cum
852 1711 996 1767 enim
1025 1710 1168 1766 diem
1219 1712 1422 1768 obiissc
1449 1713 1552 1767 sub
1601 1713 1830 1767 Aniceto
1869 1719 2078 1765 certum
2100 1709 2192 1779 sit,
2221 1709 2268 1764 si

691 1819 834 1862 anno
862 1807 1084 1861 circiter
1113 1807 1214 1862 158
1243 1817 1537 1874 mortuum,
1581 1817 1766 1862 natum
1814 1822 1945 1862 vero
1977 1821 2124 1863 anno
2147 1807 2267 1877 plus

692 1899 873 1954 minus
899 1899 968 1954 85
999 1899 1265 1964 dicamus,
1297 1900 1718 1968 septuagenario
1773 1901 2032 1970 majorem
2073 1916 2103 1956 e
2128 1901 2266 1956 vivis

693 1991 995 2047 decessisse
1025 2007 1372 2057 asseremus;
1403 1997 1545 2062 quod
1574 1995 1731 2050 tidem
1758 2011 1864 2050 non
1898 2004 2142 2065 superat.
2174 1995 2268 2052 Vi-

690 2084 868 2140 derint
894 2099 1039 2139 nunc
1073 2086 1299 2140 Dallaeus
1317 2099 1370 2142 et
1394 2087 1719 2154 Blondellus,
1738 2105 1806 2143 an
1837 2096 2066 2154 tantum,
2091 2105 2268 2158 quau-

690 2187 802 2232 tum
852 2179 952 2250 ipsi
986 2189 1198 2249 putant,
1233 2183 1528 2238 abhorreat
1587 2199 1614 2238 a
1640 2184 1962 2248 verosimili,
2017 2182 2265 2238 Valenti-

687 2289 842 2339 num,
866 2275 957 2345 qui
993 2277 1268 2334 vicenario
1297 2279 1470 2347 major
1508 2296 1629 2335 esse
1676 2281 1872 2350 potuit,
1903 2295 2027 2335 cum
2061 2288 2266 2350 marty-

685 2365 753 2419 rii
783 2367 1015 2436 palmam
1047 2371 1271 2440 adeptus
1301 2383 1383 2428 est
1411 2373 1672 2444 lgnatius,
1699 2372 1810 2440 jam
1843 2373 2014 2443 prima
2046 2380 2266 2428 senten-

689 2458 778 2512 tia:
806 2475 917 2514 sua
952 2463 1255 2519 rudimenta
1283 2482 1487 2536 ponere
1537 2467 1803 2536 potuisse.
1838 2467 1946 2521 Sed
1977 2465 2042 2521 de
2067 2465 2266 2519 Valen-

690 2550 786 2603 tini
815 2554 1106 2623 :ntatejam
1137 2557 1289 2612 satis.

951 2691 1039 2745 Nl.
1076 2691 1429 2762 E/i'undenda:
1458 2694 1717 2749 htcreseos
1759 2694 1965 2749 occasio

752 2804 806 2860 8.
831 2804 993 2872 Huic,
1027 2815 1085 2861 ut
1110 2815 1164 2862 et
1194 2808 1377 2865 multis
1409 2809 1528 2865 aliis
1554 2811 1848 2874 haereticis,
1898 2809 2118 2866 eﬂ'renis
2147 2823 2260 2864 am-

680 2894 839 2963 bitio,
891 2896 936 2952 si
991 2897 1330 2956 Tertulliano
1387 2899 1523 2956 fides
1549 2903 1617 2967 ",
1670 2903 1841 2957 ruinm
1885 2903 2104 2958 occasio
2136 2903 2257 2956 fuit.

689 2980 999 3058 speraverat
1021 3030 1036 3056 ,
1071 2992 1267 3058 inquit,
1297 2992 1654 3062 episcopatum
1696 2992 2028 3065 Valentinus,
2059 2997 2182 3065 quia
2210 3005 2260 3050 et

683 3081 891 3152 ingenio
945 3094 1154 3153 poterat
1209 3096 1258 3141 et
1287 3087 1529 3157 eloquio;
1578 3089 1669 3143 sed
1710 3089 1873 3143 alium
1923 3104 1987 3144 ea:
2015 3089 2260 3160 martyrii

679 3179 1031 3246 prterogativa
1050 3177 1159 3263 loci
1192 3182 1415 3248 potitum
1450 3183 1781 3251 indignatus,
1806 3184 1870 3238 de
1894 3183 2128 3238 Ecclesia
2162 3202 2260 3238 au-
2285 3219 2326 3276 ο

682 3267 922 3323 tltenticte
947 3260 1141 3340 regula:
1165 3271 1397 3341 abrupit,
1426 3273 1496 3326 ad
1524 3274 1928 3344 expugnandam
1977 3290 2255 3329 conversus

683 3361 972 3416 reritatem.
1005 3361 1118 3420 lloc
1169 3363 1357 3419 Romae
1388 3364 1591 3420 factum
1644 3368 1864 3439 conjicit
1887 3383 2127 3438 nuperus
2158 3385 2255 3422 au-

679 3459 799 3507 ctor
821 3454 1258 3524 conjecturarum
1287 3454 1473 3523 ferax;
1512 3460 1604 3513 sed
1635 3460 1807 3514 sicubi
1868 3460 2092 3525 factum,
2125 3461 2253 3524 alibi

676 3556 838 3611 quam
862 3543 1051 3601 Romae
1073 3548 1189 3603 ﬂeri
1218 3550 1473 3605 debuisse
1507 3553 1880 3626 demonstrant
1909 3567 2029 3622 qua:
2063 3554 2253 3609 hacte-

675 3648 778 3689 nus
835 3627 1097 3694 diximus.
1146 3640 1219 3695 Ut
1247 3656 1378 3698 vero
1427 3657 1492 3697 ex
1531 3641 1853 3697 Tertulliani
1889 3644 2070 3699 verbis
2131 3647 2252 3702 elici

675 3733 957 3796 utcunque
987 3744 1148 3798 posse
1176 3739 1383 3802 putem,
1417 3733 1631 3788 vairum
1687 3735 1958 3789 hominem
1989 3751 2110 3791 cum
2157 3753 2254 3806 Spe

675 3817 1005 3886 adipiscendi
1056 3823 1442 3894 episeOpatus,
1503 3825 1707 3881 larvam
1733 3867 1747 3892 ,
1787 3843 1891 3898 qua
1936 3829 2253 3887 Catholicos

673 3907 919 3978 fallebat,
955 3913 1312 3984 deposuisse;
1352 3932 1432 3972 sic
1460 3919 1786 3974 catholicam
1829 3919 1988 3975 fidem
2020 3938 2250 3992 usquam

675 4001 892 4059 sincero
923 4007 1108 4061 animo
1157 4011 1426 4075 tenuisse,
1476 4012 1604 4067 hinc
1635 4024 1787 4068 certo
1837 4016 2058 4085 probari
2093 4030 2253 4086 posse

673 4111 781 4151 non
812 4113 1084 4154 censeam.
1123 4100 1193 4156 Ut
1241 4118 1297 4156 ιιι
1322 4103 1416 4168 sit,
1450 4117 1810 4175 exasperatus
1864 4107 1934 4162 ob
1972 4110 2249 4179 repulsam

673 4188 1016 4257 Valentinus,
1048 4193 1093 4246 si
1116 4209 1276 4263 quem
1308 4206 1467 4250 antea
1507 4199 1723 4253 modum
1758 4203 2042 4266 tenuisset,
2072 4202 2249 4257 minus

672 4280 930 4350 deinceps
961 4291 1156 4349 tenmt,
1214 4298 1598 4356 venenumque
1625 4289 1768 4358 quod
1798 4291 1848 4343 in
1905 4291 2070 4345 corde
2105 4291 2249 4346 lateo

670 4373 783 4436 bat,
839 4377 998 4431 paulo
1051 4377 1288 4443 apertius
1313 4378 1535 4444 eliudit;
1562 4380 1634 4433 ita
1679 4389 1861 4435 tamen
1894 4390 1955 4434 ut
1985 4382 2113 4436 huic
2139 4383 2252 4447 ple-

670 4479 904 4536 rumque
946 4470 1261 4522 cmentitam
1312 4471 1707 4526 catholicormn
1764 4477 2060 4529 verborum
2121 4490 2249 4546 spe-

2831 504 2894 554 ιν
2906 536 2921 553 .
2967 497 3235 553 Valentini
3272 498 3492 567 scripta.

2452 590 2506 647 9.
2548 588 2660 644 Nec
2686 589 2848 644 dictis
2881 593 3063 658 modo,
3091 591 3185 646 sed
3218 599 3272 647 et
3301 589 3522 660 scriptis
3569 591 3826 663 dogmata
3858 607 3959 649 sua

2383 682 2583 754 sparsit
2610 680 2949 737 Valentinus.
2997 680 3193 738 Plures
3235 683 3304 738 ab
3333 697 3399 737 eo
3429 683 3664 753 scriptas
3694 684 3960 756 epistolas

2379 784 2643 828 memorat
2669 773 2918 829 Clemens
2945 773 3350 830 Alexandrinus
3371 775 3441 840 ",
3467 789 3700 844 quarum
3726 788 3780 832 et
3805 776 3949 849 frag.

2378 876 2560 922 menta
2597 865 2787 924 refert.
2819 867 3032 934 Quibus
3059 867 3336 938 inscriptae
3368 877 3570 936 essent,
3600 867 3786 926 dicere
3811 885 3960 940 prae-

2380 959 2636 1024 termisit,
2691 973 2798 1013 una
2859 970 3134 1028 excepta,
3197 974 3359 1028 quam
3418 959 3488 1014 ad
3543 961 3954 1032 Agathopodem

2376 1049 2664 1120 quemdam
2695 1051 2958 1120 scriptam
2995 1048 3484 1118 asserit,Duarum
3517 1052 3683 1107 etiam
3708 1052 3954 1122 ejusdem

2376 1140 2737 1198 Homiliorum
2796 1140 3102 1212 fragmenta
3158 1140 3350 1208 refert,
3393 1142 3620 1199 alterius
3646 1144 3853 1202 scilicet
3896 1145 3955 1201 in

2373 1248 2479 1303 qua
2515 1248 2678 1304 supra
2710 1234 2931 1289 modum
2992 1234 3284 1289 vesaniens
3320 1233 3788 1292 immortalitatem
3837 1236 3954 1292 suis

2376 1326 2695 1396 pollicetur;
2723 1326 2948 1381 alterius
2977 1326 3049 1382 de
3085 1327 3344 1382 amicitia.
3387 1327 3726 1384 Psahnorutn
3756 1328 3958 1385 Valerio

2377 1420 2473 1474 tini
2499 1419 2748 1474 meminit
2777 1418 3144 1474 Tertulliauus
3199 1420 3293 1476 lib.
3331 1436 3346 1475 ι
3399 1420 3478 1476 De
3504 1437 3666 1476 carne
3726 1421 3953 1489 Christi,

2373 1525 2495 1580 cap.
2543 1512 2635 1567 9.0.
2671 1511 2877 1568 Horum
2903 1527 3032 1568 vero
3067 1511 3274 1568 nullum
3327 1513 3440 1584 jam
3498 1524 3746 1585 superest
3794 1514 3949 1588 frag-

2372 1616 2641 1663 mentum.
2683 1608 2756 1662 At
2776 1616 2985 1676 partem
3034 1606 3446 1663 Dissertationis
3472 1607 3540 1664 de
3582 1607 3792 1679 origine
3819 1609 3952 1663 mali

2373 1699 2441 1754 ab
2501 1699 2867 1758 haeresiarcha
2939 1701 3096 1756 edita:
3142 1701 3314 1757 habes
3369 1701 3425 1757 in
3482 1701 3704 1773 Dialogo
3762 1712 3950 1759 contra

2373 1790 2749 1865 Marcionitas,
2776 1793 2869 1863 qui
2916 1792 3134 1864 Origcni
3161 1794 3320 1865 vulgo
3347 1796 3666 1861 ascribitur,
3701 1807 3838 1853 sect.
3868 1813 3953 1855 tv.

2296 1861 2338 1916 Β
2369 1857 2506 1937 Sunt
2532 1886 2623 1954 qui
2658 1857 2852 1955 putant
2910 1857 3177 1955 scriptum
3214 1857 3284 1941 ab
3335 1901 3400 1942 eo
3445 1857 3662 1943 librum—
3694 1889 3797 1945 sub
3842 1890 3951 1946 hoc

2369 1976 2551 2043 titulo,
2574 1975 2796 2048 Saphia,
2823 1977 2935 2031 nixi
2963 1977 3050 2033 his
3103 1978 3423 2034 Tertulliani
3461 1981 3643 2036 verbis
3675 1984 3796 2038 adv.
3835 1983 3950 2038 Va-

2368 2069 2521 2137 lent.,
2545 2085 2665 2141 cap.
2699 2070 2772 2124 9.:
2799 2070 2962 2126 Docet
2991 2074 3108 2140 ipsa
3138 2070 3364 2142 Sophia,
3397 2088 3500 2127 non
3519 2075 3729 2142 quidem
3757 2076 3953 2132 Valen-

2371 2165 2488 2230 tini,
2516 2166 2606 2240 sed
2654 2163 2977 2220 Salomonis.
3027 2165 3133 2220 Sed
3167 2166 3281 2222 haec
3311 2182 3600 2238 perperam
3647 2171 3950 2240 explicant.

2366 2237 2569 2312 Alludit
2599 2259 2744 2312 enim
2796 2257 3182 2326 Tertullianos,
3231 2274 3339 2313 non
3372 2237 3439 2315 ad
3468 2237 3730 2332 aliquem
3751 2261 3955 2319 Valen-

2370 2347 2464 2403 tini
2499 2349 2720 2416 librum,
2755 2351 2847 2405 sed
2880 2351 2947 2406 ad
3001 2351 3287 2421 Sophiam,
3338 2354 3696 2410 novissimum
3748 2372 3950 2412 eorum

2365 2455 2503 2510 quos
2555 2445 2908 2513 excogitavit,
2956 2442 3217 2510 .1Eonum,
3257 2455 3314 2499 ut
3342 2445 3538 2517 legenti
3576 2450 3804 2518 patebit.
3834 2448 3952 2505 Nec

2367 2533 2571 2601 verius,
2620 2535 2764 2604 quod
2820 2535 2914 2590 alii
2959 2537 3318 2605 contendunt,
3351 2553 3550 2593 novum
3591 2542 3659 2594 ab
3691 2541 3955 2597 hreretico

2364 2626 2567 2681 editum
2591 2627 2966 2698 Evangelium.
2993 2630 3048 2684 id
3083 2631 3300 2698 quidem
3334 2631 3532 2702 legitur
3563 2634 3702 2702 apud
3729 2625 3956 2687 Tertul-

2366 2717 2567 2772 lianum
2628 2734 2752 2789 cap.
2787 2720 2855 2775 49
2878 2721 3026 2791 ι111.»ιῆ
3066 2722 3144 2776 De
3164 2727 3437 2794 prtescript
3469 2738 3487 2776 .'
3537 2723 3694 2794 Legis
3725 2735 3772 2778 et
3818 2741 3956 2794 pro-

2363 2815 2637 2884 phetarum
2700 2820 2941 2885 quadam
3008 2815 3245 2884 probat,
3304 2817 3550 2887 quwdam
3601 2816 3950 2886 improbat...

2363 2906 2712 2976 Erangelium
2741 2906 2895 2961 habet
2942 2908 3100 2961 etiam
3151 2925 3327 2972 suum,
3381 2919 3573 2979 prwter
3599 2911 3706 2964 lucc
3737 2919 3948 2968 nostra.

2363 3000 2472 3054 Sed
2525 2998 2636 3068 jam
2660 3007 2877 3054 constat
2917 3000 3061 3055 inter
3083 3001 3348 3066 eruditos,
3379 3003 3684 3070 posteriora
3746 3017 3949 3059 novem

2364 3091 2541 3162 capita
2574 3091 2695 3146 libri
2730 3090 2808 3145 De
2853 3094 3345 3162 prazscriptionibus
3382 3094 3621 3149 ascititia
3668 3110 3815 3160 esse,
3845 3112 3952 3149 au-

2362 3181 2640 3254 ctorisque
2689 3182 3036 3239 Tertulliano
3081 3185 3322 3255 junioris
3352 3201 3492 3256 opus
3541 3186 3952 3252 videri.Ccrte,

2358 3284 2427 3325 ne
2459 3269 2670 3340 longius
2701 3285 2731 3325 ιι
2761 3274 3038 3342 proposito
3064 3274 3371 3343 deﬂecta'm,
3411 3278 3682 3348 genuinus
3725 3277 3950 3333 Tertul-

2357 3361 2536 3416 lianus
2581 3363 2740 3431 hujus
2783 3364 2907 3418 libri
2965 3381 3088 3437 cap.
3121 3367 3190 3422 38
3240 3368 3584 3424 Valentinum
3630 3386 3660 3425 a
3709 3371 3952 3427 crimine

2358 3453 2745 3524 suppositionis
2793 3458 2917 3511 novi
2979 3459 3258 3529 Evangelii
3319 3461 3500 3530 palam
3558 3461 3820 3518 absolvit.
3883 3463 3950 3519 id

2357 3548 2501 3601 enim
2529 3550 2861 3608 discriminis
2902 3554 3045 3606 inter
3096 3552 3240 3607 hunc
3271 3562 3327 3607 et
3359 3553 3691 3611 Marcionem
3720 3558 3948 3622 statuit,

2355 3641 2504 3710 quod
2543 3642 2631 3697 hic
2682 3660 2844 3700 manu
2892 3644 3223 3714 Scripturas,
3255 3645 3343 3701 ille
3397 3663 3556 3701 sensu
3591 3648 3949 3716 expositiones

2353 3733 2531 3802 palam
2555 3736 2903 3791 intervenerit
2932 3752 2951 3790 :
2995 3747 3050 3793 et
3072 3738 3322 3807 quamvis
3362 3736 3676 3794 Valentinus
3726 3741 3944 3811 integro

2354 3823 2704 3880 instrumento
2736 3827 2815 3880 uti
2845 3830 3118 3895 videatur;
3161 3831 3442 3884 callidiore
3473 3841 3652 3886 tamen
3702 3835 3944 3904 ingenio,

2353 3933 2510 3985 quam
2544 3917 2891 3984 Marcionem,
2920 3930 3112 3974 manus
3151 3922 3392 3975 intulisse
3429 3923 3654 3979 veritati.
3689 3923 3945 3980 Marcion

2353 4011 2515 4074 enim,
2548 4009 2718 4077 addit,
2750 4022 2922 4064 exerte
2939 4021 2985 4064 et
3003 4011 3179 4080 palam
3203 4014 3489 4080 machwra,
3525 4032 3627 4067 non
3645 4016 3780 4085 ston
3810 4033 3941 4074 usus

2355 4109 2430 4153 est
2453 4116 2473 4165 ;
2499 4104 2751 4171 quoniam
2796 4104 2866 4156 ad
2901 4105 3182 4158 materiam
3215 4123 3366 4160 suam
3394 4113 3589 4163 cwdem
3631 4110 3940 4180 Scriptura-

2355 4209 2473 4245 rum
2510 4194 2774 4262 confecit:
2812 4193 3125 4250 Valentinus
3161 4209 3337 4252 autem
3369 4202 3642 4269 pepercit;
3682 4208 3936 4272 quoniam

2352 4302 2455 4339 non
2480 4289 2548 4339 ad
2608 4290 2882 4340 materiam
2938 4287 3291 4356 Scripturas,
3353 4295 3446 4346 sed
3512 4295 3788 4348 materiam
3866 4303 3935 4352 ad

2351 4375 2659 4445 Scripturas
2687 4380 3002 4448 excogitavit
3031 4395 3051 4434 :
3079 4389 3127 4434 et
3164 4391 3336 4437 tamen
3377 4384 3497 4452 plus
3542 4387 3781 4453 abstulit,
3814 4391 3934 4455 plus

2351 4470 2586 4537 adierit,
2632 4471 2878 4541 auferens
2934 4475 3288 4544 proprietates
3351 4480 3679 4547 singulorum
3729 4497 3934 4552 quoque

667 4555 806 4609 ciem
841 4556 1153 4626 induceret;
1189 4560 1294 4614 nisi
1341 4561 1480 4616 forte
1507 4562 1558 4615 in
1594 4577 1691 4617 eos
1725 4563 1989 4619 incideret
2020 4566 2112 4634 qui
2159 4566 2241 4620 vel
2275 4573 2319 4629 ι)
2351 4564 2643 4631 verborum,
2675 4574 2724 4618 et
2757 4565 3016 4634 adjiciens
3052 4568 3422 4636 dispositiones
3471 4588 3573 4624 non
3622 4588 3933 4643 comparen-

666 4649 1053 4718 sunpiiciores,
1098 4653 1184 4706 vel
1223 4655 1447 4710 auribus
1488 4656 1818 4724 prurientes,
1858 4658 1940 4713 vel
1985 4661 2248 4730 captiosis

667 4743 1062 4810 quaestionibus
1101 4745 1211 4813 jam
1233 4748 1468 4815 seducti,
1492 4749 1759 4817 quoslibet
1783 4748 2088 4806 fabularum
2111 4767 2244 4806 ven-

667 4846 751 4893 tos
776 4847 996 4902 captare
1027 4843 1198 4909 parati
1235 4853 1432 4911 erant;
1464 4844 1662 4912 quibus
1712 4845 1939 4900 seorsim
1973 4847 2120 4901 omni
2153 4863 2240 4901 re-

663 4940 813 4984 moto
851 4930 976 4986 fuco
1011 4935 1325 5002 mysterium
1357 4936 1662 5006 iniquitatis
1703 4936 1993 5005 pandebat.
2019 4937 2066 4991 is
2094 4938 2238 4992 enim

663 5030 782 5077 erat
818 5024 1122 5081 istiusmodi
1163 5027 1465 5092 hominum,
1503 5032 1716 5086 artibus
1771 5031 1984 5085 callidae
2017 5032 2240 5085 simula-

666 5114 829 5168 tionis
853 5115 1191 5173 eruditorum
1239 5118 1414 5186 dolus,
1441 5130 1497 5174 ut
1522 5136 1719 5176 vanam
1765 5137 1917 5191 spem
1957 5123 2242 5193 perfectio-

663 5207 738 5260 ris
787 5208 1048 5273 scientite,
1075 5226 1233 5279 quam
1263 5213 1658 5280 pollicebantur
1679 5255 1693 5282 ,
1737 5215 2240 5284 catholicorumque

666 5300 954 5353 verborum
982 5303 1238 5358 corticem
1271 5305 1619 5374 objicientes,
1669 5310 1916 5364 curiosos
1961 5324 2025 5364 ac
2057 5310 2240 5365 incau-

665 5402 750 5446 tos
802 5392 1091 5449 alliccrcnt
1123 5436 1137 5458 ,
1196 5397 1366 5467 iisque
1413 5399 1613 5455 lethale
1666 5415 1933 5456 venenum
1980 5402 2239 5470 paulatim

664 5485 1012 5542 instillarent.
1047 5488 1292 5546 Ncl‘arias
1342 5508 1529 5549 eorum
1571 5503 1716 5550 artes
1751 5496 1950 5565 passim
1980 5497 2240 5550 describit

665 5594 728 5632 ac
763 5591 954 5650 retegit
983 5583 1216 5640 lrenaeus
1244 5587 1310 5653 ³³,
1336 5599 1389 5643 et
1431 5601 1553 5658 pOSt
1581 5604 1703 5642 eum
1727 5599 1890 5657 atquc
1917 5603 1982 5641 ex
2012 5604 2074 5643 eo
2103 5588 2241 5643 Ter-

665 5671 930 5729 iullianus
964 5676 1029 5729 “.

2356 4657 2487 4709 tium
2542 4672 2742 4711 rerum.
2775 4656 2906 4722 Quae
2935 4658 3156 4724 quidem
3211 4670 3269 4713 ut
3324 4660 3555 4730 probant
3585 4662 3930 4722 Valentinum

2353 4748 2533 4818 pravis
2575 4748 3004 4819 expositionibus
3068 4749 3382 4820 Scripturas
3435 4755 3499 4808 ad
3551 4768 3931 4825 argumentum

2352 4858 2508 4897 suum
2541 4842 2759 4898 obtorto
2786 4842 2923 4897 collo
2954 4844 3226 4906 traxisse;
3265 4847 3342 4899 sic
3367 4846 3571 4900 Canoni
3609 4850 3738 4903 nihil
3779 4853 3932 4908 addi-

2349 4935 2512 5002 disse,
2540 4945 2632 4989 aut
2672 4937 2980 4991 detraxisse
3030 4938 3215 5004 palam
3252 4941 3569 4995 ostendunt.
3625 4942 3931 5016 Discipulos

2348 5027 2563 5095 quidem
2593 5025 2860 5080 Valentini
2900 5027 3207 5080 exsistentes
3250 5041 3400 5084 extra
3432 5045 3633 5082 omnem
3664 5032 3930 5100 timorem,

2349 5135 2473 5172 suas
2527 5119 2938 5186 censcriptiones
2980 5118 3324 5189 proferentes,
3375 5119 3535 5189 plura
3587 5120 3776 5177 habere
3819 5126 3937 5192 glo-

2349 5213 2497 5275 riari,
2517 5228 2673 5282 quant
2697 5211 2798 5264 sint
2815 5211 2928 5279 ipsa
2947 5209 3249 5282 Evangelia,
3277 5223 3463 5267 narrat
3488 5212 3677 5286 [XVII]
3695 5215 3926 5276 lrentent

2344 5307 2440 5362 lib.
2498 5323 2580 5372 tu,
2631 5323 2748 5378 cap.
2783 5310 2870 5376 il,
2919 5327 2973 5367 n.
3021 5311 3073 5366 8.
3133 5307 3202 5361 In
3247 5320 3449 5362 tantum
3496 5313 3754 5381 siquidem
3802 5328 3926 5379 pro-

2347 5409 2609 5453 cesserant
2645 5403 2908 5468 audaciae,
2939 5411 2995 5454 ut
3027 5415 3223 5456 novum
3259 5399 3631 5472 Evangelimn,
3665 5405 3808 5472 quod
3844 5423 3901 5459 ve

2349 5494 2524 5546 ritatis
2557 5495 2962 5563 nuncupabant,
3005 5492 3422 5548 conﬂuxissent.
3483 5495 3552 5547 At
3590 5495 3694 5563 ipsi
3724 5493 3924 5550 Valeria

2349 5586 2463 5643 tino
2517 5586 2650 5640 nihil
2695 5588 2875 5643 simile
2918 5603 3149 5658 usquam
3198 5592 3445 5644 ascribit.
3486 5589 3601 5646 imo
3659 5601 3772 5646 tum
3807 5593 3926 5647 loco

2353 5697 2477 5735 mox
2507 5681 2629 5747 cit.,
2654 5693 2763 5736 tum
2787 5683 2878 5737 lib.
2907 5699 3085 5752 i,cap.
3106 5685 3138 5740 8
3161 5695 3213 5738 et
3237 5684 3290 5749 9,
3313 5693 3365 5737 et
3389 5684 3513 5740 alibi
3535 5686 3760 5754 passim,
3789 5689 3924 5741 satis

735 5768 1063 5842 “ig'l'crtullw
1095 5775 1214 5828 adv.
1250 5776 1392 5841 \'al.,
1435 5793 1479 5833 c.
1530 5780 1582 5831 4.
1658 5779 1703 5810 ⁸³
1746 5779 1914 5842 lren.,
1961 5777 2118 5832 Prml.
2168 5777 2260 5831 lib.

2370 5788 2423 5830 et
2462 5777 2554 5828 lib.
2605 5794 2685 5842 Ill,
2721 5793 2766 5829 c.
2809 5778 2872 5831 lii
2901 5793 2955 5830 et
2987 5780 3069 5830 l7.
3146 5780 3188 5808 ³³
3225 5777 3475 5842 Tertull.,
3515 5781 3562 5831 in
3605 5779 3744 5842 \'al.,
3781 5795 3829 5830 (τ.
3873 5781 3918 5832 ι.

661 5841 707 5872 ⁸⁸
745 5839 915 5967 (tigrim.
957 5846 1132 5922 Alex,
1157 5858 1186 5912 1,
1216 5839 1598 5922 “Strmn,,eti.
1627 5858 1819 5926 Γυνὴ,
1845 5839 2043 5931 ῃξῦῑὸ,
2080 5856 2180 5911 ἀοι)
2239 5857 2270 5907 l-
2304 5865 2384 5915 ιιι,
2426 5867 2473 5917 p.
2513 5846 2645 5916 £50;
2674 5839 2772 5905 lib.
2811 5866 2860 5904 tv
2906 5850 3131 5918 Stt'om.,
3196 5866 3247 5918 p.
3282 5851 3416 5916 50:);
3464 5839 3564 5906 lib.
3604 5867 3654 5906 \‘l
3687 5839 3920 5918 δίψη,

669 5927 714 5967 n.

667 5927 714 5978 Ρ.
