4180 6332
220 414 292 473 83
1145 417 1607 477 DISSERTATIO
1644 420 1688 488 Ι,
1728 418 1892 476 ART.
1934 418 2105 488 l,DE
2142 419 2561 480 VALENTINO.
3412 428 3481 486 54

221 533 495 606 signiticet
519 533 949 605 Valentinianus
999 533 1105 591 sibi
1146 548 1364 593 coaevus
1414 536 1495 594 sic
1529 552 1793 594 csnonem
1823 540 1867 597 Α
1898 547 2037 603 tcm,
2082 552 2281 595 mores
2306 547 2365 597 et
2408 537 2582 594 libros
2621 535 2876 603 attinent,
2914 547 3178 608 quantum
3224 556 3290 597 ex
3333 556 3483 599 vete-

218 626 632 701 Scriptnrarum
656 642 795 684 novo
819 626 1113 701 Evscgelio
1130 628 1373 695 auxisse,
1396 640 1456 685 ut
1479 629 1613 687 nihil
1637 632 1800 702 quid—
1906 632 2061 689 ribus
2090 630 2444 693 monimentis
2468 645 2668 689 eruere
2691 631 2868 697 licuit,
2896 634 3196 702 expositis;
3242 639 3313 691 ad
3334 636 3479 694 alte-

216 735 411 794 quam,
469 721 680 779 nullum
730 722 929 778 librum
973 722 1269 794 integrum,
1315 722 1522 780 nullam
1555 724 1798 793 ejusdem
1905 739 2026 779 rum
2067 723 2480 780 Dissertationia
2510 734 2714 782 nostrae
2748 734 2933 797 caput,
2965 727 3130 798 idque
3175 726 3335 799 longe
3362 744 3481 786 ino-

217 824 431 887 partem
476 815 665 888 (quod
698 815 960 873 Marcioni
1002 832 1114 891 non
1140 815 1320 875 semel
1351 818 1702 891 exprobrat),
1731 820 1801 878 ah

214 925 279 967 eo
309 908 684 978 abiecissent;
719 909 815 967 sed
842 908 922 966 vel
947 889 1229 981 parabolas
1258 910 1587 979 Dominicas,
1610 889 1689 968 uel
1714 913 1800 967 di-

211 1006 415 1061 ctiones
454 1007 812 1077 propheticus,
860 1016 953 1062 aut
1000 1015 1281 1064 uermes.
1326 1009 1676 1079 apostolicos,
1729 1009 1796 1063 ad

212 1098 571 1170 bypothcsim
605 1102 757 1156 suam
788 1110 979 1170 aptare
1003 1110 1251 1166 conatus,
1290 1101 1618 1157 calumniam
1650 1102 1797 1157 intu-

215 1191 346 1250 lisse
380 1194 716 1265 Seripturis.
742 1193 904 1250 Falsa
923 1194 1099 1266 igitur
1121 1209 1243 1265 quae
1278 1196 1471 1251 scribit
1504 1206 1695 1253 auctor
1719 1197 1794 1252 οἰδ

209 1291 361 1341 tatus
390 1285 771 1356 additameriti,
802 1285 949 1357 quod
977 1286 1043 1342 ad
1068 1288 1273 1346 calcem
1299 1288 1424 1344 libri
1440 1288 1516 1343 Ds
1544 1290 1799 1355 praescri-

208 1379 479 1447 ptionibus
524 1379 777 1447 legitur.
825 1378 977 1451 Legis
1010 1390 1056 1434 et
1107 1378 1495 1452 Prophetarum
1546 1384 1794 1451 quadam

207 1475 419 1542 probat,
448 1473 693 1541 quadam
719 1475 1055 1545 improbat...
1071 1473 1603 1548 Evangelium'habet
1635 1476 1792 1535 etiam

209 1580 387 1633 suum,
422 1573 615 1633 prarter
632 1564 756 1620 'hwc
778 1576 960 1619 nostra
983 1580 1009 1632 ,'
1032 1567 1082 1621 si
1106 1566 1222 1622 haec
1243 1567 1313 1620 ad
1334 1563 1679 1620 Valentinum
1710 1580 1793 1622 re-

208 1656 453 1712 i-‘erantui
479 1696 496 1723 ,
528 1668 660 1713 vera
700 1656 935 1724 forte,'si
964 1656 1325 1717 de‘Vaientini
1352 1658 1655 1730 discipulis,
1681 1674 1789 1715 non

206 1749 485 1822 prioribus
511 1749 751 1828 quidem,
776 1750 1238 1822 quibuscum'egit
1259 1751 1515 1820 Irenaeus,
1555 1754 1651 1809 sed
1687 1767 1789 1823 po-

205 1844 559 1900 sterioribus.
616 1843 685 1899 Et
722 1843 914 1901 eodem
972 1843 1135 1901 modo
1182 1844 1519 1915 explicanda
1576 1853 1782 1916 putem,

204 1924 327 2008 qua:
352 1937 499 2007 apud
550 1936 999 2009 Chrysostomum
1044 1927 1308 2007 ieguntur
1354 1938 1451 1993 lib.
1500 1953 1553 1995 iv
1598 1939 1675 1994 De
1700 1956 1788 1993 sa-

205 2031 373 2094 σενα..
406 2034 530 2101 cap.
556 2031 590 2086 4
618 2047 633 2086 :
661 2028 765 2085 Τδν
792 2031 897 2086 ὑπὸ
932 2029 1026 2085 τοῦ
1055 2014 1188 2085 Θεοῦ
1226 2031 1452 2085 δοθέντα
1471 2030 1549 2103 τῷ
1577 2033 1785 2105 Mum

204 2118 366 2192 νόμον
397 2112 447 2175 oi
476 2123 575 2194 τὴν
602 2121 957 2177 Οὐαλεντίνου
988 2124 1083 2178 καὶ
1111 2124 1435 2196 Μαρκίωνος
1470 2123 1787 2196 διαδεξάμε-

201 2228 279 2267 νοι
308 2202 759 2287 φρενοϐλάϐειαν,
788 2214 885 2269 καὶ
930 2216 1046 2270 ὅσοι
1082 2215 1151 2270 τὰ
1175 2216 1315 2271 αὐτὰ
1368 2218 1614 2273 νοσοῦσιν
1644 2218 1790 2273 ὲκεί-

201 2323 329 2372 νοις,
362 2305 461 2362 τοῦ
491 2308 795 2379 καταλόγου
822 2308 931 2365 τῶν
960 2309 1120 2364 θείων
1151 2310 1472 2365 ἐκϐάλλουσι
1505 2312 1739 2391 Γραφῶν
1767 2329 1783 2345 ⁸

204 2397 389 2472 Legem
418 2417 578 2472 quam
617 2401 794 2473 Moysi
826 2404 967 2458 dedit
1001 2403 1165 2469 Deus,
1190 2416 1277 2475 qut
1307 2406 1362 2460 in
1415 2404 1686 2462 Valentini
1720 2408 1786 2463 ac

204 2494 495 2550 Narciouis
527 2497 774 2550 insanum
802 2496 995 2567 dogma
1048 2510 1428 2566 successerunt,
1473 2511 1521 2555 et
1560 2504 1784 2570 quicum-

204 2606 303 2661 que
331 2590 523 2645 eadem
573 2604 692 2644 cum
721 2591 847 2663 ipsis
889 2592 1102 2648 insania
1139 2593 1403 2661 laborant,
1427 2613 1453 2650 ε
1485 2597 1783 2653 divinarum

210 2682 599 2754 Scripturan
628 2683 871 2758 catalogo
895 2684 1087 2739 delent.
1115 2685 1263 2753 Haec,
1293 2702 1361 2743 ex
1400 2687 1779 2761 Chrysostomi

204 2785 402 2841 mente,
437 2775 506 2831 ad
530 2776 865 2848 posteriores
892 2776 1312 2835 Valentinianos
1359 2792 1616 2851 spectare
1648 2799 1777 2854 per-

198 2865 385 2936 spicue
409 2865 785 2921 demonstrant
815 2880 993 2932 voces,
1036 2869 1234 2939 quibus
1291 2872 1483 2939 utitur,
1505 2873 1605 2946 τὴν
1640 2875 1783 2929 Οὐι-

197 2957 435 3014 λιντίνου
468 2957 838 3030 διαδεξάμενοι
895 2960 1343 3032 φρενοϐλάϐειαν,
1366 2967 1454 3036 qui
1502 2966 1556 3020 in
1594 2965 1785 3023 Valen-

197 3052 293 3106 tini
323 3052 577 3106 insanum
600 3053 797 3123 dogma
826 3063 1208 3110 successerunt.

265 3144 353 3201 10.
383 3144 577 3202 Exstat
628 3146 768 3217 apud
797 3145 1183 3217 Epiphanium,
1225 3148 1253 3221 θ
1300 3149 1354 3215 5,
1388 3148 1779 3224 Fragmentum

1904 816 2119 885 lestius,
2152 816 2415 873 hominis
2453 816 2714 873 nimirum
2762 819 3113 894 hypothesim
3171 830 3341 892 atque
3382 823 3483 879 do-

1887 918 2109 982 gmata,
2154 910 2493 980 sermojam
2533 914 2957 973 convertendus.
3007 914 3064 970 Si
3115 916 3334 987 quidem
3362 918 3480 974 haec

1900 1004 2165 1061 historico
2190 1019 2341 1061 more
2362 1005 2681 1077 simpliciter
2701 1005 3018 1068 describere
3040 1011 3175 1071 satis
3191 1018 3357 1075 esset,
3390 1026 3481 1066 res

1901 1112 2011 1153 non
2075 1096 2215 1152 adeo
2264 1112 2529 1167 operosa;
2580 1098 2894 1155 summatim
2938 1099 3083 1155 enim
3130 1100 3316 1157 relatis
3354 1118 3479 1174 qua

1899 1184 2093 1244 lusiori
2139 1189 2280 1261 stle
2329 1199 2737 1262 prosequuntur
2779 1191 3037 1258 innatus,
3087 1193 3477 1260 Tertullianna,

1898 1280 2283 1340 Theodoretus
2310 1292 2366 1339 et
2413 1283 2531 1350 alii,
2580 1283 2695 1355 iam
2726 1283 2905 1342 oilicio
2957 1284 3128 1341 iuncti
3165 1286 3479 1343 discedere-

1894 1392 2043 1432 mus.
2066 1377 2139 1432 At
2168 1376 2587 1446 periculosioris
2611 1376 2743 1435 alea:
2784 1378 3003 1447 plenum
3047 1393 3186 1450 opus
3229 1390 3474 1436 tractan-

1896 1468 2070 1535 dum;
2121 1467 2634 1525 Valeatinianorum
2672 1470 3051 1541 ματαιολογίαι
3092 1473 3161 1527 ad
3205 1474 3473 1547 originem

1895 1560 2040 1617 unde
2087 1572 2515 1633 promanarunt,
2547 1565 2892 1632 revocandae,
2927 1573 2980 1621 et
3017 1566 3278 1635 quidquid
3328 1567 3475 1625 male

1893 1650 2157 1708 feriatum
2205 1660 2370 1724 caput
2413 1655 2693 1721 parturire
2744 1655 2924 1725 potuit
2970 1657 3310 1725 deliriorum,
3353 1669 3475 1720 arte

1896 1746 2134 1815 quadam
2161 1756 2217 1801 et
2243 1748 2502 1804 methodo
2548 1748 2978 1816 discutiendum,
3012 1752 3213 1820 laane
3247 1752 3471 1808 lectori.

1895 1837 1999 1890 bus
2032 1837 2384 1907 antiquitatis
2413 1838 2798 1896 ecclesiasticae
2822 1830 3081 1899 studiosis
3107 1843 3470 1913 praeferenda,

1892 1940 1950 1986 ut
2002 1928 2219 1987 facilior
2267 1932 2338 1988 iis
2370 1933 2569 1989 evadat
2622 1934 2861 1991 auctoris
2908 1935 3302 1996 nostri,lectio.
3338 1937 3472 1998 Nec

1888 2028 2075 2077 tamen
2106 2034 2189 2079 est
2216 2024 2360 2095 quod
2388 2026 2682 2097 quisquam
2723 2026 2776 2082 in
2810 2027 3060 2085 obscuris
3090 2038 3147 2084 et
3190 2030 3471 2093 intricatis

1888 2116 2029 2171 adeo
2053 2117 2219 2173 rebus
2249 2134 2278 2172 a
2316 2118 2479 2175 nobis
2512 2127 2691 2175 certas
2719 2120 2808 2177 hic
2831 2122 3019 2194 exigat
3047 2124 3471 2182 demonstratio-

1889 2225 2031 2276 nes;
2068 2211 2205 2267 satis
2231 2213 2337 2269 erit
2364 2214 2409 2269 si
2431 2213 2611 2271 dubiis
2651 2224 2706 2271 et
2733 2215 2835 2286 ipsi
2866 2217 3120 2273 manibus
3145 2218 3291 2275 viam
3322 2233 3468 2289 prte-

1880 2310 2195 2372 tentantes,
2228 2305 2574 2375 conjecturas
2616 2307 2930 2375 all'eramus,
2958 2324 3186 2379 quarum
3221 2311 3467 2369 omnium

1884 2396 2145 2453 collectio
2172 2414 2296 2455 eum
2328 2399 2475 2456 forte
2507 2400 2911 2470 probabilitatis
2934 2406 3163 2472 gradum
3196 2404 3465 2475 attigerit,

1886 2492 1978 2560 qui
2006 2506 2034 2543 a
2067 2505 2203 2545 vero
2222 2503 2278 2547 et
2308 2502 2464 2547 certo
2494 2510 2600 2549 non
2632 2495 2767 2550 adeo
2797 2496 2989 2565 procul
3022 2496 3285 2556 discedet.

1958 2582 2047 2637 12.
2075 2582 2269 2639 Totam
2298 2583 2569 2643 Valentini
2611 2602 2677 2643 ac
2710 2575 3116 2661 discipulorum.
3138 2591 3255 2661 ejus
3302 2593 3469 2666 hypo-

1890 2675 2088 2731 tliesim
2139 2677 2313 2733 tribus
2354 2678 2455 2733 niti
2490 2680 2791 2749 capitibus,
2838 2692 3027 2738 notum
3062 2691 3167 2740 est.
3215 2684 3465 2743 Primum

1888 2768 2249 2837 Pleromatis,
2280 2786 2379 2827 seu
2414 2771 2785 2830 Plenitudinis
2822 2790 3006 2831 rerum
3039 2778 3344 2835 divinarum
3376 2796 3467 2836 ex-

1885 2862 2241 2932 plicationem
2270 2866 2672 2936 complectitur.
2702 2869 2951 2924 Alterum
2994 2871 3140 2925 circa
3188 2887 3251 2927 ea
3281 2885 3467 2930 versa-

1887 2963 1975 3006 tur
1997 2968 2117 3023 quse
2144 2962 2298 3008 extra
2342 2954 2599 3011 Pleroma
2641 2960 3011 3028 contigerunt.
3040 2960 3285 3017 Tertium
3310 2964 3465 3021 deni—

1884 3058 1993 3113 que
2032 3046 2217 3100 mnndi
2253 3045 2415 3116 huius
2458 3050 2825 3118 aspectabilis
2854 3052 3127 3123 originem
3160 3065 3214 3110 et
3250 3058 3463 3113 consti-

1886 3137 2152 3192 tutionem
2176 3140 2420 3208 exponit.
2455 3137 2513 3196 In
2546 3142 2721 3211 prima
2748 3153 2911 3214 parte
2938 3162 3024 3202 res
3057 3149 3370 3217 superiores
3398 3166 3465 3207 ac

196 3238 491 3309 quoddam,
518 3240 657 3308 quod
689 3255 756 3295 ex
782 3241 965 3312 aliquo
991 3236 1267 3299 Valentini
1289 3243 1431 3299 libro
1461 3245 1773 3317 decerptum
1802 3238 1844 3296 C
1878 3229 2076 3286 άῖνίηίε
2122 3242 2560 3303 Perii-"cuntur;
2608 3237 2663 3292 in
2709 3246 2985 3307 Ροειωηιθ
3034 3258 3122 3298 1'88
3168 3242 3367 3298 inﬁmae
3395 3254 3459 3301 ει

197 3331 481 3388 existimat
508 3322 844 3390 Biondellus.
880 3335 986 3391 Sed
1018 3334 1503 3409 aperterepugnat
1533 3336 1776 3411 Epipha-

196 3425 317 3482 nius
346 3434 463 3481 tum
496 3426 681 3493 initio,
711 3436 826 3483 tum
874 3428 1006 3499 ﬁne,
1038 3431 1421 3501 depromptum
1464 3446 1778 3491 asserens‘e

201 3516 741 3586 Valentinianorum,
788 3521 841 3576 id
892 3532 1041 3578 este
1086 3527 1454 3593 quorumdam
1501 3525 1775 3584 Valentini

196 3610 588 3681 discipulorum
634 3613 807 3679 libris,
840 3614 939 3687 τῆς
977 3616 1158 3670 αὐτῶν
1188 3616 1400 3690 βίϐλου,
1430 3618 1499 3673 τὰ
1532 3620 1640 3675 ἀπὸ
1667 3620 1777 3677 τῶν

194 3702 588 3759 Οὐαλεντίνων.
621 3703 909 3777 Repugnat
940 3716 996 3762 et
1029 3719 1139 3763 tota
1176 3712 1448 3767 orationis
1479 3713 1672 3780 series,
1706 3730 1771 3770 ex

190 3810 293 3865 qua
341 3796 661 3869 Fragmentl
712 3799 869 3855 istius
915 3803 1158 3859 auctoris
1204 3806 1553 3873 sententiam,
1581 3809 1653 3863 ab
1707 3823 1772 3864 ea

191 3904 353 3959 quam
428 3890 596 3963 paulo
647 3898 778 3948 ante
824 3892 1113 3951 Valentino
1168 3896 1375 3965 tribuit,
1412 3910 1468 3957 et
1513 3901 1774 3972 explicuit

189 3980 555 4054 Epiphanius,
593 3984 866 4042 diversam
902 4002 1027 4044 esse
1059 3988 1248 4059 liquet.
1274 3990 1522 4049 ‘Utenim
1555 3994 1659 4049 alia
1694 4004 1777 4051 ta-

192 4089 363 4142 ceam,
421 4086 632 4134 certum
674 4088 779 4146 est,
832 4083 1131 4137 secundum
1166 4071 1435 4155 Valentini
1484 4098 1539 4143 et
1586 4085 1767 4145 Ptole-

193 4170 484 4228 maitarum
515 4172 886 4244 hypothesim,
917 4190 947 4228 a
966 4174 1115 4247 Logo
1144 4187 1200 4231 et
1224 4178 1336 4235 Zoe
1363 4181 1620 4237 emissum
1652 4198 1773 4239 esse

192 4262 476 4321 Hominem
509 4276 565 4321 et
600 4258 905 4323 Ecclesiam
934 4283 948 4334 ;
983 4278 1040 4323 at
1081 4268 1135 4323 in
1160 4266 1521 4343 Fragmento,
1552 4275 1771 4331 inverso

190 4357 401 4424 ordine,
430 4352 646 4412 Homini
677 4368 731 4414 et
762 4358 1020 4416 Ecclesiae
1049 4359 1226 4433 Logos
1246 4372 1299 4418 et
1319 4364 1427 4421 Zoe
1462 4366 1770 4436 subjiciun-

191 4459 316 4514 tur;
381 4448 533 4520 quod
587 4452 953 4520 quorumdam
1023 4451 1300 4512 Valentini
1377 4458 1769 4530 discipulorum

192 4542 384 4615 dogma
430 4542 555 4599 l‘uit.
591 4541 657 4598 Hi
683 4543 858 4611 enim,
894 4555 953 4602 ut
998 4547 1054 4602 in
1088 4549 1232 4605 notis
1274 4549 1341 4605 ad
1384 4566 1509 4621 cap.
1544 4554 1606 4608 ll
1642 4553 1765 4610 libri

191 4649 206 4686 ι
244 4633 439 4690 lrenaei
471 4636 906 4706 observavimus,
930 4654 961 4694 a
986 4639 1267 4697 Gnosticis
1307 4642 1432 4700 allis
1458 4647 1673 4714 moniti,
1711 4650 1768 4705 in

192 4728 289 4784 hoc
311 4744 342 4785 a
378 4728 647 4798 magistro
682 4728 1034 4798 deiecerunt;
1070 4731 1365 4790 absurdum
1402 4738 1505 4792 rati
1531 4753 1560 4792 a
1590 4740 1773 4799 Verbo

183 4812 468 4874 Hominem
507 4819 710 4885 emitti,
746 4814 1058 4890 rationique
1114 4821 1290 4894 magis
1337 4838 1769 4888 consentaneum

190 4924 310 4967 esse
344 4921 403 4967 ut
428 4912 499 4967 ab
519 4910 750 4977 Homine
785 4912 1015 4983 prodeat
1044 4913 1307 4971 Verbum.
1345 4912 1418 4973 Et
1446 4918 1574 4975 hinc
1604 4922 1769 4977 etiam

192 5003 522 5059 Dodwellum
562 5004 611 5036 “
653 5002 974 5076 redarguas,
1008 5005 1103 5077 qui
1134 5006 1229 5062 hoc
1275 4996 1659 5080 Fragmentum
1695 5016 1765 5070 ad

193 5092 503 5149 Ptolemaici
579 5091 1037 5152 Valentinianismi
1084 5100 1441 5156 characterem
1546 5106 1764 5177 propius

188 5204 341 5257 quam
368 5189 442 5244 ad
465 5186 604 5245 alias
642 5187 1039 5246 Valentiniano:
1079 5204 1236 5249 sectas
1274 5195 1587 5267 disciplinas
1618 5217 1767 5256 acce-

189 5284 302 5335 dere
334 5291 513 5351 putat.
551 5279 669 5336 Non
702 5284 851 5338 enim
884 5283 1203 5341 Ptolemaici
1235 5286 1305 5343 ab
1330 5288 1560 5347 Homine
1582 5300 1635 5348 et
1656 5292 1760 5349 Ec-

188 5373 347 5429 clesia
377 5374 563 5446 Logon
597 5384 651 5430 et
686 5373 857 5440 Zoen,
888 5378 984 5433 sed
1028 5379 1206 5448 potius
1244 5379 1528 5437 Hominem
1574 5391 1630 5440 et
1662 5384 1762 5443 Ec-

188 5464 406 5521 clesiam
441 5482 470 5520 a
504 5466 649 5539 Logo
678 5478 731 5523 et
761 5468 869 5524 Zoe
905 5472 1131 5541 produci
1160 5476 1499 5532 asserebant.

190 5577 250 5634 ν.
309 5578 577 5635 Valentini
641 5592 692 5637 et
760 5582 1145 5659 discipulorum
1214 5586 1327 5644 eius
1392 5588 1644 5659 dogmata
1711 5599 1759 5645 et

812 5652 1131 5724 hypotltesis.

254 5744 339 5801 ll.
390 5742 485 5800 His
516 5759 649 5801 vero
677 5762 798 5819 qua:
844 5748 913 5802 ad
956 5748 1232 5807 Valentini
1281 5766 1593 5823 personam,
1625 5764 1757 5810 aeta-

1878 3327 2238 3395 corporales;
2269 3327 2326 3381 in
2351 3331 2589 3385 secunda
2635 3346 2721 3387 res
2774 3332 3216 3405 interutrasque
3242 3338 3454 3393 media.

1880 3415 2066 3472 Prima
2094 3420 2313 3490 triginta
2341 3420 2603 3489 Eanum,
2633 3438 2866 3494 quorum
2895 3428 3461 3495 quindecimmusuuli

1876 3525 1934 3570 et
1962 3514 2183 3571 tetidem
2205 3516 2437 3583 feminae,
2467 3520 2663 3575 seriem
2697 3520 2944 3587 exhibet,
2976 3521 3028 3576 in
3067 3522 3252 3579 varias
3280 3523 3454 3580 veluti

1878 3614 2080 3682 Stirpes
2113 3613 2368 3678 divisam,
2412 3630 2661 3684 quarum
2695 3616 2941 3671 omnium
2984 3627 3151 3686 caput
3194 3618 3266 3672 sit
3304 3624 3456 3673 unus

1882 3712 2047 3774 Deus,
2081 3709 2816 3782 invislbiiis,sempiternus,
2861 3713 3133 3783 ingenitus
3159 3723 3214 3769 et
3252 3714 3463 3769 incom-

1875 3803 2296 3873 prehensibilis,
2326 3820 2485 3873 quem
2533 3804 2869 3872 Proarchen,
2914 3806 3239 3876 Propatora,
3264 3816 3317 3863 et
3352 3809 3456 3879 Br

1879 3895 2033 3959 tlion,
2061 3910 2153 3950 seu
2184 3896 2416 3964 primum
2462 3898 2812 3967 principium,
2849 3899 3088 3969 primum
3127 3899 3373 3969 Patrem,
3402 3910 3459 3954 et

1877 3989 2318 4046 Proiunditatem
2346 4000 2659 4058 vocabant;
2712 3991 2798 4046 cui
2831 3992 3079 4062 conjugis
3116 3993 3237 4049 loco
3280 3995 3463 4049 socia-

1873 4083 2015 4140 bant
2036 4083 2329 4152 Ennmam,
2375 4099 2469 4139 seu
2510 4084 2935 4155 Cogitationem,
2972 4102 3136 4157 quam
3172 4086 3457 4143 etiam'Si-

1873 4191 1977 4244 gen
2009 4185 2066 4231 et
2090 4175 2319 4241 Charin,
2346 4174 2639 4231 Silentium
2679 4186 2733 4232 et
2764 4176 3011 4232 Gratiam
3038 4180 3453 4249 nuncupabant.

1874 4266 2000 4324 Haec
2040 4278 2293 4339 suscepto
2323 4286 2350 4323 a
2392 4268 2569 4339 Bytho
2594 4270 2804 4324 semine
2844 4271 3066 4339 gravida
3098 4273 3283 4340 genuit
3306 4271 3453 4339 Non,

1874 4362 1927 4416 id
1965 4371 2051 4417 est
2083 4362 2342 4429 Mentem,
2403 4360 2781 4431 Unigeuitum,
2809 4372 2869 4417 et
2903 4359 3121 4416 Patrem
3158 4370 3213 4417 et
3241 4362 3456 4420 Princi—

1870 4454 2020 4523 pium
2058 4453 2328 4517 omnium,
2364 4462 2419 4507 et
2461 4468 2566 4507 una
2606 4468 2730 4508 cum
2759 4468 2825 4507 eo
2870 4453 3165 4519 Alethiam,
3219 4455 3325 4510 hoc
3368 4464 3455 4513 est

1879 4545 2195 4601 Veritatem.
2251 4544 2380 4599 Haec
2420 4545 2723 4615 primigena
2752 4547 3114 4614 quaternitas,
3149 4547 3301 4601 radix
3332 4560 3453 4601 om~

1874 4638 2047 4695 nium.
2068 4637 2151 4692 Ex
2175 4638 2279 4692 hac
2315 4639 2494 4706 erupit
2519 4636 2691 4691 altera
2722 4648 2916 4702 tetras,
2941 4636 3073 4707 Logi
3116 4647 3169 4694 et
3202 4639 3361 4701 Zoes.
3393 4640 3450 4695 id

1869 4741 1957 4786 est
1989 4729 2153 4785 Verbi
2178 4740 2233 4785 et
2261 4727 2418 4794 Vitta,
2438 4739 2491 4785 et
2518 4729 2916 4800 Anthropi-seu
2956 4729 3220 4801 Hominis,
3252 4747 3317 4789 ac
3349 4732 3455 4789 Ec-

1867 4821 2090 4889 clesiae;
2143 4836 2211 4876 ex
2255 4820 2553 4893 U‘nigenito
2594 4823 2817 4891 quidem
2858 4821 3091 4878 Verbum
3122 4832 3176 4878 et
3208 4823 3449 4887 Vita,esr

1868 4912 1955 4967 his
1981 4912 2308 4969 veroHomo
2339 4924 2393 4967 et
2421 4912 2668 4984 Ecclesia
2697 4927 2713 4977 ;
2745 4926 3063 4982 quanquam
3092 4914 3183 4967 alii
3217 4914 3286 4969 ab
3320 4913 3453 4969 Uni-

1868 5004 2058 5073 genito
2106 5004 2342 5073 primum
2389 5003 2679 5058 Hominem
2727 5012 2782 5057 et
2828 5001 3155 5069 Ecclesiam,
3212 5015 3325 5059 tum
3379 5008 3451 5061 ab

1869 5096 2103 5153 Homine
2129 5108 2184 5153 et
2227 5097 2471 5154 Ecclesia
2500 5097 2743 5153 Verbum
2787 5107 2844 5153 et
2876 5098 3057 5153 Vitam
3104 5099 3445 5156 derivarent.

1866 5189 1945 5244 Ex
1979 5201 2212 5260 utraque
2256 5192 2468 5248 tetrade
2519 5191 2767 5262 ogdoada
2817 5190 3148 5260 conﬂabant,
3191 5207 3356 5262 quam
3390 5202 3448 5247 et

1866 5282 2040 5352 ipsam
2091 5283 2451 5353 primigenam
2497 5286 2771 5355 ogdoada,
2816 5286 3147 5341 radicem‘et
3188 5285 3446 5341 substan-

1868 5375 2001 5429 tiam
2032 5375 2279 5431 omnium
2317 5376 2587 5430 dicebant.
2632 5375 2718 5432 Uti
2760 5377 2906 5433 enim
2940 5378 3115 5448 prima
3165 5387 3337 5432 tetras
3360 5391 3446 5430 sc—

1868 5470 2106 5525 cundam
2153 5469 2460 5534 effuderat;
2510 5468 2591 5523 sic
2641 5471 2877 5525 secunda
2928 5481 3143 5525 caeteris
3187 5471 3449 5538 deinceps

1868 5564 2138 5623 1Eonibus
2160 5577 2339 5621 ortum
2383 5564 2637 5635 praebuit.
2668 5564 2736 5619 Et
2766 5564 2897 5618 hinc
2944 5561 3123 5633 Logos
3156 5572 3448 5633 postremas

1868 5669 2034 5732 caput
2063 5661 2133 5728 ’⁷,
2162 5658 2327 5715 Pater
2350 5659 2585 5715 omnium
2618 5672 2799 5712 eorum
2826 5655 2916 5726 qui
2945 5664 3061 5725 post
3084 5671 3139 5708 se
3168 5654 3337 5721 futuri
3365 5668 3446 5707 es-

1866 5764 2003 5823 sent,
2034 5754 2331 5813 etinitium
2372 5762 2422 5810 et
2445 5750 2696 5823 formatio
2723 5748 2957 5805 universi
2989 5746 3313 5802 Pleromatis
3346 5760 3444 5801 v.0-

262 5928 309 5962 “
339 5928 608 6004 Dodwel.,
638 5930 866 5993 Dissert.
893 5949 945 5993 iv
977 5933 1033 5991 in
1062 5931 1227 6005 lren.,
1265 5934 1295 6007 5
1327 5933 1380 5992 6.
1459 5934 1502 5969 ²’
1524 5934 1693 6006 lren.,
1726 5934 1821 5993 lib.
1855 5949 1898 6006 ι,
1932 5949 1982 5995 c.
2016 5934 2070 6001 l,
2096 5948 2153 5990 n.
2189 5934 2242 5990 l.
