4180 6332
757 401 828 459 35
1569 395 2156 455 DISSERTATIONES
2192 397 2497 455 PREVUE
2537 397 2607 452 IN
2650 395 2901 454 IHENEI
2939 393 3209 457 LIBROS.
3930 399 3996 456 56

753 519 1006 575 cabatur.
1036 518 1078 570 A
1102 515 1248 587 Logo
1278 517 1547 586 siquidem
1582 518 1871 586 pullulavit
1920 533 2057 573 nova
2085 518 2323 573 Eonum
2355 525 2402 582 Α
2430 518 2650 573 Christo
2700 526 2753 571 et
2789 517 2993 585 Spiritu
3032 525 3245 581 sancto,
3288 513 3448 568 Patre
3486 529 3700 585 quoque
3729 516 4003 575 calculum.

753 613 937 673 decas.
979 609 1210 683 Bythius
1236 611 1491 666 videlicet
1526 620 1579 664 et
1617 611 1798 676 Mixis,
1846 616 2111 681 Ageratos
2138 622 2195 667 et
2229 612 2330 667 lle-

756 706 933 769 nosis,
962 703 1274 774 Autophyes
1300 712 1353 757 et
1379 703 1620 771 Hedone,
1647 704 1909 759 Acinetus
1938 714 1990 756 et
2021 704 2327 773 Syncrasis,

758 796 1087 865 Monrueues
1114 806 1167 851 et
1200 796 1432 851 Macaria
1474 811 1488 848 :
1524 797 1589 849 ab
1620 796 1852 851 Homine
1880 804 1934 850 et
1965 796 2201 850 Ecclesia
2234 798 2330 850 do-

752 891 937 956 decas,
990 890 1301 944 Paraclelus
1331 899 1385 944 et
1416 888 1611 953 Pistis,
1642 888 1887 944 Patricos
1926 898 1981 943 et
2024 889 2193 959 Elpis,
2225 891 2329 943 Me.-

753 983 924 1036 tricos
954 984 1240 1051 etAgape,
1286 980 1462 1036 Atinas
1512 993 1566 1035 et
1612 983 1857 1051 Synesis,
1914 982 2326 1039 Ecclesiasticos

749 1084 806 1126 et
829 1073 1173 1139 Macariotes,
1205 1073 1463 1129 Theletos
1499 1083 1549 1128 et
1573 1074 1813 1143 Sophia;
1850 1075 2075 1130 totidem
2108 1076 2323 1130 nomina

747 1163 959 1228 Graeca,
1009 1181 1240 1234 quorum
1286 1166 1590 1237 signiﬁcata
1644 1168 1881 1235 reperies
1929 1168 1981 1221 in
2029 1167 2324 1223 Glossariis

746 1260 950 1312 nostris
984 1260 1051 1311 ad
1078 1259 1283 1313 calcem
1328 1259 1536 1328 operis.
1581 1257 1643 1311 Hi
1670 1259 1895 1329 triginta
1932 1259 2139 1314 IEones
2183 1262 2319 1314 adeo

747 1350 1061 1417 deeantati;
1112 1352 1212 1405 hoc
1262 1349 1764 1405 Valentinianorum
1808 1350 2058 1407 Pleroma
2113 1353 2164 1406 in
2218 1354 2320 1407 tria

744 1444 893 1497 velut
922 1444 1133 1512 agmina
1162 1444 1422 1504 divisum,
1454 1444 1507 1496 in
1532 1444 1804 1513 ogdoada,
1831 1445 2032 1499 decada
2063 1454 2116 1498 et
2156 1446 2323 1500 dode-

746 1537 879 1589 cada
907 1577 921 1599 ,
955 1535 1146 1608 [XVII]
1205 1552 1433 1605 quorum
1486 1538 1635 1605 prius
1678 1538 1908 1591 ducebat
1949 1538 2154 1608 Bythus
2198 1555 2320 1593 cum

744 1626 890 1701 Sige,
948 1633 1242 1684 secundum
1286 1628 1464 1699 Logos
1503 1644 1627 1684 cum
1670 1629 1800 1696 Zoe,
1838 1633 2109 1699 posterius
2150 1630 2321 1688 Homo

748 1737 863 1777 cum
889 1723 1153 1777 Ecclesia.

814 1812 901 1866 15.
928 1812 1188 1878 Quamvis
1235 1822 1420 1866 autem
1468 1812 1559 1866 uni
1593 1821 1647 1868 et
1680 1813 1855 1867 eidem
1890 1812 2092 1881 stipiti,
2137 1812 2317 1883 Bytho

742 1905 1023 1968 nimirum,
1059 1903 1323 1974 originem
1353 1913 1633 1973 acceptam
1670 1903 1940 1959 referrent
1966 1904 2171 1959 Eones
2195 1920 2315 1959 om-

741 2012 863 2064 nes,
891 2014 999 2051 non
1034 2013 1137 2051 una
1164 2006 1344 2050 tamen
1368 2006 1421 2051 et
1448 1998 1637 2052 eadem
1666 1995 1768 2052 fuit
1793 1999 2034 2052 omnium
2057 1998 2314 2063 conditio,

742 2090 834 2145 sed
859 2090 1064 2159 dispar.
1105 2088 1217 2145 Soli
1277 2088 1377 2156 No,
1412 2099 1602 2158 utpote
1651 2091 2043 2159 primogenito,
2104 2089 2318 2144 indulta

740 2181 985 2255 perfecta
1021 2199 1141 2237 cum
1194 2183 1368 2253 Bytho
1415 2186 1764 2251 communio;
1811 2185 1909 2239 soli
1941 2184 2121 2251 nervia
2160 2184 2319 2252 hujus

740 2276 1075 2344 magnitudo,
1102 2276 1318 2331 caeteris
1352 2277 1648 2331 inaccessa.
1676 2276 1812 2331 Hinc
1838 2276 1891 2329 in
1919 2277 2040 2329 aliis
2065 2276 2320 2329 omnibus

739 2368 1102 2436 cognoscendi
1150 2368 1328 2422 Patris
1367 2379 1548 2433 aestus,
1576 2384 1639 2424 ac
1670 2368 2063 2438 propemodum
2107 2368 2160 2421 in
2184 2366 2316 2423 Nun

741 2459 959 2513 invidia:
981 2460 1152 2527 livor;
1186 2459 1361 2527 major
1392 2476 1521 2515 vero
1555 2461 1606 2514 iu
1643 2463 1935 2515 novissima
1959 2460 2197 2516 Eanum
2224 2462 2321 2518 So—

739 2553 1033 2623 phia,qu:e
1076 2553 1342 2623 praecipiti
1377 2554 1762 2621 exquisitionis
1806 2555 2007 2623 impetu
2043 2556 2175 2621 lata,
2217 2557 2315 2611 ab-

738 2655 924 2716 sorpta
976 2647 1091 2700 fere
1127 2645 1337 2709 fuisset,
1383 2654 1438 2700 et
1489 2645 1540 2697 in
1591 2646 1901 2701 Universam
1950 2647 2315 2703 substantiam

741 2738 1031 2809 dissipata,
1076 2739 1180 2793 nisi
1216 2740 1538 2808 tempestive
1560 2740 1890 2794 occurrisset
1925 2738 2094 2806 Horo,
2141 2743 2192 2796 id
2234 2751 2318 2797 est

741 2832 1030 2899 Termino,
1056 2834 1258 2887 Virtuti
1291 2832 1365 2887 illi
1392 2834 1460 2888 ab
1490 2835 1637 2888 omni
1664 2833 1915 2904 conjugio
1948 2835 2157 2902 liberte,
2192 2851 2319 2905 quae

739 2926 922 2981 omnia
971 2925 1150 2991 fulcit,
1194 2935 1248 2981 et
1290 2935 1445 2981 extra
1501 2925 1827 2981 ineffabilem
1887 2928 2314 2998 magnitudinem

742 3019 1024 3083 eusmdit;
1052 3035 1079 3072 a
1108 3035 1212 3089 qua
1244 3019 1458 3074 demum
1494 3033 1767 3088 repressa,
1805 3019 2045 3084 suffulta,
2079 3030 2132 3074 et
2154 3020 2220 3075 ad
2258 3034 2318 3076 se

740 3110 912 3180 ipsam
954 3121 1230 3178 revocata,
1278 3113 1516 3182 priorem
1574 3114 1954 3181 cogitationem
2002 3115 2161 3167 simul
2190 3130 2312 3169 cum

2434 610 2758 677 adjiciente,
2815 609 3081 677 quidquid
3130 608 3390 676 optimum
3439 622 3503 661 ae
3547 606 3992 665 ﬂorentissimum

2432 704 2714 759 habebant
2772 703 2966 772 singuli
3021 703 3399 765 conferentes,
3461 713 3691 773 apteque
3754 707 3995 776 compin-

2430 806 2641 868 gentes,
2674 796 2858 853 Jesum
2894 797 2946 849 iu
2983 796 3141 865 Bylhi
3187 796 3417 864 gloriam
3450 807 3503 850 et
3536 798 3801 851 honorem
3835 797 3997 852 emit-

2433 898 2572 953 tunt,
2609 905 2707 943 ceu
2745 889 3202 958 perfectissimmn
3236 888 3561 943 Pleromatis
3605 888 3754 942 sidus
3788 899 3842 943 et
3884 888 3998 943 fru-

2428 991 2602 1046 ctum,
2636 982 2981 1036 Salvatorem
3028 984 3215 1048 etiam,
3245 993 3298 1034 et
3329 979 3583 1047 Verbum,
3619 982 3993 1046 etChristum,

2427 1091 2490 1129 ac
2511 1075 2702 1131 Omnia
2729 1076 2963 1143 denique
2997 1084 3364 1144 nuncupatum
3386 1118 3399 1140 ,
3437 1089 3597 1142 quem
3631 1076 3835 1147 angelis
3860 1090 3995 1145 quo-

2428 1184 2533 1236 que
2569 1168 2897 1221 satellitibus
2931 1168 3156 1237 stipant.
3210 1168 3410 1222 Christi
3452 1178 3506 1222 et
3543 1169 3780 1237 Spiritus
3811 1168 3987 1223 sancti

2427 1270 2605 1313 ortum
2659 1260 2819 1313 aliter
2851 1260 3156 1329 explicabat
3191 1260 3539 1316 Valentinus.
3585 1260 3737 1315 Hunc
3775 1261 3988 1329 quidem

2425 1353 2492 1405 ab
2522 1352 2761 1405 Ecclesia
2798 1352 3118 1421 productum
3168 1353 3354 1417 fuisse,
3401 1354 3466 1406 ad
3513 1352 3755 1408 Eonum
3785 1351 3991 1407 examia

2425 1445 2687 1497 nationem
2736 1455 2791 1497 et
2824 1444 3213 1498 fecunditatem
3255 1445 3504 1511 dicebat;
3544 1446 3690 1500 illum
3720 1460 3848 1500 vero
3880 1461 3988 1499 non

2425 1540 2491 1592 ab
2534 1540 2599 1591 iis
2632 1537 2899 1593 monibus
2952 1538 3042 1606 qui
3089 1538 3139 1591 in
3190 1537 3493 1592 Pleromate
3532 1538 3712 1592 sedem
3765 1538 3987 1603 habent,

2424 1632 2517 1685 sed
2563 1647 2591 1684 a
2638 1630 2807 1685 Matre
2842 1630 2996 1684 illinc
3027 1630 3269 1696 exclusa,
3324 1630 3618 1683 secundum
3653 1629 3988 1685 recordatio-

2423 1738 2543 1777 nem
2580 1722 2863 1777 meliorum
2890 1734 3233 1792 procreatum
3267 1722 3453 1789 fuisse,
3484 1738 3582 1777 nec
3607 1723 3721 1776 sine
3752 1722 3986 1791 quadam

2422 1817 2634 1871 umbra.
2670 1814 2872 1870 Verum
2909 1816 3199 1885 ingratum,
3238 1831 3361 1870 cum
3393 1815 3668 1870 masculus
3702 1824 3867 1878 esset,
3900 1830 3990 1869 ex-

2421 1912 2536 1965 cisa
2582 1925 2610 1963 a
2662 1924 2721 1964 se
2771 1909 2985 1973 umbra,
3021 1909 3088 1963 ad
3136 1908 3385 1963 Pleroma
3436 1908 3771 1971 recurrisse,
3814 1907 3988 1960 Matre

2420 2018 2528 2057 una
2560 2017 2681 2057 cum
2724 2002 2913 2057 umbra
2958 2000 3145 2057 relicta
3180 2017 3244 2055 ac
3277 2000 3511 2069 spiritali
3558 2001 3859 2055 substantia
3895 2015 3986 2053 or-

2419 2096 2563 2150 bata.
2598 2093 2781 2150 Jesum
2818 2104 2996 2148 autem
3031 2094 3298 2147 interdum
3332 2109 3398 2147 ex
3432 2094 3677 2158 Theleto,
3714 2095 3985 2146 interdum

2419 2201 2489 2242 ex
2542 2188 2782 2251 Christo,
2821 2200 3207 2255 nonnunquam
3242 2200 3307 2238 ex
3363 2185 3594 2240 Homine
3634 2192 3691 2238 et
3739 2183 3987 2239 Ecclesia

2418 2289 2601 2333 ortum
2637 2279 2941 2333 asserebat.
2981 2278 3089 2333 llas
3121 2280 3186 2332 de
3223 2279 3383 2333 rebus
3419 2278 3619 2331 divinis
3664 2293 3833 2348 nugas
3857 2292 3989 2331 ven-

2419 2372 2671 2427 ditabant
2716 2381 3051 2427 veteratores
3106 2371 3233 2440 isti;
3276 2381 3330 2426 et
3389 2371 3504 2426 hmo
3563 2371 3735 2438 prima
3790 2369 3989 2425 fabulae

2417 2481 2481 2535 pa
2490 2482 2565 2520 rs.

2491 2559 2579 2612 l5.
2619 2559 2803 2613 Altera
2836 2558 2888 2611 iu
2923 2571 3014 2627 ns,
3042 2572 3160 2626 qua:
3194 2566 3350 2611 extra
3366 2555 3611 2611 Pleroma
3649 2565 3797 2625 gesta
3835 2566 3983 2622 sunt,

2418 2650 2722 2705 referendis
2759 2659 3029 2704 versatur.
3066 2649 3381 2718 Superioris
3416 2663 3609 2716 nempe
3634 2648 3849 2717 Sophia:
3884 2648 3989 2702 En-

2421 2745 2683 2813 tliymesis
2732 2743 3050 2815 (Aehamotlt
3086 2743 3152 2797 ab
3188 2741 3451 2797 Hebraica
3489 2758 3619 2796 voce
3677 2742 3981 2803 Πρω-μεα-

2416 2837 2615 2904 pientia
2648 2836 2958 2905 vocabant),
2980 2851 3139 2906 quam
3176 2844 3327 2889 extra
3354 2834 3596 2889 Pleroma
3630 2850 3753 2888 eum
3785 2848 3988 2902 appen-

2418 2930 2537 2985 diee
2563 2932 2802 2998 passione
2837 2931 3127 2999 relegatam
3165 2929 3421 2993 diximus,
3468 2927 3522 2980 in
3582 2928 3770 2980 umbra
3804 2937 3856 2979 et
3888 2941 3987 2979 va-

2418 3038 2542 3089 cuo,
2577 3022 2786 3090 formaa,
2824 3024 3006 3092 figura
3046 3037 3109 3077 ac
3144 3022 3366 3075 luminis
3396 3035 3610 3090 expers,
3662 3021 3860 3074 misere
3900 3018 3989 3087 ja-

2418 3116 2597 3168 cebat.
2635 3114 2809 3182 Ipsius
2842 3115 3151 3168 calamitate
3174 3124 3478 3168 commotus
3514 3113 3766 3182 superior
3819 3109 3991 3167 Chri-

737 3216 801 3257 ea
836 3202 1102 3273 passione,
1149 3219 1271 3275 qua:
1313 3220 1380 3259 ex
1427 3216 1698 3275 stupenao
1744 3205 1837 3259 illo
1882 3205 2146 3260 miraculo
2190 3217 2309 3261 orta
2339 3210 2380 3267 C
2416 3217 2553 3270 stus,
2589 3208 2640 3261 vi
2675 3222 2770 3262 sua
2806 3206 3036 3261 formam
3079 3206 3295 3275 quidem
3330 3208 3378 3259 ei
3417 3206 3631 3270 indidit,
3666 3207 3758 3260 sed
3793 3219 3989 3259 secun-

740 3306 884 3360 erat,
920 3296 1141 3365 abjecit.
1170 3300 1241 3351 At
1276 3284 1551 3353 desiderio
1581 3299 1654 3353 rei
1692 3299 2047 3368 impossibilis
2075 3301 2313 3369 gravidae

735 3388 827 3443 vix
858 3386 997 3457 potis
1043 3401 1185 3456 erat,
1211 3391 1339 3459 quin
1367 3391 1603 3460 impetus
1648 3391 1893 3445 abortum
1939 3390 2179 3448 afferret.
2214 3393 2316 3446 At-

738 3478 864 3534 tulit
881 3495 1032 3543 vero,
1058 3481 1516 3551 immaturumque
1536 3481 1700 3536 fetum
1732 3482 1932 3554 abegit,
1956 3484 2312 3540 substantiam

738 3572 1302 3628 videlicetinformem
1331 3591 1344 3639 ;
1377 3574 1529 3642 cujus
1558 3575 1816 3645 generis?
1842 3575 1984 3630 haud
2012 3580 2144 3631 satis
2173 3577 2313 3633 inter

737 3661 943 3718 fabula:
1006 3666 1342 3720 architectos
1407 3666 1806 3732 conveniebat,
1859 3682 1958 3722 nee
2004 3667 2160 3722 Matri
2212 3670 2312 3739 ipsi

739 3757 1050 3812 constabat.
1085 3756 1213 3812 Inde
1258 3760 1471 3812 miseras
1512 3760 1805 3826 mestitiae,
1841 3762 2025 3825 timor,
2074 3777 2313 3817 summa-

743 3863 853 3917 que
882 3850 1237 3919 perplexitas,
1281 3852 1524 3919 pristina:
1562 3851 1911 3921 cogitationis
1962 3854 2309 3922 appendices,

739 3945 1166 4013 neeessariaque
1206 3944 1373 3997 veluti
1425 3945 1764 3999 consectaria
1799 3960 1812 3995 :
1850 3959 1878 3997 a
1920 3944 2115 4013 quibus
2160 3943 2309 4009 flori,

740 4047 901 4103 quem
951 4034 1209 4102 diximus,
1241 4051 1405 4104 opera
1447 4046 1790 4105 perpurgata,
1816 4035 2070 4106 conjugio
2098 4035 2311 4090 demum

740 4140 807 4180 ac
828 4125 1119 4180 Pleromali
1167 4130 1419 4181 restituta
1459 4128 1602 4193 fuit;
1650 4129 1765 4197 ipsa
1795 4128 1911 4197 ejus
1962 4128 2308 4197 Enthymesi,

742 4218 988 4272 abortivo
1019 4217 1112 4271 illo
1140 4216 1250 4272 fetu
1302 4216 1492 4271 formae
1535 4234 1597 4274 ac
1648 4220 1833 4288 figurae
1862 4230 2103 4286 experte,
2136 4228 2190 4272 et
2219 4233 2313 4287 ap-

744 4310 973 4386 pendice
996 4313 1239 4378 passione
1266 4321 1420 4366 extra
1450 4310 1698 4365 Pleroma
1734 4311 2006 4380 relegatis.

816 4405 905 4460 N.
935 4404 1012 4457 Ne
1045 4421 1176 4457 vero
1214 4405 1448 4459 similem
1480 4419 1667 4457 casum
1700 4404 1945 4459 subirent
1972 4402 2149 4457 caeteri
2185 4402 2311 4457 Aio-

744 4515 863 4564 nes,
888 4498 1115 4551 alterum
1147 4513 1249 4567 par
1276 4496 1511 4551 Eonum
1539 4513 1634 4567 per
1653 4496 2003 4566 Unigenitum
2029 4511 2312 4565 supremus

2413 3300 2540 3355 dum
2561 3299 2919 3355 substantiam
2952 3308 3305 3364 tantum,non
3334 3298 3630 3354 secundum
3662 3298 3983 3353 scientiam:

2411 3392 2708 3459 statimque
2760 3390 3042 3446 subtracta
3075 3390 3277 3444 virtute
3326 3390 3392 3444 ad
3446 3405 3643 3459 supera
3694 3390 3986 3455 recedens.

2413 3483 2684 3540 infelicem
2714 3484 2977 3547 deseruit,
3024 3482 3282 3545 nonnullo
3321 3492 3499 3537 tamen
3550 3481 3981 3553 incorruptibili-

2415 3580 2544 3634 tatis
2568 3579 2733 3634 odore
2758 3578 3053 3647 perfusam.
3088 3579 3161 3632 Ea
3185 3592 3309 3632 vero
3336 3577 3449 3647 jam
3478 3575 3711 3630 formata
3747 3592 3810 3632 ac
3840 3592 3994 3631 men-

2414 3672 2485 3726 tis
2517 3686 2739 3739 compos
2766 3670 2983 3737 effecta,
3017 3670 3213 3723 acriori
3249 3669 3523 3723 desiderio.
3547 3668 3865 3736 exquirendi
3904 3668 3990 3723 lu-

2413 3764 2598 3826 minis,
2641 3762 2786 3831 quod
2834 3776 2957 3815 eam
3005 3761 3300 3825 defecerat,
3341 3761 3668 3816 incenditur.
3703 3759 3807 3814 Sed
3833 3773 3986 3823 ecce,

2415 3855 2693 3910 festinanti
2752 3856 3095 3923 importunus
3143 3854 3428 3907 intercedit
3485 3852 3687 3919 Horus,
3744 3859 3988 3908 temera-

2416 3949 2667 4016 riumque
2701 3958 2918 4002 coercet
2949 3948 3225 4015 impetum.
3257 3947 3394 4001 Hine
3412 3948 3650 4000 animum
3686 3945 3990 4016 despondet

2413 4040 2525 4100 illa,
2549 4041 2807 4107 omnique
2833 4041 3260 4110 perturbationis
3277 4040 3461 4109 generi
3483 4039 3824 4104 succumbit;
3855 4052 3991 4091 mte-

2418 4133 2527 4186 rori
2551 4133 2954 4200 quidem,quod
2982 4133 3117 4185 votis
3145 4133 3437 4198 frustrata;
3475 4132 3663 4197 metui,
3700 4146 3765 4185 ue
3799 4146 3994 4201 quem-

2414 4226 2703 4280 adrnodun.
2770 4224 2881 4291 lux,
2928 4225 2999 4277 ita
3041 4235 3095 4278 et
3130 4225 3237 4277 vita
3296 4238 3413 4278 eam
3460 4224 3755 4291 deficeret;
3816 4224 3989 4279 animi

2413 4318 2649 4386 denique
2689 4317 2946 4370 anxietati
2983 4330 3046 4369 ac
3098 4315 3386 4384 lacrymis;
3420 4332 3606 4384 parum
3636 4315 3710 4380 id,
3740 4316 3841 4369 nisi
3871 4330 3989 4371 om-

2414 4410 2497 4463 nis
2546 4425 2725 4463 rerum
2781 4410 3048 4479 ignoratio
3101 4418 3178 4461 tot
3233 4407 3739 4477 perturbationibus
3798 4408 3988 4472 mista,

2412 4501 2624 4571 pondus
2658 4502 2921 4557 auxisset.
2966 4502 3241 4556 Interdum
3281 4510 3480 4565 tamen,
3516 4499 3757 4568 priorum
3793 4499 3988 4565 oblita,

744 4593 906 4647 Pater
952 4591 1172 4654 emittit,
1212 4588 1487 4643 Christum
1529 4598 1584 4642 et
1632 4587 1895 4658 Spiritum
1950 4598 2224 4652 sanctum,
2278 4604 2307 4641 a
2341 4573 2386 4632 ί)
2414 4593 2763 4669 luminisque,
2799 4595 2943 4661 quod
2984 4610 3102 4647 eam
3140 4593 3477 4655 deseruerat,
3515 4591 3980 4660 pulchritudinem

744 4685 943 4753 quibus
963 4682 1056 4736 alii
1091 4682 1337 4737 numeris
1359 4682 1616 4737 omnibus
1648 4682 2077 4738 absolverentur.
2107 4682 2308 4738 Christi

744 4777 891 4831 enim
920 4774 1157 4831 ofﬁcium
1191 4785 1309 4829 erat
1331 4773 1537 4830 Eones
1572 4776 1891 4830 immensam
1915 4773 2093 4829 Patris
2124 4775 2311 4828 altitu-

747 4868 932 4921 dinem
965 4869 1212 4933 edocere,
1249 4868 1394 4936 quod
1428 4883 1621 4937 nempe
1645 4884 1744 4923 nec
1769 4867 1994 4937 percipi,
2030 4881 2128 4921 nec
2163 4868 2315 4922 intel-

747 4960 864 5029 ligi,
895 4975 992 5014 nec
1028 4961 1262 5028 denique
1308 4961 1459 5015 cerni
1493 4971 1589 5015 aut
1616 4961 1818 5027 audiri,
1856 4961 1961 5015 nisi
1994 4960 2312 5031 Monogenis

749 5052 1043 5118 beneficio,
1072 5063 1279 5121 posset.
1310 5053 1545 5123 Spiritus
1578 5070 1706 5109 vero
1745 5064 1969 5109 sanctus
2001 5070 2093 5108 eos
2123 5069 2312 5108 omnes

748 5147 894 5199 inter
923 5161 981 5198 se
1004 5157 1336 5215 exaequatus,
1364 5149 1567 5217 gratias
1602 5163 1761 5217 agere
1794 5149 1999 5211 docuit,
2032 5161 2095 5201 ac
2124 5160 2310 5201 veram

750 5240 991 5307 requiem
1020 5241 1251 5303 induxit.
1285 5242 1483 5312 Sicque
1517 5242 1722 5298 JEones
1748 5258 1937 5298 omnes
1966 5253 2080 5296 tum
2109 5241 2309 5309 forma,

750 5341 864 5383 tum
894 5333 1177 5387 voluntate
1232 5349 1295 5389 ac
1328 5338 1597 5390 sententia
1643 5350 1803 5405 pares
1836 5336 2116 5389 constituti
2147 5344 2306 5402 sunt;

752 5422 880 5477 tacti
938 5440 1125 5479 omnes
1178 5429 1321 5494 quod
1378 5430 1772 5497 unusquisque,
1812 5442 1999 5481 omnes
2042 5428 2096 5481 in
2145 5427 2308 5497 Noas,

753 5515 1065 5581 Sermones,
1119 5518 1375 5575 Homines
1423 5532 1476 5575 et
1520 5521 1771 5576 Christus
1806 5520 2199 5585 trausformati,
2256 5530 2311 5575 et

752 5622 869 5675 quae
913 5609 1144 5675 feminae,
1195 5614 1245 5665 in
1287 5612 1586 5680 Veritates,
1615 5614 1800 5678 Vitas,
1837 5614 2070 5684 Spiritus
2116 5626 2171 5668 et
2204 5614 2305 5667 Ec-

755 5700 971 5755 clesias.
1029 5701 1162 5757 Tum
1212 5715 1361 5761 tanta
1408 5710 1831 5780 metamorpliosi
1886 5709 2205 5778 gaudentes,
2256 5708 2306 5761 in

756 5792 1065 5859 Proputoris
1116 5796 1299 5853 laudes
1338 5811 1655 5870 erumpunt,
1706 5801 2022 5867 acceptique
2060 5797 2305 5853 beneficii

756 5902 1067 5958 memores,
1138 5892 1409 5946 counuuui
1494 5894 1763 5961 consilio,
1844 5892 2306 5951 consentientibus

2414 4691 2596 4737 mente
2623 4684 2929 4746 revolvens,
2980 4684 3169 4737 laetitia
3204 4682 3608 4736 diffundebatur
3657 4697 3718 4735 ac
3750 4682 3983 4735 ridebat.

2415 4776 2521 4831 Sed
2554 4785 2965 4829 momentaneus
2995 4776 3158 4838 risus,
3194 4790 3356 4843 quem
3401 4775 3514 4827 cito
3546 4773 3827 4842 excipiunt
3862 4788 3990 4841 per-

2414 4870 2753 4925 turbationes
2800 4877 3093 4923 consuetas.
3131 4867 3224 4920 His
3260 4867 3361 4920 sibi
3389 4881 3485 4933 per
3513 4866 3658 4919 vices
3692 4867 3991 4919 succeden-

2418 4962 2560 5015 tibus
2586 4960 2816 5030 jactata,
2851 4960 3069 5012 tandem
3112 4958 3341 5026 seipsam
3376 4957 3656 5026 colligens,
3692 4956 3759 5009 ad
3802 4955 3984 5010 lumen

2414 5055 2559 5124 quod
2585 5054 2697 5121 jam
2728 5053 3085 5115 delibaverat,
3118 5050 3220 5106 hoc
3257 5063 3359 5115 est,
3390 5051 3455 5104 ad
3476 5049 3752 5103 Christum
3788 5063 3988 5118 rogan-

2417 5148 2543 5200 dum
2594 5145 2951 5199 convertitur.
2988 5142 3283 5210 Quorsum,
3340 5142 3541 5211 inquis,
3582 5148 3661 5195 tot
3693 5142 3987 5210 perturba-

2417 5240 2626 5293 tionum
2658 5238 2915 5293 fluctibus
2944 5236 3250 5293 aestuantis.
3300 5251 3400 5289 nec
3440 5235 3723 5303 quiescere
3755 5233 3986 5285 valentis

2414 5334 2579 5387 animi
2639 5333 2851 5386 motus?
2907 5330 3021 5386 Hoc
3070 5330 3267 5384 fabulae
3317 5329 3625 5383 exordium.
3668 5326 3808 5380 Hinc
3833 5326 3981 5380 enim

2416 5426 2679 5490 materiae,
2726 5440 2793 5478 ex
2833 5439 2936 5493 qua
2972 5423 3205 5477 mundus
3248 5421 3339 5475 hic
3393 5420 3661 5476 conﬂatus
3695 5427 3798 5485 est,
3852 5418 3987 5472 sub-

2414 5520 2614 5575 stantia
2670 5529 2849 5573 ortum
2924 5517 3093 5585 cepit.
3157 5514 3292 5569 Nam
3353 5530 3421 5569 ex
3483 5514 3880 5577 conversione,
3928 5522 3989 5569 et

2414 5613 2623 5679 mundi,
2654 5623 2707 5665 et
2746 5610 3042 5678 Demiurgi,
3083 5623 3264 5663 rerum
3298 5606 3621 5671 conditoris,
3658 5613 3712 5659 et
3745 5604 3989 5673 denique

2411 5706 2588 5759 omnis
2628 5704 2733 5758 alia
2768 5704 2946 5757 anima
2992 5702 3259 5770 originem
3299 5701 3568 5767 sumpsit;
3608 5713 3672 5752 ex
3706 5705 3849 5751 metu
3881 5711 3991 5754 au-

2414 5808 2517 5852 tem
2553 5807 2608 5852 et
2639 5810 2891 5860 maerore,
2927 5795 3133 5865 reliqua
3170 5794 3370 5848 omnia.
3396 5792 3472 5845 Ex
3500 5790 3668 5859 ipsius
3703 5788 3986 5859 siquidem

2412 5890 2668 5962 lacrymis
2718 5889 2919 5961 liquida
2952 5888 3128 5946 omnis
3167 5885 3473 5945 substantia
3502 5883 3715 5941 initium
3748 5881 3987 5955 habuit,
