4180 6332
226 393 291 449 37
1150 396 1609 455 DISSERTATIO
1650 399 1690 465 Ι,
1729 399 1893 458 ART.
1933 405 1975 471 Ι,
2018 404 2103 459 DE
2144 404 2557 463 VALENTINO.
3412 418 3483 482 33

230 526 290 564 ex
319 526 429 566 l'lSll
468 510 652 567 lucida
679 556 691 577 ,
730 526 794 567 ex
822 527 1057 567 maerore
1095 518 1306 573 tandem
1339 529 1392 573 et
1424 530 1646 589 stupore
1677 538 1798 577 cor~
1832 528 1879 582 Α
1908 524 2064 578 malis
2089 524 2429 591 substantiae,
2474 535 2531 579 ut
2553 528 2747 582 animae
2772 530 3054 585 brutorum
3088 535 3479 605 animantium,

230 622 387 675 porea
420 608 610 661 mundi
635 607 926 664 elementa.
965 609 1167 680 Nempe
1191 628 1310 667 cum
1348 616 1653 671 Achamolh
1679 634 1801 686 sup-

230 701 346 769 plex
383 701 450 754 ad
476 701 755 756 Christum
787 718 846 758 se
880 707 1259 768 convertisset,
1298 709 1386 763 hic
1425 712 1796 775 Paracletum.

231 794 327 849 hoc
350 802 435 847 est
465 793 809 849 Salvatorem
844 797 912 851 ad
950 811 1069 851 eam
1112 800 1279 863 misit,
1329 804 1659 860 satellitibus
1697 822 1798 862 an-

230 887 357 957 gelis
390 889 678 957 stipatum,
714 891 804 959 qui
839 891 1085 948 scientiae
1130 895 1359 949 formam
1391 899 1439 952 ei
1485 900 1699 966 indidit,
1744 911 1798 956 et

225 993 252 1030 a
281 980 787 1047 perturbationibus
817 982 1086 1038 liberavit.
1124 986 1234 1040 Nec
1263 997 1439 1045 tamen
1482 992 1579 1048 has
1615 994 1682 1048 ab
1730 1010 1794 1050 ea

227 1072 297 1126 ita
346 1073 608 1140 secrevit,
642 1084 699 1128 ut
731 1090 917 1130 curam
971 1092 1189 1134 omnem
1239 1098 1426 1139 earum
1475 1088 1788 1158 abjiccret:

222 1165 329 1220 imo
377 1177 624 1223 secretas
681 1170 818 1237 fixit,
868 1173 1251 1238 eondensavit,
1299 1187 1352 1232 et
1397 1180 1449 1232 in
1507 1186 1791 1238 materiam

224 1260 659 1327 transformavit,
686 1278 759 1317 ex
794 1279 900 1334 qna
931 1266 1084 1321 fieret
1112 1269 1305 1337 duplex
1333 1273 1636 1329 substantia
1665 1295 1677 1342 ;
1713 1278 1794 1332 al-

222 1359 332 1405 tera
366 1353 531 1417 mala,
564 1371 684 1424 qua:
714 1373 778 1411 ex
827 1360 1179 1427 passionibus
1224 1364 1568 1431 exstitisset;
1617 1369 1790 1423 altera

218 1445 570 1511 passionibus
601 1451 865 1515 obnoxia,
903 1466 1024 1518 quae
1060 1469 1124 1506 ex
1159 1457 1516 1511 conversione
1550 1469 1665 1512 orta
1706 1477 1791 1515 es-

217 1544 318 1590 set.
376 1539 469 1593 Sic
515 1540 671 1594 malis
722 1543 975 1596 omnibus
1018 1546 1265 1614 expedita
1309 1548 1635 1615 Achamoth,
1676 1552 1787 1619 jam

216 1629 414 1697 gaudio
444 1632 705 1701 gestiens,
744 1633 796 1687 in
844 1636 1066 1705 angelos
1103 1636 1407 1695 Salvatoris
1433 1644 1659 1697 comites
1691 1645 1787 1698 de-

217 1719 328 1788 figit
355 1723 603 1787 obtutus,
638 1740 868 1792 quorum
911 1728 1198 1796 splendore
1237 1742 1414 1798 capta,
1455 1744 1789 1803 aspectuque

215 1810 530 1874 fecundata.
557 1816 794 1883 concipit
822 1820 1071 1889 paritque
1105 1822 1339 1875 fructum
1363 1823 1686 1891 spiritalem,
1722 1825 1785 1878 ad

210 1917 402 1956 eorum
455 1904 745 1974 imaginem
774 1906 1037 1965 efﬁctum.
1064 1910 1180 1965 Jam
1230 1928 1361 1983 ergo
1395 1916 1659 1984 triplicem
1690 1918 1788 1970 ha-

215 1993 402 2049 bemus
420 1997 1171 2063 substantiam,Achatnothze
1207 2005 1405 2072 fetum;
1450 2010 1785 2064 materialem

214 2103 274 2140 ex
299 2088 572 2154 passione,
600 2092 887 2146 animalem
914 2109 981 2149 ex
1008 2101 1363 2153 conversione
1401 2112 1453 2153 et
1490 2102 1785 2169 spiritalem

209 2178 703 2251 eximaginatione.
732 2183 840 2239 Nec
865 2187 1327 2243 satiseratrerum
1363 2192 1647 2247 materiam
1689 2194 1788 2248 mi-

214 2273 502 2340 nistrasse,
536 2276 640 2329 nisi
678 2277 843 2330 etiam
882 2277 1112 2333 formam
1147 2281 1394 2350 afferret;
1442 2286 1553 2339 haec
1610 2287 1785 2353 prima

214 2362 569 2420 Achamothze
597 2383 750 2422 cura.
799 2369 866 2424 Et
896 2386 1017 2424 cum
1046 2372 1189 2428 nulla
1216 2375 1265 2428 ei
1305 2386 1446 2430 esset
1471 2376 1786 2434 substantia:

214 2454 481 2523 spiritalis
517 2458 878 2516 inlormandae
899 2464 1078 2533 copia,
1111 2468 1363 2535 quoniam
1389 2469 1629 2537 ejusdem
1662 2487 1783 2525 cum

206 2560 272 2599 ea
300 2550 559 2605 essentia;
588 2562 724 2619 erat,
760 2554 810 2607 in
841 2557 1094 2612 animalis
1128 2557 1503 2615 formationem
1550 2577 1609 2617 se
1655 2578 1786 2617 con-

207 2637 332 2705 fert,
378 2655 447 2696 ex
487 2658 593 2712 qua
636 2645 988 2715 Demiurgum
1043 2648 1237 2717 efficit,
1280 2652 1602 2708 caeterai'um
1638 2656 1786 2709 dein-

208 2744 335 2801 ceps
362 2748 547 2788 rerum
578 2738 938 2803 conditorem,
972 2752 1280 2808 parentem,
1309 2742 1478 2817 [XIX]
1517 2760 1700 2817 regem
1732 2756 1783 2802 et

208 2817 507 2879 Deum.'Et
531 2826 621 2880 hic
645 2828 872 2884 alterius
906 2829 1102 2886 fabulae
1128 2835 1303 2900 partis
1332 2836 1475 2893 finis.

280 2917 370 2972 16.
417 2916 680 2988 Sequitur
721 2927 1069 2991 aspect-altilis
1123 2929 1286 2998 hujus
1348 2933 1531 2986 mundi
1576 2935 1783 2988 consti-

207 3014 346 3063 tntto
371 3018 426 3064 et
456 3012 636 3080 origo,
667 3029 829 3082 quam
862 3017 944 3070 sic
988 3022 1365 3086 exponebant:
1397 3025 1657 3079 Conditus
1682 3026 1785 3080 Dc-

206 3101 453 3172 miurgus
478 3106 544 3157 ad
576 3121 711 3173 opus
732 3122 791 3161 se
819 3111 1089 3180 accingit,
1116 3114 1167 3168 in
1191 3115 1353 3185 idque
1386 3126 1530 3172 totus
1562 3120 1779 3174 incum-

1906 613 2142 668 ferarum
2186 624 2241 669 et
2263 616 2545 672 hominum
2578 636 2591 683 ;
2624 635 2691 673 ex
2723 623 2939 677 tristitia
2977 626 3252 692 spiritales
3283 635 3479 700 nequi-

1902 707 2010 768 tite,
2064 706 2240 775 angeli
2291 708 2418 762 mali
2476 719 2529 765 et
2575 711 2887 779 daemones,
2941 732 3170 787 quorum
3228 722 3477 791 princeps

1900 796 2166 863 diabolus,
2196 800 2582 857 Cosmocrator
2635 806 2833 871 dictus,
2865 809 2948 862 cui
2999 811 3156 866 sedes
3194 815 3473 884 assignata

1899 890 2088 946 subtus
2116 892 2462 963 Demiurgum
2492 898 2540 949 in
2574 897 2675 951 hoc
2700 900 2933 965 mundo;
2963 901 3013 954 in
3043 917 3107 957 eo
3136 912 3313 959 tamen
3340 920 3474 976 pro-

1899 984 2017 1051 prio
2049 985 2329 1040 conditore
2379 989 2555 1054 potior
2624 990 2765 1057 quod
2810 1007 2928 1058 qua:
2981 1008 3142 1062 supra
3183 1010 3304 1050 eum
3348 1007 3475 1053 sunt

1898 1092 2177 1149 perspecta
2212 1080 2430 1150 habeat,
2460 1086 2585 1154 quia
2625 1086 2886 1154 spiritalis
2930 1092 3172 1160 nequitia
3207 1103 3330 1159 est;
3370 1098 3473 1150 De-

1896 1174 2139 1238 miurgus
2167 1182 2343 1229 autem
2374 1178 2580 1246 ignoret
2610 1180 2733 1247 quia
2768 1182 3025 1237 animalis
3059 1193 3161 1239 est.
3190 1185 3473 1244 Postremo

1895 1280 1961 1318 ex
2002 1277 2224 1335 Stupore
2255 1271 2627 1336 etanxietate,
2668 1286 2765 1326 ceu
2806 1288 2873 1328 ex
2920 1275 3232 1345 ignobiliori
3275 1282 3470 1349 stirpe,

1894 1371 2156 1425 corporea
2224 1360 2407 1413 mundi
2469 1360 2739 1417 elementa
2798 1366 3137 1432 prodierunt.
3201 1369 3472 1427 Omnibus

1892 1464 2021 1503 vero
2055 1451 2249 1505 insitus
2276 1452 2415 1520 ignis
2442 1454 2687 1507 mortifer
2715 1463 2769 1509 et
2810 1458 3109 1526 exitiosus;
3141 1470 3196 1514 ut
3233 1472 3285 1516 et
3315 1464 3473 1531 igno-

1891 1543 2068 1597 rantia
2101 1544 2379 1613 prtedictis
2424 1546 2598 1603 tribus
2630 1552 3135 1618 perturbationibus
3180 1554 3363 1610 abdita
3412 1566 3471 1611 et

1891 1630 2191 1685 occultata.

1962 1723 2050 1776 18.
2080 1722 2411 1780 Condendus
2438 1739 2723 1795 supererat
2754 1731 2938 1797 homo,
2979 1735 3164 1787 mundi
3198 1735 3359 1803 hujus
3379 1736 3468 1794 in-

1892 1812 2109 1869 ferioris
2143 1830 2271 1883 pars
2305 1817 2557 1872 nobilior.
2592 1819 2904 1875 Fabricavit
2947 1822 3093 1880 hunc
3137 1826 3464 1897 Demiurgus

1891 1920 1954 1957 ex
1988 1905 2131 1960 fusili
2170 1923 2232 1961 ac
2258 1906 2419 1960 fluida
2456 1909 2795 1978 substantia;
2838 1922 2891 1967 et
2922 1915 3008 1969 hic
3046 1917 3206 1972 homo
3234 1918 3463 1973 choicus

1890 2013 1983 2051 seu
2014 2006 2284 2064 terrenus,
2316 2001 2370 2055 in
2408 2017 2568 2071 quem
2603 2003 2903 2060 insnﬂlatus
2935 2008 3190 2063 animalis
3222 2020 3278 2063 ut
3311 2011 3465 2067 simi-

1889 2092 2170 2149 litudinem
2199 2104 2250 2150 et
2276 2096 2568 2166 imaginem
2604 2097 2880 2153 Creatoris
2901 2101 3463 2159 cxhiberet.Circum-

1887 2185 2062 2254 posita
2097 2187 2219 2241 dein
2249 2195 2466 2243 terreno
2494 2188 2723 2255 pellicea
2757 2193 2958 2256 tunica,
2993 2195 3095 2249 hoc
3124 2202 3229 2259 est,
3260 2210 3462 2264 corpus

1888 2278 2031 2345 quod
2073 2278 2124 2331 in
2177 2293 2398 2335 sensum
2426 2282 2591 2335 cadit.
2625 2280 2821 2336 Parum
2868 2292 3006 2351 erat,
3048 2287 3157 2341 nisi
3198 2287 3462 2355 spiritalis

1888 2370 2070 2434 homo,
2105 2371 2277 2425 inscio
2333 2373 2643 2441 Demiurgo,
2681 2390 2784 2427 una
2836 2391 2960 2430 cum
3002 2377 3169 2447 ipsius
3221 2379 3455 2435 insufﬂa-

1890 2461 2033 2515 tione
2063 2462 2344 2530 inspersus
2383 2481 2413 2517 a
2445 2465 2617 2518 Matre
2645 2465 2861 2522 fuisset.
2906 2469 3104 2523 Semen
3141 2470 3272 2527 illud
3299 2474 3461 2543 spiri-

1888 2553 1993 2607 tale
2016 2563 2118 2617 est,
2154 2557 2296 2622 quod
2324 2570 2391 2608 ex
2433 2556 2743 2624 angelorum
2790 2559 3244 2628 contemplatione
3271 2573 3460 2631 protu-

1883 2644 1947 2701 lit
1971 2648 2297 2711 Achamoth,
2333 2648 2541 2702 dictum
2589 2649 2723 2703 alias
2748 2650 3017 2714 Ecclesia,
3050 2656 3331 2722 speculum
3360 2672 3458 2711 su-

1884 2739 2117 2807 perioris
2168 2738 2443 2792 Ecclesiae.
2479 2738 2694 2809 Triplex
2759 2741 2923 2809 igitur
2978 2743 3029 2795 in
3075 2759 3184 2798 uno
3240 2744 3459 2801 homine

1889 2830 2074 2895 homo,
2109 2847 2201 2886 seu
2232 2843 2342 2887 tres
2374 2833 2536 2886 unius
2580 2831 2935 2902 ejusdemque
2980 2835 3216 2891 hominis
3254 2847 3457 2906 partes.

1885 2923 2204 2987 materialis,
2256 2922 2508 2977 animalis
2550 2932 2601 2977 et
2654 2925 2938 2993 spiritalis,
2986 2942 3218 2997 quarum
3272 2930 3461 3001 dispar

1884 3032 2003 3071 sors
2032 3026 2087 3069 et
2112 3018 2312 3071 exitus.
2341 3016 2505 3070 Prior
2523 3016 2667 3069 omni
2700 3019 3239 3089 incorruptibilitatis
3269 3020 3459 3079 afflatu

1884 3112 2203 3173 destitutus,
2248 3108 2557 3162 necessario
2592 3111 2765 3178 perit;
2813 3114 3085 3180 posterior
3127 3116 3459 3184 quibuscun-

200 3194 327 3259 bit;
385 3210 568 3251 caecus
623 3208 801 3254 tamen
836 3202 961 3270 (hoc
992 3206 1257 3279 stupeas),
1310 3216 1365 3262 et
1418 3212 1546 3279 quid
1596 3222 1781 3280 ageret
1809 3211 1849 3267 C
1884 3216 1987 3269 (Ιιιθ
2042 3202 2259 3255 tandem
2289 3200 2509 3272 Πθείιίίε
2539 3218 2603 3256 ac
2649 3202 2951 3260 sceleribus
2997 3222 3117 3262 sese
3160 3209 3454 3278 manCiPel.

203 3286 453 3342 nescius.
483 3291 552 3343 At
579 3290 718 3344 clam
752 3296 969 3361 regebat
994 3296 1184 3365 Mater,
1207 3300 1306 3353 sub
1339 3300 1633 3357 Salvatoris
1666 3320 1782 3357 mo-

201 3376 526 3445 deramine,
574 3397 684 3451 quo
744 3387 1037 3458 instigante
1102 3393 1402 3458 superioris
1454 3393 1780 3450 Pleromatis

202 3472 495 3539 imaginem
530 3483 586 3528 et
619 3474 704 3530 hic
733 3480 962 3547 exprimi
1008 3483 1241 3538 curavit.
1273 3484 1577 3540 Achamoth
1606 3489 1777 3558 siqni-

205 3563 325 3615 (ἰείη
373 3564 669 3635 Demiurgo
698 3570 883 3639 ignota
931 3572 1186 3644 Bytbum,
1221 3578 1545 3650 Demiurgus
1572 3579 1776 3647 Unige-

204 3656 408 3721 nilum,
442 3660 621 3727 angeli
667 3670 720 3715 et
774 3664 1088 3735 archangeli
1137 3684 1165 3722 a
1229 3670 1518 3741 Demiurgo
1574 3676 1775 3729 conditi

202 3760 430 3806 ceteros
458 3751 663 3809 :Eones
706 3756 1031 3817 referebant.
1066 3762 1154 3817 Sic
1196 3764 1374 3835 itaque
1408 3776 1614 3822 tantum
1645 3785 1779 3839 opus

204 3842 433 3897 molitur
478 3846 684 3902 inscius
735 3850 824 3905 ille
884 3851 1226 3925 Demiurgus.
1283 3859 1561 3928 Separatis
1613 3873 1776 3931 atqne

206 3934 500 4006 distinctis,
534 3940 800 3998 hactenus
833 3946 1062 4002 confuse
1111 3951 1407 4019 permistis,
1459 3956 1678 4010 animali
1725 3967 1777 4012 et

201 4030 474 4084 trateriali
507 4036 762 4099 essentia,
796 4051 860 4090 ex
895 4038 959 4092 iis
999 4040 1238 4096 ctelestia
1286 4044 1445 4099 simul
1473 4056 1527 4100 et
1562 4057 1773 4103 terrena

201 4124 482 4189 condidit;
521 4125 907 4198 fabricatisque
949 4144 1155 4201 septem
1193 4137 1345 4191 caelis
1381 4139 1543 4208 (quos
1567 4141 1774 4197 intelli-

201 4218 381 4283 gentia
424 4219 703 4287 praeditos,
737 4221 847 4276 imo
872 4234 925 4277 et
953 4226 1172 4295 angelos
1210 4242 1328 4282 esse
1361 4231 1654 4303 volebant),
1690 4250 1776 4289 se-

202 4311 319 4365 dem
352 4304 456 4367 sibi
482 4328 647 4382 supra
677 4316 965 4380 septimum
998 4317 1216 4389 delegit,
1242 4320 1412 4377 Matre
1441 4326 1771 4394 superiorem

207 4401 375 4456 locum
402 4416 729 4474 occupante,
769 4412 1009 4465 medium
1040 4412 1187 4467 inter
1233 4413 1482 4471 Pleroma
1526 4429 1582 4471 et
1621 4418 1772 4473 Mun-

208 4496 346 4549 tlum.
406 4497 707 4567 EaprOpter
754 4500 845 4555 ille
896 4504 1071 4601 dictus
1121 4514 1204 4559 est
1259 4506 1600 4572 Hebdomas.
1654 4511 1767 4566 hzec
1801 4547 1845 4601 ο

206 4586 416 4655 Ogdoas
451 4608 466 4643 :
502 4604 609 4658 quo
638 4606 891 4659 suprema
915 4587 1003 4649 iila
1034 4612 1096 4652 ac
1124 4599 1421 4668 primigena
1448 4600 1767 4658 Pleromatis

205 4680 406 4747 ogdoas
436 4685 941 4750 exprimeretur.At
970 4691 1163 4759 supina
1200 4693 1471 4764 Demiurgi
1500 4696 1769 4764 ignoratio

209 4769 493 4826 immanem
526 4777 733 4840 peperit
755 4790 1017 4833 errorem.
1046 4778 1179 4835 Cum
1218 4783 1361 4836 enim
1402 4794 1545 4840 tanta
1577 4789 1768 4842 condi-

208 4862 391 4927 disset,
448 4881 549 4921 nec
590 4869 857 4937 spiritalia
892 4873 1163 4943 attingere
1202 4876 1418 4941 valeret,
1465 4878 1547 4931 sui
1601 4881 1767 4949 ipsius

210 4970 269 5009 ac
297 4960 511 5023 matris,
540 4962 709 5016 multo
730 4965 900 5034 magis
938 4967 1230 5035 superioris
1266 4968 1587 5027 Pleromatis
1622 4974 1768 5043 igna-

211 5063 318 5113 rus,
351 5066 410 5103 se
440 5051 615 5106 solum
641 5069 761 5109 esse
808 5056 973 5111 Deum
1022 5059 1375 5125 existimavit,
1405 5075 1468 5117 ac
1502 5066 1599 5134 per
1637 5080 1766 5134 pro-

209 5141 391 5205 phetas
435 5143 627 5198 dixit:
675 5143 788 5215 Ego
841 5147 1011 5213 Deus,
1061 5160 1108 5204 et
1164 5161 1356 5220 praeter
1406 5172 1485 5209 me
1541 5174 1646 5211 non
1692 5170 1766 5213 est

208 5234 339 5289 alius
366 5236 432 5288 “.
459 5235 565 5289 Sed
599 5239 664 5292 ad
703 5256 813 5297 rem
842 5244 1143 5299 redeamus.

272 5329 355 5381 t7.
398 5329 666 5395 Quoniam
701 5336 1000 5392 materialis
1021 5339 1257 5394 essentia
1297 5356 1365 5396 ex
1396 5342 1567 5397 tribus
1622 5346 1761 5399 alle-

209 5424 379 5478 ctibus
399 5426 637 5481 conflata
665 5440 801 5495 erat,
833 5446 897 5485 ex
931 5444 1097 5501 metu,
1125 5447 1358 5490 maerore
1378 5446 1431 5491 et
1460 5438 1763 5506 anxietate;

208 5530 269 5568 ex
297 5528 435 5572 metu
464 5530 522 5575 et
554 5524 907 5577 conversione
934 5539 995 5579 ea
1020 5527 1235 5593 .omnia,
1267 5543 1385 5598 quae
1421 5529 1601 5584 anima
1630 5547 1767 5600 prae-

210 5606 310 5658 dita
359 5619 503 5675 sunt,
529 5621 906 5681 coagmentata
929 5614 1186 5681 fuerunt;
1220 5616 1545 5687 Demiurgus
1569 5633 1764 5687 nempe

209 5709 266 5748 ex
298 5700 670 5767 conversione,
705 5718 771 5758 ex
797 5713 938 5761 metu
965 5706 1225 5777 quidquid
1250 5708 1516 5778 reliquum
1541 5719 1623 5767 est
1644 5711 1764 5767 ani-

274 5873 318 5905 "
341 5871 440 5929 lsa.
496 5890 621 5943 va,
652 5875 741 5931 22.

1882 3301 2090 3345 certam
2122 3293 2353 3347 salutem
2414 3292 2644 3361 recipit;
2676 3296 2961 3365 animalis,
2995 3299 3138 3352 inter
3166 3310 3457 3370 utrumque

1883 3386 2113 3449 medius,
2149 3386 2230 3439 vel
2283 3388 2616 3453 materialis,
2642 3388 2724 3442 vel
2765 3389 3245 3457 spiritalisexitum
3288 3393 3457 3447 sorti-

1882 3487 1988 3543 tur,
2015 3490 2175 3549 prout
2205 3481 2289 3534 Vel
2324 3482 2375 3534 in
2416 3481 2578 3546 hanc,
2606 3481 2689 3535 vel
2715 3482 2765 3536 in
2794 3482 2939 3535 illam
2966 3493 3175 3552 partem
3209 3484 3454 3541 declina-

1880 3573 2042 3627 verit.
2079 3571 2143 3627 Ut
2183 3582 2363 3625 autem
2398 3573 2487 3627 hit:
2521 3573 2751 3627 salutem
2781 3574 3204 3644 adipisceretur,
3229 3579 3458 3633 sensibi-

1880 3668 2023 3721 libus
2069 3666 2375 3736 disciplinis
2425 3667 2734 3736 indigebat,
2774 3681 2839 3723 ac
2880 3668 3110 3736 proinde
3166 3666 3453 3723 Salvatore

1880 3760 1968 3814 hic
1995 3774 2128 3829 opus
2183 3768 2324 3813 erat.
2360 3757 2465 3813 Sed
2504 3759 2689 3827 quali?
2729 3759 2828 3826 Qui
2869 3760 2973 3814 sibi
3005 3761 3454 3816 accommodatus

1878 3862 2042 3916 esset,
2074 3850 2292 3905 animali
2324 3849 2579 3904 nimirum
2621 3861 2675 3905 et
2716 3851 2973 3921 spiritali,
2995 3866 3225 3921 corpore
3263 3861 3450 3907 tamen

1879 3946 2098 4011 induto,
2130 3955 2188 3999 ut
2217 3944 2467 4000 sensibus
2507 3952 2737 4013 pateret.
2786 3944 3067 4001 Materiale
3101 3953 3279 4001 autem
3315 3947 3451 4002 nihil

1877 4039 2117 4106 suscepit
2142 4077 2157 4103 ,
2184 4053 2243 4092 ea
2270 4037 2418 4090 enim
2448 4037 2716 4104 duntaxat
2743 4039 3055 4108 assumpsit,
3088 4040 3280 4109 quibus
3306 4039 3453 4095 salu-

1881 4140 1987 4185 tem
2012 4133 2387 4201 impertituros
2418 4139 2568 4185 erat:
2603 4140 2659 4184 at
2701 4132 2929 4186 materia
2961 4131 3152 4187 salutis
3195 4132 3450 4201 incapax.

1875 4222 1979 4276 Per
2019 4221 2243 4275 Mariam
2288 4222 2412 4289 ille,
2464 4223 2687 4293 perinde
2722 4231 2886 4291 atque
2925 4236 3066 4291 aqua
3108 4237 3204 4291 per
3234 4222 3448 4289 tubtun,

1875 4316 2251 4381 transmeavit,
2278 4316 2344 4369 ab
2362 4331 2424 4369 ea
2449 4315 2585 4369 nihil
2616 4315 2911 4386 quidquam
2934 4315 3209 4383 accipiens
3238 4331 3250 4379 ;
3281 4323 3444 4386 atque

1875 4405 1929 4459 in
1947 4405 2143 4473 ipsum,
2160 4418 2281 4458 eum
2298 4403 2551 4473 baptismi
2574 4417 2711 4471 aqua
2737 4405 3056 4472 tingeretur,
3073 4402 3233 4460 Jesus
3252 4404 3337 4459 ille
3350 4418 3445 4460 seu

1875 4497 2149 4560 Salvator,
2189 4496 2283 4565 qui
2330 4496 2396 4550 de
2448 4495 2756 4550 Pleromate
2800 4506 2949 4561 erat,
2984 4505 3038 4550 et
3078 4512 3146 4551 ex
3193 4498 3447 4552 omnibus

1874 4601 2052 4644 ortum
2089 4599 2352 4654 traxerat,
2385 4589 2483 4643 sub
2521 4588 2789 4643 columba:
2829 4590 3000 4644 forma
3032 4590 3333 4644 descendit.
3376 4590 3447 4646 Ut

1872 4684 2005 4737 adeo
2052 4682 2313 4737 Dominus
2366 4692 2554 4736 noster
2589 4696 2657 4735 ex
2713 4690 2946 4751 quatuor
2987 4682 3136 4737 hisce
3180 4682 3446 4737 conﬂatus

1871 4783 2038 4839 esset,
2070 4788 2136 4828 ex
2194 4772 2475 4843 spiritali,
2524 4775 2665 4842 quod
2717 4773 2784 4827 ab
2826 4773 3127 4827 Achamoth
3177 4782 3337 4827 erat:
3376 4787 3443 4827 ex

1872 4864 2119 4931 animali,
2172 4865 2313 4935 quod
2365 4881 2395 4921 a
2442 4865 2766 4935 Demiurgo;
2828 4879 2896 4918 ex
2939 4878 3196 4933 corpore,
3234 4866 3377 4933 quod
3412 4881 3443 4919 a

1871 4958 2311 5028 diSpensatione;
2347 4972 2416 5013 ex
2444 4957 2733 5013 Salvatore
2784 4972 3022 5019 acinum,
3062 4958 3206 5025 quod
3234 4967 3353 5012 erat
3379 4973 3440 5013 ea

1872 5065 1990 5121 quae
2020 5051 2304 5106 descendit
2348 5051 2402 5105 in
2438 5051 2588 5105 illum
2642 5050 2916 5106 columba.
2958 5050 3039 5103 Ex
3065 5052 3266 5118 quibus
3297 5050 3443 5107 solus

1869 5142 2166 5213 psychicus
2183 5157 2385 5211 passus
2411 5152 2497 5197 est
2533 5143 2806 5208 Christus,
2840 5150 2897 5197 et
2925 5142 2970 5196 is
3000 5142 3091 5213 qui
3126 5158 3194 5196 ex
3224 5142 3442 5211 dispen-

1868 5237 2078 5292 satione
2126 5239 2357 5308 mystico
2400 5236 2560 5291 modo
2607 5238 2860 5292 conditus
2888 5235 3439 5303 fuerat:perpessio-

1869 5333 1954 5388 nis
2004 5333 2322 5401 expertibus
2374 5330 2717 5386 manentibus
2765 5328 3069 5393 Salvatore,
3099 5338 3153 5381 et
3210 5327 3439 5397 spiritali

1867 5426 2104 5487 Christo,
2143 5435 2197 5479 et
2219 5440 2246 5479 a
2276 5425 2505 5479 Domino
2537 5422 2887 5477 avolantibus
2926 5436 3048 5474 eum
3073 5419 3247 5473 Pilato
3276 5420 3438 5474 siste-

1868 5528 2038 5572 retur.
2088 5517 2181 5573 Sic
2214 5529 2324 5573 tota
2371 5518 2565 5573 salutis
2595 5524 2795 5570 nostrae
2826 5514 3154 5577 oeconomia,
3181 5522 3237 5566 et
3266 5512 3439 5580 quod-

1867 5626 2078 5681 cunque
2134 5613 2197 5665 de
2250 5610 2411 5665 Verbi
2455 5609 2622 5664 divini
2671 5608 3072 5670 lncarnatione,
3124 5605 3438 5674 Christique

1866 5704 2098 5773 meritis,
2134 5712 2308 5761 morte
2337 5714 2388 5760 et
2414 5701 2790 5759 satisfactione
2818 5701 2952 5757 fides
2984 5701 3160 5765 docet,
3190 5700 3241 5751 in
3264 5696 3437 5752 aniles
