4180 6332
701 417 772 472 59
1511 409 2110 468 DlSSERTATlONES
2142 409 2452 468 PRE‘VIE
2493 409 2561 466 IN
2599 410 2858 470 [RENEI
2900 413 3172 473 LIBROS.
3909 428 3980 486 ιο

703 532 919 592 fabulas
942 530 1282 603 ridiculaque
1310 539 1619 587 commenta
1648 540 1820 598 totum
1853 532 1987 592 abit.
2020 532 2127 590 Sed
2161 535 2285 588 audi
2318 538 2363 595 Α
2395 533 2539 590 unde
2576 530 2962 602 proﬂuxerint,
2999 536 3382 605 inquirendum
3416 548 3686 609 superest.
3707 539 3786 597 Ac
3803 543 3980 612 primo

704 638 922 686 αριθη.

778 723 870 782 19.
918 720 1140 793 Triplex
1193 718 1472 776 hominum
1511 734 1686 790 genus
1733 719 2143 778 Valentinianus
2171 725 2286 779 dis-

705 815 935 872 tinxisse
973 814 1087 885 jam
1137 814 1489 870 notavimus:
1553 814 1828 878 cboicnm,
1856 815 1999 884 quod
2049 816 2284 873 salutem

701 909 985 980 percipere
1015 907 1169 963 nullo
1213 908 1372 964 modo
1402 908 1589 974 valet;
1619 908 1878 975 animale,
1922 911 2068 979 quod
2109 913 2287 982 perci-

702 1018 832 1074 pere
854 1011 1069 1075 potest,
1099 1001 1186 1056 vel
1231 1017 1334 1056 non
1372 1009 1576 1071 potest,
1618 1012 1783 1071 prout
1835 1003 1991 1058 bonis
2019 1005 2101 1061 vel
2126 1006 2286 1060 malis

701 1097 1034 1160 adhaeserit;
1060 1093 1312 1165 spiritale
1333 1094 1750 1164 denique,quod
1776 1112 1804 1148 a
1832 1095 2010 1152 salute
2031 1097 2286 1154 excidere

702 1205 985 1262 nunquam
1041 1195 1242 1258 potest.
1273 1187 1356 1242 Ad
1402 1186 1700 1243 secundum
1755 1201 1927 1257 genus
1975 1187 2285 1246 Catholicos

704 1286 1057 1343 revocabant.
1090 1281 1187 1337 llis
1228 1279 1389 1336 ﬁdem
1430 1288 1486 1334 et
1535 1280 1674 1335 bona
1715 1291 1917 1348 opera,
1957 1289 2018 1336 ut
2047 1283 2281 1338 salutem

698 1380 1160 1449 adipiscerentur,
1191 1376 1507 1434 necessaria
1528 1389 1650 1430 esse
1676 1371 1928 1430 dicebant
1953 1391 1968 1442 ;
2001 1376 2103 1431 sibi
2130 1393 2280 1441 vero,

698 1471 793 1543 qui
843 1471 912 1526 ad
946 1471 1168 1527 tertium
1214 1485 1388 1543 genus
1428 1469 1802 1539 pertinebant,
1854 1468 2192 1538 spiritalibus
2219 1480 2283 1527 et

701 1561 981 1634 perfectis,
1026 1573 1217 1633 utpote
1267 1561 1502 1632 spiritali
1530 1562 1741 1617 semine
1767 1560 2066 1618 Achamoth
2097 1563 2284 1620 fecun-

703 1653 869 1719 datis,
899 1654 1015 1708 hare
1047 1651 1319 1723 superﬂua
1339 1667 1465 1707 esse
1487 1652 1807 1721 jactabant;
1837 1666 1959 1728 eam
1983 1653 2129 1707 enim
2163 1669 2285 1709 esse

702 1744 1025 1815 spiritalium
1061 1743 1341 1818 hominum
1380 1752 1664 1808 naturam,
1689 1753 1767 1809 ut,
1803 1744 2064 1814 quidquid
2097 1759 2282 1816 agant,

703 1835 760 1891 in
791 1835 1203 1905 corruptionem
1257 1845 1311 1891 et
1350 1836 1632 1890 interitum
1680 1839 1880 1891 cedere
1934 1836 2082 1892 nullo
2125 1840 2284 1893 modo

704 1930 954 2000 possint:
988 1943 1166 2001 neque
1193 1929 1338 1983 enim
1385 1931 1637 1990 actiones
1675 1914 1886 1984 aditum
1927 1929 1994 1985 ad
2038 1929 2286 1987 Pleroma

706 2025 947 2088 munire,
978 2023 1075 2077 sed
1125 2021 1304 2078 solum
1358 2022 1604 2094 spiritale
1649 2037 1856 2078 semen.
1887 2022 1955 2078 Et
1985 2023 2125 2080 lhinc
2161 2040 2292 2080 cou-

703 2114 895 2172 l'racti-s
921 2117 1178 2172 omnibus
1233 2118 1509 2184 claustris,
1541 2120 1608 2173 ad
1648 2119 1874 2175 scelera.
1905 2120 2132 2190 quaevis,
2168 2136 2288 2175 om-

703 2209 904 2280 niaque
936 2210 1190 2264 vitiorum
1236 2224 1435 2279 genera
1474 2211 1740 2266 latissima
1767 2209 1912 2267 facta
1954 2213 2063 2267 via.
2091 2213 2147 2266 ιη
2198 2229 2292 2266 cu-

703 2301 909 2356 mulum
942 2303 1176 2357 accessit
1205 2313 1260 2358 et
1303 2303 1429 2357 illud
1458 2304 1788 2375 principium
1824 2321 1932 2360 non
1976 2305 2156 2359 minus
2183 2306 2292 2359 exi-

707 2395 909 2450 tiosum
930 2436 945 2462 ,
978 2397 1189 2448 animas
1217 2396 1479 2465 quasdam
1506 2405 1702 2450 natura
1735 2395 1906 2452 bonas
1938 2411 2057 2453 esse
2081 2439 2096 2461 ,
2126 2412 2292 2466 quas-

700 2485 828 2547 dam
879 2495 1076 2540 natura
1132 2487 1326 2540 malas.
1379 2485 1557 2540 Bonas
1602 2487 1819 2556 quidem
1863 2502 1956 2542 eas
1999 2503 2141 2551 esse,
2170 2503 2292 2557 quae

703 2580 932 2636 seminis
955 2595 1187 2650 capaces
1213 2579 1421 2635 ell‘ectie
1451 2581 1595 2647 sint;
1623 2595 1716 2635 eas
1747 2590 1928 2635 autem
1957 2596 2076 2650 quae
2097 2590 2291 2637 natura

703 2673 867 2729 malae
910 2682 1060 2738 sunt,
1109 2674 1183 2729 ita
1234 2689 1355 2730 esse
1400 2686 1769 2744 comparatas,
1820 2684 1880 2729 ut
1925 2690 2114 2730 semen
2158 2674 2292 2729 illud

712 2781 990 2836 nunquam
1017 2767 1304 2836 recipiant.
1338 2768 1493 2836 Quod
1547 2768 1830 2839 gentilium
1874 2766 2046 2820 l'atum
2074 2767 2294 2821 induce-

712 2859 829 2912 bat.
881 2857 946 2912 Et
984 2859 1112 2914 inde
1148 2861 1315 2914 etiam
1369 2861 1695 2915 latissimum
1746 2860 2091 2915 intervallum
2151 2859 2295 2929 quod

709 2946 1033 3007 Ca-tbelicos
1085 2951 1152 3006 ab
1208 2951 1274 3006 iis
1323 2951 1874 3023 Pseudospiritalibus
1931 2951 2291 3021 disjungebat,
2349 3024 2351 3028 ι

711 3057 816 3096 non
854 3050 1065 3096 tantum
1091 3044 1238 3112 quod
1275 3043 1402 3100 illos
1445 3045 1731 3109 animales,
1755 3059 1812 3099 se
1838 3059 1969 3098 vero
1999 3043 2294 3112 perfectos,

707 3127 982 3206 spiritales
1025 3144 1090 3184 ac
1150 3127 1365 3186 semina
1409 3133 1696 3189 electionis
1726 3134 1960 3204 superbe
2003 3144 2292 3201 vocarent;

2379 627 2605 698 quidem
2659 645 2830 684 vanas
2883 629 3020 685 Galli
3063 631 3346 700 cujusdam
3403 635 3728 690 recentioris
3787 636 3978 706 conje-

2388 717 2656 776 cta’tiones
2716 736 2824 776 non
2880 736 3084 785 moror,
3127 721 3217 792 qui
3270 731 3330 777 ut
3365 722 3714 780 Valentinum
3749 727 3978 797 ejusque

2388 813 2685 882 discipulos
2723 813 2776 867 in
2824 815 3102 883 plerisque
3151 815 3414 872 doctrinae
3456 832 3572 875 sua:
3612 819 3887 889 capiiibus
3909 820 3978 874 ab

2388 905 2582 961 haeresi
2603 906 2878 974 .vindicet,
2907 907 3168 979 mysticos
3197 911 3460 979 quosdam
3496 925 3689 966 sensus
3715 913 3815 968 sub
3841 912 3976 967 aeni-

2387 998 2631 1068 gmatico
2654 1001 2948 1055 verborum
2975 1002 3186 1056 cortice
3203 1001 3612 1068 delitescentes,
3640 1003 3978 1073 sibique-soli

2389 1091 2665 1148 revelatos
2692 1092 2988 1148 extrahere
3012 1101 3263 1160 conatur,
3295 1108 3360 1157 ac
3395 1094 3664 1150 mendacii
3718 1095 3976 1164 probrum

2388 1184 2668 1240 veteribus
2723 1185 2978 1240 omnibus
3027 1184 3280 1241 Patribus
3323 1186 3378 1240 in
3417 1200 3480 1240 os
3544 1186 3814 1256 ingerere,
3869 1187 3978 1241 imo

2378 1285 2441 1340 et
2487 1290 2584 1333 eos
2631 1278 2906 1334 interdum
2964 1279 3280 1349 imposturtc
3326 1293 3582 1349 arguere,
3633 1280 3976 1352 absurdaque

2385 1367 2662 1426 Valentini
2705 1370 2772 1426 de
2828 1370 2994 1426 Verbi
3032 1371 3392 1441 generatione
3434 1381 3744 1428 commenta
3792 1373 3974 1429 aureis

2383 1464 2679 1520 Athanasii
2733 1473 2786 1518 et
2834 1463 3030 1522 Hilarii
3077 1465 3522 1535 expressionibus
3552 1467 3712 1538 longe
3749 1478 3976 1535 antepo-

2385 1571 2515 1612 nere
2533 1571 2640 1611 non
2671 1565 2912 1612 veretur.
2935 1554 3059 1609 Nm!
3096 1557 3506 1628 sagacissimum
3529 1559 3825 1623 hominem,
3859 1559 3977 1628 qui,

2385 1659 2510 1720 post
2550 1649 2864 1720 quindecim
2902 1649 3128 1707 circiter
3157 1651 3351 1706 saecula
3373 1691 3388 1717 ,
3416 1651 3469 1706 id
3505 1653 3606 1708 sibi
3637 1651 3977 1707 notissimum

2393 1749 2567 1813 putet,
2622 1741 2764 1810 quod
2811 1739 3003 1795 Patres
3050 1742 3321 1798 haereticis
3355 1743 3463 1799 illis
3490 1754 3583 1798 aut
3626 1759 3839 1799 corevos
3883 1753 3982 1798 aut

2388 1848 2658 1903 suppares
2689 1832 2845 1903 fugit.
2869 1832 2996 1888 Huic
3027 1832 3167 1888 forte
3203 1830 3538 1890 AchamOtha
3575 1837 3842 1906 quaepiam
3872 1833 3982 1889 Ma-

2395 1934 2477 1979 ter
2509 1941 2539 1980 e
2573 1925 2787 1995 sepulto
2828 1925 3032 1979 dudum
3083 1913 3356 1982 Valentini
3392 1927 3697 1985 Pleromale
3739 1929 3979 1984 rediviva

2391 2019 2458 2074 ad
2494 2018 2753 2074 neoterici
2791 2017 2949 2073 illius
2982 2032 3145 2072 aures
3191 2018 3580 2085 insusurravit,
3611 2035 3730 2090 quae
3756 2020 3854 2076 soli
3897 2019 3978 2074 illi

2392 2107 2574 2164 ferant
2612 2108 2705 2178 qui
2738 2107 2982 2177 ejusdem
3010 2107 3202 2163 Matris
3233 2110 3441 2166 semine
3471 2111 3700 2180 inspersi
3729 2111 3974 2174 fuerint;

2393 2201 2690 2271 eXplodant
2717 2215 2848 2256 vero
2881 2203 3195 2270 quicunque
3237 2202 3402 2257 sobrii
3429 2204 3736 2257 veneranda
3789 2201 3978 2262 Histo-

2395 2295 2489 2348 riae
2522 2292 2682 2347 simul
2744 2308 2809 2348 ac
2855 2293 3170 2348 traditionis
3212 2281 3593 2350 ecclesiasticae
3627 2295 3981 2350 fundamenta

2394 2401 2661 2442 concussa
2696 2400 2805 2440 non
2834 2386 3026 2441 velint.

2438 2476 2552 2551 2|.
2589 2475 2702 2532 Nec
2730 2477 2905 2547 magis
2928 2476 3179 2532 audiendi
3208 2476 3324 2547 qui,
3374 2486 3431 2532 ut
3477 2476 3504 2532 J
3525 2492 3719 2532 milites
3747 2475 3982 2531 Franci-

2397 2586 2525 2626 scus
2559 2570 2842 2635 Buddaeus,
2865 2571 2977 2641 jam
3013 2572 3236 2631 citatus.
3266 2571 3319 2625 in
3350 2586 3446 2625 sua
3479 2572 3544 2626 de
3573 2569 3982 2626 hmresiValen-

2397 2662 2606 2717 tiniana
2665 2643 3076 2728 Diu‘artatione,
3125 2652 3631 2717 valentinianorum
3679 2662 3874 2731 placita
3909 2675 3980 2716 ex

2395 2753 2739 2826 philosophia
2803 2753 3154 2811 Hebraeorum
3225 2752 3592 2810 KabbaliStica
3665 2755 3976 2818 derivant;

2395 2861 2591 2916 eaque,
2647 2856 2706 2900 ut
2765 2845 3062 2908 emolliant,
3125 2845 3192 2899 ad
3243 2848 3554 2901 reconditos
3607 2847 3792 2901 nescio
3842 2860 3982 2919 quos

2399 2954 2591 2994 sensus
2622 2939 2972 3008 deturquent,
3000 2947 3243 2992 veterum
3275 2939 3492 3007 scriptis
3523 2939 3630 2992 vim
3658 2938 3978 3008 iiilerentes,

2401 3031 2510 3087 imo
2543 3032 2805 3102 invidiam
2846 3043 3049 3088 temere
3098 3033 3390 3089 facientes.
3441 3032 3512 3086 Iis
3543 3033 3688 3087 enim
3729 3033 3979 3088 auctori-

2401 3125 2504 3180 bus
2539 3124 2592 3188 id
2639 3126 2809 3195 gratis
2848 3141 3159 3196 supponere
3192 3126 3413 3196 placuit,
3464 3125 3607 3195 quod
3648 3126 3714 3178 ab
3750 3125 3870 3195 ipso
3915 3124 3982 3180 li-

707 3218 803 3274 sed
824 3219 971 3290 quod
999 3221 1200 3277 vellent
1224 3239 1322 3277 nos
1351 3224 1402 3277 in
1434 3225 1659 3294 ancipiti
1690 3240 1787 3279 usu
1833 3225 2062 3295 gratiam
2097 3225 2176 3281 sic
2202 3240 2295 3282 ac-
2323 3229 2367 3291 c
2403 3217 2550 3273 mine
2575 3219 2918 3288 probandum
2950 3228 3093 3281 erat,
3119 3217 3424 3279 Kabbalam
3450 3218 3626 3288 primo
3651 3226 3705 3273 et
3737 3216 3980 3272 secundo

707 3305 911 3387 cipere,
956 3315 1016 3361 ut
1043 3322 1103 3363 ea
1137 3310 1296 3364 nobis
1333 3311 1702 3378 adimeretur;
1728 3329 1789 3369 se
1828 3330 1956 3369 vero
1987 3315 2136 3370 illam
2164 3331 2291 3387 pro-

709 3397 841 3466 prio
860 3399 1176 3470 velutijure
1215 3402 1288 3456 ita
1324 3405 1626 3470 possidere,
1657 3415 1714 3460 ut
1761 3420 1978 3476 semper
2014 3422 2293 3462 accresce-

709 3498 819 3553 ret",
834 3489 1181 3548 decresceret
1204 3509 1507 3564 nunquam,
1533 3506 1628 3550 aut
1655 3497 1917 3552 elllueret.
1950 3499 2018 3551 At
2043 3514 2289 3566 quaenam

709 3581 1038 3650 spiritalium
1072 3585 1299 3640 istorum
1329 3589 1545 3657 gratia?
1573 3590 1703 3659 quid
1749 3591 1995 3660 Spiritale
2035 3592 2164 3646 illud
2208 3608 2294 3647 se—

708 3676 877 3730 men?
905 3678 1052 3732 aliud
1084 3680 1223 3733 nihil
1254 3696 1414 3749 quam
1450 3683 1715 3751 spiritalis
1764 3685 1992 3753 agnitio,
2023 3701 2291 3757 superno-

708 3782 834 3822 rum
861 3768 1192 3826 Ple'romatis
1221 3787 1549 3828 arcanorum
1584 3775 1838 3841 scientia,
1871 3791 1974 3844 qua
2011 3788 2293 3850 tantOpere

707 3859 1306 3935 gloriabantur,etqua
1326 3867 1428 3921 sibi
1451 3866 1833 3924 Gnosticorum
1879 3886 2075 3927 nomen
2121 3875 2295 3928 ascri-

707 3949 930 4010 hebant.
964 3954 1095 4010 llaec
1131 3972 1158 4011 a
1204 3955 1379 4013 Matre
1410 3959 1513 4013 sibi
1551 3959 1746 4024 indita,
1793 3962 1989 4031 pusilla
2018 3966 2239 4034 quidem
2262 3980 2294 4020 e

709 4047 966 4117 supernis
1011 4047 1171 4104 initio
1212 4051 1502 4116 emittitur,
1525 4053 1614 4108 hic
1657 4064 1836 4110 autem
1870 4055 2130 4126 paulatim
2164 4059 2295 4113 ado-

709 4136 882 4196 lescat
904 4147 959 4194 et
993 4141 1313 4210 perﬁciatur
1336 4157 1556 4199 necesse
1577 4152 1688 4203 est.
1717 4147 1851 4202 Cum
1886 4156 2068 4203 autem
2105 4164 2295 4205 nume-

710 4228 789 4285 ris
817 4231 1076 4287 omnibus
1119 4233 1367 4288 absoluta
1412 4235 1606 4304 fuerit,
1646 4240 2171 4297 consummationem
2213 4241 2297 4296 fu-

711 4332 892 4378 turam
925 4325 1281 4393 asserebant;
1313 4337 1551 4397 tuncque
1581 4328 1888 4385 Achamoth
1920 4345 1952 4386 e
1987 4331 2296 4386 medietatis

713 4413 833 4470 loco
869 4415 922 4470 iu
955 4415 1208 4471 Pleroma
1233 4418 1612 4489 migraturam,
1633 4436 1836 4488 sponso
1861 4421 2011 4496 [XX]
2041 4440 2139 4481 suo
2171 4425 2294 4480 Sal-

711 4507 887 4571 vatori
925 4516 1219 4577 nupturam
1250 4527 1265 4565 :
1296 4509 1573 4578 spiritales
1615 4524 1820 4580 autem,
1854 4517 2052 4570 animis
2085 4519 2293 4572 anima-

2395 3318 2517 3377 post
2550 3307 2823 3364 Christum
2853 3320 3037 3364 natum
3061 3309 3260 3365 sa’culo
3289 3320 3470 3363 notam
3494 3310 3680 3364 fuisse.
3712 3308 3985 3376 Quamvis

2396 3419 2426 3457 a
2450 3402 2654 3458 Christi
2685 3413 2849 3457 aetate
2876 3402 3048 3457 Judaei
3083 3417 3113 3455 a
3159 3417 3287 3455 vera
3321 3413 3538 3472 patrum
3574 3418 3795 3457 suorum
3846 3403 3975 3458 sim-

2394 3498 2640 3568 plicitate
2669 3500 2988 3567 degeneres,
3016 3501 3126 3569 jam
3158 3498 3358 3554 fabulis
3386 3509 3619 3554 mentem
3655 3506 3976 3568 pascerent,

2396 3594 2634 3648 nondum
2673 3604 2850 3647 tamen
2901 3607 2965 3647 eo
3013 3600 3186 3661 usque
3220 3593 3403 3646 delusa
3457 3591 3657 3656 fuerat,
3692 3601 3748 3642 ut
3783 3589 3983 3660 Sephi-

2395 3683 2597 3740 roticas
2630 3676 2938 3748 chimazras,
2991 3683 3393 3739 Kabbalisticos
3433 3682 3684 3745 mundos,
3728 3681 3983 3736 insanas-

2391 3789 2508 3846 que
2535 3776 2715 3847 potius
2749 3790 2917 3848 quam
2964 3776 3225 3846 my’sticas
3269 3775 3577 3831 litterarum
3630 3790 3692 3827 ac
3721 3788 3982 3828 numero-

2397 3882 2518 3928 rum
2573 3849 2993 3936 c0pulationes,
3057 3867 3392 3937 peperisset,
3456 3867 3653 3935 quibus
3713 3864 3982 3920 ludiﬁcati

2397 3957 2757 4018 recentiores,
2785 3956 2920 4010 alios
2956 3957 3299 4025 postmodum
3345 3957 3608 4011 ludificati
3638 3962 3786 4010 sunt.
3817 3954 3986 4010 Certe

2397 4049 2611 4106 Justino
2672 4051 2918 4121 martyri,
2967 4051 3214 4120 Origeni,
3258 4050 3612 4122 Hieronymo,
3649 4048 3980 4119 Epiphanio,

2398 4143 2633 4211 aliisque
2674 4141 2931 4198 Patribus
2979 4144 3240 4213 antiquis,
3288 4157 3387 4212 pro
3424 4158 3489 4197 eo
3537 4143 3678 4212 quod
3734 4139 3985 4204 cumJu-

2399 4238 2527 4293 dicis
2555 4239 2870 4294 intercessit
2911 4238 3042 4307 ipsis
3078 4240 3430 4302 commercio,
3477 4247 3762 4308 perspecta
3797 4245 3854 4289 et
3884 4248 3984 4289 ex-

2399 4332 2608 4402 plorata
2644 4339 2763 4384 erat
2810 4330 3025 4384 illo-rum
3075 4331 3367 4397 doctrina;
3414 4333 3480 4386 de
3520 4329 3837 4386 nominibus
3884 4325 3981 4383 Dei

2399 4426 2694 4479 secundum
2736 4424 2993 4479 Hebrazos
3028 4426 3299 4479 interdum
3347 4427 3728 4483 disseruerunt
3763 4455 3773 4484 :
3811 4446 3985 4487 vanas

2398 4515 2711 4571 .ludaeorum
2742 4517 3086 4579 traditiones,
3118 4516 3399 4586 anilesque
3432 4518 3641 4573 fabulas
3673 4536 3774 4573 non
3813 4524 3985 4579 semel

711 4597 857 4655 libus
908 4610 1121 4665 exutos,
1154 4601 1499 4671 spiritusque
1549 4603 1912 4675 intelligentes
1938 4607 2150 4674 factos,
2180 4609 2291 4664 Ple-
2327 4591 2371 4645 Ῑ)
2401 4610 2650 4665 insectati
2676 4620 2834 4673 sunt;
2867 4610 2932 4664 de
2973 4609 3357 4666 Kabballsticis
3401 4627 3534 4666 vero
3567 4615 3748 4679 nugis,
3787 4627 3842 4670 et
3881 4616 3982 4672 Dei

712 4704 868 4754 roma
896 4691 1085 4745 itidem
1135 4691 1462 4754 subeuntes,
1497 4691 1552 4747 in
1596 4708 1826 4764 sponsas
1861 4698 2199 4766 assignatum
2226 4700 2293 4753 iri

713 4778 922 4850 angelis
976 4779 1277 4841 Salvatoris
1329 4783 1695 4848 satellitibus;
1744 4785 2093 4857 Demiurgum
2138 4804 2290 4853 vero,

713 4888 840 4929 cum
861 4871 1134 4942 justorum
1182 4875 1511 4932 animalibus
1554 4879 1754 4933 animis
1790 4879 1841 4932 in
1890 4881 2068 4934 locum
2105 4880 2295 4936 Matris

712 4965 1044 5031 Achamotb,
1086 4967 1434 5022 medietatem
1469 4967 1757 5035 videlicet,
1785 4971 2171 5041 migraturum,
2217 4974 2290 5027 ibi

713 5059 941 5127 perenni
994 5059 1178 5127 quiete
1224 5059 1558 5117 donandum.
1610 5061 1796 5131 Neque
1845 5063 1990 5118 enini
2043 5063 2291 5134 psychici

713 5149 1011 5219 quidquam
1056 5151 1203 5206 intra
1242 5150 1495 5207 Pleroma
1525 5155 1758 5208 admitti.
1791 5154 1927 5208 Tum
1953 5148 2080 5212 vero
2109 5158 2291 5223 ignem

719 5257 869 5307 eum,
909 5246 1001 5311 qui
1039 5243 1093 5301 in
1138 5245 1339 5300 mundo
1365 5244 1517 5311 latet,
1562 5256 1904 5316 erupturum,
1936 5247 2296 5317 confectaque

717 5333 867 5387 omni
891 5335 1145 5398 materia,
1173 5335 1373 5390 mundo
1399 5337 1560 5392 simul
1589 5348 1648 5393 et
1680 5338 1906 5395 ludicrae
1930 5340 2056 5395 huic
2091 5338 2294 5395 Valen-

723 5425 1050 5482 tiuianorum
1074 5426 1460 5483 fabulaslinem
1486 5429 1889 5500 impositurum.

789 5517 882 5571 20.
925 5517 1118 5574 Paucis
1150 5519 1265 5574 haec
1293 5524 1562 5591 complexi
1595 5538 1812 5593 sumus;
1845 5525 2003 5595 idque
2033 5527 2168 5582 satis
2192 5543 2291 5596 pro

721 5607 974 5667 instituto
1018 5609 1140 5664 fuit.
1185 5608 1400 5666 Fusiori
1450 5613 1594 5684 ston
1644 5616 1994 5684 prosequitur
2059 5616 2295 5670 lreuaeus

727 5704 821 5761 lib.
849 5721 1030 5777 l,cap.
1058 5707 1084 5761 1
1119 5718 1176 5764 et
1239 5725 1392 5780 seqq.
1427 5710 1483 5764 Si
1514 5711 1646 5777 quid
1694 5725 1826 5765 vero
1877 5709 2208 5765 dilﬁcultatis
2239 5711 2292 5766 in

724 5799 904 5856 verbis
935 5803 1273 5868 occurrerit,
1308 5805 1410 5858 hoc
1436 5806 1488 5857 in
1522 5815 1663 5858 notis
1687 5803 1964 5873 explicare
1992 5803 2175 5856 conati
2200 5818 2293 5857 su-

725 5908 864 5952 mus.
915 5898 1032 5960 Quo
1071 5895 1176 5952 iam
1208 5898 1428 5954 tendant
1488 5907 1803 5966 portentosa
1853 5898 1944 5954 illa
1997 5896 2292 5966 deliria,et

2396 4701 2615 4754 nomine
2648 4715 2744 4770 per
2780 4700 3086 4766 duodecim,
3134 4717 3229 4770 per
3259 4701 3346 4764 42,
3386 4717 3482 4770 per
3524 4702 3592 4755 72
3640 4703 3854 4759 litteras
3887 4721 3985 4759 ex-

2397 4791 2621 4860 plicato,
2658 4791 2889 4861 aliisque
2919 4791 3187 4861 ejusmodi
3224 4794 3434 4861 naeniis,
3471 4809 3539 4847 ne
3573 4797 3736 4849 verbo
3761 4795 3981 4863 quidem

2398 4884 2784 4947 meminerunt,
2813 4893 2909 4936 aut
2949 4885 3151 4953 aliquid
3189 4885 3464 4939 audivisse
3492 4900 3550 4941 se
3574 4886 3978 4955 significarunt.

2395 4970 2601 5028 lu‘victo
2652 4983 2976 5043 argumento
3038 4975 3276 5029 nonduin
3326 4987 3666 5046 excogitatas
3713 4992 3859 5033 esse.
3912 4979 3982 5032 Et

2397 5077 2547 5121 certe
2569 5067 2816 5137 quisquis
2857 5069 2923 5123 de
2956 5068 3199 5124 Kabbala
3250 5071 3479 5139 mystica
3524 5072 3870 5141 conscriptos
3910 5073 3979 5127 li-

2396 5159 2524 5214 bros
2548 5159 2760 5226 adierit,
2802 5172 2891 5214 aut
2935 5162 3224 5232 peritiores
3265 5177 3295 5218 e
3330 5162 3593 5217 Babbinis
3620 5166 3977 5230 consuluerit,

2397 5254 2661 5324 evestigio
2728 5254 3099 5325 deprehendet
3159 5256 3447 5310 admodum
3517 5267 3765 5312 recentes
3822 5274 3977 5324 esse,

2397 5349 2597 5417 vixque
2621 5357 2746 5403 ante
2778 5364 2952 5403 annos
2977 5350 3302 5419 quingentos
3332 5361 3425 5402 aut
3451 5360 3741 5405 sexcentos
3763 5354 3979 5407 exarari

2398 5443 2659 5512 potuisse.
2696 5440 2810 5496 Non
2846 5456 2932 5497 me
2986 5444 3206 5512 quidem
3262 5444 3392 5497 latet
3419 5443 3696 5498 Philonem
3732 5444 3981 5506 Judaeum

2398 5537 2671 5592 subtiliori
2702 5545 2757 5590 et
2784 5537 3070 5607 argutiori,
3105 5553 3269 5606 quam
3304 5554 3403 5607 par
3436 5546 3577 5601 erat,
3608 5539 3865 5593 methodo
3894 5538 3978 5594 di-

2399 5631 2521 5682 vina
2560 5629 2747 5683 rimari
2783 5645 2847 5682 ac
2873 5639 3214 5699 pertractare
3242 5631 3506 5699 ccepisse;
3542 5631 3634 5685 sed
3657 5646 3820 5700 quam
3847 5648 3979 5702 pru-

2399 5722 2483 5774 cul
2531 5723 2600 5777 ab
2640 5723 2856 5777 arcanis
2903 5722 3260 5791 Sephirarum
3308 5723 3600 5795 mysteriis,
3636 5734 3836 5777 norunt
3881 5724 3976 5795 qui

2398 5811 2768 5884 perlegerunt.
2810 5812 2905 5868 llle
2927 5829 3027 5883 pro
3058 5815 3438 5885 Egyptiorum
3471 5829 3639 5880 more,
3673 5816 3814 5882 apud
3840 5831 3977 5885 quos

2400 5905 2567 5963 vitam
2601 5907 2816 5975 agebat,
2843 5907 2907 5962 ad
2935 5905 3274 5965 Platonicam
3318 5916 3373 5966 et
3402 5907 3817 5978 Pythagoricam
3853 5907 3976 5980 phi-
