4180 6332
177 384 230 441 ιι

1097 381 1548 444 DISSERTA'I‘IO
1585 387 1627 451 I,
1666 381 1825 441 ΛΒΤ.
1865 385 1907 451 I,
1944 383 2033 442 DE
2069 379 2478 440 VALENTINO.

3347 386 3417 444 ω

181 502 492 577 losophiam,
541 497 780 561 Eusebio
824 507 870 538 ¹⁹
914 510 970 560 et
1010 504 1342 578 Hieronymo
1387 507 1432 539 "
1483 507 1734 565 testibus.
1767 511 1815 568 Α
1842 521 2093 575 pugnare,
2124 519 2220 558 sua
2245 503 2458 572 propria
2482 501 2828 567 vindicantes,
2866 512 2915 556 et
2964 501 3128 557 malos
3157 500 3299 572 fures
3330 521 3416 557 (os

186 606 338 654 totum
377 612 440 653 se
475 597 779 653 contulerat
826 597 991 668 (unde
1034 599 1246 666 tritum,
1283 612 1342 654 ut
1376 599 1533 671 vulgo
1557 600 1738 654 credi-

186 705 279 756 tur,
304 694 367 748 de
389 707 456 748 eo
492 692 861 761 proverbium,
901 691 934 761 ἢ
965 676 1136 744 “blith
1169 692 1497 757 πλατονίζει,
1589 690 1736 746 Πλά-

183 805 276 842 των
312 784 617 857 φιλονξζει),
649 787 712 838 ad
738 785 893 854 cujus
932 787 1161 855 proinde
1190 787 1454 856 principia
1491 803 1576 841 res
1604 787 1740 840 divi-

183 892 268 931 nas
299 878 550 947 exigens,
593 877 982 946 Opinionesque
1021 875 1421 945 philosophicas
1469 876 1634 931 certis
1672 876 1739 930 li-

181 968 390 1027 brorum
437 984 719 1026 sacrorum
764 968 1129 1038 dogmatibus,
1174 977 1231 1024 et
1271 969 1596 1037 ancipitibus
1639 967 1738 1024 Ju»

183 1064 411 1118 datorum
439 1060 825 1117 traditionibus
845 1062 1170 1124 admiscens,
1202 1074 1514 1131 compagem
1545 1059 1736 1114 evani-

180 1156 315 1218 dam,
369 1153 620 1220 maleque
655 1151 757 1206 sibi
802 1153 1162 1207 cohaerentem
1199 1153 1395 1205 struxit
1443 1169 1456 1206 :
1497 1151 1632 1207 adeo
1681 1159 1738 1205 ut

176 1250 465 1319 patriorum
489 1249 686 1300 rituum
730 1247 930 1311 minus,
971 1262 1129 1316 quam
1181 1244 1567 1314 allegoriarum
1619 1252 1736 1297 stu~

178 1341 374 1406 diosus,
421 1343 476 1395 in
511 1342 824 1413 vulgaribus
866 1350 919 1395 et
953 1340 1101 1395 tritis
1136 1353 1246 1392 non
1273 1337 1442 1393 semel
1473 1335 1734 1408 offensus,

175 1431 519 1488 offensionem
562 1435 798 1489 incautis
828 1431 1095 1488 attulerit.
1121 1433 1190 1485 At
1218 1430 1482 1485 insulsam
1512 1429 1737 1487 Kabba-

175 1524 410 1579 listarum
444 1526 770 1595 farraginem
803 1525 1075 1579 incassum
1099 1522 1240 1594 apud
1264 1539 1388 1578 eum
1427 1523 1732 1592 quaesieris.

171 1615 269 1671 Nec
297 1616 555 1671 Kabbalas
581 1616 924 1686 antiquitatis
959 1617 1565 1686 propugnatoresjuvat
1592 1615 1734 1668 Pau-

171 1708 244 1762 lus
282 1708 572 1765 Timotheo
621 1709 904 1773 mandans,
946 1717 1007 1762 ut
1057 1708 1389 1777 quibusdam
1430 1707 1730 1770 denuntiet,

170 1819 226 1856 ne
267 1802 599 1856 intenderent
631 1800 825 1869 fabulis
861 1809 907 1854 et
951 1800 1267 1869 genealogiis
1314 1800 1731 1853 interminatis“.

168 1893 256 1949 His
289 1895 470 1958 enim,
524 1894 819 1964 interprete
858 1892 1266 1961 Chrysostomo,
1329 1891 1734 1963 theophylacto,

167 1985 409 2055 aliisque,
443 1983 671 2053 digitum
715 1983 942 2037 intendit
976 1981 1267 2051 Apostolus
1313 1981 1396 2034 vel
1429 1981 1482 2034 in
1509 1980 1732 2036 stultam

165 2077 462 2132 iud-.corum
496 2075 817 2141 vanitatem,
851 2074 940 2144 qui
965 2083 1020 2128 ut
1042 2073 1255 2144 generis
1279 2074 1361 2127 sui
1391 2072 1727 2128 nobilitatem

163 2176 532 2232 ostentarent,
595 2167 812 2236 longam
877 2173 1224 2221 stemmatum
1275 2166 1472 2220 seriem
1520 2181 1728 2220 summa

165 2276 274 2315 cum
306 2259 666 2317 contentione
708 2273 771 2312 ac
821 2258 961 2314 fastu
1011 2257 1079 2313 ab
1129 2260 1728 2313 Abrahamo'accerse-

162 2353 301 2416 bant,
325 2352 668 2425 gentilesque
715 2350 780 2405 ad
815 2349 973 2404 fidem
1001 2363 1298 2404 conversos
1333 2347 1564 2417 superba
1595 2363 1728 2401 avo-

163 2460 270 2501 rum
326 2460 552 2500 suorum
606 2444 1018 2497 enumeratione
1068 2452 1367 2505 vexantes,
1429 2441 1725 2496 Ecclesiam

162 2537 594 2602 conturbabant;
623 2537 709 2590 vel
740 2538 792 2590 in
825 2551 918 2591 eos
939 2551 967 2590 e
990 2535 1222 2596 Gt'aecis,
1245 2534 1332 2602 qui
1354 2532 1480 2587 licet
1509 2532 1726 2588 Christo

160 2644 349 2684 nomen
381 2627 682 2690 dedissent,
716 2628 769 2681 in
799 2626 1064 2681 fabulosa:
1106 2625 1446 2680 ethnicorum
1483 2622 1768 2692 Theogo~‘

160 2722 253 2776 uiae
297 2718 558 2790 gradibus
595 2718 981 2788 percensendis
1033 2730 1253 2786 operam
1291 2727 1515 2783 ponere,
1565 2715 1722 2768 simul

159 2812 415 2866 etludere
451 2825 561 2864 non
601 2811 944 2866 destiterant.
980 2807 1302 2875 Quanquam
1343 2804 1723 2873 probabilitate

161 2919 253 2957 non
280 2911 459 2966 vacet,
501 2901 586 2955 his
631 2900 874 2970 Apostoli
907 2901 1089 2956 verbis
1133 2900 1419 2956 Gnosticos
1449 2899 1620 2963 feriri,
1668 2905 1722 2951 ut

160 3007 337 3065 postea
384 2995 650 3057 dicemus,
683 3007 912 3061 quorum
956 2992 1181 3046 haeresis
1221 2990 1568 3061 Eonumque
1614 3009 1718 3062 μα-

160 3082 422 3150 ·αιολογία
452 3097 481 3134 a
530 3081 748 3135 Simone
773 3079 953 3149 Mago,
987 3088 1041 3134 et
1077 3080 1370 3137 Menandro
1400 3092 1717 3151 propagata,

1770 1848 1808 1902 II

1841 595 2205 649 convincentes
2227 611 2243 658 ;
2268 593 2497 664 aptabile
2518 609 2628 648 esse
2659 594 2822 662 magis
2856 593 3128 648 emissioni
3159 594 3414 655 dicentes,

1841 686 1918 738 uti
1939 684 2234 749 verisimile,
2280 702 2345 738 ea:
2367 684 2594 738 Homine
2630 683 2879 750 Verbum,
2903 687 2992 739 sed
3022 701 3126 740 non
3154 702 3218 740 ea:
3250 685 3418 740 Verbo

1842 775 2122 831 Hominem
2148 793 2258 831 esse
2287 777 2553 840 emissum,
2584 786 2630 829 et
2674 794 2782 831 esse
2811 776 3092 831 Hominem
3135 776 3299 832 Verbo
3323 795 3418 831 an-

1841 870 2109 924 teriorem.
2146 868 2270 924 Haec
2295 869 2520 939 proinde
2549 870 2863 925 certaminis
2891 885 3053 924 causa
3075 874 3417 938 :_secundam

1842 960 2108 1016 tetradem
2141 959 2300 1014 Verbi
2331 969 2382 1015 ct
2419 960 2576 1025 Vitas,
2609 960 2858 1015 Hominis
2878 971 2934 1016 et
2972 961 3229 1017 Ecclesiae
3256 963 3418 1016 furati

1843 1051 2057 1106 fuerant
2088 1067 2117 1106 :t
2147 1052 2429 1107 Gnosticis
2463 1052 2863 1119 Valentiniani;
2895 1069 2994 1109 nec
3018 1056 3118 1109 hoc
3143 1056 3419 1125 prioribus

1841 1157 2053 1211 grave:
2101 1145 2192 1198 sed
2231 1143 2288 1197 id
2334 1141 2614 1197 ferendum
2656 1144 2879 1200 minime
2925 1144 3239 1210 videbatur,
3274 1147 3417 1216 quod

1842 1235 1980 1289 clam
2031 1236 2514 1291 subductorum-hi
2563 1237 2811 1291 ordinem
2858 1239 3230 1305 invertissent,
3283 1242 3418 1295 Ver-

1841 1327 1966 1381 bum
1999 1338 2054 1382 et
2098 1328 2274 1382 Vitam
2332 1327 2545 1382 Homini
2597 1337 2650 1382 et
2693 1327 2950 1383 Eeclesire
2989 1330 3412 1398 praemittentes;

1841 1420 1894 1472 in
1928 1418 2032 1473 hoc
2061 1418 2185 1472 mali
2210 1418 2379 1482 fures,
2420 1420 2562 1487 quod
2593 1416 2738 1473 furto
2771 1418 2912 1471 haud
2941 1420 3202 1483 contenti,
3235 1420 3416 1473 ablata

1837 1527 2058 1580 pessum
2109 1511 2398 1566 dedissent.
2436 1510 2532 1565 His
2565 1510 2720 1575 moti,
2761 1510 2942 1579 plures
2966 1523 2996 1564 e
3027 1510 3295 1581 Valentini
3331 1512 3414 1565 di-

1840 1603 2081 1673 scipulis,
2117 1602 2358 1672 magistri
2389 1603 2471 1656 sui
2501 1603 2693 1657 ordine
2722 1602 3031 1666 immutato,
3066 1602 3205 1658 hanc
3244 1611 3414 1656 tetra-

1840 1695 1960 1747 dem
1990 1692 2045 1745 in
2085 1691 2355 1760 integrum
2402 1690 2777 1757 restituerunt,
2820 1688 3106 1744 Homin‘em
3136 1699 3188 1747 et
3225 1691 3413 1748 Eccle-

1840 1788 1976 1841 siam
2008 1795 2132 1842 ante
2161 1786 2401 1842 Verbum
2435 1798 2490 1842 et
2520 1787 2695 1843 Vitam
2732 1799 3078 1858 reponentes.

1911 1883 2000 1936 25.
2034 1881 2229 1935 Merito
2271 1882 2432 1950 igitur
2463 1880 2832 1935 Theodoretns
2855 1919 2868 1944 ,
2903 1895 3025 1934 cum
3058 1880 3287 1936 haereses
3323 1880 3410 1936 Si-

1839 1973 2034 2040 monis,
2070 1972 2374 2038 Menandri,
2409 1973 2706 2036 Saturnini,
2737 1972 3009 2040 Basilidis,
3036 1973 3408 2043 Carpocratis,

1839 2068 2166 2137 l'rodicique
2196 2069 2493 2138 explicatas
2531 2068 2800 2133 dedisset,
2833 2068 3026 2123 infert:
3070 2085 3132 2122 ea:
3170 2067 3252 2122 his
3301 2085 3411 2121 om-

1835 2152 1984 2211 nibus
2026 2158 2310 2210 hwresibus
2340 2155 2674 2211 Valentinum
2714 2160 2992 2212 materiam
3037 2159 3406 2226 accipientem,

1831 2247 2010 2301 λαϐὼν
2038 2248 2291 2321 ἀφορμὰς
2312 2290 2325 2313 ,
2356 2250 2765 2303 interminabiles
2803 2250 3011 2318 fabulas
3036 2255 3406 2318 composuisse.

1834 2339 2026 2392 Merito
2064 2347 2117 2394 et
2144 2340 2380 2393 lrenaeus
2403 2355 2522 2393 cum
2561 2340 2869 2396 eorumdem
2901 2341 3274 2396 haereticorum
3302 2344 3411 2410 opi-

1831 2431 2078 2484 nationes
2122 2430 2312 2485 ordine
2356 2431 2753 2499 percurrisset,
2784 2431 3061 2485 concludit
3094 2432 3188 2486 lib.
3219 2447 3256 2496 ι,
3285 2449 3406 2498 cap.

1831 2522 1951 2580 ult.,
1988 2536 2041 2574 n.
2081 2522 2149 2576 5:
2184 2521 2228 2571 A
2254 2522 2445 2575 talibus
2489 2523 2744 2576 matribus
2773 2533 2820 2577 et
2852 2516 3090 2592 ﬁatribtts
3122 2535 3167 2577 et
3202 2525 3405 2585 proavis

1828 2630 1912 2666 eos
1944 2612 2032 2683 qui
2060 2629 2090 2664 a
2128 2611 2407 2666 Valentino
2445 2622 2600 2676 sunt,
2633 2615 2768 2668 sicut
2814 2626 2862 2669 et
2904 2617 3031 2685 ἱρείη
3059 2621 3328 2671 sententia:
3358 2624 3408 2671 ct

1830 2703 2022 2774 regula:
2048 2707 2326 2758 ostendunt
2359 2721 2470 2772 eos,
2498 2709 2850 2760 necessarium
2878 2709 2976 2777 {uit
3007 2708 3283 2778 manifeste
3312 2727 3405 2763 ar-

1826 2812 1999 2866 gnere.
2027 2795 2176 2849 Adeo
2206 2806 2436 2862 certum,
2465 2798 2686 2852 easdem
2731 2800 2978 2868 utrisque
3009 2798 3172 2854 fuisse
3199 2813 3408 2856 senteno

1825 2888 1924 2940 tias
1951 2895 1997 2938 et
2021 2887 2248 2955 regulas.
2315 2886 2381 2940 Et
2438 2895 2728 2960 eapropter
2789 2888 2841 2941 in
2905 2889 3229 2945 Prchatione
3279 2888 3403 2949 libri

1826 2979 2046 3033 secundi
2069 2979 2319 3046 spondet,
2340 2992 2655 3032 eversurum
2690 2995 2744 3033 se
2761 2979 3138 3035 Guosticorum
3163 2985 3404 3042 omnium

1824 3071 2182 3135 sententiam,
2228 3070 2728 3140 dissoluturumque
2779 3073 3112 3126 absconditas
3171 3077 3404 3145 ipsorum

159 3176 521 3237 apostolorum
565 3191 679 3229 εχξιό
715 3174 854 3230 altas
880 3173 990 3241 jam
1021 3174 1236 3229 radices
1267 3184 1473 3246 egerat,
1511 3175 1617 3230 Sed
1654 3177 1721 3229 de
1750 3191 1789 3247 (Ζ
1827 3163 2250 3234 conjugationes,
2285 3179 2313 3216 3
2346 3163 2518 3233 BleIO
2549 3166 2722 3235 capite
2753 3164 2893 3220 facto
2929 3166 3098 3221 initio.
3135 3167 3325 3223 ΜΕΙἨΟ
3349 3181 3404 3226 et

156 3264 391 3321 Kabbala
422 3282 491 3321 ne
522 3267 738 3336 quidem
770 3268 1041 3337 cogitasse
1067 3265 1288 3320 Paulum
1313 3281 1410 3337 pro
1441 3277 1723 3336 comperto

157 3362 334 3417 ltaueri
363 3361 545 3416 debet.
582 3361 814 3417 Aliunde
836 3376 964 3431 ergo
998 3361 1294 3431 repetenda
1324 3359 1723 3416 Valentinianae

155 3454 432 3510 haereseos
453 3455 748 3525 principia.

193 3546 304 3603 «22.
359 3547 648 3603 Valentino
697 3547 915 3618 quidem
998 3551 1138 3602 viam
1193 3547 1453 3602 stravisse
1514 3546 1724 3616 priores

153 3636 460 3699 Gnosticos,
493 3639 776 3708 orimaque
814 3639 956 3693 male
999 3639 1278 3694 constituti
1311 3639 1621 3707 systetnatis
1653 3637 1721 3690 li—

153 3746 430 3786 neamenta
467 3744 743 3795 exarasse,
773 3731 1059 3799 perspicue
1106 3729 1271 3783 tradit
1311 3730 1582 3783 lrenaeus:
1621 3727 1723 3793 Qui

150 3834 218 3876 est
239 3823 462 3891 primus,
518 3823 690 3890 inquit
715 3823 807 3876 lib.
843 3863 882 3887 .,
909 3837 1026 3891 cap.
1062 3823 1149 3886 II,
1186 3824 1249 3874 ab
1293 3839 1355 3877 ea
1383 3838 1500 3892 qua:
1531 3823 1727 3874 dicitur

151 3913 400 3969 Gnostica
430 3916 663 3979 hwresis,
691 3918 931 3980 antiquas
963 3915 1020 3968 in
1046 3931 1200 3967 suum
1243 3914 1596 3967 characterem
1632 3915 1724 3966 do-

151 4009 340 4060 ctrinas
404 4007 726 4075 transferens
787 4005 1120 4070 Valentinus,
1177 4006 1254 4060 sic
1305 4005 1555 4074 deﬁnivit.
1605 4005 1724 4059 Non

150 4114 273 4168 ergo
301 4101 477 4168 prima
505 4101 782 4154 hwreseos
832 4113 941 4151 sua:
986 4097 1340 4151 fundamenta
1373 4098 1582 4164 jecerat
1615 4098 1722 4150 Va-

151 4191 405 4252 lentinus,
425 4191 519 4243 sed
545 4206 572 4244 a
620 4190 891 4244 veteribus
919 4189 1196 4245 Gnosticis
1222 4188 1365 4256 jacta
1415 4203 1719 4258 rcpererat;

148 4283 338 4351 quibus
383 4297 580 4336 novam
625 4281 838 4336 aedilicii
884 4281 1080 4336 molem
1127 4282 1572 4350 superimponeus
1600 4322 1617 4348 ,
1661 4297 1700 4337 e.

149 4374 243 4427 sibi
271 4374 485 4442 propria
515 4371 665 4436 fecit,
698 4382 752 4427 et
783 4373 848 4426 ad
875 4372 1153 4440 proprium
1186 4373 1491 4425 institutum
1514 4387 1726 4426 accom-

151 4465 400 4518 modavit.
435 4463 574 4518 Iliae
608 4464 703 4519 lib.
754 4478 816 4528 tt,
858 4478 976 4532 cap.
1015 4464 1102 4526 15,
1150 4476 1434 4534 postquam
1478 4463 1727 4518 emissa»-

1830 3259 2159 3328 lipiphanius
2188 3258 2295 3321 ait,
2333 3257 2599 3310 Valentini
2630 3258 2922 3310 doctrinam
2963 3274 2996 3311 a
3040 3262 3270 3325 speciosa
3308 3263 3403 3320 illa

1830 3349 2204 3406 Gnosticorum
2249 3352 2572 3421 professione
2615 3352 2904 3418 prodiisse,
2936 3350 3032 3420 τὴν
3061 3353 3222 3404 αὑτοῦ
3253 3354 3401 3406 διδα-

1829 3443 2054 3496 δκαλίαν
2072 3445 2167 3514 τὴν
2194 3443 2302 3496 ἀπὸ
2317 3445 2411 3513 τῆς
2432 3442 2669 3512 μεγάλης
2691 3441 2888 3512 ταύτης
2905 3445 3206 3514 γνωστικῆς
3234 3448 3402 3513 ἑπαγ-

1825 3536 2013 3604 γελέας
2043 3538 2409 3608 ὑπάρχουσαν.
2438 3535 2502 3587 Ει
2541 3536 2665 3589 hinc
2694 3536 2933 3605 quinque
2957 3537 3112 3592 libris
3141 3539 3399 3592 adversus

1831 3630 2238 3683 Valentinianos
2287 3629 2355 3683 ab
2405 3638 2627 3681 auctore
2658 3638 2845 3683 nostro
2874 3632 3193 3698 conscriptis
3224 3634 3399 3699 prtuli-

1831 3739 1925 3774 vus
1973 3722 2191 3784 titulus,
2234 3719 2483 3790 Ἐλέγχου
2511 3719 2602 3771 καὶ
2639 3719 2949 3789 ἀνατροπῆς
2993 3721 3091 3791 τῆς
3131 3722 3398 3791 ψευδωνύ-

1829 3831 1928 3884 μου
1960 3812 2231 3881 γνώσεως,
2256 3813 2568 3866 Detectionis
2594 3823 2643 3865 et
2665 3813 2944 3866 eversionis
2961 3812 3095 3881 falso
3119 3816 3397 3869 nominata:

1827 3907 2147 3975 agnitionis;
2182 3907 2305 3974 quia
2355 3919 2545 3958 omnes
2608 3904 2932 3969 Gnosticos,
2983 3905 3035 3959 id
3077 3915 3157 3959 est
3197 3905 3398 3960 intelli-

1827 4008 2012 4066 gentes
2043 4013 2134 4052 seu
2163 3999 2421 4064 scientes,
2458 4012 2517 4052 se
2549 4001 2684 4050 vend
2716 3999 2920 4063 tabam,
2954 4012 3016 4053 ac
3039 4001 3276 4067 mystica:
3301 4016 3394 4053 cu~

1829 4092 2035 4144 insdam
2069 4092 2309 4145 scientiae
2350 4091 2506 4144 titulo
2539 4091 2929 4160 gloriabantur.
2963 4091 3108 4146 Idem
3138 4096 3394 4149 omnibus

1872 4197 2096 4245 .eroma,
2155 4184 2357 4237 caedem
2412 4183 2598 4252 prima
2631 4182 2864 4238 [Eanum
2914 4185 3168 4254 syzygiae,
3202 4187 3389 4241 eadem

1851 4276 1948 4329 dei
1982 4290 2044 4328 ac
2089 4290 2298 4328 morum
2329 4275 2632 4343 corruptio,
2666 4275 2854 4329 eadem
2882 4277 3119 4344 supremi
3152 4277 3328 4333 Patris
3358 4297 3387 4332 a

1828 4368 2010 4421 mundi
2043 4367 2234 4436 Opiﬁce
2277 4367 2556 4421 distinctio
2609 4383 2673 4421 ac
2721 4371 3020 4436 separatio.
3070 4380 3127 4422 ut
3160 4386 3224 4424 ex
3277 4382 3392 4427 toto

1828 4460 2028 4514 Irenaeo
2055 4468 2214 4528 patet.
2246 4459 2382 4513 Hinc
2411 4459 2704 4529 Gregorius
2728 4460 3120 4526 Nazianzenus,
3140 4465 3386 4530 orat.23,

150 4569 264 4608 nem
296 4555 404 4607 Νοῦ
426 4565 481 4611 et
527 4555 806 4624 Ἀληθείας
834 4570 862 4608 a
889 4554 1064 4625 Bytho
1100 4566 1153 4610 et
1202 4556 1404 4609 Ennma
1432 4557 1716 4610 evertisset
1750 4535 1792 4590 θ
1823 4555 2051 4621 Simoni,
2087 4553 2370 4617 Marciani,
2402 4553 2704 4620 Valentino,
2735 4554 2976 4618 Basilidi,
3000 4555 3254 4622 Cerdoni,
3286 4559 3386 4614 Ce-

149 4644 398 4709 Irenaeus,
431 4647 736 4714 rationique
776 4659 807 4699 e
844 4645 1112 4700 diametro
1148 4646 1432 4700 adversam
1486 4646 1713 4700 demon-

149 4749 391 4800 strasset,
427 4737 704 4793 concludit
733 4753 883 4792 num.
917 4740 971 4803 8,
1001 4739 1265 4792 hactenus
1293 4739 1458 4801 dicta,
1491 4753 1593 4792 non
1623 4737 1716 4791 ad-

149 4843 337 4886 versus
364 4829 777 4884 Valentinianos
808 4830 988 4894 modo,
1022 4833 1118 4884 sed
1151 4839 1204 4884 et
1231 4831 1493 4884 adversus
1519 4846 1604 4883 eos
1625 4831 1714 4898 qui

151 4939 178 4973 a
206 4921 440 4977 Basilide
476 4935 620 4988 sunt,
659 4933 705 4976 et
744 4922 992 4977 adversus
1026 4922 1252 4988 reliquos
1302 4920 1578 4977 Gnosticos
1619 4940 1712 4977 va-

151 5011 282 5079 lere;
309 5018 375 5070 ab
404 5015 489 5070 his
525 5015 791 5083 siquidem
824 5015 942 5069 illos
975 5015 1128 5069 initia
1159 5013 1510 5069 cmissionutn
1548 5029 1706 5069 acce-

148 5109 305 5174 pisse,
336 5111 768 5164 demonstratum
803 5108 942 5162 libro
975 5109 1149 5179 primo
1182 5106 1364 5161 fuisse.
1394 5107 1707 5160 Communis

149 5201 326 5270 itaque
358 5214 411 5258 et
441 5203 524 5257 his
552 5211 605 5258 et
628 5202 734 5255 illis
773 5202 983 5270 primus
1009 5203 1143 5254 ordo
1177 5200 1504 5264 emissionis,
1545 5214 1703 5268 quem

148 5291 440 5364 impugnat,
487 5295 793 5350 communis
830 5294 1078 5362 utrisque
1129 5293 1300 5360 prima
1363 5302 1549 5345 tetras.
1596 5290 1706 5345 Nec

147 5383 256 5439 haec
286 5396 516 5451 tantum,
555 5387 648 5440 sed
674 5396 727 5439 et
748 5385 1008 5439 secunda.
1039 5385 1198 5440 Istam
1229 5385 1371 5437 enim
1418 5384 1503 5435 ubi
1556 5383 1706 5436 sinti-

143 5474 262 5533 liter
283 5480 523 5534 excussit
554 5477 811 5542 Irenaeus,
845 5477 1011 5552 [XXI]
1041 5480 1315 5534 subnectit
1338 5495 1488 5533 num.
1524 5477 1611 5540 I0,
1641 5478 1704 5530 de

145 5573 368 5626 secunda
396 5573 671 5626 emissione
711 5570 956 5625 Hominis
1003 5581 1049 5624 et
1081 5569 1328 5624 Ecclesia:
1372 5567 1707 5623 Valentinia-

143 5677 329 5719 norum
354 5675 525 5731 patres
556 5664 691 5732 falso
715 5664 1103 5732 cognominatos
1125 5660 1400 5716 Gnosticos
1425 5676 1551 5714 cum
1582 5659 1704 5714 ﬁliis

206 5783 249 5813 ”
279 5784 502 5850 Euseln,
538 5785 631 5836 lib.
666 5801 700 5838 ιι
734 5783 868 5838 Hist.
919 5785 1081 5847 ecc!.,

143 5847 180 5882 ¹¹
215 5854 234 5908 ι
278 5854 421 5912 Tim.
463 5847 500 5919 t,
534 5856 585 5909 ti.

448 5947 703 6013 Panos.
774 5953 890 6014 Gn.
946 5945 1084 6012 VII.

1135 5801 1251 5852 Cap.
1286 5785 1336 5838 4.

1812 4648 1991 4701 rintho
2019 4655 2070 4699 et
2104 4645 2417 4714 Carpocrati
2444 4661 2507 4699 ex
2534 4661 2689 4715 sequo
2707 4647 3021 4715 exprobrat,
3040 4649 3179 4717 quod
3207 4667 3384 4707 rerum

1811 4739 2052 4793 Omnium
2105 4737 2272 4791 Deum
2307 4747 2587 4801 secarent,
2623 4738 2930 4808 bellumque
2981 4756 3076 4809 pro
3110 4741 3252 4795 Bono
3281 4743 3380 4794 ad-

1811 4849 2004 4890 versus
2038 4834 2354 4890 Creatorem
2390 4841 2662 4903 gererent.
2689 4835 2770 4888 Ad
2799 4850 2954 4903 quem
2993 4836 3168 4890 locum
3196 4839 3382 4892 obsera

1811 4936 1901 4981 vat
1933 4926 2074 4981 Elias
2106 4925 2379 4981 Cretensis
2407 4966 2420 4989 ,
2462 4927 2801 4979 octonarium
2837 4939 3048 4981 summo
3094 4928 3144 4980 in
3178 4929 3382 4983 honore

1811 5032 1840 5070 a
1871 5015 2205 5072 Simonianis
2231 5017 2408 5086 (idem
2440 5017 2504 5070 de
2528 5018 2741 5071 caeteris
2768 5015 3041 5071 Gnosticis
3068 5019 3380 5086 dicendum)

1812 5109 2055 5162 habitum
2091 5108 2288 5171 fuisse,
2323 5111 2392 5163 ob
2429 5117 2553 5162 octo
2587 5108 2708 5163 illos
2743 5110 2988 5176 magistri
3024 5110 3104 5164 sui
3148 5107 3378 5176 IEones,

1811 5203 2038 5272 Bythum
2071 5211 2124 5254 et
2157 5200 2341 5270 Sigen,
2368 5200 2600 5256 Mentem
2634 5213 2684 5256 et
2719 5202 3034 5265 Veritatem,
3062 5205 3378 5258 Sermonem

1809 5305 1859 5347 et
1890 5295 2087 5356 Vitam,
2133 5294 2416 5347 Hominem
2455 5296 2668 5348 demum
2696 5301 2750 5346 et
2775 5293 3093 5361 Ecclesiam,
3126 5310 3259 5362 quos
3283 5311 3377 5349 co-

1811 5386 2013 5448 lebant,
2044 5395 2096 5438 et
2125 5400 2154 5438 a
2193 5386 2390 5453 quibus
2434 5385 2616 5438 mundi
2665 5384 2914 5453 Opiﬁccm
2949 5387 3372 5455 distinguebant.

1810 5478 1938 5543 Quae
1963 5479 2146 5531 eadem
2175 5480 2394 5531 adnotat
2427 5477 2640 5532 Nicetas
2670 5478 2735 5531 ad
2764 5488 2905 5531 orat.
2933 5478 3023 5531 44.
3051 5479 3115 5532 Ει
3141 5479 3226 5531 his
3255 5494 3376 5532 out-

1809 5569 1966 5622 nibus
2001 5569 2234 5637 id,quod
2260 5568 2531 5632 volumus,
2559 5567 2761 5636 liquido
2793 5568 3100 5633 coniicitur,
3136 5568 3373 5622 Valenti-

1811 5676 1935 5711 num
1961 5660 2293 5729 systeinatis,
2312 5659 2456 5727 quod
2479 5659 2544 5712 ab
2574 5675 2638 5715 eo
2665 5675 2858 5714 nomen
2884 5663 3111 5729 accepit,
3139 5662 3372 5731 primum

1413 5785 1457 5816 ³ο
1490 5784 1734 5845 IIieron.,
1771 5785 1929 5851 epist.
1979 5783 2046 5836 85
2132 5784 2192 5835 ad
2276 5781 2410 5852 Mog.
2466 5791 2606 5835 orat.
2651 5781 2833 5849 IIom.,
2876 5792 2910 5836 ι.
2948 5781 3014 5837 IV
3047 5799 3170 5836 nov.
3235 5779 3367 5836 edit.

3021 5947 3061 6004 2
