4180 6332
792 336 860 400 Β
1581 330 2170 397 DlSSERTATIO‘iES
2209 340 2510 397 PREVLE
2552 342 2616 397 ΙΝ
2660 343 2915 400 IRENEI
2955 343 3221 401 LIBROS.
3953 344 4028 400 ιι

794 471 1069 516 auctorem
1091 475 1155 514 ac
1179 459 1514 514 inventorem
1541 474 1648 514 non
1677 458 1864 526 fuisse,
1895 462 1990 516 sed
2015 461 2081 515 iis
2109 476 2229 530 qua:
2247 461 2358 530 jam
2389 468 2436 522 Α
2463 461 2769 516 lectualium
2803 463 3023 526 uirium,
3047 461 3394 532 quamgetiam
3424 461 3691 530 parabole:
3717 459 3890 517 decem
3923 463 4030 516 sir-

792 556 1185 610 adinvenerant
1214 551 1460 608 Gnostici
1500 553 1709 623 priores
1745 553 2034 616 addidisse,
2061 570 2126 609 ac
2166 569 2356 624 supre-

791 662 933 701 mam
967 661 1184 700 manum
1219 644 1543 699 admovisse.
1578 643 1780 714 Nempe
1815 646 1990 715 prima
2029 645 2354 700 Pleromatis

788 739 991 809 ogdoas
1015 736 1268 792 omnibus
1291 734 1630 792 communis:
1660 735 1785 790 huic
1805 750 1931 791 vero
1956 736 2351 806 aliquantulum

791 832 1106 894 immutatis,
1143 827 1348 883 decada
1381 836 1437 884 et
1467 829 1739 884 dodecada
1771 829 1834 883 de
1863 843 1963 882 suo
1984 827 2223 894 addidit;
2249 827 2356 883 sic-

786 935 894 990 que
928 929 1078 974 vetus
1115 917 1359 973 Pleroma
1391 919 1582 989 viginti
1612 927 1668 973 et
1709 919 1920 973 duobus
1948 916 2218 974 )Eonibus
2261 934 2356 973 au-

787 1013 870 1066 xit
908 1027 972 1066 ac
997 1009 1366 1079 locupletavit.
1399 1007 1590 1062 Totam
1628 1010 1790 1062 etiam
1822 1008 2174 1062 Achammha:
2199 1008 2355 1065 {abu-

787 1103 920 1169 lam,
950 1118 1070 1157 cum
1105 1100 1367 1171 spiritalis
1406 1100 1627 1155 seminis
1657 1099 1886 1168 origine,
1917 1099 2042 1155 huic
2075 1100 2351 1169 propriam

788 1206 952 1266 puto;
985 1207 1208 1250 czeteras
1228 1193 1596 1265 bypotheseos
1619 1201 1822 1261 partes,
1843 1192 2064 1246 mutatis
2083 1191 2350 1246 interdum

787 1288 1121 1352 nominibus,
1158 1287 1339 1340 hausit
1367 1299 1398 1339 e
1426 1285 1613 1353 putido
1643 1282 2030 1339 Gnosticorum
2069 1283 2241 1339 fonte.

858 1379 947 1434 24.
974 1369 1084 1433 Nec
1113 1391 1332 1433 movere
1367 1389 1694 1445 quemquam
1731 1376 1907 1440 debet,
1939 1375 2082 1446 quod
2119 1376 2351 1430 tremens

784 1482 1028 1526 veterum
1059 1469 1443 1525 Gnosticorum
1479 1466 1781 1522 sententias
1821 1481 2130 1532 recensens,
2164 1467 2352 1538 primae

784 1566 1018 1625 Eanum
1040 1563 1299 1634 ogdoadis
1334 1560 1496 1616 abiis
1529 1560 1742 1616 tradita:
1768 1562 1910 1616 haud
1946 1575 2204 1630 expresse
2238 1574 2352 1613 me.

785 1659 1023 1714 minerit.
1078 1657 1261 1726 Neque
1295 1654 1440 1709 enim
1466 1693 1483 1720 ,
1518 1660 1577 1708 ut
1611 1662 1762 1708 recte
1808 1662 1958 1708 notat
2005 1652 2351 1708 doctissimus

785 1749 1115 1804 PearsOnius
1144 1787 1159 1812 ,
1204 1755 1345 1816 part.
1381 1759 1422 1798 tt
1475 1743 1713 1812 Vindic.,
1767 1761 1887 1814 cap.
1929 1743 1963 1798 6
2015 1745 2125 1814 (ubi
2160 1743 2348 1798 fusiori

787 1840 928 1910 ston
958 1839 1295 1908 exsequitur,
1325 1837 1467 1908 quod
1501 1851 1597 1891 nos
1629 1836 1866 1892 breviori
1901 1832 2364 1906 complectimur),

785 1933 1025 2000 integras
1050 1930 1292 1985 omnium
1321 1928 1664 1998 genealogias
1692 1926 2003 1997 singulatim
2031 1940 2356 1982 enumerare

785 2024 1074 2092 omniaque
1102 2019 1337 2075 Eonum
1377 2021 1595 2074 nomina
1645 2020 1872 2074 recitare
1906 2019 2108 2073 Irenaeo
2140 2019 2357 2074 animus

787 2125 924 2178 erat,
953 2129 1055 2168 nec
1084 2127 1205 2167 esse
1235 2112 1485 2166 debebat.
1515 2109 1919 2178 Explicatajam
1941 2125 1968 2162 a
1988 2110 2181 2179 primis
2208 2111 2357 2178 capi—

788 2207 929 2262 tibus
951 2203 1416 2267 Ptolemaitarum,
1440 2203 1528 2271 qui
1557 2205 1762 2271 primas
1789 2201 1839 2254 in
1869 2201 2139 2254 Valentini
2168 2201 2353 2255 schola

786 2299 1077 2364 tenebant,
1125 2295 1428 2358 sententia,
1479 2303 1534 2348 et
1588 2308 1794 2349 summa
1832 2307 2020 2347 eorum
2064 2293 2355 2360 doctrinae,

785 2403 908 2444 cum
932 2385 1183 2442 omnibus
1210 2386 1450 2454 ipsorum
1483 2382 1751 2437 .‘Eonibus
1773 2392 1830 2436 et
1857 2380 2088 2435 [Eanum
2120 2380 2357 2435 nomini-

786 2483 912 2543 bus,
954 2475 1288 2546 reliquisque
1316 2489 1437 2543 quae
1485 2473 1554 2526 ad
1597 2487 1790 2526 eorum
1823 2471 2075 2526 haeresim
2120 2473 2359 2542 pertine-

785 2572 943 2638 bant,
965 2569 1122 2625 simul
1151 2579 1204 2623 ct
1232 2571 1332 2624 sub
1355 2582 1460 2621 uno
1483 2565 1636 2635 quasi
1663 2574 1883 2635 aspectu
1911 2565 2139 2632 positis;
2167 2574 2354 2634 postea

785 2663 1190 2727 Gnosticorum,
1219 2677 1250 2715 a
1296 2661 1492 2731 quibus
1523 2673 1618 2714 sua
1649 2658 1972 2722 hauserant,
2007 2667 2060 2713 et
2089 2657 2357 2712 Valentini

787 2754 962 2824 ipsius
993 2761 1046 2808 et
1091 2753 1240 2808 illius
1271 2753 1660 2824 discipulorum
1694 2752 1999 2822 singulares
2035 2749 2356 2811 sententias,

787 2854 842 2900 et
863 2845 993 2914 quid
1023 2845 1221 2913 cuique
1246 2845 1525 2912 proprium
1557 2853 1726 2907 esset,
1759 2858 1870 2911 quo
1903 2842 1970 2897 ab
2005 2841 2127 2896 aliis
2153 2841 2360 2894 discre-

788 2945 968 3006 paret,
1003 2937 1245 2990 breviter
1277 2951 1552 3006 exponere
1577 2937 1712 2991 satis
1747 2945 1897 3001 erat;
1936 2951 2037 2991 nec
2067 2952 2205 3007 opus
2240 2947 2362 2991 erat

788 3027 1001 3096 singula
1047 3028 1337 3097 attingere,
1370 3038 1423 3082 et
1468 3044 1586 3098 qua:
1633 3039 1793 3084 antea
1838 3029 2053 3084 dixerat
2087 3039 2358 3096 repetere.

2456 555 2637 624 ginum
2651 563 3022 624 attemperant:
3041 565 3095 608 ut
3109 555 3337 624 quinque
3347 553 3522 608 stulta:
3533 569 3719 610 sensus
3731 558 4029 624 corporales

2457 647 2819 716 ﬁguraverint,
2844 645 3034 700 stultos
3075 645 3346 710 uidelicet,
3385 645 3508 713 quia
3544 644 3784 712 deceptui
3812 643 4025 714 faciles,

2456 740 2715 805 sapientes
2729 753 2901 793 autem
2915 737 3349 792 intellectualium
3363 745 3540 790 notam
3557 737 3744 813 pirium
3759 751 4031 804 expresse-

2459 831 2582 896 rint,
2617 829 2932 900 sapientiam
2951 829 3173 895 scilicet,
3190 828 3316 899 quia
3333 827 3741 898 contingentium
3760 829 4032 882 veritatem

2454 915 2601 970 illaut
2630 927 2879 970 arcanam
2907 956 2921 981 ,
2952 927 3000 969 et
3041 931 3343 984 supernam,
3370 926 3419 970 et
3455 915 3598 988 apud
3624 912 3872 971 Pleroma
3904 933 4033 972 con-

2453 1010 2726 1074 stitutam;
2796 1009 3170 1065 lta'reticarum
3221 1010 3464 1063 idearum
3528 1019 3897 1064 sacramenta:
3931 1010 4033 1064 hoc

2454 1101 2590 1163 enim
2612 1111 2732 1155 sunt
2759 1111 2807 1155 et
2839 1101 3065 1167 Αἰῶνες,
3097 1112 3146 1156 et
3180 1100 3498 1172 genealogite
3521 1099 3760 1156 illorum.
3794 1100 4031 1172 ldipsnm

2455 1202 2580 1247 ante
2605 1182 2998 1246 Tertullianum
3026 1203 3312 1250 monuerat
3342 1193 3582 1249 lrenatus
3603 1194 3670 1260 ",
3700 1191 4036 1248 Valentinia-

2456 1299 2551 1338 nos
2575 1299 2641 1340 ex
2672 1284 2903 1340 ethnicis
2951 1283 3124 1352 poetis
3161 1285 3475 1356 systematis
3502 1285 3758 1351 formam,
3788 1300 3818 1339 e
3849 1283 4030 1354 philo-

2455 1375 2642 1442 sophis
2667 1376 2951 1429 materiam
2984 1377 3227 1441 eruisse;
3263 1377 3454 1430 horum
3493 1376 3694 1446 quippe
3721 1377 3866 1430 dicta
3895 1393 4031 1430 con-

2452 1475 2722 1536 gregantes
2745 1507 2761 1533 ,
2790 1477 2837 1521 et
2882 1468 3034 1538 quasi
3071 1476 3339 1522 centonem
3383 1484 3449 1522 ex
3491 1467 3672 1523 multis
3713 1478 3761 1522 et
3788 1468 4031 1539 pessimis

2451 1559 2750 1628 panniculis
2775 1559 3180 1624 consarcientes,
3207 1555 3428 1626 ﬁnctum
3462 1555 3803 1630 super/icium
3845 1560 4031 1616 subtili

2452 1653 2656 1722 eloquio
2680 1653 2780 1707 sibi
2803 1655 2929 1723 ipsis
2956 1654 3360 1722 prwparavisse.
3388 1653 3533 1708 inter
3552 1668 3646 1710 eos
3675 1654 4036 1725 philosophos

2452 1757 2731 1799 enumerat
2746 1745 3020 1800 Thaletem
3036 1744 3320 1812 Milesium,
3337 1747 3818 1810 Anaximandrum,
3839 1743 4032 1818 [XXII]

2453 1836 2850 1906 Anaxagoram,
2865 1837 3254 1904 Democritum,
3270 1837 3583 1906 Epicurum,
3597 1836 3898 1900 Platonem,
3911 1833 4035 1889 Em-

2455 1924 2756 1995 pedoclem,
2777 1933 2830 1978 et
2850 1915 3246 1995 Pythagoram.
3267 1925 3335 1980 Et
3357 1926 3483 1981 hinc
3505 1923 3831 1979 Pbilastrius
3855 1930 4030 1986 notat,

2456 2008 2800 2073 Valentinum
2829 2017 3245 2089 Pythagoricum
3280 2019 3450 2086 magis
3484 2017 3654 2072 fuisse
3685 2030 3848 2086 quam
3871 2014 4036 2070 Chri-

2456 2110 2716 2164 stianum.
2759 2109 3094 2182 Porphyrius
3132 2124 3262 2165 vero
3295 2110 3350 2164 in
3393 2108 3511 2164 Vita
3555 2100 3756 2162 Plotini
3806 2106 4033 2171 scribit,

2456 2201 2745 2258 Gnosticos
2789 2218 2855 2257 ex
2904 2203 3125 2272 antiqua
3181 2201 3523 2273 philosophia
3571 2200 3883 2256 emersisse.
3924 2196 4033 2266 Qui

2457 2295 2674 2364 quidem
2710 2295 3008 2350 Alexandri
3053 2294 3265 2370 Libyci,
3297 2293 3624 2358 Philocomi,
3660 2289 4026 2356 Demostraul,

2456 2385 2611 2457 Lydi,
2630 2387 2890 2457 plurimos
2910 2387 3078 2443 libros
3101 2387 3576 2453 circumferentes,
3599 2395 3651 2444 et
3670 2385 4037 2448 revelationes

2457 2480 2718 2548 quasdam
2753 2480 3056 2536 Zoroastris
3092 2480 3271 2551 (cujus
3307 2481 3504 2537 librum
3535 2484 3603 2538 ab
3635 2483 3702 2540 iis
3731 2485 4033 2544 conﬁctam

2458 2584 2578 2626 esse
2594 2571 2916 2638 contendit),
2938 2571 3231 2639 Zostriani,
3255 2570 3521 2636 Nicotbei,
3547 2574 3842 2646 Allogenis,
3874 2575 4033 2644 Mosi,

2462 2663 2801 2734 aliorumque
2818 2664 3088 2734 ejusmodi
3115 2665 3292 2735 palam
3317 2667 4036 2739 ostendentes,deceperunt

2458 2757 2683 2822 multos,
2707 2757 2916 2827 priores
2947 2758 3052 2828 ipsi
3085 2759 3332 2828 decepti;
3388 2770 3704 2816 asserentes
3741 2760 4034 2819 Platonem

2460 2847 2818 2919 intelligibilis
2835 2850 3088 2903 essentia:
3107 2849 3434 2919 profundum
3457 2853 3676 2909 minime
3691 2863 4034 2922 penetrasse.

2461 2940 2606 3003 Onos
2629 2940 2873 2997 Plotinus
2903 2943 3140 3011 scriptis,
3161 2957 3281 3014 quae
3304 2943 3479 2999 adhuc
3508 2954 3821 3012 supersunt,
3849 2945 4034 3015 palam

2463 3032 2795 3097 confutavit;
2831 3034 3190 3104 probavitque
3239 3045 3404 3089 totam
3451 3051 3640 3091 eorum
3689 3038 4037 3104 doctrinam,

788 3118 951 3174 Certe
977 3113 1228 3174 Basilidis
1251 3119 1514 3189 integram
1540 3120 1906 3211 genealogiam
1933 3118 1999 3211 ab
2022 3119 2224 3174 Irenaeo
2253 3135 2356 3175 non
2388 3146 2433 3211 ο
2463 3124 2660 3179 additis
2682 3124 3189 3180 duntaxatvocibus
3211 3125 3534 3195 quibusdam
3568 3129 3741 3195 novis,
3773 3129 4039 3200 falsisque

790 3209 1050 3277 describi,
1076 3208 1162 3262 vel
1196 3225 1259 3262 ex
1293 3224 1358 3264 eo
1386 3209 1572 3278 liquet,
1608 3213 1749 3279 quod
1778 3210 2209 3273 Basilides.teste
2236 3211 2359 3267 Cle-

790 3309 970 3354 mente
995 3298 1279 3363 Alexand.,
1314 3298 1504 3354 Strom.
1545 3301 1637 3354 lib.
1664 3317 1734 3364 tv,
1774 3303 2130 3375 Δικαιοσύνην
2161 3322 2220 3357 τε
2271 3305 2364 3358 καὶ

786 3393 885 3461 τὴν
914 3390 1184 3462 θυγατέρα
1212 3392 1377 3462 αὐτῆς
1407 3394 1504 3465 τὴν
1539 3395 1769 3465 Εἰρήνην
1803 3394 2168 3466 ὑπολαμϐάνει
2197 3399 2251 3449 ὲν
2277 3397 2366 3464 ὀγ-

787 3483 931 3537 δοὰδι
987 3483 1166 3552 μένειν
1206 3483 1660 3554 διατεταγμένας,
1718 3497 1827 3538 tum
1880 3486 2190 3552 Justitiam,
2255 3501 2364 3543 tum

791 3578 962 3646 ﬁliam
994 3578 1109 3647 ejus
1146 3577 1337 3631 Pacem
1370 3590 1517 3645 putat
1550 3581 1604 3632 in
1636 3582 1868 3645 ogdoade
1902 3599 2112 3638 manere
2143 3587 2365 3655 disposi-

793 3677 906 3720 tas:
934 3681 1071 3735 quas
1100 3669 1239 3736 apud
1268 3667 1526 3722 Irenaeum
1555 3671 1752 3723 frustra
1781 3675 2081 3740 qua-sieria.

870 3785 962 3840 9.5.
1007 3784 1078 3840 Ut
1126 3797 1254 3838 vero
1309 3799 1336 3836 a
1387 3782 1658 3839 Gnosticis
1712 3786 2003 3839 maximam
2055 3789 2360 3858 dogmatum

795 3889 1004 3949 partem
1063 3886 1390 3948 acceperunt
1427 3877 1827 3943 Valentiniani,
1868 3880 1947 3933 sic
1979 3882 2246 3953 utrisque,
2280 3883 2363 3939 his

799 3973 1162 4042 pmissimum,
1191 3973 1378 4026 rudem
1411 3971 1574 4024 veluti
1612 3972 1797 4036 telam,
1825 3989 1982 4042 quam
2023 3976 2187 4029 variis
2220 3976 2365 4030 colo-

796 4066 946 4119 ribus
988 4081 1052 4119 ex
1101 4064 1408 4118 Christiana
1453 4065 1713 4133 religione
1753 4067 1932 4119 ductis
1973 4067 2363 4131 distinxerunt,

795 4155 1172 4209 ministrarum
1196 4155 1396 4209 ethnici
1423 4154 1754 4224 philosophi,
1781 4156 2123 4227 Pythagorici
2146 4172 2367 4225 praiser-

793 4250 889 4301 tim
922 4261 983 4301 ac
1011 4247 1298 4312 Platonici,
1320 4245 1668 4316 Egyptiique
1689 4256 1743 4300 et
1764 4247 1999 4302 Chaldaei
2031 4251 2359 4319 mystagogi:

794 4344 928 4396 adeo
952 4352 1008 4392 ut
1031 4350 1137 4393 tota
1156 4356 1218 4396 ea
1247 4342 1564 4409 bypothesis
1593 4342 1665 4393 sit
1691 4357 1858 4410 purus
1888 4352 2156 4411 putusque
2186 4344 2364 4396 ethni-

796 4433 998 4492 cismus
1047 4429 1200 4485 varie
1251 4430 1634 4499 interpolatus,
1662 4442 1716 4484 et
1760 4432 1913 4485 novis
1961 4434 2364 4488 accessionibus

793 4537 856 4576 ex
903 4522 1216 4576 Christiana
1267 4522 1533 4588 religione
1581 4532 1794 4576 auctus.
1841 4522 1980 4592 Ipsa:
2014 4524 2252 4588 hwreses,
2288 4528 2362 4581 ait

795 4614 1162 4668 'l'ertullianus
1187 4615 1252 4676 ³³,
1289 4633 1319 4668 a
1350 4614 1680 4681 philosophia
1726 4614 2103 4670 subornantur.
2141 4617 2274 4671 Inde
2314 4630 2360 4672 et

793 4703 990 4757 .Eones
1019 4716 1062 4756 et
1085 4705 1292 4772 (omne,
1316 4707 1490 4758 nescio
1513 4715 1717 4775 qua',et
1742 4706 1954 4759 trinitas
1978 4710 2200 4761 hominis
2222 4714 2358 4778 apud

806 4794 1173 4848 Valentinum:
1201 4792 1506 4847 Platonicus
1528 4797 1722 4862 fuerat.
1743 4797 1806 4849 Et
1830 4795 1957 4849 alibi
1978 4797 2048 4849 ”:
2084 4796 2197 4850 Vult
2224 4802 2357 4854 enim

793 4885 954 4940 Plato
985 4903 1094 4939 esse
1117 4887 1370 4954 quasdam
1405 4889 1727 4941 substantias
1772 4889 2076 4955 invisibiles,
2113 4891 2358 4960 incorpo-

793 4980 931 5032 rales
952 5019 965 5039 .
1009 4979 1478 5046 supermundiales,
1513 4981 1712 5033 divinas
1738 4990 1786 5032 et
1825 4991 2081 5034 wternas:
2113 4998 2242 5051 quas
2272 5001 2364 5052 ap-

791 5073 947 5138 pellnt
982 5071 1147 5133 ideas,
1175 5071 1230 5123 id
1257 5081 1332 5124 est
1376 5071 1574 5138 formas
1600 5072 1919 5138 exemplares
1965 5089 2012 5128 et
2047 5091 2235 5128 causas
2269 5093 2362 5128 na-

794 5162 1048 5212 turalium
1075 5161 1292 5213 istorum
1313 5161 1736 5230 manifestorum,
1755 5175 1800 5215 et
1825 5164 2206 5233 subjacentium
2243 5183 2361 5219 cor-

793 5253 1059 5319 poralibus
1088 5254 1424 5316 sensibus;et
1445 5254 1566 5308 illas
1599 5257 1811 5324 quidem
1841 5272 1950 5310 esse
1978 5259 2232 5322 veritates,
2253 5261 2360 5312 ltwc

793 5355 966 5395 autem
997 5345 1249 5413 imagines
1300 5345 1538 5401 illarum.
1581 5346 1894 5400 Relucentne
1942 5349 2059 5416 jam
2117 5351 2360 5405 heretica

792 5436 990 5487 semina
1023 5434 1386 5490 Gnosticorum
1416 5447 1461 5490 et
1506 5437 2030 5492 Valentinianorum?
2060 5440 2194 5494 Hinc
2224 5445 2357 5496 enim

793 5526 1055 5592 arripiunt
1087 5527 1439 5595 diﬂ'erentiam
1474 5531 1824 5596 corporalium
1859 5547 2099 5584 sensuum
2132 5546 2177 5584 et
2205 5536 2358 5585 intel-

860 5704 1050 5782 ξιμι).
1083 5705 1146 5782 de
1174 5703 1481 5782 P_ra:scrip.,
1513 5722 1628 5782 cap.
1669 5709 1721 5762 6.
1798 5712 1839 5742 ³³
1868 5710 1984 5766 Lib.
2030 5713 2093 5769 de
2127 5713 2326 5773 Anitn..
2369 5727 2484 5782 cap.
2517 5715 2596 5767 17.

793 5774 837 5806 ³⁸
867 5775 984 5830 Lib.
1036 5793 1049 5828 ι
1103 5777 1310 5846 Antiq.,
1353 5793 1468 5847 cap.
1513 5779 1562 5830 7.

2468 3217 2772 3280 sententiis,
2792 3233 2820 3271 a
2845 3217 3068 3273 Platone
3081 3218 3425 3289 desumptam
3454 3222 3643 3276 fuisse.
3660 3221 3871 3288 Quibus
3894 3224 4038 3279 mire

2438 3310 2858 3365 conﬁrmantur
2885 3327 3003 3381 quae
3040 3325 3159 3365 mox
3184 3311 3440 3377 diximus,
3468 3312 3907 3369 Valentinianam
3935 3315 4038 3386 hy-

2468 3402 2732 3471 pothesim
2783 3403 2923 3456 aliud
2975 3403 3108 3457 nihil
3139 3418 3261 3458 esse
3291 3420 3450 3473 quam
3502 3406 3836 3461 inconditam
3871 3404 4041 3462 Chal-

2467 3497 2764 3560 daicorum,
2791 3494 3295 3567 Pythagoricorum,
3325 3497 3839 3568 Platonicorumque
3864 3499 4042 3570 placi-

2471 3595 2645 3640 torum
2696 3586 3058 3655 farraginem,
3097 3588 3425 3645 Christianis
3477 3591 3820 3660 dogmatibus
3858 3594 4041 3648 inter-

2465 3677 2959 3735 mistam.Sedbaac
2977 3681 3133 3750 paulo
3178 3681 3512 3735 enucleatius
3556 3683 3832 3752 explicare
3855 3685 4039 3755 juvat,

2465 3785 2689 3841 remque
2724 3787 2752 3825 a
2786 3774 2963 3842 capite
2992 3784 3262 3841 repetere.

2536 3864 2625 3918 26.
2656 3863 3106 3933 Philosophorum
3139 3866 3379 3921 omnium
3426 3867 3788 3936 antiquissimi
3823 3884 4039 3926 memo-

2467 3965 2658 4008 rantur
2688 3970 2715 4007 a
2754 3954 3018 4008 Cicerone
3045 3957 3088 3986 ³⁸
3112 3955 3372 4019 Cbaldaai,
3401 3972 3428 4010 a
3457 3960 3656 4027 quibus
3679 3961 3744 4014 ad
3775 3959 4044 4019 barbaras

2466 4049 2696 4116 primum
2730 4049 2977 4103 nationes
3004 4051 3103 4118 (sic
3128 4061 3279 4103 extra
3309 4049 3572 4103 Graeciam
3602 4061 3655 4104 et
3683 4050 3890 4108 italiam
3920 4056 4043 4111 sitae

2467 4144 2842 4210 vacabantur),
2877 4153 2988 4196 tum
3025 4143 3088 4196 ad
3118 4143 3336 4198 Graecos
3370 4153 3423 4198 et
3453 4144 3678 4199 Latinos
3706 4148 4036 4203 transmissa

2467 4238 2807 4305 philosophia
2838 4247 2943 4291 est.
2965 4239 3010 4290 Α
3041 4237 3310 4291 Chaldaeis
3349 4237 3489 4290 enim
3525 4240 3588 4291 ad
3624 4239 3949 4309 Babylonios
3983 4252 4042 4297 et

2467 4331 2722 4398 Assyrios
2748 4329 3005 4392 manavit,
3023 4341 3081 4381 ut
3103 4339 3292 4382 auctor
3319 4339 3400 4382 est
3419 4330 3766 4395 Aristoteles,
3787 4331 3868 4385 vel
3897 4331 4042 4387 alius

2468 4420 2711 4489 quisquis
2745 4421 2961 4489 scripsit
3011 4422 3207 4475 librum
3230 4463 3243 4486 ,
3280 4425 3370 4492 qui
3409 4423 4036 4491 inscribiturMaTtxdt-,

2469 4523 2521 4566 et
2551 4514 2741 4567 Sotion
2773 4516 2824 4567 in
2857 4513 3006 4568 libris
3031 4515 3127 4584 τῆς
3156 4514 3427 4584 διαδοχῆς,
3459 4523 3597 4568 teste
3623 4513 3860 4570 Laertio.
3907 4515 4042 4572 Sive

2469 4619 2598 4660 vero
2625 4622 2652 4659 a
2684 4606 2949 4661 Chaldaeis
2977 4606 3374 4674 philosOpbiam
3411 4608 3632 4661 edoctus
3672 4605 3838 4661 fuerit
3863 4607 4043 4660 Abra-

2469 4700 2680 4760 hamus.
2713 4701 2847 4763 sive,
2873 4701 3014 4766 quod
3057 4700 3212 4768 longe
3262 4699 3595 4768 probabilius
3641 4715 3762 4752 cum
3795 4697 4041 4768 Josepho

2469 4807 2753 4845 censemus
2775 4792 2842 4856 ³⁸,
2864 4794 2929 4844 ab
2953 4793 3260 4844 Abrahamo
3285 4793 3592 4859 acceperint
3617 4791 3881 4857 Chaldaei;
3912 4807 4037 4847 cer-

2466 4892 2577 4936 tum
2613 4892 2692 4937 est
2736 4899 2833 4952 per
2866 4885 3234 4938 Abrahamum
3270 4885 3336 4936 ad
3369 4884 3705 4948 Palaestinos,
3743 4886 3859 4937 sive
3886 4885 4038 4938 Cha-

2466 4992 2704 5040 uanaeos,
2732 4985 2918 5045 postea
2945 4978 3104 5030 etiam
3132 4977 3196 5028 ad
3222 4976 3501 5047 Egyptios
3530 4977 3836 5031 devenisse.
3859 4977 4038 5031 Abra.

2464 5068 2681 5120 hamum
2734 5067 3000 5134 siquidem
3048 5083 3228 5123 rerum
3278 5070 3764 5122 astronomicarutn
3807 5070 4037 5136 peritis-

2465 5160 2662 5213 simum
2684 5160 2870 5225 fuisse,
2893 5159 3204 5214 fatebantur
3228 5159 3736 5229 ipsimetgentilium
3762 5160 4036 5228 antiquis-

2464 5253 2607 5318 simi,
2625 5253 2853 5306 Berosus
2875 5252 3130 5322 inprimis
3149 5270 3174 5302 a
3189 5251 3420 5318 Josepho
3437 5266 3556 5303 mox
3574 5251 3741 5304 citato
3755 5250 4034 5305 laudatus.

2463 5345 2572 5398 Nec
2625 5344 2844 5401 dubium
2894 5347 3020 5413 quin
3076 5346 3268 5399 iisdem
3319 5344 3563 5398 scientiis
3617 5357 3750 5412 quas
3787 5345 4040 5412 apprime

2465 5440 2709 5504 callebat,
2739 5442 2977 5511 gentium
3010 5442 3146 5511 apud
3179 5454 3314 5508 quas
3349 5440 3656 5493 diversatus
3684 5448 3788 5503 est,
3824 5440 4040 5493 animos

2466 5535 2739 5587 imbuerit.
2785 5535 3023 5602 Cumque
3051 5549 3077 5586 a
3122 5531 3440 5587 Cbananaeis
3489 5531 3553 5583 ad
3593 5528 3906 5599 Egyptios,
3936 5544 4039 5584 ur-

2676 5716 2716 5744 3"
2757 5714 2871 5768 Lib.
2921 5732 2980 5779 tt,
3035 5730 3150 5781 cap.
3202 5714 3264 5767 ll
3366 5715 3406 5745 ³⁵
3443 5712 3556 5765 Lib.
3617 5712 3745 5766 tDe
3799 5712 4029 5766 divinat.
