4180 6332
161 332 226 386 ιδ
1089 345 1548 406 DISSERTATIO
1585 350 1627 415 l,
1669 352 1706 405 Α

1794 350 1830 406 Γ.
1875 353 1918 417 1,
1958 352 2067 409 DE'
2086 352 2362 410 VALENT
2368 349 2503 409 1N0.

3346 351 3417 408 46

155 460 315 518 gente
343 453 524 522 fame,
569 469 629 513 ιιι
670 461 832 518 refert
865 461 1103 520 Historia
1154 483 1308 524 sacra
1335 469 1408 543 λ³⁷,
1437 473 1735 542 transierit,
1765 477 1813 533 A
1838 473 2143 533 Phoeniciis
2161 490 2225 531 ac
2254 476 2425 548 Syrize
2452 481 2638 545 partes
2663 472 2959 528 inviserat:
2991 470 3077 525 ubi
3115 471 3414 542 propheta-

158 544 259 602 bos
289 547 483 604 iisdem
521 552 856 623 disciplinis,
876 554 1117 628 Josepho
1141 569 1277 618 teste
1304 563 1372 629 ³⁸,
1402 565 1734 622 informavit.

167 636 235 691 Et
287 640 417 697 hinc
472 643 873 716 philosophiam
924 651 1235 708 traductam
1287 669 1317 708 a
1363 655 1627 714 Chaldaeis
1668 661 1735 716 ad

1841 582 1962 622 rum
1982 566 2162 623 Mochi
2187 581 2586 636 successorum,
2607 565 2950 633 aliorumque
2972 563 3268 618 Phoenicia:
3304 564 3417 618 h‘ie-

1839 656 2228 724 rophantarum
2256 655 2437 711 factus
2461 654 2702 718 auditor,
2727 667 2882 708 sacra
2914 651 3098 706 omnia
3121 651 3416 721 diligenter

154 727 465 800 Egyptios,
489 733 946 806 anteJosepbum,
965 742 1180 811 scripsit
1200 745 1495 803 Diodorus:
1525 749 1735 805 aChal-
1835 748 2213 818 investigarat,
2251 763 2314 803 ac
2351 763 2448 817 pro
2495 761 2644 802 more
2693 745 2871 820 gentis
2919 743 3258 816 perfecerat;
3311 758 3413 800 nec

152 818 290 877 datis
335 825 536 893 quippe
585 835 766 881 ortum
823 829 1055 886 ducebat
1079 832 1378 891 Abraham.
1419 837 1728 904 Phtenices.

149 913 506 971 scientiarum
556 917 702 974 fama
759 929 872 975 tota
916 923 1248 994 antiquitate
1283 930 1550 1000 celebres,
1585 935 1727 990 nihil

150 1019 566 1080 moror,ulpote
591 1013 685 1082 qui
706 1014 1069 1075 aChananaeis
1089 1025 1362 1091 prognati,
1386 1024 1727 1099 Abrahae-que

145 1100 384 1166 posteris
413 1105 765 1172 contermini,
801 1119 912 1164 tum
942 1124 971 1164 a
1008 1116 1350 1181 parentibus,
1389 1127 1498 1172 tum
1525 1136 1554 1173 a
1591 1122 1724 1177 vici-

147 1191 258 1258 nis,
279 1192 543 1263 quidquid
575 1198 782 1254 scirent
809 1201 1060 1259 derivare
1087 1207 1243 1262 facile
1271 1220 1587 1277 potueruut.
1613 1213 1724 1272 Nec

145 1281 523 1374 improbabile,
570 1290 715 1358 quod
761 1294 1097 1352 eruditorum
1151 1299 1396 1370 plerique
1440 1305 1717 1374 sentiunt,

141 1370 438 1432 Persarum
495 1395 682 1451 magos
730 1402 760 1437 a
814 1383 1108 1446 Zoroastre
1161 1391 1480 1464 institutos,
1532 1413 1597 1453 ex
1652 1399 1719 1456 iis

141 1465 522 1525 Chaldaeorum
553 1471 821 1540 fontibus,
849 1480 1126 1536 naturales
1157 1484 1498 1552 disciplinas,
1523 1490 1630 1546 imo
1660 1504 1718 1548 et

141 1561 474 1631 theologiam
509 1563 776 1623 hausisse.
804 1569 859 1624 [d
892 1573 938 1628 si
972 1589 1076 1629 non
1107 1580 1456 1646 persuadere,
1485 1586 1716 1642 suadere

139 1650 334 1706 saltem
367 1655 582 1711 videtur
611 1661 881 1719 maximus
912 1668 1197 1738 utriusque
1226 1673 1402 1740 gentis
1430 1674 1482 1728 in
1516 1679 1710 1745 praeci-

138 1743 260 1810 puis
293 1745 552 1803 doctrinae
598 1753 873 1820 capitibus
916 1771 1243 1817 consensus.
1269 1764 1419 1820 Adeo
1447 1743 1707 1823 Ill—Chal-

137 1835 296 1891 daica
323 1839 662 1910 philosophia
685 1843 808 1900 fons
833 1847 1148 1905 uberrimus
1177 1855 1476 1923 exstiterit,
1500 1875 1564 1914 ex
1593 1875 1701 1930 quo

135 1927 369 1994 primum
399 1931 651 1998 poculum
675 1935 778 1989 sibi
807 1937 1130 1998 haurientes
1145 1927 1704 2022 Babylonii,Assyrii.

137 2016 472 2086 Chananzei,
522 2021 1114 2102 Phoenices,tEgyptii
1167 2047 1221 2090 et
1273 2016 1706 2104 Persae,Graects

136 2110 476 2174 postmodum
520 2114 786 2174 infudere.
832 2119 947 2176 Hoc
976 2126 1194 2190 ipsimet
1229 2143 1260 2184 e
1283 2129 1486 2187 Graecis
1509 2139 1704 2190 corda-

135 2200 330 2266 tiores,
358 2202 583 2262 Laenio
637 2217 777 2266 teste
812 2212 867 2267 in
900 2212 1144 2272 Promm.
1168 2234 1274 2273 non
1307 2221 1701 2293 diﬂitebantur;

132 2291 486 2366 philosophias
541 2314 650 2355 sua:
684 2301 836 2357 initia
885 2305 1139 2364 barbaris
1180 2325 1403 2378 accepta
1435 2291 1704 2375 memores

133 2387 470 2444 referebant:
507 2407 607 2447 nec
641 2394 938 2468 quidquam
970 2401 1248 2460 efﬁcacius
1272 2409 1339 2462 ad
1382 2419 1702 2470 caeterorum

133 2479 440 2570 superbiam
470 2481 821 2553 frangendam
847 2491 1128 2559 prioribus
1145 2496 1404 2554 Ecclesia:
1426 2500 1700 2570 Pati-ibus,

130 2564 372 2661 Taliane,
390 2571 710 2644 Theophila,
731 2579 992 2639 Clementi
1028 2586 1423 2657 Alexandrino,
1447 2564 1700 2661 Eusebio,

128 2658 352 2731 aliisque
367 2664 542 2719 visum
567 2677 837 2737 est,quant
861 2685 916 2729 ut
947 2691 1041 2731 eos
1070 2679 1136 2732 ad
1163 2681 1545 2750 scientiarum,
1574 2689 1701 2757 qui-

128 2751 222 2807 bus
267 2756 525 2812 tumidius
572 2759 973 2834 efferebantur,
1013 2773 1308 2838 primordia
1357 2751 1698 2836 revocarent.

193 2864 278 2919 27.
321 2866 387 2921 Et
437 2882 587 2925 certe
634 2889 701 2929 ne
748 2876 932 2946 plures
965 2894 995 2934 e
1023 2885 1301 2940 veteribus
1347 2889 1687 2962 philosophis

124 2954 320 3014 Grecis
345 2961 398 3013 in
427 2964 662 3019 medium
689 2969 962 3037 proferam
986 2992 999 3036 ;
1035 2987 1300 3043 quantum
1323 2954 1686 3054 pythago-ras,

123 3065 148 3101 a
179 3066 280 3119 quo
309 3054 653 3126 philosophia
691 3075 884 3117 nomen
918 3068 1060 3136 apud
1093 3067 1313 3127 Gra'cos
1361 3077 1529 3145 cepit,
1558 3079 1684 3132 bar-

1832 842 2132 912 quidquam
2158 844 2301 898 scitu
2328 850 2382 897 et
2413 841 2700 898 observata
2731 840 2955 912 dignum
2995 840 3051 895 in
3079 838 3306 896 deorum
3331 853 3414 894 ar-

1831 935 1982 990 canis
2007 943 2062 990 et
2085 934 2374 991 sacrificiis
2402 932 2580 1001 ipsum
2613 932 2846 1004 fugerat.

1897 1048 1989 1102 9.8.
2024 1048 2225 1102 Eadem
2253 1047 2367 1103 fere
2393 1049 2458 1103 de
2485 1046 2712 1102 Platone
2736 1048 2997 1112 dixerim,
3017 1047 3108 1117 qui
3134 1064 3252 1102 cum
3274 1057 3407 1102 esset

1826 1141 2190 1204 Atheniensis,
2226 1149 2285 1195 ut
2312 1141 2506 1195 scribit
2535 1140 2877 1208 Augustinus
2906 1139 2973 1205 ”,
3006 1141 3228 1193 honesto
3261 1140 3406 1209 apud

1823 1251 1949 1288 suos
1978 1234 2090 1288 loco
2116 1244 2299 1302 natus,
2335 1244 2384 1289 et
2413 1235 2626 1303 ingenio
2655 1231 2893 1286 mirabili
2932 1232 3086 1301 longe
3115 1248 3242 1286 suos
3273 1247 3405 1285 con-

1822 1327 2109 1396 discipulos
2135 1330 2387 1394 anteiret,
2421 1338 2615 1393 parum
2643 1336 2820 1380 tamen
2849 1337 3044 1394 putans
3066 1325 3405 1394 perﬁcienda

1819 1419 2159 1488 philosOphite
2200 1419 2429 1488 suﬂicere
2470 1419 2738 1488 seipsum,
2772 1435 2834 1472 ac
2883 1417 3213 1474 Socraticam
3245 1420 3405 1471 disci-

1815 1510 2038 1577 plinam,
2061 1527 2219 1580 quam
2248 1510 2401 1578 longe
2428 1510 2637 1580 lateque
2673 1512 2849 1579 potuit
2897 1511 3261 1581 peregrinatus
3300 1520 3400 1576 est,

1813 1618 2227 1671 quaquaversum
2276 1619 2391 1656 eum
2417 1603 2648 1671 alicujus
2677 1603 2951 1657 nobilitate
2990 1604 3224 1658 scientia:
3250 1603 3402 1671 fama

1814 1694 2068 1763 rapiebat.
2088 1694 2280 1764 Itaque
2303 1705 2348 1749 et
2369 1694 2679 1765 inuEgypto
2708 1711 3031 1766 quacunque
3059 1694 3170 1749 illic
3205 1711 3400 1766 magna

1813 1786 2136 1840 habebantur
2183 1796 2340 1853 atque
2381 1788 2732 1852 docebantur,
2757 1800 2805 1842 et
2841 1789 2964 1842 inde
2999 1787 3054 1840 in
3094 1804 3183 1842 eas
3212 1787 3396 1842 Italite

1808 1889 1981 1948 partes
2004 1881 2235 1947 veniens,
2255 1880 2343 1934 ubi
2366 1878 2831 1950 Pythagoreorum
2847 1880 2992 1950 fama
3009 1881 3394 1947 celebrabatur,

1807 1973 2062 2042 quidquid
2108 1973 2318 2027 Italiae
2351 1973 2696 2041 philosophiae
2740 1983 2864 2027 tunc
2908 1974 3162 2043 ﬂorebat,
3190 1975 3394 2029 auditis

1806 2066 2240 2120 eminentioribus
2288 2067 2343 2119 in
2390 2081 2452 2119 ea
2499 2064 2824 2130 doctoribus,
2855 2065 3110 2134 facillime
3153 2082 3393 2134 compre-

1805 2158 2003 2211 hendit.
2029 2156 2108 2211 Ita
2131 2157 2601 2227 Augustinus,qui
2632 2173 2818 2214 secum
2853 2158 3268 2214 consentientes
3295 2158 3395 2214 ha-

1806 2248 1900 2302 bet
1947 2246 2238 2317 Diogenem
2287 2241 2602 2313 Laertium,
2651 2247 2963 2315 Apuleium,
3007 2248 3255 2318 aliosque
3293 2251 3390 2318 qui

1807 2337 2050 2393 Platonis
2073 2348 2194 2392 aeta
2219 2338 2437 2406 scriptis
2463 2339 2827 2394 tradiderunt.
2845 2340 2943 2394 Hic
2970 2339 3159 2410 itaque
3189 2341 3391 2396 auditis

1806 2431 2058 2493 Socrate,
2108 2437 2221 2483 tum
2270 2428 2498 2496 Cratle
2544 2427 2805 2485 Heracliti
2849 2430 3139 2500 discipulo,
3185 2432 3387 2487 deinde

1807 2519 2147 2590 Hermogene
2178 2520 2525 2575 Parmenidis
2561 2531 2831 2576 sectatore
2853 2563 2870 2590 ,
2909 2524 3128 2578 demum
3163 2523 3388 2581 Euclide

1806 2609 2021 2663 seniore
2051 2623 2079 2662 a
2111 2624 2217 2677 quo
2242 2609 2517 2679 Megarica
2545 2619 2697 2666 secta
2727 2612 2946 2667 initium
2974 2615 3229 2683 sumpsit,
3258 2616 3386 2672 inde

1803 2698 2070 2770 Cyrenem
2115 2699 2393 2768 profectus
2423 2714 2454 2752 a
2485 2699 2770 2757 Theodoro
2802 2706 3186 2760 mathematico
3219 2706 3385 2760 insti-

1806 2800 1954 2845 tutus
1995 2799 2099 2845 est.
2127 2789 2234 2846 Sed
2277 2790 2652 2864 Pythagorica:
2699 2794 3084 2865 philosophiae,
3118 2812 3238 2867 quae
3265 2807 3382 2855 tum

1803 2892 2034 2938 caeteras
2061 2894 2239 2939 sectas
2261 2884 2402 2938 fama
2433 2883 2750 2954 superabat,
2776 2885 2844 2940 ob
2880 2887 3254 2944 sublimiorem
3289 2905 3384 2949 res

1803 2975 2018 3028 divinas
2051 2977 2321 3031 tractandi
2356 2977 2672 3032 methodum
2709 2992 2897 3035 amore
2922 2992 3135 3051 captus,
3165 2985 3232 3037 ad
3257 2999 3382 3040 eam

1805 3068 1970 3122 italiae
1996 3069 2295 3139 regionem,
2320 3085 2442 3140 qua:
2481 3069 2672 3142 Magna
2705 3071 2913 3129 Graecia
2946 3077 3250 3144 dicebatur,
3284 3095 3382 3151 ap-

121 3145 262 3200 baris
294 3147 508 3213 debeat,
533 3153 785 3208 omnibus
812 3167 1021 3214 notum.
1058 3161 1423 3236 Pherecydem
1457 3169 1678 3240 Syrum,

1794 3160 2014 3228 pellens,
2043 3165 2300 3232 Archytae
2343 3163 2596 3227 senioris,
2629 3165 2835 3234 Eurici,
2864 3168 3077 3234 Timaei,
3113 3171 3372 3241 Philolai,

120 3234 470 3308 Pythagoram
505 3253 559 3297 et
591 3242 892 3311 Thaletem,
921 3252 1012 3319 qui
1038 3255 1198 3322 primi
1227 3234 1296 3311 de
1331 3234 1684 3319 rebus'cmle;

117 3332 286 3386 stibus
309 3345 362 3386 et
384 3335 581 3391 divinis
607 3340 1004 3413 disseruerunt,
1037 3350 1248 3419 seipsos
1277 3352 1682 3426 Chaldaeorum,

116 3420 599 3514 {Egyptiorumque
625 3431 917 3503 discipulos
945 3437 996 3490 in
1033 3439 1137 3494 hoc
1168 3445 1477 3514 agnovisse,
1514 3420 1682 3506 tradit

113 3509 370 3582 Josephus
394 3521 443 3572 in
475 3523 653 3590 primo
674 3537 842 3580 contr.
865 3529 1089 3598 Appian.
1109 3509 1393 3592 Consentit
1421 3509 1684 3601 Isocrates

116 3602 164 3703 in
197 3605 441 3662 Busiride
467 3612 738 3681 scribens,
760 3615 1127 3689 Pythagdram
1156 3625 1208 3679 in
1234 3625 1529 3700 Egyptum
1558 3649 1682 3703 pro-

114 3690 336 3762 fectum,
380 3702 448 3756 ab
480 3702 752 3774 Egyptiis
784 3711 1158 3783 philosotihise,
1191 3690 1585 3778 sacriiiciorum
1619 3741 1683 3780 ac

112 3789 281 3843 cultus
309 3794 533 3848 deormu
567 3798 907 3868 disciplinam
939 3810 1235 3875 accepisse,
1261 3827 1422 3881 quam
1458 3817 1578 3870 dein
1615 3821 1681 3873 ad

111 3879 322 3938 Graecos
351 3889 616 3944 traduxit.
654 3893 977 3967 Πυθαγόρας
1019 3901 1046 3950 ὁ
1093 3879 1428 3975 ἀφικόμενος
1467 3912 1546 3972 εἰς
1585 3912 1680 3962 Αἴ-

112 3989 326 4041 γυπτον,
343 3983 438 4032 καὶ
468 3982 714 4055 μαθητὴς
738 3987 960 4043 ἐκείνων
982 3994 1290 4064 γενόμενος,
1309 4001 1408 4072 τήν
1428 4019 1487 4054 τε
1514 4004 1680 4078 ἄλλην

112 4065 414 4137 φιλοσοφίαν
466 4073 680 4142 πρῶτος
723 4080 800 4141 εἰς
837 4082 960 4144 τοὺς
991 4085 1254 4157 Ἕλληνας
1284 4065 1505 4162 ἐκαμισε
1534 4136 1547 4159 ,
1590 4065 1680 4152 καὶ

110 4160 228 4230 περὶ
254 4162 349 4224 τὰς
383 4163 574 4228 θυσίας
597 4184 656 4219 τε
689 4172 782 4222 καὶ
811 4171 909 4236 τὰς
930 4175 1227 4244 ἁγιστείας›
1260 4182 1356 4246 τὰς
1387 4160 1447 4237 ἐν
1472 4191 1584 4252 τοῖς
1608 4192 1681 4243 is“

111 4254 232 4319 9093;,
263 4256 684 4331 ἐπιφανέστερον
711 4262 817 4315 τῶν
852 4265 1024 4320 ἄλλων
1064 4269 1378 4329 ἐσπούδασε.
1419 4278 1493 4332 lbi
1533 4282 1678 4336 Son-

109 4344 252 4398 chedi
286 4351 706 4419 archipropheta
766 4369 1105 4427 prarceptore
1157 4380 1323 4430 usus,
1366 4378 1502 4426 teste
1552 4373 1676 4430 Cle-

110 4451 276 4492 mente
297 4441 617 4503 Alexandr..
648 4447 739 4502 lib.
770 4464 786 4500 ι
818 4447 1041 4517 Strom.,
1061 4459 1415 4525 symbolicam
1441 4464 1670 4522 docendi

109 4532 354 4587 rationem
389 4537 601 4604 didicit,
629 4551 689 4592 ut
711 4552 900 4598 auctor
928 4554 1010 4600 est
1031 4545 1370 4607 Jamblichus
1410 4556 1542 4612 lib.t
1595 4560 1670 4614 De

113 4619 227 4676 Vita
253 4628 388 4697 ejus,
432 4645 552 4698 cap.
581 4631 633 4685 5.
669 4633 778 4686 lmo
804 4645 856 4689 et
909 4641 1376 4713 μετεμψυχώσεως
1427 4665 1666 4708 errorem

107 4715 222 4771 inde
254 4719 497 4776 hausisse
520 4764 534 4789 ,
569 4727 712 4779 haud
751 4727 984 4785 obscure
1022 4733 1313 4802 colligitur.
1355 4738 1662 4798 Herodotus

107 4809 238 4861 enim
288 4812 339 4866 in
387 4811 617 4882 Euterpe
652 4819 805 4886 dicit,
839 4836 961 4875 eam
1007 4826 1074 4879 ab
1106 4827 1377 4898 Egyptiis
1425 4835 1661 4902 primum

107 4905 476 4973 excogitatam,
497 4925 524 4960 a
545 4908 749 4965 Graecis
771 4923 955 4981 postea
981 4929 1290 4986 susceptam
1313 4921 1497 4978 fuisse.
1525 4923 1657 4980 Cum

105 5005 224 5046 vero
251 4999 386 5065 apud
416 4998 702 5068 Egyptios
741 5005 931 5070 viginti
966 5016 1021 5060 et
1057 5008 1190 5064 duos
1219 5027 1407 5074 annos,
1443 5016 1486 5068 si
1515 5016 1664 5074 Jam-

1789 3252 2472 3327 Epicbarmi,aliorumque
2487 3256 2968 3329 Pythagoricorutn
2990 3261 3203 3337 [XXlll]
3221 3266 3378 3322 disci-

1787 3346 1946 3415 plina:
1970 3350 2205 3416 seipsum
2230 3349 2470 3404 tradidit.
2496 3349 2597 3405 Cui
2617 3353 2836 3420 quidem
2868 3355 3226 3426 philosophiae
3245 3375 3372 3415 cum

1788 3443 2048 3498 diutinam
2087 3444 2513 3514 diligentemque
2560 3462 2782 3515 operam
2836 3465 3124 3520 navasset,
3164 3453 3373 3524 Pytha-

1787 3551 1972 3605 goram
1997 3537 2314 3605 magistrum
2344 3539 2582 3594 imitatus
2605 3540 2673 3604 ⁸ο,
2708 3541 2929 3612 Αῗῃῃριὶ
2951 3561 3155 3614 quoque
3189 3563 3368 3601 sacer-

1787 3627 1931 3680 dotes
1957 3627 2280 3696 adiit,alque
2295 3645 2473 3683 eorum
2502 3647 2699 3684 arcana
2734 3636 3370 3701 perdidicit.Coinittuuis

1784 3721 2073 3785 cstetiam,
2119 3737 2218 3775 nec
2259 3723 2632 3790 improbabilis
2689 3736 2932 3779 veterum
2987 3726 3207 3781 Patrum
3237 3745 3369 3784 seu-

1787 3814 1972 3875 tentia,
1997 3811 2216 3868 Judazos
2241 3827 2267 3864 a
2293 3810 2519 3867 Platone
2540 3831 2643 3869 non
2667 3818 2963 3887 neglectos,
2982 3821 3096 3875 sive
3120 3821 3363 3877 ledaeam

1785 3904 1899 3973 ipse
1925 3905 2142 3972 adierit,
2175 3906 2290 3959 sive
2316 3905 2532 3961 Iudaeos
2557 3916 2669 3960 tum
2704 3911 2754 3962 iu
2783 3910 3018 3982 Egypto
3045 3913 3361 3982 frequentes

1783 3999 2154 4065 consuluerit,
2211 4010 2267 4055 et
2323 3999 2390 4054 ah
2440 4000 2505 4055 iis
2541 4002 2688 4057 haud
2743 4005 3113 4071 paenitentiam
3161 4007 3362 4064 divina:

1782 4091 2024 4144 scientiae
2077 4092 2289 4160 copiam
2341 4095 2652 4164 accepisse,
2687 4109 2790 4164 qua
2838 4095 3009 4151 libros
3057 4112 3184 4153 suos
3233 4100 3359 4154 dein

1781 4184 2082 4237 exornarit.
2141 4183 2231 4237 Sic
2279 4187 2586 4255 omnigenis
2634 4188 3084 4258 philosophorum
3133 4193 3350 4248 exuviis

1781 4273 1984 4328 alfatim
2017 4275 2410 4345 locupletatus,
2441 4280 2659 4331 domum
2697 4294 2949 4335 reversus
2979 4284 3186 4339 veteris
3215 4284 3357 4340 Aca-

1779 4368 1971 4424 demiae
2020 4367 2374 4426 fundamenta
2405 4374 2571 4440 jecit,
2604 4388 2905 4444 novamque
2936 4387 3140 4431 sectam
3169 4380 3356 4434 condi-

1778 4462 1876 4527 dit,
1922 4472 2033 4516 toto
2060 4465 2191 4518 orbe
2217 4465 2487 4520 celebrem
2526 4469 2783 4536 deinceps
2815 4469 3080 4531 futuram.
3110 4472 3355 4544 aliasque

1776 4567 1962 4608 omnes
2008 4571 2145 4624 pene
2178 4557 2613 4611 obscuraturam.
2649 4557 2746 4612 lin:
2786 4574 2950 4627 porro
3002 4575 3154 4614 novae
3197 4561 3354 4616 istius

1776 4659 1937 4702 secta:
1968 4650 2273 4714 character,
2300 4662 2353 4704 ut
2390 4652 2696 4706 commistis
2725 4653 3055 4716 invicem,ut
3086 4657 3160 4710 ait
3183 4656 3352 4712 Laer-

1775 4742 1897 4804 tius,
1931 4741 2352 4796 lleracliteorum
2379 4785 2392 4806 ,
2442 4743 2923 4813 Pythagoricorum
2955 4755 3012 4799 et
3041 4748 3348 4815 Stoicorum

1770 4833 2134 4901 opinionibus,
2180 4849 2375 4888 novum
2422 4838 2679 4890 doctrina:
2726 4852 2926 4907 corpus
2975 4853 3042 4893 ex
3095 4843 3346 4897 omnibus

1770 4925 2002 4979 solerter
2048 4926 2336 4979 conﬂatum
2387 4930 2643 4982 traderet.
2686 4928 2762 4982 Τὰ
2807 4931 2903 5000 μὲν
2953 4931 3062 5002 γὰρ
3087 4934 3341 5004 αἰσθητὰ,

1767 5017 1886 5069 καθ’
1905 5018 2251 5089 Ἡράκλειτον
2273 5037 2286 5050 ⁸
2324 5020 2391 5072 τὰ
2417 5022 2472 5073 δὲ
2502 5021 2686 5090 νοητὰ,
2714 5024 2854 5075 κατὰ
2881 5024 3204 5096 Πυθαγόραν
3227 5043 3239 5054 ·
3273 5030 3342 5081 τὰ

105 5082 268 5138 biicho
314 5090 483 5143 citato
531 5093 682 5158 tides,
712 5098 932 5163 egisset,
966 5101 1139 5155 sacris
1186 5117 1369 5157 eorum
1411 5108 1662 5163 omnibus

1794 5111 1816 5160 ὲ
1855 5109 2104 5162 πολιτικὰ
2140 5111 2281 5163 κατὰ
2320 5112 2612 5182 Σωκράτην
2645 5112 2968 5181 ἐφιλοσόφει.
3001 5117 3167 5181 Atque
3196 5119 3246 5168 in
3276 5120 3340 5170 iis

105 5176 348 5246 initiatus,
382 5183 505 5237 inde
541 5185 865 5255 Babylonem
894 5205 920 5241 a
953 5191 1236 5262 Cambysis
1275 5197 1537 5256 militibus
1567 5205 1660 5256 ab-

104 5271 302 5336 ductus,
325 5290 446 5328 cum
479 5276 856 5335 Chaldaeorum
890 5283 1291 5355 Persarumque
1321 5294 1491 5361 magis
1519 5311 1652 5348 cou-

103 5374 328 5418 versatus
356 5379 457 5434 est,
495 5373 546 5423 in
587 5373 944 5443 ipsorumque
993 5381 1266 5447 mysteriis
1300 5382 1438 5435 haud
1468 5388 1650 5453 segni-

104 5460 177 5503 ter
210 5458 438 5512 eruditus
494 5459 611 5517 fuit.
656 5461 773 5518 Jam
810 5476 965 5521 antea
988 5509 1000 5530 ,
1041 5471 1218 5537 inquit
1252 5474 1391 5528 idem
1423 5474 1648 5530 Jambli-

99 5545 220 5597 chus
260 5562 371 5617 cap.
402 5551 435 5604 '5
457 5591 471 5614 ,
502 5550 754 5608 Sidonem
783 5598 794 5622 ,
831 5556 1053 5627 Tyrum,
1100 5561 1322 5630 Byblum
1399 5566 1645 5635 aliasque

1761 5205 1969 5269 quidem
2001 5221 2119 5272 quae
2149 5207 2388 5258 sensibus
2412 5207 2701 5272 subjaccnt,
2733 5206 2996 5260 Heracliti
3023 5222 3198 5276 partes
3226 5223 3340 5263 tue-

1762 5296 1945 5358 batur;
1967 5312 2024 5348 eu
2047 5311 2163 5363 qua:
2184 5307 2351 5349 mente
2376 5297 2905 5362 comprehenduntur,
2929 5315 2991 5350 ea:
3021 5298 3336 5368 Pythagora;

1755 5387 2015 5437 sententia
2060 5390 2330 5448 tractavit,
2373 5390 2425 5438 in
2469 5387 2621 5440 rebus
2654 5396 2830 5442 autem
2866 5390 3134 5455 civilibus,
3161 5392 3334 5458 philo-

1753 5478 2069 5542 sophabatur
2107 5494 2168 5529 ex
2212 5489 2375 5531 mente
2433 5479 2690 5531 Socratis.
2741 5478 2877 5534 Huic
2930 5497 3060 5535 vero
3088 5483 3332 5551 philoso-

1751 5569 1888 5633 phia:
1939 5582 2046 5636 prae
2087 5568 2296 5621 caneris
2342 5569 2570 5633 pretium
2626 5570 2874 5632 addidit,
2923 5573 3059 5639 ἰιιυιι
3110 5575 3175 5628 de
3218 5575 3328 5630 Deo

159 5765 198 5798 "
241 5771 423 5832 Genes.
467 5782 672 5847 311,10.
750 5784 791 5815 ³⁸
820 5785 1002 5855 Antiq.
1037 5803 1076 5852 li,
1111 5787 1160 5842 8.
1239 5792 1282 5822 ‘9
1317 5791 1435 5846 Lib.
1477 5808 1566 5847 vm
1608 5793 1678 5848 De
1735 5793 1912 5860 civit.,
1946 5811 2055 5864 cap.
2099 5794 2128 5848 4
2219 5799 2269 5852 *ο
2302 5796 2554 5862 Quiulil.,
2592 5797 2681 5853 lib.
2719 5814 2755 5864 l,
2795 5814 2911 5863 ceP-
2954 5800 3032 5854 l9-
