4180 6332
808 366 877 426 Π
1589 358 2179 422 DISSERTATIONES
2216 357 2396 420 PRE‘

2499 356 2519 418 Ξ
2559 361 2625 417 ΙΝ
2664 357 2920 418 ιΒΕΝιΕΙ
2960 360 3228 419 LIBROS.
3982 362 4052 419 48

814 512 1034 584 ejusque
1074 510 1534 579 proprietatibus,
1572 524 1637 565 ac
1685 509 1753 565 iis
1800 510 1997 579 quibus
2044 506 2374 563 informandi
2406 488 2451 547 Α
2674 484 2892 584 mimus
2941 486 3033 557 ιιυῑ
3090 485 3146 540 in
3187 479 3801 584 “fxandfiMfChOla
3852 483 4055 541 {annm

814 610 997 659 essent
1047 602 1324 657 hominum
1373 594 1572 665 mores,
1617 600 1738 655 aliis
1779 599 2064 657 sublimius
2099 598 2375 655 disseruit.

813 681 1044 760 Agnovit
1064 692 1210 747 enim
1235 691 1386 747 Plato
1410 707 1574 747 unum
1600 703 1725 747 esse
1748 689 1941 756 Deum,
1966 705 2236 745 summum
2261 690 2380 760 opi-

814 786 971 840 licem
1009 784 1244 839 universi
1278 782 1345 848 δ’,
1369 791 1420 838 et
1448 799 1620 837 rerum
1653 790 1918 835 auctorem
1951 788 2001 835 et
2030 780 2269 836 veritatis
2312 781 2379 835 il-

813 877 1169 941 lustratorem,
1188 887 1239 929 et
1261 875 1603 930 beatitudinis
1629 873 1929 944 largitorem
1950 891 1969 940 ;
2000 889 2063 928 ac
2085 873 2314 944 proinde
2334 873 2380 907 δ’

813 970 970 1039 ﬁnem
1008 969 1128 1023 boni
1158 984 1290 1031 esse,
1315 967 1598 1022 semiudum
1639 967 1882 1021 virtutem
1911 966 2100 1030 vivere,
2125 975 2173 1020 et
2201 965 2249 1019 ei
2279 964 2381 1019 soli

813 1064 1017 1120 evenire
1040 1079 1191 1132 posse
1216 1062 1306 1134 qui
1336 1063 1578 1115 notitiam
1612 1059 1703 1113 Dei
1728 1058 1913 1113 habent
1937 1068 1983 1114 et
2012 1058 2379 1127 imitationem,

814 1173 910 1211 nec
935 1172 1048 1209 esse
1076 1154 1239 1209 aliam
1263 1154 1324 1205 ob
1356 1169 1568 1206 causam
1601 1152 1831 1206 beatum.
1860 1152 1989 1207 Herc
2014 1152 2196 1223 itaque
2217 1169 2379 1207 causa

820 1247 925 1318 fuit
940 1265 1034 1302 cur
1072 1248 1198 1302 istos
1230 1245 1432 1299 cwteris
1462 1244 1798 1314 praetulerint
1823 1244 1993 1299 Judtei
2028 1253 2191 1316 atque
2224 1245 2384 1300 Chri-

813 1338 1063 1405 stiani";
1096 1338 1219 1408 quia
1254 1352 1368 1390 cum
1401 1335 1493 1389 alii
1534 1335 1834 1404 philosophi
1876 1336 2085 1407 ingenia
2128 1354 2226 1392 sua
2265 1348 2381 1392 stu-

814 1431 1007 1500 diaque
1048 1428 1384 1483 contriuerint
1427 1428 1478 1480 in
1525 1426 1847 1498 requirendis
1888 1444 2063 1482 rerum
2103 1429 2297 1496 causis,
2331 1438 2382 1482 et

820 1523 1042 1594 quinam
1064 1523 1251 1575 modus
1284 1527 1415 1573 esset
1444 1519 1680 1573 discendi
1710 1528 1865 1589 atque
1889 1521 2127 1585 vivendi;
2164 1520 2253 1576 isti
2275 1520 2384 1576 Deo

813 1616 1023 1685 cognito
1052 1620 1355 1681 repererunt
1382 1611 1470 1664 ubi
1488 1622 1619 1664 esset
1637 1627 1796 1665 causa
1814 1613 2107 1667 constitutae
2129 1613 2384 1666 universi-

815 1706 945 1759 tatis
992 1714 1037 1758 et
1088 1702 1183 1757 tua:
1228 1702 1576 1772 percipienda:
1617 1703 1870 1770 veritatis,
1902 1713 1949 1758 et
1980 1702 2099 1772 fons
2152 1703 2386 1758 bibenda:

817 1794 1111 1864 felicitatis.
1154 1794 1210 1846 lu
1260 1796 1583 1847 boc'tamen
1631 1793 1841 1847 carteris
1884 1795 2106 1864 gravius
2139 1795 2385 1865 peccavit

816 1888 1002 1954 Plato,
1051 1887 1193 1957 quod
1243 1885 1372 1939 licet
1402 1899 1567 1939 unum
1607 1900 1798 1939 verum
1830 1885 2000 1941 Deum
2043 1897 2386 1957 agnosceret,

818 1983 921 2036 diis
957 1990 1136 2033 tamen
1166 1975 1416 2047 plurimis
1460 1992 1575 2031 esse
1604 1993 1758 2031 sacra
1806 1976 2051 2044 facienda
2088 1989 2291 2048 putaret
2323 1978 2387 2033 “.

815 2072 950 2127 Nam
990 2082 1192 2140 praeter
1220 2085 1341 2125 eum
1372 2069 1557 2123 statuit
1592 2068 1723 2124 deos
1752 2070 1888 2124 alios
1924 2070 2227 2135 inferiores,
2260 2085 2393 2141 quos

815 2176 869 2220 et
900 2166 1069 2221 sacris
1095 2164 1198 2219 coli
1218 2162 1399 2232 jussit.
1440 2162 1644 2231 Sicque
1672 2162 1839 2216 variis
1864 2164 2105 2232 gentium
2135 2164 2396 2232 supersti-

820 2258 1078 2322 tionibus,
1105 2255 1421 2320 sacriﬁciis,
1446 2253 1730 2309 sceleratis
1754 2253 2050 2324 mysteriis,
2079 2254 2397 2325 artibusque

816 2348 1064 2417 magicis,
1099 2349 1496 2402 Platonicorum
1526 2362 1632 2401 non
1670 2345 1851 2399 minus
1880 2360 2043 2415 quam
2074 2356 2394 2400 cmterorum

819 2440 1089 2495 defmdata
1121 2439 1323 2494 mansit
1351 2436 1714 2506 philosophia.

888 2531 981 2586 29.
1032 2532 1107 2587 Ex
1141 2530 1312 2584 veteri
1368 2530 1604 2584 Platonis
1637 2526 1930 2582 Academia
1970 2527 2221 2600 prodiere
2258 2541 2393 2582 nova

818 2631 874 2679 et
899 2622 1097 2688 media,
1127 2622 1324 2691 quibus
1352 2621 1555 2675 addunt
1586 2617 1829 2672 nonnulli
1861 2627 2107 2686 quartam
2152 2628 2205 2672 et
2237 2618 2399 2687 quin-

820 2726 953 2784 tam,
1013 2731 1245 2786 quarum
1292 2714 1534 2768 omnium
1609 2712 1928 2766 discrimina
1975 2712 2228 2765 omnibus
2272 2721 2398 2764 nota

818 2810 953 2864 nihil
1014 2810 1077 2863 ad
1120 2823 1346 2877 scopum
1385 2815 1628 2861 nostrum
1664 2804 1969 2860 conferunt.
2022 2802 2128 2857 Sed
2184 2804 2397 2856 demum

818 2912 943 2972 post
973 2902 1153 2957 varias
1182 2916 1320 2969 quas
1352 2909 1573 2971 experta
1615 2907 1698 2953 est
1735 2896 2031 2953 Academia
2066 2895 2399 2951 vicissitudi-

819 3010 943 3059 nes,
999 2995 1091 3064 qui
1142 2992 1387 3049 Platonis
1441 2991 1784 3067 dogmatibus
1851 2989 2099 3045 strictius
2152 2989 2401 3043 adhaare-

820 3085 970 3151 bant,
1011 3096 1196 3156 spreto
1218 3084 1669 3141 Academicorum
1701 3082 1942 3146 nomine,
1969 3080 2111 3153 quod
2144 3079 2400 3135 Arcesila:

2482 577 2785 631 obtinuisse
2825 586 3185 644 memoratur,
3234 575 3525 644 Potatnon,
3566 574 3804 633 Caesaris
3830 579 4058 646 Augusti

2482 676 2539 723 et
2575 666 2776 721 Tiberii
2812 666 3165 736 temporibus,
3200 664 3364 721 Suida
3393 675 3551 733 teste,
3580 665 3814 721 ﬂorebat
3843 684 3857 722 :
3883 664 4059 722 Ποτά-

2483 776 2601 830 μων
2649 757 3025 830 Ἀλεξανδρεὺς
3069 757 3354 829 φιλόσοφος
3394 756 3634 827 γεγονὼς
3680 760 3798 813 κατ’
3857 756 4063 828 Αὔγου-

2483 870 2627 917 στον,
2658 852 2751 907 καὶ
2782 853 2898 923 μετ’
2927 851 3106 905 αὐτόν.
3136 850 3258 916 Hic,
3279 851 3322 904 si
3356 852 3533 905 eidem
3568 850 3748 905 Suidm
3782 850 3942 914 iides,
3974 864 4061 905 re-

2482 942 2640 1012 liquit
2668 945 2746 1006 εἰς
2773 941 2869 1007 τὰς
2916 942 3202 1004 Πλάτωνος
3228 939 3500 1004 πολιτείας
3542 939 3859 1011 ὑπόμνημα,
3906 936 4065 993 Cont-

2482 1039 2764 1092 mentarios
2788 1038 2841 1089 in
2875 1035 3034 1088 libros
3081 1033 3324 1088 Platonis
3355 1034 3419 1087 de
3466 1032 3765 1101 Republica.
3829 1030 3887 1087 Si
3935 1030 4065 1103 quid

2484 1133 2629 1187 aliud
2690 1131 3012 1202 scripserit,
3072 1137 3282 1199 tempus
3338 1128 3477 1182 edax
3540 1141 3718 1181 rerum
3750 1125 3831 1180 vel
3893 1126 4064 1194 ipsam

2484 1223 2799 1279 memoriam
2864 1219 3175 1291 posteritati
3257 1218 3467 1273 invidit.
3554 1216 3813 1285 Quamvis
3883 1224 4064 1271 autem

2486 1315 2752 1369 Potamon
2829 1313 3174 1384 potissimum
3223 1312 3325 1366 sibi
3394 1310 3584 1366 ducem
3648 1308 3902 1378 elegisset
3946 1305 4067 1362 Pla-

2484 1417 2695 1473 tonem,
2749 1408 2908 1477 cujus
2963 1404 3187 1474 vestigia
3242 1413 3533 1474 premeret,
3591 1417 3698 1456 non
3740 1410 3947 1455 temere
3996 1408 4067 1452 ta-

2486 1516 2607 1554 men
2674 1500 2727 1553 in
2782 1496 3027 1566 magistri
3072 1496 3246 1551 verba
3306 1494 3558 1565 quaelibet
3610 1491 3905 1562 iurandum
3964 1489 4065 1546 sibi

2484 1592 2658 1646 duxit.
2690 1588 2806 1644 lmo
2851 1598 3014 1644 cauto
3052 1590 3189 1658 pede
3247 1586 3325 1642 sic
3379 1595 3596 1641 secutus
3644 1594 3751 1647 est,
3805 1592 3861 1638 ut
3898 1582 4068 1638 libere

2486 1683 2554 1736 ab
2597 1682 2744 1736 illius
2800 1679 3094 1743 sententia,
3138 1678 3460 1733 melioribus
3512 1676 3837 1746 perspectis,
3888 1674 4065 1729 disce-

2488 1779 2658 1834 deret.
2696 1771 2901 1830 Novum
2928 1772 3174 1843 proinde,
3227 1769 3555 1836 liberiusque
3590 1782 3753 1836 quant
3804 1765 4066 1820 hactenus

2494 1869 2690 1934 fuerat,
2752 1865 2805 1918 in
2875 1863 3118 1919 scholam
3173 1859 3594 1915 Alexandrinam
3644 1852 4065 1926 philosOphaudl

2494 1975 2664 2032 genus
2696 1955 2997 2013 introduxit
3030 1973 3041 2006 :
3080 1968 3186 2021 quo
3212 1950 3558 2021 perpurgatis
3593 1947 3831 2003 Platonis
3853 1946 4065 2016 opinio-

2497 2056 2675 2115 nibus,
2707 2052 2971 2120 ablegatis
3001 2046 3475 2117 improbabilibus,
3506 2042 3843 2111 resectisque
3884 2039 4064 2108 nugis,

2497 2148 2691 2216 quibus
2727 2141 3057 2203 luxuriantia
3102 2137 3493 2207 discipulorum
3545 2133 3761 2204 ingenia
3816 2129 4067 2201 magistri

2497 2236 2800 2294 doctrinam
2829 2232 3170 2295 obliverunt;
3198 2241 3539 2299 quaecunque
3577 2225 3793 2280 veriora
3825 2233 3921 2276 aut
3942 2237 4072 2277 vero

2499 2327 2764 2383 similiora
2806 2324 3164 2383 videbantur,
3213 2320 3363 2374 nullo
3420 2326 3700 2371 auctorum
3750 2314 4073 2370 discrimine

2498 2420 2706 2483 habito,
2752 2417 2949 2473 ascivit
2990 2414 3399 2482 substituitque.
3455 2408 3819 2473 Ἐκλεκτικὺν,
3856 2405 4073 2461 Latinis

2498 2511 2795 2574 electivum,
2828 2511 3031 2561 dictum
3070 2513 3152 2558 est
3190 2505 3293 2557 hoc
3314 2499 3727 2572 philosophandi
3756 2512 3961 2568 genus;
3988 2509 4072 2551 se-

2499 2612 2741 2657 ctatores
2768 2612 2895 2652 vero
2920 2595 3248 2660 ἐκλεκτικοὶ,
3298 2593 3502 2648 electivi
3547 2606 3643 2645 seu
3694 2588 3982 2653 electores;
4020 2594 4076 2641 ut

2499 2696 2761 2766 optimum
2794 2702 2848 2749 et
2870 2690 3324 2754 laudatissimum,
3354 2687 3433 2741 sic
3462 2686 3705 2740 omnium
3750 2693 3901 2739 certe
3932 2680 4074 2737 diﬂi-

2500 2790 2781 2853 cillimum,
2813 2802 2919 2856 quo
2944 2785 3257 2854 dogmalum
3285 2782 3529 2835 omnium
3568 2775 4076 2849 philosophicorum

2501 2884 2713 2938 delectu
2750 2881 2918 2943 i‘aclo,
2949 2877 3001 2931 id
3038 2876 3306 2930 duntaxat
3332 2874 3686 2944 probabatur,
3720 2868 3862 2937 quod
3886 2866 3953 2922 ad
3988 2880 4079 2921 ra-

2501 2974 2666 3032 tionis
2712 2985 2960 3027 normam
3004 2978 3278 3030 exactum,
3331 2964 3529 3020 meiius
3560 2959 3882 3030 quadrabat.
3920 2955 4079 3011 Hanc

2504 3070 2679 3124 iniere
2711 3067 2853 3120 viam
2891 3070 3161 3133 quotquot
3195 3060 3453 3128 deinceps
3484 3072 3513 3109 e
3537 3053 3721 3109 schola
3747 3048 4078 3105 Alexandri-

822 3180 1188 3234 sectatoribus
1222 3178 1492 3244 relictum,
1524 3176 1658 3230 illud
1696 3175 2099 3230 Platonicorum
2137 3173 2239 3228 sibi
2278 3174 2396 3227 viu-~

2505 3177 2574 3218 na
2606 3174 2799 3215 nomen
2826 3156 2927 3213 sibi
2968 3159 3375 3223 compararunt,
3406 3158 3464 3202 ut
3506 3144 3848 3201 Ammonius.
3871 3140 4080 3197 Neroni

822 3274 1098 3339 dicarunt,
1127 3285 1438 3339 novumque
1462 3268 1808 3339 splendorem
1833 3266 1942 3334 jam
1978 3267 2030 3321 in
2066 3280 2232 3320 unum
2264 3279 2396 3320 coa—

821 3364 1069 3427 lescenti,
1107 3378 1227 3432 qua:
1256 3363 1407 3431 prius
1446 3360 1616 3414 scissa
1639 3366 1774 3422 erat,
1801 3356 2002 3411 schola:
2032 3355 2274 3411 Platonis
2298 3355 2396 3410 ad-

823 3458 1097 3513 diderunt.
1133 3454 1440 3509 Eilloruisse
1470 3451 1725 3504 videntur
1769 3449 1893 3503 novi
1940 3450 2013 3503 illi
2062 3448 2324 3503 Platonici
2369 3463 2400 3503 e

823 3553 1009 3608 schola
1043 3550 1430 3612 Alexandrina,
1460 3563 1621 3617 quam
1655 3546 1979 3601 Ptolemtrus
2012 3544 2401 3614 Philadelphus

823 3644 1270 3717 φιλογράμματος
1309 3641 1640 3696 instituerat.
1666 3638 1735 3695 Ut
1770 3640 1912 3693 enim
1946 3639 2247 3692 litterarum
2284 3647 2402 3691 stu-

825 3721 909 3792 dia
927 3745 1290 3805 promoveret,
1306 3734 1489 3789 schola
1500 3747 1658 3802 mque
1676 3747 1826 3786 suam
1844 3740 1956 3786 toto
1981 3731 2112 3786 orbe
2130 3729 2399 3784 celebrem

826 3830 1101 3892 redderet,
1149 3835 1314 3882 totam
1343 3825 1725 3895 Egyptiorum
1766 3821 2090 3892 sapientiam
2138 3822 2401 3875 hactenus

826 3917 1237 3989 hicropbantis,
1318 3916 1751 3987 z‘Egyptiacoque
1818 3913 2065 3969 idiomati
2139 3911 2403 3965 duntaxat

828 4012 1221 4074 concreditum,
1250 4024 1369 4063 cum
1398 4009 1570 4063 sacris
1599 4007 1910 4063 Judaaorum
1950 4004 2123 4067 libris,
2162 4010 2220 4055 ut
2246 4000 2403 4069 vulgo

829 4104 1100 4167 creditur,
1133 4104 1187 4156 in
1236 4099 1488 4156 Graecum
1525 4101 1656 4172 (quo
1685 4099 1932 4171 plurimis
1974 4098 2316 4152 innotescere
2340 4105 2403 4146 ac

826 4197 1090 4269 prodesse
1112 4194 1355 4265 possent)
1405 4193 1646 4249 converti
1675 4200 1995 4255 curaverat;
2027 4188 2404 4244 bibliothecam

828 4305 937 4344 non
966 4289 1270 4359 paenitenda
1292 4287 1555 4341 librorum
1573 4283 1910 4353 supellectile
1940 4283 2301 4347 instruxerat;
2333 4280 2407 4334 vi-

832 4398 922 4436 ros
954 4384 1119 4435 totius
1147 4380 1297 4435 orbis
1325 4380 1691 4442 doctissimos,
1740 4374 1978 4440 Judatos,
2009 4373 2245 4433 Grtecos,
2300 4372 2409 4425 [loc

835 4490 1053 4538 manos,
1080 4482 1213 4537 etc.,
1268 4473 1587 4537 advocarat,
1628 4469 1969 4540 amplissimae
2012 4466 2275 4552 mercedis
2313 4478 2405 4533 spe

834 4565 1078 4620 allectos.
1098 4563 1169 4617 Eo
1188 4561 1497 4617 conﬂuxere
1516 4562 1788 4614 variarum
1816 4560 2055 4630 gentium
2076 4558 2402 4627 philosophi,

836 4659 1100 4715 doctrinae
1134 4656 1431 4724 specimina
1486 4656 1685 4710 daturi.
1720 4654 1828 4708 Sed
1878 4652 2082 4724 primas
2116 4651 2272 4704 facile
2324 4659 2405 4705 te-

838 4764 1005 4803 nuere
1048 4748 1332 4814 Platonici,
1379 4746 1648 4817 Egyptiis
1700 4746 1935 4801 maxima
1975 4758 2097 4801 cum
2144 4742 2407 4809 dogmati-

838 4841 939 4895 bus
974 4855 1162 4893 eorum
1191 4839 1449 4892 aiﬁnitate
1500 4854 1608 4907 pra:
1640 4839 1853 4892 caneris
1888 4837 2282 4901 commendati;
2317 4843 2405 4888 ut-

842 4946 969 5005 pote
1000 4947 1119 5001 qua:
1146 4930 1298 4984 Plato
1328 4940 1438 4983 tum
1472 4945 1538 4983 ex
1564 4930 1939 4997 frequentibus
1962 4943 2099 4998 quos
2142 4929 2405 4981 habuerat

844 5042 966 5081 cum
1008 5022 1340 5094 myS'agogis
1386 5036 1574 5075 eorum
1609 5021 2007 5090 congressibus,
2042 5031 2152 5073 tum
2204 5035 2270 5073 ex
2319 5019 2407 5085 iis,

844 5135 980 5190 quos
1010 5115 1681 5184 audierat,Pythagoricis,
1704 5114 1891 5169 sedulo
1914 5114 2233 5167 edidicerat.
2256 5111 2309 5166 In
2328 5112 2411 5165 di-

844 5214 987 5266 vinis
1004 5211 1267 5278 siquidem
1294 5209 1695 5276 pertractandis
1721 5207 2136 5277 Pythagoricum
2184 5206 2406 5259 docendi

844 5304 1391 5363 rationem,eamdcm
1417 5312 1553 5367 pene
1573 5312 1693 5349 cum
1712 5293 2403 5366 {Egyptiacaﬁequebatun

845 5412 905 5452 ut
936 5412 1053 5450 mox
1084 5410 1146 5447 ex
1182 5392 1398 5446 Laertia
1429 5391 1684 5445 diximus.
1726 5387 1966 5456 Hincque
2003 5387 2204 5441 factum
2231 5394 2282 5438 ut
2314 5382 2411 5437 ΑΞ-

846 5489 1043 5561 gyptiis
1076 5497 1225 5540 tanto
1252 5486 1305 5539 in
1340 5486 1521 5554 pretio
1547 5485 1711 5537 fuerit
1741 5481 2017 5535 Platonica
2046 5478 2407 5548 philosophia,

846 5580 1057 5650 qualem
1108 5578 1377 5632 docebant
1405 5576 1527 5629 novi
1555 5575 1631 5628 illi
1674 5572 1961 5637 Platonici,
1988 5570 2222 5639 indeque
2256 5569 2409 5638 longe

848 5674 1066 5741 lateque
1116 5671 1257 5741 apud
1302 5669 1437 5724 alias
1480 5668 1728 5722 nationes
1770 5675 2068 5735 propagata
2100 5662 2288 5716 fuerit.

2501 3264 2557 3311 et
2586 3250 2919 3320 Vespasiano
2951 3247 3268 3318 σύγχρονος,
3306 3257 3412 3297 non
3447 3239 3535 3294 ille
3569 3236 3826 3307 Origenis
3852 3242 3909 3289 et
3945 3232 4079 3290 Plo-

2501 3347 2627 3413 tini,
2650 3346 2743 3401 sed
2778 3342 3055 3397 Plutarchi
3093 3348 3417 3411 prmceptor,
3449 3333 3603 3401 cujus
3635 3328 3878 3384 meminit
3903 3326 4065 3383 Euna

2500 3442 2623 3510 pius
2648 3440 2700 3494 iu
2733 3436 3022 3492 Prooemio'.
3053 3431 3158 3487 Sed
3196 3430 3428 3499 majores
3463 3427 3516 3481 in
3548 3440 3611 3479 ea
3643 3435 3967 3494 progressus
4002 3419 4083 3476 fe-

2502 3531 2597 3595 cit,
2649 3540 2959 3594 novumque
3018 3523 3184 3578 decus
3231 3526 3548 3577 restaurata
3594 3514 3837 3569 Platonis
3870 3511 4085 3567 Acade-

2503 3620 2649 3687 miae,
2672 3618 2922 3673 admistis
2954 3613 3181 3670 aliorum
3212 3610 3679 3681 philosophorum,
3699 3605 4085 3677 Pythagoram-

2505 3733 2621 3771 rum
2648 3717 2701 3768 in
2728 3712 2939 3781 primis,
2975 3708 3216 3779 placitis,
3267 3705 3471 3761 addidit
3500 3701 3730 3758 celebris
3748 3700 4086 3756 Ammonius

2502 3808 2602 3879 τῆς
2633 3807 2785 3878 ἱερᾶς
2817 3803 3028 3872 γενεᾶς,
3065 3815 3233 3855 sacrae
3270 3797 3563 3853 Platonica:
3592 3793 3953 3850 successionis
3986 3808 4085 3849 ca-

2504 3910 2600 3971 put
2628 3899 2806 3953 dictus
2840 3913 2855 3949 :
2888 3909 2955 3950 ex
3002 3893 3155 3962 cujus
3200 3905 3296 3946 ore
3345 3898 3726 3960 perpurgatam
3764 3888 3905 3941 hanc
3948 3886 4083 3955 phi—

2505 3991 2806 4062 losophiam
2838 3990 3136 4044 hauserunt
3184 3983 3505 4045 Herennius,
3554 3980 3815 4049 Origenes
3850 3987 3905 4033 et
3949 3976 4086 4032 Pio.

2508 4087 2691 4151 tinus;
2722 4097 2861 4152 quos
2894 4081 3084 4136 deinde
3108 4077 3462 4147 Porphyrius,
3491 4071 3847 4137 Jamblichus,
3883 4070 4087 4125 lliero—

2505 4182 2636 4243 cies,
2695 4176 2960 4247 Syrianus
3010 4179 3065 4226 et
3118 4170 3367 4233 Procius,
3415 4167 3534 4221 κατ’
3590 4162 3781 4234 ἐξοχὴν
3847 4168 4085 4215 vocatus

2504 4272 2766 4341 διάδοχος,
2810 4272 3176 4335 exceperunt,
3235 4262 3432 4329 quibus
3475 4257 3765 4311 Maximum
3818 4251 4083 4323 Tyrium,

2508 4367 2814 4428 Alcinoum,
2870 4355 3237 4419 Damascium,
3276 4351 3582 4422 Apuleium,
3633 4345 3973 4403 Cbalcidium
4031 4356 4088 4401 et

2512 4459 2649 4514 alios
2682 4457 2981 4526 adjungere
3010 4463 3318 4521 possumus.

2578 4552 2667 4607 5i.
2705 4551 2762 4604 Si
2804 4548 2933 4618 quid
2966 4560 3096 4601 vero
3122 4539 3421 4613 splendoris
3442 4551 3594 4594 nova:
3625 4534 3754 4591 huic
3784 4530 4088 4588 Platonica

2509 4641 2710 4698 schola:
2747 4640 2987 4693 additum
3022 4651 3089 4689 ex
3121 4634 3352 4687 aliarum
3402 4638 3674 4684 sectarum
3706 4621 4085 4694 opinionibus,

2509 4752 2647 4807 quas
2676 4730 2929 4804 proprias
2972 4728 3075 4784 sibi
3119 4725 3281 4793 fecit;
3335 4725 3496 4790 longe
3538 4718 3708 4789 major
3732 4714 3969 4770 accessit
4019 4731 4088 4770 ex

2509 4799 2813 4884 s-ttblimiori
2854 4820 3145 4888 theologia,
3199 4832 3358 4885 quam
3416 4829 3479 4867 ex
3520 4810 3826 4864 Judaaorum
3860 4799 4091 4877 [XXIV]

2510 4936 2574 4976 ac
2599 4918 3033 4975 Christianorum
3082 4925 3191 4966 tum
3223 4909 3401 4973 libris,
3449 4914 3561 4957 tum
3602 4900 3945 4957 sermonibus
3990 4901 4096 4955 de-

2513 5011 2795 5082 prompsit.
2843 5006 2978 5062 Cum
3013 5006 3155 5059 enim
3188 5000 3358 5056 Judaei
3406 4998 3518 5066 jatn
3573 5009 3602 5048 a
3655 4992 3847 5082 primis
3878 4989 4093 5045 schola:

2514 5081 2657 5158 illius
2675 5097 2916 5154 exordiis
2939 5095 3251 5165 frequentes
3268 5088 3409 5157 apud
3430 5081 3813 5139 Alexandriam
3831 5086 4093 5148 agerent,

2513 5194 2751 5261 librique
2783 5189 2926 5243 sacri
2954 5188 3006 5241 in
3029 5186 3277 5242 ercum
3306 5190 3611 5234 sermonem
3645 5170 3920 5235 conversi,
3945 5183 4097 5239 gen-

2515 5288 2692 5341 tilium
2744 5282 2988 5337 manibus
3040 5278 3140 5333 teri
3178 5275 3494 5343 coepissent,
3526 5282 3631 5324 non
3678 5272 3969 5335 pctuerunt
4021 5278 4094 5318 ex

2517 5388 2873 5445 utrorumque
2912 5368 3114 5435 verbis,
3140 5366 3350 5430 sannis,
3389 5359 3654 5423 dicteriis,
3678 5366 3734 5411 ct
3755 5354 3970 5409 invictis
3996 5369 4095 5409 ar-

2516 5469 2787 5543 gumentis
2836 5464 3168 5521 recentiores
3211 5458 3283 5511 illi
3331 5451 3596 5511 Platonici
3657 5465 3761 5503 non
3802 5446 4092 5518 colligere,

2517 5537 2678 5633 quam
2708 5574 2895 5613 eorum
2939 5552 3353 5627 polytheismus,
3395 5554 3819 5616 portentosaque
3866 5537 4093 5610 gentili—

2521 5658 2650 5712 tatis
2676 5667 2829 5709 sacra
2862 5661 2916 5705 et
2940 5647 3197 5719 mysteria
3233 5659 3261 5697 a
3295 5657 3424 5698 sana
3460 5638 3669 5691 ratione
3695 5634 4092 5700 abhorrerent;

915 5840 955 5869 "
991 5840 1153 5905 Aug..
1188 5836 1279 5891 lib.
1314 5852 1404 5890 vut
1441 5835 1511 5888 De
1543 5833 1713 5899 civit.,
1747 5845 1868 5899 cap.
1921 5827 1975 5881 5.
2051 5826 2093 5857 “
2140 5822 2299 5890 lbid-,
2348 5833 2396 5874 Ct

2515 5816 2567 5872 8.
2644 5812 2689 5845 “
2736 5810 2887 5881 lbid.,
2948 5820 3071 5877 tap-
3116 5803 3183 5861 10
3282 5802 3325 5835 ⁵⁸
3370 5800 3523 5867 ἷὺῑά.,
3570 5814 3689 5869 cap.
3738 5796 3824 5852 12.
