4180 6332
100 410 156 467 49
1011 414 1475 472 DISSERTATIO
1516 418 1557 479 l,
1597 415 1758 471 ΛΒΤ.
1804 419 1846 481 l,
1889 414 1977 471 DE
2013 408 2423 472 VALENTINO.
3283 407 3352 466 50

100 543 142 587 et
163 547 319 603 quam
353 535 671 590 econtrarlo
699 551 763 592 ea
796 551 914 606 quae
940 552 1006 592 ex
1051 537 1207 593 libris
1235 539 1408 594 sacris
1440 538 1673 610 percipi-
1702 542 1749 601 Α
1777 539 1988 605 ctrina;
2025 538 2186 609 idque
2220 550 2285 592 eo
2317 533 2550 599 facilius,
2584 548 2695 604 quo
2725 533 3075 590 illucescente
3116 531 3355 604 Evange-

101 638 174 679 tur
200 626 511 681 divinorum
549 629 763 692 notitia,
799 631 1048 687 sublimis
1096 632 1186 698 sit,
1234 643 1486 700 augusta,
1533 648 1669 702 pura

100 717 398 788 rationique
434 730 829 775 consentanea.
882 722 1112 785 Felices,
1150 723 1193 776 si
1229 724 1490 777 micantes
1546 723 1669 777 inde

100 808 229 862 radii
255 809 522 863 obductas
552 811 733 863 animo
775 811 1003 866 nebulas
1024 812 1400 882 dispulisseut,
1434 813 1671 868 umbris-

100 915 195 969 que
253 901 515 957 discussis
566 904 631 957 ad
687 903 857 958 solem
901 905 1076 974 ipsum
1130 904 1320 961 oculos
1371 904 1671 960 convertis-

100 996 241 1048 sentl
272 993 378 1048 Sed
405 995 649 1049 maluere
680 996 926 1065 plerique
968 998 1281 1069 anticipatis
1324 998 1670 1067 opinionibus

97 1088 370 1153 obcaecati,
401 1088 601 1144 divina:
650 1090 789 1145 lucis
830 1091 1092 1162 igniculos
1136 1092 1542 1147 mendaciorum
1588 1093 1671 1146 fu-

100 1196 175 1236 mo
199 1190 258 1238 et
284 1182 523 1237 tenebris
554 1183 854 1238 obscurare
883 1202 896 1239 :
928 1193 1127 1239 etcum
1155 1184 1483 1255 theologiam
1515 1201 1668 1239 suam

98 1287 152 1327 ex
177 1276 425 1329 oraculis
452 1276 651 1332 divinis
706 1277 885 1331 metiri
941 1277 1282 1341 debuissent,
1322 1277 1435 1332 lta-c
1490 1280 1669 1347 potius

98 1368 280 1423 ordine
325 1378 659 1439 praepostero
692 1371 757 1424 ad
790 1370 1133 1441 Pythagoras,
1161 1370 1508 1440 Platonisque
1550 1372 1668 1440 pla-

100 1462 195 1515 cita
226 1475 490 1516 revocare
530 1462 878 1519 studuerunt.
948 1463 1252 1532 Eapropter
1293 1463 1358 1517 iis
1388 1466 1669 1529 omnibus,

98 1563 430 1617 quaecunque
458 1564 522 1604 ex
555 1550 729 1606 sacris
772 1552 946 1619 libris,
975 1550 1395 1623 Judaeorumqne
1445 1556 1669 1625 dogma-

101 1644 235 1696 tibus
268 1642 553 1712 subripere
595 1652 908 1715 potuerunt,
968 1643 1387 1715 Pytltagoricatn
1428 1647 1671 1703 Platoni-

101 1748 325 1803 ramque
355 1735 590 1804 speciem
646 1736 987 1800 iuducentes,
1032 1752 1231 1791 novum
1255 1736 1519 1795 doctrinae
1556 1756 1672 1795 cor—

101 1841 186 1892 pus
259 1835 734 1897 coagmentarunt,
800 1844 827 1881 a
862 1828 1117 1884 crassiori
1145 1829 1361 1898 quidem
1395 1832 1669 1902 gentilita-

1776 634 1831 688 lii
1862 634 1970 698 die,
2004 647 2140 687 nova
2174 631 2493 686 accessione
2525 628 2697 683 ditata
2735 630 3023 700 superbius
3060 644 3221 700 quam
3256 642 3355 683 att-

1775 741 1862 786 tea
1910 745 2032 785 sese
2058 728 2275 783 extulit.
2306 725 2435 781 Nam
2464 744 2527 784 ex
2562 743 2670 797 quo
2696 725 2924 796 apostoli
2960 722 3353 793 apostoliciquo

1772 819 1874 872 viri
1904 833 2025 873 cum
2061 819 2278 872 ethnica
2311 818 2697 886 superstitione
2746 816 3017 871 acerrimo
3052 814 3351 869 certamine

1772 909 2124 974 dimicarunt,
2165 909 2455 980 palamque
2500 909 2567 963 de
2618 922 2679 962 ea
2730 908 3033 978 triumphos
3084 912 3345 974 egerunt;

1773 998 2149 1056 imminentem
2182 1000 2305 1055 huic
2340 998 2551 1055 ruinam
2585 1010 2644 1055 ut
2673 1008 2982 1054 averterent
3022 996 3350 1068 philosophi,

1772 1096 1837 1151 de
1867 1110 2001 1149 nova
2039 1096 2303 1150 doctrina:
2333 1110 2447 1150 sua:
2478 1094 2868 1149 reformatione
2901 1092 3145 1162 cogitare
3170 1104 3353 1159 cmpe-

1774 1198 1921 1241 runt.
1957 1186 2221 1242 Perlectis
2245 1188 2426 1256 itaque
2458 1187 2591 1243 Novi
2621 1185 2953 1243 Testamenti
2988 1183 3229 1254 scriptis,
3256 1182 3353 1235 ba-

1772 1279 2013 1349 bitisque
2036 1294 2158 1334 cum
2205 1278 2543 1335 doctissimis
2580 1279 2888 1350 quibusque
2914 1278 3347 1333 Christianorum

1771 1370 2181 1439 congressibus,
2205 1385 2271 1425 ex
2303 1385 2491 1425 eorum
2523 1370 2871 1441 dogmatibus
2902 1384 2963 1423 ea
2994 1367 3351 1436 collegerunt,

1771 1462 1966 1531 quibus
2021 1463 2257 1517 ethnica:
2312 1463 2557 1534 religioni
2618 1464 2961 1534 splendorem
3010 1471 3065 1516 et
3117 1460 3351 1529 pretium

1772 1554 2076 1621 adderent;
2140 1556 2364 1624 haecque
2409 1558 2521 1610 suis
2572 1556 2867 1611 artificiose
2912 1554 3240 1617 intexetttes,
3297 1561 3354 1608 et

1772 1662 1839 1702 ne
1881 1656 2096 1716 pateret
2131 1646 2358 1714 furtum,
2385 1649 2806 1720 sytnbolicarum
2854 1648 3151 1704 formarunt
3197 1650 3353 1701 invo-

1772 1737 1945 1803 lucro,
1984 1754 2131 1793 more
2168 1738 2475 1804 Platonico,
2513 1751 2777 1810 tegentes,
2839 1754 3035 1795 novam
3073 1740 3345 1811 hypothe-

1772 1831 1874 1885 sim
1905 1830 2237 1889 Christianis
2264 1835 2599 1905 objecerunt,
2634 1850 2754 1904 qua:
2788 1836 3041 1889 simulata
3087 1836 3353 1889 sanctita-

100 1920 161 1974 tis
190 1918 327 1975 fmce
360 1928 654 1987 secretum,
689 1923 944 1978 sordibus
977 1932 1161 1977 tamen
1189 1924 1366 1978 adhuc
1408 1940 1512 1979 non
1538 1943 1670 1997 pan-
1702 1901 1743 1955 Β
1775 1927 1841 1981 tis
1864 1927 2321 1999 sublimitatisqne
2354 1929 2536 1999 specie
2566 1930 2850 1999 deciperet
2879 1929 3189 1999 imperitos.
3221 1928 3355 1985 Sus-

97 2013 167 2066 cis
219 2012 575 2067 lutulentum.
636 2012 755 2068 Jam
804 2015 1026 2084 quidem
1082 2015 1238 2071 Plato
1276 2032 1438 2070 unum
1481 2034 1669 2088 supre-

100 2120 231 2158 tuum
268 2106 452 2159 mundi
477 2106 751 2175 Opificetn,
780 2106 1176 2179 inferioresque
1203 2109 1478 2165 daemones
1501 2127 1670 2182 agno-

99 2207 275 2263 verat;
313 2207 367 2252 at
395 2199 459 2253 de
494 2201 726 2269 angelis.
771 2202 1138 2271 arcltangelis,
1167 2217 1354 2257 eorum
1388 2205 1671 2261 ordinibus

100 2298 145 2342 et
172 2290 388 2357 ofﬁciis,
428 2290 495 2346 de
526 2294 753 2363 mystica
801 2295 985 2349 nescio
1038 2310 1143 2364 qua
1172 2294 1391 2363 Triade,
1441 2298 1672 2368 aliisque

98 2385 387 2451 sexcentis,
425 2385 492 2441 de
521 2387 719 2456 quibus
771 2388 1042 2443 subtiliori
1078 2389 1450 2460 disputatione
1496 2391 1672 2447 disse-

101 2487 320 2532 ruerunt
354 2482 690 2536 recentiores
722 2482 795 2537 illi
830 2482 1106 2554 discipuli,
1144 2502 1211 2540 ne
1257 2484 1376 2539 κατ’
1404 2485 1537 2557 ὄναρ
1578 2502 1671 2543 co-

99 2571 365 2639 gitaverat
399 2574 664 2644 magister
697 2596 709 2632 :
747 2576 878 2631 adeo
920 2589 979 2632 ut
1028 2579 1141 2634 haec
1178 2579 1241 2634 iis
1274 2582 1405 2636 solis
1435 2583 1671 2637 auctori~

101 2662 191 2716 bus
237 2663 548 2735 prodierint
582 2682 593 2714 :
623 2669 665 2721 si
702 2680 879 2724 tamen
923 2682 1176 2727 auctores
1227 2674 1461 2736 dicendi,
1504 2677 1593 2744 qni
1640 2692 1668 2729 a

98 2751 291 2811 Iudaeis
344 2771 571 2829 accepta
628 2764 912 2819 ententitis
974 2765 1247 2822 coloribus
1306 2768 1667 2825 iufuscarunt.

98 2850 163 2904 At
184 2852 230 2907 si
255 2854 385 2921 quid
413 2870 440 2907 a
465 2854 668 2911 .ludzeis
687 2860 998 2929 acceperint
1029 2860 1295 2916 Platonici
1324 2862 1502 2927 isti,id
1532 2873 1674 2933 post-

98 2945 303 3000 modum
332 2944 539 3002 Iudaeis
570 2964 693 3003 cum
746 2951 934 3009 fenore
977 2955 1345 3010 reddiderunt.
1390 2956 1523 3010 Nam
1550 2973 1670 3013 cum

101 3037 149 3092 bi
180 3054 377 3095 novam
412 3055 533 3095 eam
564 3042 989 3114 philosophandi
1036 3050 1302 3103 rationein
1326 3050 1672 3120 dogmatibus

96 3136 286 3202 sacris,
320 3135 599 3206 allegoriis
622 3147 677 3193 et
706 3138 969 3209 symbolis
1018 3140 1401 3205 intermistatn,
1429 3143 1672 3200 exteris-

1770 2028 1985 2088 ceptum
2012 2019 2301 2075 consilium
2332 2036 2436 2074 non
2481 2037 2671 2090 parum
2714 2021 2983 2091 promovit
3011 2034 3241 2089 magnus
3266 2018 3355 2073 ille

1770 2111 2113 2177 Ammonius,
2138 2111 2386 2183 Origcnis
2416 2124 2467 2167 et
2494 2112 2693 2169 Plotini
2731 2122 3053 2183 praeceptor,
3078 2112 3168 2179 qui
3197 2111 3356 2167 Chri-

1775 2203 2010 2257 stianam
2050 2202 2368 2273 religionem
2407 2202 2706 2273 professus,
2755 2201 3068 2257 inordinato
3113 2200 3357 2256 Platoni-

1772 2309 1849 2348 ιω
1912 2293 2286 2365 ριιῑίοεορὶιίω,
2342 2294 2429 2349 cui
2500 2309 2724 2365 cperant
2769 2309 2984 2364 semper
3025 2302 3348 2358 navaverat,

1772 2402 1955 2441 amore
1980 2387 2113 2442 nihil
2144 2404 2250 2442 non
2284 2388 2502 2443 molitus
2534 2400 2638 2454 est,
2673 2399 2732 2443 ut
2754 2390 2821 2443 ad
2866 2389 3009 2443 hanc
3037 2388 3356 2458 Scriptura;

1774 2494 1891 2531 rum
1925 2479 2149 2533 oracula
2192 2490 2500 2537 revocaret.
2541 2480 2711 2536 Malus
2747 2482 2965 2551 quidem
3001 2482 3215 2536 animus
3248 2495 3355 2534 nou

1775 2569 1911 2638 fuit;
1945 2572 2068 2630 hinc
2095 2572 2239 2627 enim
2291 2571 2616 2627 Christianae
2647 2572 2891 2643 religioni
2922 2571 3179 2640 majorem
3218 2572 3356 2639 apud

1775 2670 2007 2741 gentiles
2034 2667 2417 2723 auctoritatem
2450 2665 2868 2721 conciliaturum
2896 2681 2955 2721 se
2979 2668 3257 2735 sperabat.
3290 2662 3359 2718 Et

1773 2766 1816 2819 si
1852 2764 2074 2834 quidem
2107 2759 2530 2831 philosophiam,
2574 2759 2650 2814 uti
2686 2773 2783 2828 par
2807 2771 2947 2823 erat,
2996 2773 3063 2813 ex
3108 2756 3358 2824 Scriptu-

1774 2857 1848 2911 ris
1881 2855 2201 2915 reformare,
2230 2866 2462 2920 eamque
2503 2852 2643 2906 intra
2677 2850 2958 2920 Evangelii
2988 2849 3192 2905 limites
3222 2862 3354 2902 con-

1775 2949 1997 3005 cludere
2026 2946 2349 3010 studuisset,
2380 2960 2558 3014 operae
2592 2943 2816 2999 forsitan
2852 2943 3083 3012 pretium
3112 2941 3355 3007 fecisset;

1774 3052 1832 3096 at
1868 3038 2209 3095 contrariam
2265 3038 2486 3092 omnino
2542 3036 2804 3091 rationem
2852 3050 2973 3089 eum
3030 3034 3257 3098 iniisset,
3304 3038 3359 3087 et

1774 3133 2107 3190 Christiana:
2133 3131 2409 3200 religioni,
2441 3140 2498 3183 et
2525 3128 2851 3208 Christianis
2884 3128 3014 3196 ipsis
3038 3125 3204 3181 exitio
3231 3125 3353 3181 fuit.

99 3244 193 3299 que
227 3230 511 3300 puriorem
538 3274 551 3299 ,
604 3246 704 3286 nec
731 3233 867 3286 adeo
912 3232 1197 3290 divinioris
1238 3236 1484 3291 scientias
1526 3238 1676 3306 prin-
1706 3248 1748 3307 ρ
1781 3227 1916 3281 Nam
1947 3239 1977 3278 e
2006 3223 2339 3279 Christianis
2374 3222 2590 3292 plurimi
2638 3222 2895 3291 deinceps
2927 3219 3085 3288 hujus
3113 3218 3357 3289 philoso-

97 3322 246 3390 cipiis
284 3332 683 3394 repugnantem
720 3325 1261 3390 animadvertissent,
1308 3328 1358 3381 in
1404 3329 1547 3383 illius
1574 3332 1672 3384 ad-

98 3417 442 3473 mirationem
489 3418 773 3489 pertracti,
810 3419 862 3472 itt
912 3419 1030 3489 ejus
1071 3420 1312 3474 studium
1363 3423 1678 3480 incumbere

100 3522 419 3580 ceperunt;
475 3511 581 3565 rati
614 3526 723 3565 non
764 3510 967 3566 difﬁcili
1008 3516 1230 3583 negotio
1277 3519 1614 3587 purgandum
1646 3535 1677 3573 a

97 3603 362 3669 sordibus,
391 3618 530 3673 quas
566 3603 825 3658 intulerat
856 3604 1077 3660 ethnica
1112 3610 1450 3677 superstitio,
1490 3611 1675 3666 utilem

103 3692 215 3750 fore
246 3704 312 3749 ad
355 3696 708 3765 explicanda,
729 3700 1164 3772 accuratiorique
1188 3704 1441 3759 methodo
1462 3717 1677 3776 pertra-

98 3790 287 3843 ctanda
313 3805 485 3846 sacra:
502 3791 782 3861 religionis
802 3795 1081 3864 mysteria.
1100 3795 1286 3867 Itaque
1309 3800 1415 3853 ltuc
1431 3802 1674 3856 animout

98 3882 445 3952 appellentes,
467 3884 814 3954 divinamque
845 3886 1136 3941 scientiam
1169 3890 1441 3945 'subtilins
1505 3907 1668 3960 quant

99 3988 191 4041 par
226 3987 347 4029 erat
373 3976 721 4046 eliquantes,
766 3992 888 4030 cum
944 3977 1242 4034 Platonicis
1292 3981 1675 4051 πλατωνίζειν,

102 4080 163 4120 ac
197 4070 525 4137 purissimos
566 4071 811 4124 veritatis
880 4057 1081 4127 rivulos
1130 4074 1182 4126 itt
1234 4072 1555 4146 Pythagoras
1610 4093 1675 4133 ac

99 4158 332 4215 Platonis
374 4161 601 4215 lacunas
642 4161 892 4215 derivare
938 4173 1225 4231 cmperunt
1253 4186 1263 4218 :
1293 4180 1490 4232 magno
1538 4180 1676 4221 sane

102 4266 213 4305 cum
260 4252 544 4321 religionis
584 4251 948 4317 detrimento,
996 4266 1115 4320 qua:
1152 4260 1255 4306 tota
1307 4253 1559 4322 deinceps
1597 4268 1680 4307 ar-

102 4344 294 4413 gutiis,
356 4344 632 4409 numeris,
692 4358 1155 4410 numerorumque
1196 4342 1673 4413 ecpulationibus,

101 4438 353 4509 symbolis
371 4447 425 4493 et
456 4435 733 4503 allegoriis
778 4435 976 4491 referta
999 4436 1221 4505 prodiit.
1247 4438 1519 4503 Quantum
1549 4452 1679 4494 vero

100 4529 152 4585 in
181 4545 244 4585 eo
274 4528 583 4599 disciplinas
611 4542 811 4597 genere
840 4528 1175 4598 profecerint
1205 4529 1399 4596 Judaei,
1436 4530 1677 4587 Helleni-

1784 3320 1945 3391 phize,
1976 3333 2096 3389 qua:
2131 3331 2239 3385 pra:
2268 3315 2480 3370 caeteris
2502 3316 2554 3369 in
2584 3317 2757 3385 pretio
2781 3324 2917 3379 erat,
2953 3314 3021 3368 ob
3042 3310 3356 3366 afllnitatetu

1778 3427 1939 3481 quam
1971 3425 2093 3464 cum
2125 3408 2427 3477 Scripturis
2468 3407 2670 3462 habere
2715 3408 3019 3472 videbatur,
3050 3404 3228 3459 studio
3270 3403 3359 3457 in-

1778 3504 2131 3567 cumbentes;
2190 3517 2290 3556 nec
2342 3501 2685 3555 a;tendentes
2753 3498 3014 3569 quidquid
3073 3497 3355 3553 sublimius

1778 3613 1891 3669 prae
1918 3613 1979 3654 se
2002 3597 2237 3662 ferebat,
2276 3604 2445 3651 totum
2484 3609 2551 3649 ex
2594 3593 2908 3647 earumdem
2947 3592 3355 3661 Scripturarum

1780 3707 1919 3763 penu
1947 3691 2328 3759 depromptum
2363 3688 2548 3752 fuisse,
2581 3688 2719 3741 hanc
2744 3701 2878 3756 pene
2900 3701 3023 3739 cum
3056 3683 3357 3755 Scripzuris

1780 3782 1913 3851 ipsis
1942 3781 2258 3849 adaequare,
2287 3788 2340 3832 et
2382 3779 2450 3831 ad
2480 3778 2595 3847 ejus
2634 3777 2808 3845 magis
2849 3791 3011 3844 quant
3046 3776 3110 3828 ad
3141 3776 3354 3827 illarttut

1781 3872 2052 3944 principia
2084 3870 2535 3925 ratiocinationes
2565 3883 2694 3923 snas
2717 3868 2935 3939 exigere
2965 3852 3356 3921 aSstieverunt:

1780 3966 1924 4035 quod
1986 3964 2324 4019 infinitarum
2386 3962 2775 4033 propemodum
2829 3978 3102 4024 errorum,
3160 3961 3361 4030 quibus

1780 4058 2149 4115 contaminata
2193 4056 2327 4110 fides
2364 4054 2487 4120 fuit,
2537 4054 2781 4109 fomitem
2831 4054 3179 4109 ministravit.
3228 4053 3361 4109 Eth-

1782 4151 1890 4206 nici
1929 4149 2267 4212 econtrario,
2301 4162 2365 4201 ex
2422 4148 2523 4201 hac
2574 4162 2853 4201 sacrorum
2899 4149 3362 4217 profanoruntque

1783 4245 2097 4316 dogtnatum
2150 4241 2424 4304 mistione,
2481 4255 2601 4310 quae
2655 4240 3053 4310 philosophiam
3104 4241 3357 4306 ornabat,

1784 4350 1971 4412 tntque
1999 4338 2331 4411 portentosis
2362 4336 2643 4393 erroribus
2672 4338 2953 4407 purgabat,
2985 4336 3357 4406 perficiendae,

1780 4432 2213 4501 insolentiusque
2254 4427 2542 4483 efferendae
2581 4428 2841 4483 doctrina:
2871 4443 2985 4483 suae
3014 4429 3360 4484 occasionem

1779 4536 2083 4595 Opportune
2114 4534 2418 4594 captantes,
2445 4523 2734 4593 superbius
2770 4523 3034 4577 adversus
3082 4520 3359 4577 Christia-

103 4630 191 4675 st'e
218 4620 550 4690 praesertim,
581 4633 646 4671 ex
678 4618 922 4672 Philonis
956 4619 1175 4687 scriptis
1216 4619 1405 4674 videre
1434 4629 1537 4685 est,
1582 4621 1674 4690 qui
1710 4622 1753 4677 D
1784 4634 1902 4685 nos,
1935 4619 2091 4688 quasi
2122 4618 2362 4673 Platonis
2412 4620 2628 4674 exuviis
2654 4617 2863 4687 seipsos
2888 4618 3176 4691 ditassent,
3212 4615 3362 4667 inso-

102 4713 236 4780 quod
278 4710 564 4766 Platonica
616 4710 871 4779 dogmata
907 4710 1090 4763 animo
1141 4709 1303 4764 altius
1347 4711 1674 4775 imbibisset,

104 4818 193 4857 ceu
218 4804 357 4859 alter
393 4802 552 4858 Plato
582 4817 611 4855 a
660 4802 937 4858 veteribus
970 4802 1190 4857 habitus
1220 4803 1388 4859 fuisse
1425 4804 1673 4871 videtur;

106 4894 245 4963 cujus
283 4896 595 4964 exemplum
656 4894 799 4949 male
850 4894 1088 4950 aemulati
1151 4898 1381 4964 posteri,
1436 4898 1677 4968 argutias

107 4988 325 5058 argutiis
370 4987 719 5051 addiderunt,
754 4987 1033 5057 vanisque
1065 4987 1456 5044 subtilitatibus
1504 5005 1677 5059 a'gras

105 5089 300 5135 tuentes
328 5087 621 5148 paverunt.
670 5078 930 5144 Quamvis
955 5088 1137 5134 autem
1185 5084 1319 5135 adeo
1363 5081 1521 5150 longe
1552 5099 1677 5153 pro-

106 5182 310 5237 gressos
369 5170 543 5226 fuisse
572 5168 809 5234 .ludzeos,
844 5171 937 5240 qui
992 5171 1045 5225 in
1100 5171 1388 5228 Palaestina
1434 5174 1677 5231 Philonis

105 5272 252 5318 atate
301 5263 594 5336 degebant,
665 5265 811 5317 nulla
867 5265 1245 5320 demonstrent
1301 5277 1671 5337 argumenta;

106 5369 189 5410 eos
222 5365 402 5411 tamen
431 5355 718 5411 Platontca
744 5357 989 5411 doctrina
1017 5358 1165 5413 haud
1206 5358 1557 5414 mediocriter
1579 5375 1676 5413 ex-

106 5447 267 5504 cultos
312 5449 549 5503 suadent
602 5459 714 5501 tum
758 5448 1017 5517 frequens
1036 5452 1180 5519 quod
1221 5452 1351 5520 ipsis
1378 5452 1675 5507 intercede-

108 5538 341 5596 batcum
386 5541 729 5606 Hellenistis,
781 5542 1053 5613 Egyptiis
1086 5552 1141 5598 et
1186 5541 1366 5615 Tyriis
1407 5560 1675 5600 commer-

108 5633 254 5699 cium,
302 5646 419 5690 tum
452 5635 621 5691 Flavii
656 5635 876 5707 Josephi
927 5637 1074 5705 libri,
1116 5638 1292 5693 virum
1345 5638 1399 5693 in
1445 5640 1675 5711 philosoo

109 5727 325 5793 phorum
359 5729 593 5784 lectione
622 5747 725 5785 non
768 5746 957 5802 parum
991 5740 1265 5786 versatum
1298 5731 1671 5790 ostendentes.

168 5818 253 5874 δᾶ.
296 5820 427 5887 Quae
470 5820 778 5877 Iudaeorum
829 5823 1029 5879 animis
1076 5823 1341 5893 pritnum,
1386 5824 1575 5879 eadem
1619 5834 1673 5878 et

112 5906 531 5969 Christianorum
572 5922 779 5977 'postca
833 5912 1014 5970 fucum
1068 5912 1197 5970 fecit
1248 5912 1526 5970 Platonica
1577 5917 1671 5969 do-

1785 4712 2024 4777 lescere,
2073 4712 2552 4782 Christianamque
2607 4713 2929 4781 religionem
3004 4718 3359 4764 contemnere

1782 4812 2080 4874 cmperunt.
2134 4803 2462 4858 Evannitex
2504 4818 2691 4858 eorum
2748 4802 2969 4873 scriptis
3015 4816 3075 4854 ea
3130 4800 3356 4855 deorum

1785 4896 1929 4948 nulla
1965 4894 2047 4948 vel
2108 4896 2211 4949 sibi
2254 4896 2507 4961 invicem,
2543 4897 2626 4951 vel
2669 4895 2761 4949 ulli
2813 4893 3127 4959 superiori,
3175 4891 3359 4960 subje-

1781 4987 1961 5041 ctiotte
1991 4986 2365 5056 colligatorum
2393 4988 2682 5041 multitudo
2713 5003 2726 5039 :
2758 4985 3044 5055 pauciores
3088 4995 3360 5052 apparue-

1783 5090 1933 5145 runt,
1961 5095 2263 5150 omnesque
2288 5080 2379 5135 uni
2412 5096 2677 5150 suprema:
2709 5079 3017 5143 Divinitati,
3050 5073 3358 5146 angustiori

1780 5189 1940 5243 quam
1984 5184 2139 5229 antea
2168 5189 2420 5230 sermone
2447 5174 2754 5239 celebratae,
2788 5172 3044 5242 subjecti.
3108 5172 3354 5243 Angelis,

1779 5266 2170 5335 archangelis,
2228 5267 2501 5321 mentibus
2557 5264 2920 5345 coelestibus,
2976 5266 3356 5333 sexcentisque

1778 5357 1919 5420 aliis,
1966 5373 2087 5427 qua:
2120 5373 2150 5412 a
2212 5356 2541 5415 Christianis
2594 5358 2823 5414 mutuati
2865 5358 3106 5422 fuerant,
3158 5367 3354 5413 ornata

1778 5450 2035 5522 deinceps
2073 5454 2341 5522 processit
2366 5470 2555 5508 eorum
2609 5452 2881 5524 theologia
2929 5450 3218 5506 naturalis.
3282 5452 3355 5508 De

1778 5546 2024 5614 corporis
2054 5560 2419 5614 sensuumque
2464 5543 2617 5616 fuga,
2645 5548 2709 5599 de
2732 5560 2862 5598 cura
2895 5542 3085 5609 animi,
3124 5544 3357 5597 tuentis-

1778 5648 1882 5704 que
1911 5634 2059 5688 cultu
2110 5643 2165 5688 et
2214 5633 2518 5690 elevatione
2574 5636 2626 5689 in
2687 5633 2879 5699 Deum,
2933 5634 3001 5689 de
3060 5634 3352 5690 virtutibus

1775 5726 2045 5792 colendis,
2090 5726 2536 5797 debellandisque
2581 5727 2728 5781 vitiis
2777 5725 3061 5796 magnifice
3107 5725 3346 5801 scripse-

1777 5828 1943 5883 runt;
1992 5819 2430 5890 iutentatuntque
2465 5819 2603 5874 nihil
2643 5820 2999 5889 reliquerunt,
3044 5835 3150 5886 quo
3198 5821 3347 5873 fuca-

1780 5924 1885 5970 tatn
1919 5913 2175 5970 doctrina:
2209 5915 2498 5985 puritatem
2547 5914 2819 5985 Evangelii
2866 5915 3139 5969 sanctitati
3178 5930 3345 5986 opnor
