4180 6332
800 443 861 499 5|

1574 429 2177 493 DISSERTATIONES
2212 425 2517 488 PREVIE
2553 423 2618 480 IN
2657 421 2917 480 ΙΒΕΝᾹΞΙ
2958 419 3220 476 LIBROS.

3964 404 4032 464 52

796 567 1010 616 nerent.
1044 559 1152 612 Duo
1187 564 1367 610 tamen
1418 554 1662 616 fuerunt,
1694 551 1915 624 quibus,
1942 546 2199 620 quidquid
2231 560 2352 616 age-
2393 547 2440 604 Α
2465 541 2604 611 ejus.
2635 538 2929 609 Triplicem
2958 549 3192 604 namque
3219 530 3483 624 mundum
3505 534 3750 583 statuunt
3778 523 3874 589 illi,
3902 521 4034 624 alte-

795 662 945 720 rent,
987 666 1143 706 vana
1172 649 1547 706 excusationis
1572 648 1748 702 velum
1786 645 1866 701 sic
1891 642 2086 699 obduci
2119 656 2224 695 non
2269 653 2364 708 po-

797 744 916 810 tuit,
944 743 1076 814 quin
1101 743 1273 808 turpis
1295 737 1530 794 infamiae
1557 737 1710 793 labes
1737 749 1922 791 eorum
1950 732 2195 804 religioni
2224 745 2365 787 sem-

793 848 892 903 per
915 840 1339 902 aspcrgeretur:
1388 828 1563 900 magia
1595 825 1868 890 videlicet,
1903 832 1959 880 et
2001 821 2362 878 abominanda

793 921 986 996 [XXV]
1015 936 1298 978 sacrorum
1329 918 1612 991 mysteria,
1646 916 1918 973 Eleusinia
1951 914 2274 983 praesertim,
2309 918 2366 966 et

792 1015 1179 1082 Bacchanalia,
1205 1023 1266 1068 ut
1310 1013 1415 1067 alia
1446 1011 1662 1068 sileam.
1694 1010 1772 1063 Ex
1818 1007 2032 1063 Plotino
2073 1006 2360 1076 siquidem,

791 1106 1119 1178 l’orphyrio,
1174 1103 1501 1170 Jamblicho,
1561 1101 1829 1171 Eunapio,
1879 1098 2108 1166 aliisque
2158 1095 2359 1160 videas,

790 1196 1165 1266 philosophos,
1214 1193 1438 1263 perinde
1483 1201 1647 1260 atque
1712 1199 2082 1260 mystagogns,
2122 1185 2364 1255 magicas

792 1297 939 1343 artes
968 1287 1306 1351 exercuisse,
1353 1284 1713 1352 nefandisque
1741 1281 2044 1337 diemonum
2093 1275 2365 1333 evocatio-

793 1375 953 1432 nibus
983 1375 1278 1431 studuisse.
1308 1373 1508 1429 Eorum
1555 1373 1771 1446 quidem
1805 1369 2086 1424 infamiam
2118 1367 2364 1435 specioso

792 1468 1013 1524 nomine
1049 1467 1334 1539 θεουργίας
1367 1475 1421 1520 et
1459 1463 1770 1524 commercii
1811 1463 1952 1518 sacri
1987 1477 2109 1516 cum
2154 1459 2255 1522 diis
2287 1469 2359 1514 te-

791 1576 919 1631 gere
961 1562 1074 1616 nixi
1106 1568 1265 1626 sunt;
1317 1560 1411 1616 sed
1458 1568 1609 1618 certe
1663 1558 1975 1630 abstergere
2019 1571 2126 1616 non
2175 1565 2356 1625 potue-

791 1661 940 1708 runt.
968 1653 1050 1708 Ad
1079 1652 1311 1710 scelesta
1338 1651 1595 1724 mysteria
1618 1650 1764 1719 quod
1796 1649 2018 1712 attinet,
2036 1647 2101 1702 de
2131 1647 2199 1701 iis
2221 1645 2364 1716 apud

789 1745 988 1801 citatos
1015 1744 1373 1814 philosophos
1403 1757 1471 1796 ne
1498 1742 1720 1797 verbum
1749 1740 1970 1812 quidem
1993 1777 2013 1803 ι
2037 1737 2207 1807 probe
2234 1750 2366 1791 con-

791 1838 937 1892 scios
960 1835 1172 1891 scilicet
1209 1837 1313 1889 ista
1355 1834 1497 1890 nulla
1527 1833 1738 1888 ratione
1767 1831 2019 1887 excusari
2050 1844 2229 1900 posse.

2467 651 2584 688 rum
2652 646 2810 701 quem
2862 626 3191 684 invisibilem
3240 633 3295 679 et
3346 620 3574 677 idealem
3628 625 3852 683 vocant,
3906 613 4032 684 quia

2465 741 2646 780 rerum
2696 723 2939 778 omnium
2999 720 3149 774 ideas
3203 715 3486 778 continet;
3534 710 3671 766 nihil
3723 709 3927 779 quippe
3979 706 4032 761 in

2464 818 2668 872 mundo
2693 815 2936 871 inferiori
2971 808 3245 882 corporali
3286 806 3420 862 oriri
3461 811 3684 874 putant,
3736 799 3878 872 quod
3926 814 4033 853 non

2468 911 2517 966 in
2573 909 2730 964 ideali
2783 903 3041 964 invisibili
3097 901 3308 957 mundo.
3361 895 3706 952 exhibentur.
3763 889 4030 950 Alterum,

2475 1017 2631 1072 quem
2695 1000 2930 1055 medium
2983 996 3187 1059 dicunt,
3234 993 3325 1062 qui
3369 987 3609 1042 animam
3654 998 3752 1038 seu
3785 980 4034 1052 spiritum

2471 1094 2734 1157 universi,
2797 1090 2981 1146 mundi
3035 1083 3342 1155 corporalis
3413 1089 3468 1136 et
3520 1075 3759 1136 visibilis
3815 1087 4035 1129 causam

2469 1186 2882 1258 complectatur;
2915 1179 3135 1235 tertium
3167 1176 3427 1242 denique,
3468 1168 3727 1226 mundum
3766 1166 3911 1220 hunc
3947 1165 4036 1218 in-

2465 1255 2751 1343 feriorem,
2798 1286 3114 1344 corporeum
3163 1277 3217 1324 et
3258 1261 3676 1335 aspectabilem.
3729 1257 3803 1314 De
3832 1257 3920 1311 his
3961 1255 4037 1312 ita

2466 1372 2738 1428 Marsilius
2765 1368 2987 1424 Ficinus
3017 1365 3067 1417 in
3100 1359 3346 1418 Platonis
3388 1355 3607 1411 Conviv.
3640 1368 3766 1422 cap.
3796 1351 3829 1406 3
3859 1367 3874 1406 :
3910 1347 4038 1401 Tres

2465 1465 2605 1534 apud
2646 1478 2731 1517 eos
2775 1451 3124 1530 (Platonicos)
3166 1449 3351 1504 mundi
3383 1453 3615 1501 sunt...:
3648 1442 3887 1495 Primum
3931 1454 4042 1491 om.-

2468 1561 2612 1613 nium
2662 1563 2742 1608 est
2797 1552 2930 1606 Deus
2983 1548 3347 1601 universorum
3396 1549 3618 1602 auctor,
3667 1535 3806 1602 quod
3862 1534 4039 1601 ipsum

2469 1651 2658 1706 bonum
2684 1644 2926 1700 dicimus.
2960 1639 3062 1697 Hic
3085 1648 3303 1692 mentem
3327 1635 3497 1704 primo
3530 1638 3673 1684 creat
3707 1625 4039 1697 angelicam;

2467 1743 2652 1798 deinde
2677 1737 2860 1791 mundi
2883 1733 3040 1802 hujus
3067 1732 3318 1789 animam,
3347 1737 3400 1780 ut
3436 1724 3590 1778 Plato
3616 1721 3756 1786 vult;
3777 1727 4038 1788 postremo

2469 1833 2653 1889 mundi
2689 1844 2900 1896 corpus.
2941 1824 3216 1879 Summum
3252 1819 3402 1872 illum
3425 1817 3611 1880 Deum,
3642 1829 3745 1866 non
3782 1810 4037 1866 mundum

862 1927 950 1982 '55.
987 1927 1111 1983 llmc
1139 1928 1324 1984 omnia
1351 1940 1473 1981 mox
1501 1924 1744 1979 dicendis
1773 1924 2100 1994 praemittere
2132 1933 2361 1982 necesse
2391 1918 2434 1973 Β
2464 1923 2718 1986 dicimus,
2760 1920 2884 1988 quia
2946 1914 3174 1968 mundus
3236 1917 3599 1968 ornamentum
3656 1902 3927 1973 signiﬁcat
3976 1914 4040 1951 ex

790 2020 915 2084 fuit,
953 2029 1009 2074 ut
1055 2020 1181 2074 inde
1221 2026 1432 2087 pateret
1466 2033 1531 2072 ex
1573 2016 1770 2085 quibus
1814 2015 2054 2070 fontibus
2090 2013 2363 2068 manariut

787 2111 1050 2181 pleraque
1077 2111 1462 2166 Gnosticorum
1494 2109 1766 2179 dogmata.
1803 2107 1930 2162 Sive
1963 2107 2015 2162 hi
2044 2105 2211 2162 Judaei
2249 2107 2360 2162 nati

789 2211 990 2270 essent,
1018 2203 1135 2257 sive
1163 2203 1385 2274 pagani,
1413 2203 1529 2259 sive
1557 2201 1925 2258 Christianam
1954 2198 2268 2269 religionem
2295 2198 2362 2254 ab

789 2294 1138 2350 incunabulis
1183 2294 1414 2364 professi
1466 2294 1735 2360 fuissent;
1793 2306 2063 2349 novorum
2119 2290 2361 2352 Platoni-

788 2405 977 2444 corum
1023 2388 1274 2450 doctrina.
1312 2404 1384 2443 eo.
1423 2387 1636 2442 facilius
1679 2387 1849 2441 imbui
1897 2393 2213 2457 potuerunt,
2257 2397 2363 2453 quo

786 2483 896 2554 jam
923 2485 1064 2552 apud
1091 2482 1309 2539 Judzeos
1339 2483 1686 2546 Hellenistas,
1716 2481 1824 2534 imo
1862 2489 1915 2533 et
1939 2478 2279 2541 Palmstinos,
2309 2489 2363 2531 et

788 2574 842 2629 in
890 2573 1131 2645 Egypto
1180 2590 1245 2629 ac
1297 2574 1518 2634 Oriente
1570 2573 1732 2641 longe
1786 2571 2006 2639 lateque
2056 2579 2360 2640 prOpagata

788 2665 996 2734 fuerat;
1030 2683 1100 2724 ex
1127 2681 1232 2736 quo
1258 2666 1562 2735 praesertim
1612 2665 1715 2718 hoc
1753 2662 2167 2733 phil080phandi
2195 2677 2365 2734 genus

789 2761 845 2815 in
891 2760 1161 2815 celebrem
1206 2767 1320 2817 toto
1366 2759 1499 2813 orbe
1544 2757 1791 2814 scholam
1830 2755 2257 2811 Alexandrinam
2296 2755 2364 2808 ab

790 2853 1080 2910 Ammonio
1125 2853 1496 2910 introductum
1553 2850 1751 2912 fuerat,
1804 2852 1872 2904 ad
1917 2849 2058 2918 quod
2111 2849 2366 2916 deinceps

792 2949 970 3007 studia
1001 2963 1097 3006 sua
1124 2945 1476 3007 contulerunt
1504 2943 1787 3014 Origenes,
1819 2942 2087 3008 Plotinus,
2115 2942 2366 3012 Porphy-

791 3042 927 3107 rius,
955 3039 1154 3108 aliique
1185 3048 1296 3100 tum
1322 3035 1642 3100 Christiani,
1674 3045 1785 3091 tum
1813 3036 2037 3092 ethnici.
2071 3036 2203 3090 Cum
2234 3048 2367 3092 vero

794 3132 1132 3197 Valentinus,
1166 3128 1466 3203 Epiphanio
1499 3137 1658 3197 teste,
1688 3128 2031 3184 Alexandriae
2054 3127 2367 3186 Graecorum

795 3223 1007 3280 artibus
1052 3220 1334 3278 institutus
1387 3220 1580 3286 fuerit,
1637 3220 1780 3278 haud
1834 3219 2054 3275 dubium
2106 3218 2236 3290 quin
2291 3217 2364 3271 ibi
2397 3255 2436 3310 Ο

792 3316 1140 3388 philosophia
1169 3314 1450 3370 Platonica
1486 3314 1725 3376 animum
1771 3312 2114 3375 excoluerit;
2164 3327 2286 3366 cum
2313 3310 2363 3372 id
2414 3311 2418 3313 ’

793 3410 1070 3481 conceptis
1121 3409 1307 3468 verbis
1361 3417 1576 3466 asserat
1622 3405 1989 3464 Tertullianus
2042 3420 2203 3475 supra
2248 3405 2365 3457 lan-

794 3504 976 3558 datus.
1044 3503 1123 3559 Ex
1183 3518 1245 3558 ea
1315 3501 1591 3572 praecipua
1659 3514 1890 3569 quaeque
1973 3497 2370 3557 Valentinianus

795 3602 1068 3658 haereseos
1118 3598 1296 3668 capita
1333 3596 1682 3668 proﬂuxisse,
1712 3609 1780 3650 ex
1819 3599 2101 3649 enucleata
2147 3608 2368 3647 eorum-

797 3695 920 3749 dem
968 3691 1306 3763 expositione
1349 3691 1726 3748 demonstrare
1773 3687 1916 3741 haud
1965 3687 2099 3743 adeo
2155 3685 2373 3740 diliicile

796 3784 979 3843 fuerit.

867 3877 957 3932 54.
992 3877 1068 3935 Ac
1092 3877 1277 3947 primo.
1300 3874 1516 3946 quidem
1567 3881 1626 3926 ut
1668 3886 1698 3924 a
1729 3871 2110 3926 Gnosticorum
2154 3870 2377 3925 nmnine

798 3968 1154 4039 incipiamus,
1180 3968 1329 4038 quod,
1352 3966 1682 4035 arrogabant
1711 3964 1815 4018 sibi
1851 3962 2112 4025 Simonis,
2150 3961 2371 4015 Menan-

800 4063 912 4134 dri,
942 4069 1075 4125 etc.,
1101 4059 1377 4114 Valentini
1409 4073 1474 4113 ac
1505 4057 1783 4111 Ptolemaei
1835 4055 2080 4120 asseclae,
2112 4071 2141 4110 a
2178 4053 2375 4124 γνώσει

801 4165 900 4208 seu
942 4151 1173 4209 scientia
1221 4163 1405 4210 rerum
1458 4161 1818 4216 supernarum
1853 4163 1957 4216 qua
2000 4161 2111 4216 prae
2159 4146 2374 4201 caeteris

800 4243 1207 4312 gloriabantur,
1234 4240 1526 4298 deductum
1555 4255 1703 4305 esse,
1732 4249 1932 4294 norunt
1968 4254 2180 4294 omnes.
2211 4237 2372 4290 Eam-

799 4335 925 4394 dem
949 4334 1293 4397 sermonibus
1320 4332 1610 4386 ambitiose
1635 4331 1905 4402 iactantes
1934 4329 2200 4382 Platonici
2241 4328 2377 4383 nihil

802 4426 1149 4499 irequentius
1177 4424 1452 4482 habebant
1494 4429 1549 4481 in
1585 4441 1681 4482 ore
1716 4439 1875 4493 quam
1920 4421 2377 4491 perfectissimam

802 4515 1025 4587 γνῶσιν,
1062 4531 1247 4571 veram
1290 4517 1635 4586 sapientiam,
1682 4515 1932 4568 intimam
1981 4514 2174 4567 animae
2216 4528 2376 4566 unto-

802 4623 928 4661 nem
956 4623 1077 4662 cum
1109 4608 1240 4673 Deo,
1273 4608 1470 4665 mentis
1495 4607 1852 4661 elevationem
1881 4604 1935 4658 in
1967 4605 2153 4666 Deum,
2185 4605 2374 4674 cogni-
2413 4616 2454 4669 ι)
2485 4602 2711 4655 Terrena
2757 4605 2952 4658 autem,

803 4701 1007 4755 tionem
1073 4709 1238 4770 atque
1297 4699 1580 4756 scientiam
1633 4698 1747 4751 veri
1814 4697 2007 4760 Entis,
2071 4697 2374 4752 caelestium

807 4807 988 4846 rerum
1013 4791 1552 4861 contemplationem.
1608 4790 1733 4844 Haec
1755 4792 1896 4858 apud
1924 4789 2228 4854 Platonem,
2257 4788 2380 4843 Plo-

809 4885 1005 4948 tinum.
1041 4884 1420 4956 Porphyrium,
1466 4883 1853 4948 Jamblichum,
1907 4882 2148 4952 aliosque
2174 4882 2377 4953 passim

806 4986 1123 5032 occurrunt.

882 5069 972 5122 35.
1003 5069 1194 5124 Totam
1242 5067 1513 5129 Valentini
1551 5068 1896 5140 bypothcsim
1950 5068 2016 5122 ad
2052 5069 2151 5122 tria
2196 5069 2377 5138 capita

809 5161 1060 5220 revocari
1113 5160 1218 5226 iam
1265 5160 1500 5216 diximus
1539 5162 1639 5215 :l°
1671 5161 1735 5214 ad
1785 5160 2055 5226 Pleroma,
2103 5162 2245 5230 quod
2293 5175 2381 5216 res

812 5248 1026 5308 divinas
1052 5251 1460 5320 complectitur;
1499 5252 1556 5308 2°
1589 5252 1651 5305 ad
1684 5266 1748 5312 ea
1779 5267 1902 5322 quae
1937 5261 2092 5306 extra
2132 5251 2380 5308 Pleroma

812 5343 1185 5413 contigerunt,
1205 5344 1401 5414 quibus
1431 5359 1519 5399 res
1548 5343 1693 5398 inter
1713 5346 1968 5400 caelestes
1992 5354 2048 5399 et
2077 5345 2381 5401 mundanas

811 5437 1006 5494 mediae
1031 5439 1408 5502 continentur;
1439 5439 1497 5492 5ο
1526 5439 1593 5492 ad
1625 5437 1810 5492 mundi
1840 5437 1999 5507 hujus
2032 5439 2382 5507 aspectabilis

816 5527 1084 5596 originem
1137 5535 1192 5581 et
1241 5528 1708 5587 constitutionem.
1765 5527 1890 5582 Haec
1931 5528 2206 5598 ipsissima
2257 5537 2383 5582 sunt

817 5633 939 5690 quae
971 5619 1038 5674 de
1071 5618 1269 5689 triplici
1293 5620 1494 5674 mundo
1531 5629 1635 5674 tam
1668 5634 1898 5690 operose
1927 5620 2204 5689 disputant
2236 5620 2390 5674 Plato

815 5712 873 5769 in
930 5709 1151 5777 Timaeo,
1205 5721 1259 5770 et
1316 5710 1649 5780 Epimenide,
1696 5724 1749 5768 et
1792 5721 1917 5782 post
1971 5727 2094 5768 eum
2141 5712 2391 5781 discipuli

893 5868 937 5910 κ’
984 5867 1122 5924 Etlit.
1173 5867 1345 5924 Oxon.
1395 5868 1550 5923 1678.

2465 2013 2642 2067 multis
2686 2009 3066 2078 compositum,
3116 2005 3205 2066 ille
3242 2019 3363 2059 vero
3411 2000 3617 2070 penitus
3669 1993 3890 2062 simplex
3926 2006 4040 2044 esse

2463 2111 2608 2163 debet
2656 2124 2673 2160 :
2722 2106 2812 2159 sed
2863 2102 3186 2157 mundorum
3247 2096 3477 2153 omnium
3524 2087 3840 2159 principium
3882 2095 4039 2152 atque

2465 2207 2619 2275 ﬁnem
2656 2204 2827 2270 ipsum
2854 2196 3160 2251 asserimus.
3190 2189 3341 2245 Mens
3390 2184 3632 2255 angelica
3653 2183 3851 2250 primus
3883 2195 4040 2230 mun-

2464 2272 2562 2350 dus
2605 2304 2680 2350 est
2736 2311 2768 2347 a
2819 2291 2926 2345 Deo
2984 2286 3176 2356 factus,
3228 2279 3489 2337 secundus
3541 2274 3765 2328 universi
3809 2272 4044 2339 corporis

2465 2391 2667 2452 anima,
2701 2384 2885 2440 tertius
2916 2390 3025 2435 tota
3062 2379 3196 2442 lucc,
3237 2388 3396 2447 quam
3439 2369 3723 2430 cernimus,
3763 2363 4040 2418 machina.

2467 2483 2757 2552 Triplicem
2795 2479 2941 2543 hunc
2981 2470 3265 2534 mundum,
3297 2462 3521 2520 mutatis
3561 2461 3826 2516 duntaxat
3866 2457 4048 2510 nomi-

2469 2575 2646 2637 nibus,
2691 2570 2958 2638 novisque
3009 2558 3420 2618 accessionibus
3473 2553 3867 2622 locupletatum
3922 2563 4048 2617 μην·

2468 2666 2645 2734 posuit
2679 2661 3017 2718 Valentinus.
3067 2653 3306 2710 Primum
3342 2649 3603 2706 mundum
3658 2644 3875 2700 vocavit
3932 2640 4049 2693 l‘le-

2471 2773 2642 2820 roma,
2674 2755 2798 2825 quia
2843 2761 3008 2807 totum
3036 2745 3343 2802 Divinitatis
3377 2740 3792 2811 plenitudinem,
3830 2749 4050 2789 rerum-

2469 2866 2575 2922 que
2629 2848 2867 2904 omnium
2940 2842 3259 2897 inferiorum
3337 2831 3712 2900 exemplaria,
3777 2827 3933 2881 ideas
3997 2835 4052 2880 et

2470 2920 2738 3014 imagines
2790 2936 3066 3002 continet;
3117 2932 3301 3003 ibique
3343 2925 3654 2982 Divinitatis
3693 2920 3878 2976 sedem
3917 2934 4054 2974 εοιιε

2469 3011 2669 3092 stituit.
2705 3028 3020 3087 Communis
3052 3023 3319 3080 sententia
3354 3030 3456 3084 est,
3503 3016 3844 3082 desumptam
3876 3011 4056 3066 fuisse

2472 3143 2658 3184 vocem
2702 3139 2767 3179 ex
2817 3124 2961 3178 dicto
3007 3115 3162 3172 Pauli
3203 3110 3321 3167 Col.
3367 3128 3426 3178 tt,
3480 3109 3534 3174 9,
3583 3107 3674 3163 ubi
3715 3107 3768 3160 in
3821 3102 4053 3159 Christo

2471 3221 2670 3275 dicitur
2699 3214 2821 3272 πᾶν
2851 3212 2918 3266 τὸ
2953 3207 3243 3276 πλήρωμα
3270 3203 3382 3272 τῆς
3416 3200 3728 3266 Θεότητος,
3760 3204 3869 3249 tota
3907 3193 4057 3247 Divi-

2476 3312 2660 3365 nitatis
2696 3303 2967 3377 plenitudo
2999 3298 3306 3354 inhabitare
3342 3289 3723 3361 corporaliter.
3782 3287 3873 3377 Αηᾷ
3929 3284 4057 3338 inde

2474 3375 2705 3454 mutuati
2757 3393 2960 3448 fuerint
3005 3385 3296 3448 Platonici,
3358 3396 3466 3437 non
3517 3380 3728 3443 dicam;
3785 3375 3877 3431 sed
3935 3389 4060 3430 cer-

2475 3493 2680 3547 tissime
2712 3481 3040 3542 asseruerim
3068 3479 3257 3534 eadem
3284 3488 3436 3536 voce,
3463 3480 3628 3542 atque
3644 3470 3833 3525 eodem
3862 3482 4056 3530 sensu,

2474 3594 2638 3653 atque
2681 3575 3115 3637 Valentinianos,
3179 3583 3309 3623 usos
3345 3566 3533 3628 fuisse,
3593 3563 3730 3616 adeo
3789 3569 3850 3615 ut
3894 3558 4060 3614 valde

2473 3675 2752 3749 probabile
2783 3672 2854 3727 sit
2884 3672 2983 3724 hos
3016 3666 3083 3719 ab
3118 3665 3223 3718 illis
3262 3661 3562 3730 accepisse.
3611 3657 3666 3711 ld
3702 3655 4062 3726 perspicuum

2478 3747 2556 3825 est
2596 3783 2662 3822 ex
2709 3764 2828 3819 istis
2876 3757 3160 3821 Jamblichi
3213 3753 3424 3816 verbis,
3465 3757 3601 3803 sect.
3629 3764 3667 3814 ι,
3734 3747 3808 3800 De
3857 3754 4052 3813 myst.,

2476 3877 2594 3929 cap.
2632 3857 2720 3911 8”
2753 3877 2765 3909 :
2794 3856 2854 3909 Ol
2908 3852 3004 3919 μὲν
3067 3847 3229 3916 (Θεοὶ)
3282 3844 3589 3916 κρείττονες
3631 3843 3687 3892 ὲν
3735 3838 3920 3907 αὐτῷ,
3988 3840 4061 3899 ὡς

2477 3954 2580 4006 ὑπὸ
2614 3949 2838 4023 μηδενὸς
2878 3944 3255 4016 περιέχονται,
3303 3937 3395 3990 καὶ
3429 3934 3746 4006 περιέχουσι
3789 3931 3972 3983 πάντα
4007 3934 4064 3983 ὲν

2477 4047 2678 4107 αὐτοῖς.
2717 4042 2796 4096 Τὰ
2844 4039 2900 4092 δὲ
2959 4035 3052 4090 ἐπὶ
3092 4034 3188 4104 τῆς
3226 4030 3330 4107 γῆς
3381 4031 3438 4081 ὲν
3489 4030 3598 4090 τοῖς
3645 4023 4062 4078 ΠΛΗΡΩΜΑΣΙ

2475 4137 2583 4191 τῶν
2613 4133 2748 4189 θεῶν
2805 4131 2998 4202 ἔχοντα
3050 4126 3109 4178 τὸ
3141 4119 3278 4176 εἶναι
3301 4161 3317 4185 ,
3351 4118 3549 4173 ὁπόταν
3603 4115 3884 4187 ἐπιτήδεια
3922 4114 4067 4184 πρὸς

2477 4231 2574 4301 τὴν
2607 4228 2753 4282 θείαν
2816 4220 3047 4294 μετοχὴν
3085 4218 3332 4287 γένηται,
3389 4211 3548 4273 εὐθὺς
3575 4211 3683 4280 ἔχει
3720 4209 3825 4279 πρὸ
3858 4207 3964 4276 τῆς
4000 4210 4070 4260 οἱ-

2479 4322 2630 4382 κείας
2684 4315 2889 4380 ἑαυτῶν
2943 4313 3127 4374 οὐσίας
3184 4306 3630 4379 προϋπάρχοντας
3664 4304 3721 4351 ἐν
3766 4301 3901 4369 αὐτῇ
3936 4302 4070 4362 τοὺς

2484 4414 2656 4477 θεούς.
2693 4412 2779 4465 Dii
2808 4411 2860 4463 in
2894 4408 2990 4466 hoc
3030 4405 3256 4458 maxime
3286 4398 3611 4468 prmcellunt,
3655 4394 3793 4463 quod
3836 4409 3865 4444 a
3915 4392 4067 4445 nullo

2483 4511 2873 4567 contineantur,
2926 4500 3026 4570 ipsi
3071 4506 3245 4550 autem
3304 4491 3477 4545 omnia
3527 4489 3581 4540 in
3631 4504 3684 4540 se
3735 4485 4071 4539 contineant.

2996 4606 3112 4661 quae
3152 4591 3208 4641 in
3247 4586 3463 4640 deorum
3499 4576 3922 4633 I’LEROMASI
3976 4577 4074 4628 ha—

2490 4693 2606 4748 bent
2641 4705 2791 4745 suam
2825 4685 3126 4747 essentiam,
3151 4695 3306 4750 quam
3331 4678 3557 4745 primum
3584 4675 3651 4727 ad
3685 4674 3863 4726 divina
3890 4669 4063 4738 parti-

2488 4785 2712 4857 cipanda
2737 4791 2858 4849 apta
2887 4791 3032 4840 sunt,
3061 4774 3203 4828 illico
3228 4772 3351 4824 deos
3381 4770 3436 4822 in
3465 4785 3560 4822 sua
3593 4765 3887 4820 substantia
3918 4764 4072 4830 prius

2490 4880 2800 4935 exsistentes
2861 4871 3074 4935 habent,
3117 4883 3275 4938 quam
3341 4863 3612 4934 prapriam
3667 4870 3915 4912 naturam
3951 4873 4076 4909 sor-

2493 4976 2715 5029 tiantur.
2745 4967 3003 5026 Eamdem
3032 4975 3217 5017 vocem
3254 4959 3462 5030 pariter
3486 4960 3715 5022 usurpat
3751 4952 4080 5004 Damascius

2490 5083 2595 5121 non
2620 5063 2788 5121 semel

2555 5159 2643 5212 56.
2678 5153 3036 5224 Tripartitnm
3078 5155 3198 5203 erat
3236 5139 3740 5195 Valentinianorum
3789 5134 4079 5196 Pleroma,

2489 5248 2798 5304 inIEonum
2830 5243 3070 5305 tetradas
3109 5239 3264 5301 duas,
3314 5247 3408 5288 seu
3437 5227 3706 5300 ogdoada,
3744 5226 3798 5278 in
3842 5224 4077 5287 decada,

2487 5346 2539 5392 et
2586 5336 2880 5392 dodecada.
2931 5332 3254 5402 Supremum
3294 5325 3542 5381 omnium
3605 5334 3669 5372 ac
3715 5316 3895 5385 primo
3953 5314 4084 5368 loco

2488 5431 2720 5501 Bythum
2772 5426 3106 5488 statuebant,
3139 5423 3222 5477 cui
3249 5419 3493 5476 Enuoian
3523 5429 3616 5470 seu
3650 5412 3818 5481 Sigen
3845 5407 4084 5477 copula-

2494 5525 2646 5578 hant.
2688 5519 2840 5577 Hunc
2892 5519 3198 5587 excipiebat
3245 5514 3356 5568 Nus
3413 5527 3506 5568 seu
3568 5507 3737 5562 Mens.
3786 5517 3910 5557 cum
3972 5517 4082 5572 qua

2503 5617 2831 5680 Veritatem;
2873 5613 3065 5668 deinde
3102 5609 3362 5673 Verbum,
3407 5618 3528 5660 cum
3562 5615 3670 5670 quo
3696 5596 3914 5660 Vitam;
3962 5604 4088 5648 turn

2503 5709 2698 5776 llomo,
2737 5723 2859 5765 cum
2892 5722 2998 5778 quo
3024 5703 3322 5762 Ecclesiam
3362 5697 3708 5768 colligabant.
3743 5690 3996 5766 Quorum
4041 5690 4089 5743 si
