4180 6332
187 385 245 442 53
1095 390 1557 452 DISSERTATIO
1596 400 1637 461 Ι,
1681 397 1726 452 Α

1832 441 1842 456 .
1887 403 1929 464 1,
1968 400 2055 456 DE
2095 398 2498 459 VALENTINO.
3121 442 3131 450 -
3349 407 3416 461 fit

186 520 288 562 non
327 506 540 572 omnia,
590 509 767 579 prima
808 510 999 565 saltem
1043 527 1108 568 ac
1145 516 1364 570 rudiora
1418 517 1731 575 lineamenta

1847 522 1880 595 ἡ
1925 523 2101 589 οὐσία,
2129 524 2224 597 ιδιὸ
2261 525 2353 580 καὶ
2388 526 2694 598 νοητάρχης
2736 529 3212 599 πφσαγορεύεται.
3258 527 3414 584 Hunc

187 599 551 668 suppeditavit
577 600 894 668 Chaldaica,
926 603 1268 673 Egyptiaca,
1292 618 1341 662 et
1363 609 1746 681 Pythagorica,

185 706 274 746 seu
327 691 412 747 his
463 694 717 749 omnibus
784 697 1042 765 permista
1109 697 1389 756 Platonica
1454 705 1746 776 theologia.

183 779 508 838 Jambli'chus
537 784 632 840 lib.
657 785 735 839 De
761 797 938 858 πψτη
967 796 1102 843 sect.
1145 805 1262 858 vm,
1297 808 1418 864 cap.
1445 793 1502 854 Ξ,
1539 795 1747 861 scribit,

185 875 614 945 anttquissimam
671 877 814 934 hanc
857 894 979 934 esse
1013 881 1393 954 Egyptiorum
1443 889 1508 942 de
1565 903 1747 942 rerum

184 966 459 1038 principiis
493 969 796 1026 doctrinam
836 991 850 1027 :
890 973 949 1028 1ο
986 973 1160 1030 Unum
1195 991 1318 1032 esse
1355 978 1549 1044 Deum,
1603 980 1751 1035 enti-

182 1057 281 1114 bus
328 1059 583 1117 omnibus
636 1076 758 1132 quae
815 1078 944 1121 vere
1013 1077 1184 1135 sunt,
1243 1070 1750 1143 universalibusqne

181 1152 479 1222 principiis,
519 1153 628 1210 imo
655 1155 772 1225 ipso
811 1158 976 1213 etiam
1009 1163 1184 1231 primo
1217 1162 1326 1218 Deo
1355 1174 1408 1219 et
1444 1181 1568 1237 rege
1598 1171 1746 1238 prio-

180 1259 290 1300 rem
324 1263 338 1298 :
370 1245 476 1316 πρὸ
504 1245 612 1300 τῶν
661 1247 831 1312 ὅντως
877 1250 1068 1312 ὄντων,
1119 1255 1217 1308 καὶ
1249 1255 1356 1311 τῶν
1389 1257 1524 1311 ὅλων
1566 1241 1748 1333 ἀρχῶν

179 1338 291 1390 ἐστι
313 1336 446 1402 Θεὸς
470 1332 568 1403 εἷς,
601 1341 813 1412 πρῶτος
842 1345 936 1398 καὶ
971 1344 1063 1399 τοῦ
1102 1346 1320 1419 πρώτου
1357 1350 1491 1405 Θεοῦ
1509 1332 1614 1406 καὶί
1653 1355 1748 1425 βα-

181 1425 369 1491 σιλέως
413 1445 426 1457 ·
480 1428 534 1483 in
591 1432 823 1486 monade
875 1435 1100 1491 unitatis
1154 1453 1265 1492 suae
1315 1439 1742 1510 permanentem,

178 1519 553 1591 exemplarque
587 1522 750 1588 illius,
781 1526 873 1598 qui
901 1536 985 1582 est
1009 1529 1094 1584 sui
1122 1529 1307 1596 Pater,
1353 1548 1382 1587 a
1419 1549 1479 1589 se
1510 1536 1746 1604 genitus,

177 1619 226 1662 et
257 1609 588 1681 Monopator
621 1613 794 1682 Deus;
822 1624 906 1672 est
934 1619 1079 1672 enim
1125 1619 1301 1687 majus
1319 1623 1446 1691 quid
1483 1635 1538 1678 et
1570 1627 1740 1693 prius,

178 1700 292 1757 fons
316 1703 556 1758 omnium
598 1713 651 1760 et
697 1707 853 1762 radix
887 1709 1130 1764 omnium
1178 1712 1600 1782 intelligibilium
1634 1719 1744 1787 pri-

177 1807 380 1847 marum
423 1794 702 1861 idearum,
747 1813 868 1868 quae
915 1811 1042 1856 sunt
1071 1819 1084 1854 :
1115 1803 1172 1855 ἐν
1209 1805 1457 1876 μονότητι
1490 1807 1587 1877 τῆς
1621 1809 1745 1863 ἑαυ-

1852 614 2186 682 Mercurius,
2235 614 2542 673 Jamblicho
2593 621 2766 684 teste',
2809 630 2962 674 vorat
3013 621 3178 675 Ileum
3222 621 3412 676 Emeth

1851 706 2013 777 (forte
2036 707 2320 775 legendum
2344 723 2466 763 cum
2497 709 2729 764 Eusebio
2772 711 2862 763 lib.
2893 728 2948 766 ut
3008 712 3179 780 Pra'p.
3202 729 3411 781 eunng.,

1848 812 1970 867 cap.
2003 797 2059 864 2,
2098 795 2328 866 lt'neph),
2355 814 2516 870 quem
2547 809 2805 876 tanquam
2833 804 3020 858 ducem
3052 805 3156 859 diis
3179 805 3417 857 caelesti-

1850 887 1951 942 bus
1976 889 2260 956 praeponit,
2295 890 2476 958 aitque
2520 891 2666 946 hunc
2715 907 2837 949 esse
2895 893 3124 948 Mentem
3175 896 3410 962 seipsam

1851 979 2262 1050 intelligentem,
2289 989 2342 1034 et
2372 981 2507 1037 alias
2540 982 2939 1040 intcllectiones
2983 989 3048 1039 ad
3093 999 3154 1042 se
3187 1000 3414 1041 conver-

1851 1081 2048 1128 tentem
2082 1088 2097 1126 :
2138 1074 2196 1127 ὅν
2227 1091 2357 1146 φησι
2399 1075 2523 1128 νοῦν
2558 1072 2694 1130 εἶναι
2733 1078 2892 1131 αὑτὸν
2934 1079 3122 1132 ἑαυτὸν
3153 1078 3374 1134 νοοῦντα
3395 1117 3410 1142 ,

1847 1165 1942 1218 καὶ
1967 1164 2065 1230 τὰς
2093 1167 2303 1238 νοήσεις
2341 1168 2419 1231 είς
2462 1168 2650 1223 ἑαυτὸν
2695 1171 3105 1242 ἐπιστρέφοντα.
3144 1171 3280 1225 Aliis
3319 1186 3414 1225 nco

1850 1256 2086 1312 minibus
2131 1267 2382 1312 vocatum
2431 1257 2599 1315 fuisse
2651 1261 2718 1316 ab
2749 1259 3019 1335 Egyptiis
3050 1262 3217 1317 tradit
3267 1263 3410 1317 idem

1846 1347 2195 1404 Jamblichus.
2233 1367 2253 1402 ι
2285 1349 2476 1422 Opifex
2518 1354 2716 1428 quippe
2745 1353 2930 1417 Μειιε,
2987 1355 3100 1418 .‘Iil,
3155 1353 3412 1410 Veritatis

1848 1446 2039 1493 auctor
2062 1449 2115 1495 et
2132 1454 2360 1512 praeses,
2391 1457 2455 1496 ac
2485 1440 2804 1513 Sapientiae,
2841 1456 3113 1513 quatenus
3148 1447 3214 1499 ad
3241 1459 3410 1515 gene-

1848 1531 2112 1585 rationem
2139 1533 2307 1596 venit,
2343 1542 2399 1588 et
2437 1532 2695 1589 latentem
2742 1536 3078 1591 occultarum
3136 1537 3410 1592 rationum

1845 1622 1952 1675 vim
1996 1624 2242 1692 producit
2282 1626 2335 1681 in
2366 1625 2570 1690 lucem,
2615 1628 2798 1698 lingua
2834 1627 3157 1700 Egyptiaca
3207 1629 3412 1684 dicitur

1844 1715 2018 1769 Amon
2059 1724 2366 1792 :quatcnus
2389 1730 2520 1771 vero
2543 1717 2757 1783 perlicit
2800 1721 2982 1774 omnia
3042 1734 3249 1774 summa
3289 1732 3411 1774 cum

1850 1804 2077 1859 veritate
2129 1815 2183 1860 et
2233 1817 2372 1874 arte,
2427 1818 2628 1862 vocant
2685 1825 2807 1865 eum
2858 1810 3034 1865 Phtha
3089 1831 3100 1865 :
3144 1821 3414 1881 quatenus

175 1884 258 1938 τοῦ
285 1886 536 1958 ἐνότητος
577 1890 756 1960 μένων
783 1908 797 1921 ·
833 1893 1184 1967 παράδειγμα
1208 1870 1266 1950 δὲ
1300 1870 1508 1969 ἴδρῦται
1538 1870 1627 1953 τοῦ
1654 1903 1731 1955 αῦ-

1852 1910 1978 1951 vero
2007 1899 2269 1954 bonorum
2313 1898 2504 1954 artifex
2547 1909 2648 1966 est,
2688 1903 2886 1959 dicitur
2928 1901 3136 1970 Osiris;
3171 1904 3414 1973 aliasque

174 1974 484 2047 τοπάτορος,
514 1977 825 2047 αὖτογόνου,
868 1982 960 2035 καὶ
1006 1986 1372 2058 μονοπάτορος
1420 1989 1576 2043 Θεοῦ.
1607 1993 1741 2045 Μεῖ-

175 2063 258 2128 ζον
289 2068 398 2139 γάρ
447 2087 498 2122 τι
528 2072 621 2124 καὶ
661 2073 893 2144 πρῶτον,
929 2078 1023 2130 καὶ
1053 2078 1201 2148 πηγὴ
1229 2079 1337 2132 τῶν
1376 2083 1607 2150 πάντων,
1647 2086 1740 2139 καὶ

175 2158 386 2232 πυθμὴν
409 2163 516 2216 τῶν
531 2167 832 2236 νοουμένων
866 2168 1093 2240 πρώτων
1127 2171 1280 2225 εἰδῶν
1310 2173 1740 2231 Mrem/Primum

174 2249 305 2307 istud
341 2254 672 2324 principium
720 2269 874 2314 vocat
920 2262 1255 2329 Mercurius,
1300 2264 1606 2322 Jamblieho
1640 2283 1739 2323 au-

171 2352 311 2399 ctore
342 2346 412 2410 ³⁸,
446 2348 678 2416 primum
727 2353 1006 2420 exemplar
1034 2363 1090 2408 et
1124 2355 1356 2425 Eicton;
1391 2358 1442 2412 in
1488 2375 1614 2429 quo,
1655 2361 1738 2417 in-

170 2439 300 2504 quit,
327 2452 410 2495 eSt
437 2443 669 2511 primum
697 2444 1007 2517 intelligens
1029 2457 1083 2504 et
1121 2451 1349 2519 primmn
1371 2453 1736 2523 intelliglbile,

169 2532 414 2600 quodque
443 2533 558 2588 solo
600 2534 818 2589 silentio
864 2538 1064 2593 colitur
1111 2558 1124 2593 :
1170 2543 1228 2594 ἐν
1263 2534 1307 2609 ᾦ
1334 2544 1397 2614 δὴ
1426 2545 1488 2598 τὸ
1523 2547 1739 2618 πρῶτόν

168 2624 273 2675 ἐστι
299 2625 474 2688 νοοῦν,
504 2627 596 2678 καὶ
623 2629 681 2680 τὸ
710 2629 925 2700 πρῶτον
955 2633 1163 2702 νοητὸν,
1195 2634 1221 2685 ὂ
1245 2634 1306 2705 δὴ
1340 2638 1433 2689 καὶ
1463 2636 1548 2690 διὰ
1579 2641 1738 2710 σιγῆς

168 2717 326 2787 μονῆς
345 2716 727 2789 θεραπεύεται.
768 2721 983 2796 [XXVI]
1022 2726 1093 2780 De
1131 2728 1230 2781 hoc
1257 2727 1420 2783 etiam
1458 2731 1737 2787 oraculum

167 2806 286 2860 illud
333 2811 478 2877 quod
517 2813 618 2865 sub
674 2812 985 2870 Zoroastris
1033 2818 1251 2873 nomine
1307 2821 1731 2880 circumfertur:

170 2899 309 2970 Ἔχει
333 2903 395 2954 τὸ
442 2908 604 2966 νοεῖν,
637 2909 904 2979 πατρικὸν
937 2910 1058 2963 νοῦν
1098 2912 1354 2966 ἐνδιδόναι
1400 2916 1600 2980 πάσαις
1633 2937 1738 2990 πη-

164 2993 277 3054 γαῖς
309 3011 368 3046 τε
431 2996 524 3048 καὶ
568 2997 780 3068 ἀρχαῖς.
834 3001 987 3054 Ἔστι
1034 3001 1143 3073 γὰρ
1185 3004 1358 3075 πέρας
1400 3007 1492 3059 τοῦ
1542 3025 1737 3079 πατρι-

163 3084 248 3136 κοῦ
298 3085 481 3155 βυθοῦ,
529 3090 622 3142 καὶ
671 3091 819 3162 πηγὴ
853 3092 958 3146 τῶν
991 3095 1190 3167 νοερῶν
1212 3137 1226 3161 ,
1265 3098 1398 3168 μηδὲ
1431 3100 1729 3170 προῆλθεν,

1845 1990 2306 2048 denominationes
2369 2007 2588 2068 propter
2654 1998 2792 2052 alias
2863 1997 3093 2052 virtutes
3165 1998 3406 2052 habet.)

1856 2080 1915 2134 Ὀ
1946 2081 2052 2153 γὰρ
2074 2083 2458 2158 δημιουργικὸς
2479 2089 2619 2154 νοῦς,
2653 2092 2745 2144 καὶ
2773 2090 2872 2160 τῆς
2901 2089 3151 2160 ἀληθείας
3181 2091 3414 2161 προπά-

1843 2189 1960 2244 της,
1987 2177 2080 2229 καὶ
2116 2179 2324 2247 σοφίας,
2357 2183 2646 2252 ἐρχόμενος
2682 2183 2778 2253 μὲν
2805 2183 2896 2234 ἐπὶ
2925 2183 3158 2251 γένεσιν,
3189 2185 3282 2235 καὶ
3311 2182 3410 2252 τὴν

1842 2265 2022 2335 ἀφανῆ
2070 2268 2178 2323 τῶν
2229 2274 2624 2344 κεκρυμμένων
2662 2273 2834 2342 λόγων
2881 2273 3107 2345 δύναμιν
3163 2277 3243 2337 εἰς
3293 2274 3408 2342 φῶς

1842 2357 2020 2424 ἄγων·
2052 2357 2230 2429 Ἀμῶν
2322 2361 2459 2414 κατὰ
2492 2361 2588 2434 τὴν
2632 2363 2739 2416 τῶν
2789 2363 3100 2431 Αἰγυπτίων
3158 2361 3409 2429 γλῶσσαν

1842 2447 2057 2517 λέγεται
2087 2490 2100 2512 ,
2136 2453 2398 2507 συντελῶν
2425 2454 2480 2507 δὲ
2503 2456 2744 2524 ἀψευδῶς
2770 2457 2994 2518 ἕκαστα,
3028 2457 3121 2509 καὶ
3147 2454 3408 2524 τεχνικῶς

1846 2545 1959 2612 μετ’
1985 2544 2256 2615 ἀληθείας,
2279 2547 2409 2601 Φθά·
2441 2547 2656 2615 ἀγαθῶν
2683 2547 2740 2601 δὲ
2768 2547 3046 2620 ποιητικὸς
3066 2545 3162 2609 ὢν,
3193 2547 3406 2614 Ὄσιρις

1842 2636 2120 2708 κέκληται,
2150 2641 2242 2692 καὶ
2266 2639 2426 2702 ἄλλας
2461 2639 2524 2692 δι’
2566 2640 2727 2703 ἄλλας
2757 2641 3010 2709 δυνάμεις
3048 2656 3106 2691 τε
3139 2638 3228 2691 καὶ
3255 2639 3408 2707 éVeP‘

1841 2747 1900 2798 γε
1910 2732 1993 2794 ίας
2027 2732 2205 2785 ὲπωνυ
2215 2733 2342 2802 μίας
2368 2731 2500 2803 ἔχει.

1909 2846 1999 2899 57.
2033 2845 2170 2904 Hinc
2227 2859 2416 2918 aperte
2460 2849 2733 2920 colligitur
2774 2851 3138 2906 Jamblichum
3192 2851 3406 2923 (eadem

1838 2950 1918 2994 est
1947 2939 2144 2996 Plotini
2184 2943 2430 2996 doctrina
2466 2943 2630 3008 Enn.,
2662 2944 2756 3001 lib.
2786 2959 2836 3009 ν,
2876 2961 2997 3014 cap.
3028 2945 3082 3012 5)
3118 2945 3250 2998 duos
3297 2945 3405 3012 pri-

1841 3045 1955 3086 mos
1985 3031 2115 3086 deos
2144 3041 2410 3098 statuere,
2455 3033 2753 3102 iisdemque
2789 3035 3197 3088 characteribus
3237 3036 3304 3087 ab
3339 3048 3406 3088 eo

1838 3122 2146 3193 designari,
2215 3123 2412 3192 quibus
2473 3123 2703 3193 Bythum
2772 3131 2826 3180 et
2877 3124 2991 3180 Nun
3045 3124 3403 3195 designabant

158 3175 265 3228 ἀλλ’
296 3177 511 3248 ἔμεινεν
551 3183 612 3234 ἐν
637 3182 714 3253 τῷ
743 3186 992 3257 πατρικῷ
1027 3187 1172 3259 βυθῷ
1193 3229 1209 3253 ,
1247 3192 1340 3244 καὶ
1367 3194 1424 3246 ἐν
1453 3194 1530 3266 τῷ
1557 3197 1731 3268 ἀδύτῳ

1852 3175 2020 3193 ηυγ
2390 3175 2410 3178 -
2777 3175 2823 3180 ν
2877 3175 2991 3180 -.μ

1842 3212 2206 3270 Valentiniani
2241 3234 2254 3269 :
2285 3216 2421 3271 adeo
2461 3226 2519 3271 ut
2570 3233 2635 3273 ex
2688 3219 2874 3273 eodem
2927 3219 3073 3272 fonte
3122 3217 3403 3272 hauserint

159 3267 291 3319 κατᾶ
325 3271 423 3340 τὴν
471 3271 847 3344 θεοθρέμμονα
899 3279 1073 3349 σιγήν.
1143 3280 1312 3336 Habet
1361 3285 1475 3351 ipsa
1522 3267 1725 3342 intelli-

159 3364 326 3427 gentia
381 3371 657 3424 paternam
719 3364 948 3421 Mentem
993 3370 1172 3426 indere
1211 3374 1452 3428 omnibus
1499 3377 1731 3446 fontibus

157 3461 200 3504 et
222 3455 512 3522 principiis.
544 3457 636 3510 Est
663 3458 785 3525 finis
815 3459 1075 3530 Profundi
1102 3471 1328 3534 paterni,
1358 3479 1406 3523 et
1429 3470 1545 3536 fons
1571 3474 1731 3528 intel-

156 3542 453 3608 ligibilium.
517 3548 697 3620 Neque
745 3554 963 3617 prodiit.
1015 3557 1105 3609 sed
1156 3561 1348 3618 mansit
1407 3562 1463 3614 in
1508 3574 1730 3630 paterno

157 3631 449 3706 Profunda,
501 3651 550 3693 et
599 3642 653 3694 in
694 3644 853 3712 adyto
899 3660 991 3713 per
1033 3648 1269 3702 divinum
1311 3650 1602 3709 silentium.
1653 3655 1732 3712 Ex

153 3729 344 3797 quibus
374 3731 661 3786 evidenter
697 3745 844 3802 patet
889 3752 988 3792 nec
1033 3737 1187 3812 Bythi
1227 3756 1443 3806 nomen,
1492 3749 1732 3812 supremi

153 3834 212 3875 ac
241 3822 404 3891 primi
441 3825 559 3889 Dei,
605 3823 844 3881 Aiouum
884 3831 1124 3885 omnium
1156 3831 1324 3886 fontis
1366 3849 1428 3888 ac
1461 3840 1729 3904 parentis,

154 3927 246 3968 nec
280 3929 392 3968 rem
437 3917 658 3969 nomine
702 3918 1068 3987 signiﬁcatam
1106 3924 1516 3993 antiquissimos
1554 3931 1732 3997 philos

154 4007 350 4073 sophos
411 4007 663 4061 latuisse.
718 4008 950 4079 Bytlmm
1010 4029 1204 4082 nempe
1255 4030 1350 4069 seu
1398 4016 1730 4077 Profundum

153 4098 439 4164 vocabant,
477 4100 546 4153 ob
574 4100 838 4167 inﬁnitas,
863 4106 1060 4172 quibus
1088 4107 1314 4175 gaudet,
1344 4109 1729 4181 perfectiones,

154 4199 378 4253 quarum
412 4191 657 4245 omnium
689 4191 1029 4251 altitudinem
1056 4201 1377 4256 immensam
1407 4205 1551 4259 nulla
1578 4223 1733 4264 mens

151 4291 331 4337 creata
384 4284 682 4354 explorare
736 4289 895 4346 valet.
954 4291 1088 4346 Rem
1145 4297 1417 4366 eamdem,
1469 4301 1560 4355 sed
1605 4302 1730 4357 aliis

151 4376 338 4442 verbis,
365 4391 468 4446 pro
496 4394 650 4434 more
677 4395 799 4447 suo,
827 4385 1211 4454 exprimebant
1238 4401 1434 4456 poetae,
1463 4392 1732 4464 ﬁngentes

148 4478 209 4518 ex
232 4466 445 4522 Oceano
475 4479 634 4525 natos
663 4487 782 4527 esse
829 4476 963 4532 deos
1026 4493 1240 4536 omnes.
1285 4483 1487 4540 Oceani
1531 4488 1728 4559 quippe

1835 3321 2047 3374 omnes,
2089 3322 2156 3361 ex
2199 3306 2512 3380 Egyptiaca
2567 3310 2778 3366 scilicet
2820 3319 2872 3364 et
2919 3309 3211 3369 Chaldaica
3253 3311 3405 3368 theoa

1838 3397 1996 3471 logia.
2029 3399 2115 3454 cui
2145 3414 2366 3466 operam
2405 3411 2739 3457 navaverunt
2770 3401 3061 3469 Platonici,
3097 3403 3133 3458 ii
3168 3416 3401 3469 praeser-

1838 3490 1933 3542 tim
1965 3490 2055 3559 qui
2085 3505 2114 3542 e
2144 3491 2323 3546 schola
2359 3493 2723 3551 Alexandrina
2773 3495 3124 3563 prodierant.
3173 3493 3228 3546 ιιι
3269 3508 3401 3551 vero

1837 3592 2193 3650 utrorumque
2233 3582 2497 3650 principia
2523 3593 2578 3637 et
2620 3584 2903 3653 Opiniones
2951 3599 3132 3639 secum
3167 3585 3399 3660 invicem

1837 3673 2135 3728 conferenti
2167 3676 2514 3735 manifestum
2544 3677 2653 3733 fiet.
2682 3677 2929 3734 Aliirmat
2957 3679 3313 3743 Jamblicbus,
3333 3697 3400 3737 ex

1839 3763 2215 3834 Egyptiorum
2260 3769 2565 3834 sententia,
2619 3769 2852 3838 primum
2910 3771 3076 3832 Deum
3121 3771 3402 3839 principiis

1835 3856 2082 3912 omnibus
2123 3871 2187 3912 ac
2231 3858 2414 3917 rebus.
2448 3858 2561 3928 ipso
2608 3860 2768 3914 etiam
2803 3861 2978 3930 primo
3020 3861 3130 3915 Deo
3165 3877 3228 3918 ac
3274 3876 3400 3932 rege

1836 3949 2070 4014 priorem
2107 3962 2247 4008 esse,
2280 3949 2331 4003 in
2367 3951 2593 4004 Monade
2638 3953 2861 4007 unitatis
2902 3968 3012 4007 sua:
3055 3968 3398 4023 permanere,

1837 4040 2038 4095 fontem
2061 4042 2302 4096 omnium
2337 4057 2458 4096 esse
2485 4053 2541 4098 et
2575 4045 2814 4098 radicem
2855 4046 3095 4100 omnium
3132 4044 3398 4114 intelligi-

1837 4132 2021 4185 bilium
2067 4132 2366 4201 primarum
2415 4135 2678 4199 idearum,
2721 4146 2826 4191 etc.
2877 4136 2999 4192 lltec
3031 4137 3218 4192 eadem
3270 4146 3398 4192 sunt

1835 4237 1956 4292 quae
1982 4221 2154 4291 Bytho
2179 4238 2277 4278 suo
2303 4225 2544 4285 tribuunt
2576 4227 2964 4282 Valentiniani.
3003 4229 3194 4282 Dicunt
3228 4232 3395 4294 enim,

1836 4317 2036 4371 lrenzeo
2091 4326 2227 4373 teste
2261 4318 2326 4381 ⁸⁷,
2376 4335 2487 4372 esse
2525 4321 2802 4388 quemdam
2853 4323 2906 4375 in
2953 4322 3308 4375 inuisibilibus
3348 4330 3398 4376 et

1835 4410 2273 4464 inenarrabilibus
2335 4412 2703 4466 altitudinibus
2770 4413 3059 4482 perfectum
3132 4413 3394 4480 /Eonem,

1835 4503 2093 4572 προόντα,
2120 4504 2210 4572 qui
2238 4514 2356 4556 ante
2389 4504 2515 4572 fuit,
2546 4521 2698 4575 quem
2727 4505 2872 4560 nulla
2901 4523 2978 4560 res
3005 4523 3185 4575 capere
3208 4509 3393 4574 possit,

149 4561 376 4623 nomine,
408 4563 565 4629 cuius
596 4565 828 4622 altitudo
871 4569 1292 4637 profundissima
1331 4588 1434 4639 est.
1483 4578 1718 4652 Bytbum
1761 4564 1805 4619 Β
1833 4561 2169 4658 inuisibilem,
2207 4561 2602 4662 sempiternum,
2636 4605 2684 4650 et
2715 4597 3026 4665 ingenitum,
3056 4610 3102 4651 et
3132 4600 3186 4651 in
3223 4599 3395 4667 quiete

149 4648 312 4718 ipsum
343 4668 438 4740 δεμ
477 4655 810 4713 Profundum
840 4661 1295 4732 philosophorum
1330 4648 1712 4740 designabant.

146 4743 198 4797 2°
249 4745 332 4801 Ex
387 4726 490 4803 lioc
539 4764 646 4805 uno
681 4761 872 4820 sponte
915 4754 1183 4812 eﬂ‘ulsisse
1242 4760 1312 4814 ait
1369 4726 1708 4820 .lamblicbus

146 4836 303 4894 Deum
329 4840 434 4897 sibi
467 4841 853 4911 subicientem;
882 4849 971 4918 qui
1003 4853 1232 4916 proinde
1266 4865 1348 4910 est
1394 4858 1475 4912 sui
1524 4859 1712 4929 Pater,

146 4939 191 4984 et
254 4933 614 5002 principium.
675 4936 771 4991 Est
831 4940 975 4994 cnim
1033 4941 1122 4998 hic
1167 4952 1220 4998 et
1268 4947 1618 5020 principium,
1657 4967 1714 5011 et

146 5022 554 5099 Deusﬁeorum,
596 5030 776 5085 unitas
824 5047 891 5087 ex
929 5049 1064 5100 uno,
1109 5043 1607 5114 superessentialis,
1657 5062 1714 5105 et

145 5123 386 5177 essentia
434 5124 761 5194 principium
798 5143 812 5180 :
848 5144 971 5184 nam
1027 5133 1094 5185 ab
1134 5145 1199 5188 eo
1264 5147 1458 5192 natura
1522 5151 1604 5195 est
1658 5153 1713 5197 et

146 5213 408 5280 essentia;
441 5223 496 5268 et
535 5228 820 5286 propterea
858 5217 1189 5287 Noetarcha,
1227 5239 1321 5279 seu
1369 5227 1709 5299 intelligibile

148 5302 460 5371 principium
483 5318 711 5362 vocatur
742 5310 879 5363 τάπὸ
902 5311 957 5365 δὲ
980 5314 1072 5366 τοῦ
1100 5316 1216 5380 ἐνὸς
1245 5317 1436 5372 τούτου
1458 5323 1485 5374 ὁ
1510 5323 1712 5395 αὐτάρ-

147 5409 239 5464 κης
265 5399 399 5463 θεὸς
431 5402 623 5459 ἑαυτὸν
663 5403 949 5478 ἐξέλαμψε,
992 5409 1071 5462 διὸ
1101 5413 1192 5464 καὶ
1226 5415 1554 5490 αὐτοπάτωρ
1573 5459 1587 5483 ,
1619 5421 1714 5474 καὶ

146 5486 412 5562 αὐτάρκης
438 5495 540 5561 (sic
587 5495 725 5564 lego,
774 5513 876 5552 non
906 5501 1224 5574 αὐτάρκης)·
1255 5506 1396 5579 ἀρχὴ
1434 5486 1542 5580 γὰρ
1563 5505 1717 5577 οὗτος

145 5580 225 5632 καὶ
267 5580 401 5646 Θεὸς
448 5586 619 5639 θεῶν·
670 5588 834 5658 μονὰς
880 5593 944 5646 ὲκ
967 5594 1061 5648 τοῦ
1088 5598 1225 5664 ἑνὸς,
1267 5601 1574 5671 προούσιος,
1622 5606 1715 5658 καὶ

143 5673 271 5743 ἀρχή
332 5675 435 5745 τῆς
477 5678 700 5744 οὐσίας’
747 5684 840 5736 ἀπ’
876 5687 1036 5742 αὐτοῦ
1079 5689 1187 5762 γὰρ
1239 5693 1555 5767 ἡούσιότης
1622 5698 1714 5756 καὶ

232 5857 274 5896 ἰ’
311 5857 440 5927 Cap.
473 5861 526 5914 2.
628 5864 671 5894 "
698 5860 859 5932 lrcn.,
896 5865 984 5921 lib.
1015 5884 1052 5933 I,
1085 5885 1129 5923 c.
1161 5870 1207 5924 ι.

1829 4686 1996 4739 multa
2028 4685 2191 4754 fuisse
2219 4686 2443 4755 inﬁnitis
2475 4689 2703 4742 aniculis.
2767 4690 2894 4756 Qum
2921 4691 3165 4759 apprime
3193 4705 3394 4744 convc—

1828 4772 1982 4826 niunt
2014 4790 2028 4827 :
2062 4775 2265 4829 arctius
2317 4775 2491 4830 adhuc
2546 4777 2820 4832 cohaerere
2873 4779 3289 4847 deprehendes,
3347 4782 3392 4836 si

1825 4865 2077 4920 conferas
2102 4865 2393 4936 Epiphanis
2432 4870 2784 4933 sententiam,
2827 4887 2988 4940 quam
3026 4875 3247 4941 exponit
3286 4873 3392 4928 lrc~

1814 4959 1971 5014 'nazus
2019 4974 2140 5027 cap.
2187 4959 2244 5012 Η
2295 4978 2308 5014 :
2360 4959 2452 5013 Εδι
2496 4962 2764 5030 qua'daiu,
2812 4964 3014 5026 aiebat,
3057 4976 3176 5018 ante
3213 4982 3387 5020 omnes

1828 5049 2116 5117 Proarche,
2149 5065 2588 5121 proanennoetos.
2631 5064 2680 5107 ct
2717 5057 3111 5122 inenarrabilis,
3156 5069 3202 5111 et
3233 5061 3387 5124 inno-

1821 5143 2120 5207 minabilis,
2175 5158 2332 5214 quam
2391 5161 2484 5212 ego
2540 5144 2854 5200 Monotelem
2906 5165 3054 5206 voco.
3106 5149 3236 5204 Cum
3291 5153 3387 5205 hac

1824 5233 2090 5289 Monotete
2119 5249 2190 5290 est
2223 5239 2405 5300 tirtus,
2436 5254 2594 5306 quam
2623 5248 2671 5300 et
2705 5241 2873 5307 ipsam
2897 5257 3020 5295 voco
3054 5241 3382 5300 Henotetem.

1822 5328 2037 5382 Primus
2061 5343 2192 5398 ergo
2214 5327 2499 5386 Jamblichi
2534 5332 2694 5397 Deus,
2742 5333 3026 5402 principiis
3058 5338 3306 5389 omnibus
3333 5348 3386 5391 et

1823 5421 2007 5485 rebus,
2058 5421 2173 5498 ipso
2212 5424 2375 5478 etiam
2420 5425 2591 5492 primo
2651 5439 2780 5494 rege
2818 5427 2967 5494 prior
3008 5437 3111 5481 est.
3167 5429 3383 5486 Pritnns

1821 5513 2322 5571 Valentinianorum
2375 5518 2534 5582 Dens,
2595 5519 3025 5586 perfectissimus
3082 5521 3220 5576 Eon
3277 5533 3379 5588 est,

1819 5605 2021 5676 προὼν,
2055 5609 2212 5661 rebus
2247 5610 2497 5665 omnibus
2528 5614 2928 5678 prmcxsistens,
2976 5613 3249 5669 Proarchc
3287 5632 3383 5671 seu

1817 5698 2050 5767 primum
2083 5701 2404 5771 principium
2444 5704 2587 5772 quod
2638 5717 2762 5760 ante
2818 5706 2996 5760 omnia
3040 5719 3140 5773 est,
3192 5711 3384 5780 sempiu
