4180 6332
740 377 809 432 53
1519 367 2109 427 DISSERTA'I'IONES
2148 368 2235 424 PR
2249 366 2461 425 .EVL‘E
2501 366 2568 422 IN
2609 363 2868 422 IRENEI
2903 361 3168 419 LIBROS.
3909 363 3977 421 ω

738 499 949 557 ternus,
1007 491 1307 562 ingenitus,
1379 488 1666 560 Propalor,
1723 490 1842 559 ipso
1895 490 2125 560 proinde
2171 489 2252 544 Nu
2280 531 2295 555 ,
2327 496 2377 552 Α
2478 488 2570 546 58.
2608 487 2686 542 Ex
2715 486 2892 556 primo
2917 485 3028 540 Deo
3058 491 3249 554 sponte
3298 484 3590 540 emicuisse
3617 482 3979 539 vultJambll-

738 597 899 654 quem
932 580 1142 637 Patrem
1189 592 1235 637 et
1276 583 1489 636 initium
1529 583 1764 636 omnium
1805 584 2081 650 dicebant,
2132 584 2298 652 prior.

740 674 1028 730 Jamblichi
1059 674 1195 729 Deus
1220 672 1341 729 fons
1374 673 1612 728 omnium
1636 665 1744 740 est,
1773 681 1829 730 et
1859 675 2017 729 radix‘
2055 675 2298 729 omnium

739 764 1160 835 intelligibilium
1196 763 1496 834 primarum
1531 765 1795 832 idearum,
1829 767 2064 834 primum
2100 764 2303 820 intelli-

737 869 890 923 gens,
927 863 982 909 et
1019 856 1252 925 primum
1295 854 1648 925 intelligibile,
1697 864 1768 920 et,
1807 863 1864 910 ut
1897 857 2046 910 aiunt
2081 855 2300 910 oracula

737 945 1045 1013 Cltaldaica,
1069 945 1224 1018 Πηγὴ
1250 945 1459 1018 πηγῶν,
1481 947 1669 1017 πηγῶν
1692 948 1940 1014 ἀπασῶν,
1983 949 2162 1020 μήτρα
2181 964 2302 1000 συν-

737 1034 936 1105 έχουσα
970 1036 1034 1090 τὰ
1063 1038 1274 1102 πάντα,
1325 1036 1468 1093 Fons
1505 1039 1750 1109 fontium,
1799 1050 1850 1092 et
1899 1040 2130 1092 omnium
2183 1038 2303 1107 [on-

736 1130 907 1194 tium,
962 1130 1160 1183 matria:
1220 1130 1492 1186 continens
1546 1130 1742 1185 omnia.
1801 1131 2300 1186 Valentinianorum

734 1217 902 1284 lteus,
945 1221 1154 1288 primus
1203 1218 1323 1275 fons
1373 1230 1430 1276 et
1483 1221 1639 1275 radix
1693 1221 1882 1291 prima:
1917 1219 2131 1286 Mentis,
2166 1218 2298 1286 Νοῦ,

736 1310 998 1367 Veritatis
1045 1320 1098 1365 et
1132 1309 1320 1378 Verbi,
1364 1327 1473 1369 uno
1518 1313 1686 1367 verbo
1731 1313 1896 1367 totius
1944 1311 2302 1383 intelligibilis

734 1406 943 1466 mundi,
979 1420 1074 1460 seu
1107 1404 1450 1461 Pleromatis.
1499 1405 1715 1461 Primus
1754 1406 1918 1471 Deus,
1959 1420 2026 1461 ex
2060 1407 2301 1463 oraculis

735 1495 1065 1560 Chaldaicis,
1091 1507 1176 1552 est
1206 1497 1480 1569 quoddam
1518 1497 1878 1569 intelligibile,
1923 1499 2068 1568 quod
2103 1501 2301 1554 mentis

735 1589 866 1644 ﬂore
898 1591 1299 1661 percipiendum
1334 1600 1444 1656 est;
1481 1591 1548 1644 ad
1579 1590 1722 1660 quod
1751 1590 2154 1659 intelligendum
2189 1593 2301 1647 vio-

731 1679 910 1735 lenter
943 1683 1258 1740 enitendum
1287 1699 1391 1736 non
1425 1683 1515 1746 sit,
1566 1682 1662 1737 sed
1701 1681 1896 1737 intima
1932 1684 2127 1738 mentis
2159 1684 2298 1750 acie,

735 1788 856 1841 quae
915 1777 1096 1830 omnia
1163 1777 1415 1840 metitur,
1476 1784 1677 1846 praeter
1739 1775 2088 1846 intelligibile
2150 1775 2300 1830 illud.

2405 579 2540 634 chus
2559 578 2724 632 Deum
2754 577 2856 632 sibi
2891 574 3268 639 sufﬁcientem,
3292 574 3374 627 sui
3403 571 3618 626 Patrem
3655 579 3707 626 et
3737 569 3977 644 [Χχνιι]

2403 669 2751 742 principium,
2819 665 3053 721 Mentem
3119 665 3353 734 seipsam
3412 663 3832 733 intelligentem,
3912 672 3974 717 et

2404 760 2537 814 alias
2572 756 2966 812 intellectiones
3018 755 3084 810 ad
3143 769 3202 809 se
3236 759 3669 818 convertentem,
3736 751 3978 807 Mentem

2404 851 2695 907 secundam
2741 856 2792 901 et
2847 847 3042 902 Mentis
3091 853 3347 911 mentem,
3408 853 3465 897 ut
3510 854 3711 898 vocant
3754 841 3979 898 oracula

2403 943 2711 1000 Chaldaiea.
2734 941 2776 994 A
2808 938 3309 995 Valentinianorum
3342 936 3517 1007 Bytho
3556 936 3753 1004 prodiit
3776 949 3974 989 secun-

2404 1036 2504 1088 dus
2561 1032 2721 1095 Ᾱῖοη,
2775 1046 2940 1100 quem
2978 1030 3142 1084 etiam
3193 1024 3335 1080 Νοῦν
3376 1025 3661 1080 vocabant.
3711 1022 3821 1078 Nus
3863 1019 3982 1077 Va.

2403 1124 2824 1179 lentinianorum
2887 1121 3028 1194 ἁρχὴ
3058 1121 3309 1182 πάντων,
3345 1118 3561 1171 initium
3602 1116 3837 1170 omnium
3885 1114 3981 1169 di-t

2404 1219 2566 1286 citur,
2603 1212 2718 1287 ἐνῷ
2750 1215 2820 1271 τὰ
2845 1216 3021 1270 πάντα
3060 1216 3088 1266 ὁ
3125 1195 3313 1284 Πατὴρ
3361 1209 3628 1284 προέϐαλε
3677 1224 3984 1280 σπερματιη

2404 1313 2535 1376 κῶς,
2583 1314 2636 1364 in
2672 1328 2772 1382 quo
2819 1310 2976 1363 Pater
3005 1305 3264 1374 praemisit.
3314 1303 3492 1357 omnia
3536 1299 3884 1364 seminaliter,
3918 1305 3980 1352 ut

2407 1405 2560 1460 aiunt
2590 1405 2685 1459 lib.
2728 1420 2771 1467 ι,
2808 1418 2926 1473 cap.
2960 1400 3016 1465 8,
3071 1416 3125 1453 n.
3161 1398 3214 1452 5.
3266 1394 3667 1466 Egyptiorum,
3698 1390 3980 1446 Chaldaso.

2405 1510 2546 1558 rum,
2573 1503 2628 1547 et
2660 1493 3072 1548 Platonicorum
3115 1486 3228 1542 Nus
3274 1485 3619 1555 principium
3675 1489 3808 1546 est,
3836 1478 3984 1534 Deus

2405 1588 2651 1650 deorum,
2707 1583 3017 1639 Noetarcha
3075 1596 3171 1636 seu
3212 1576 3557 1647 intelligibile
3601 1571 3974 1644 principium,

2403 1679 2656 1736 essentia:
2677 1677 3022 1747 principium,
3058 1689 3088 1730 a
3115 1687 3222 1742 quo
3252 1670 3427 1726 omnis
3471 1676 3662 1722 natura
3702 1671 3857 1720 estet
3889 1673 3982 1717 esu

2406 1771 2604 1836 sentis,
2627 1770 2735 1826 dux
2773 1768 3072 1824 caelestium
3124 1765 3369 1825 deorum,
3442 1773 3707 1827 mensque
3767 1754 3976 1824 opifex.

740 1865 894 1919 Ἐστι
928 1867 1035 1937 γάρ
1061 1885 1112 1920 τι
1140 1868 1324 1940 νοητὸν
1347 1909 1361 1933 ,
1384 1869 1412 1921 ὃ
1431 1844 1532 1940 χρή
1560 1886 1617 1921 σε
1643 1871 1781 1922 νοεῖν
1810 1844 1942 1920 νόου.
1963 1867 2132 1933 ἄνθει,
2159 1867 2217 1920 οὐ
2243 1867 2306 1940 δὴ

2409 1864 2565 1930 Nam,
2595 1873 2654 1917 ut
2689 1861 2891 1916 habent
2917 1857 3145 1915 oracula
3177 1853 3491 1918 Chaldaica,
3521 1850 3705 1906 Πάντα
3731 1848 3838 1940 γὰρ
3866 1844 3981 1940 ἐξε-

735 1955 840 2028 χρὴ
865 1957 1177 2029 σφοδρότητι
1194 1962 1332 2012 νοεῖν
1346 1959 1405 2012 τὸ
1420 1959 1604 2030 νοητὸν
1620 1961 1811 2024 ἐκεῖνο,
1827 1958 1959 2013 ἀλλὰ
1975 1959 2094 2014 νόου
2110 1957 2304 2012 ταναοῢ

733 2053 902 2120 ταναῇ
929 2050 1104 2120 φλογὶ,
1128 2053 1302 2105 πάντα
1334 2052 1629 2125 μετρούσῃ,
1649 2053 1786 2125 πλὴν
1811 2054 1872 2106 τὸ
1899 2055 2085 2124 νοητὸν
2108 2055 2302 2108 ἐκεῖνο.

735 2138 976 2196 Primum
1025 2142 1189 2198 Deum
1241 2159 1306 2198 ex
1366 2145 1754 2200 Valentinianis
1795 2145 1938 2200 nulla
1983 2160 2071 2200 res
2113 2160 2306 2215 capere

735 2242 939 2304 potest,
1024 2235 1587 2307 incomprehensibilis
1670 2247 1773 2304 est,
1849 2247 2304 2307 proanennoetos,

735 2321 1140 2390 Inenarrabilis,
1172 2314 1600 2383 innominabilis.
1628 2327 1748 2394 llic,
1792 2342 1859 2382 ex
1895 2326 2213 2394 Platonicis,
2252 2331 2305 2383 in

736 2418 1111 2489 singularitate
1156 2419 1381 2475 unitatis
1435 2433 1547 2474 suae
1597 2428 1806 2486 manet,
1836 2422 1897 2477 ὲν
1930 2419 2183 2491 μονότητι
2208 2421 2307 2492 τῆς

736 2510 930 2564 ἑαυτοῦ
957 2510 1208 2583 ἑνότητος.
1232 2510 1425 2582 μένων.
1487 2510 1563 2564 Ex
1592 2511 1869 2580 Epiphane
1901 2525 2024 2565 vero
2062 2505 2304 2566 Monotes

736 2613 841 2667 est,
884 2619 1006 2658 cum
1042 2618 1146 2672 qua
1185 2612 1271 2658 est
1318 2603 1486 2658 virtus
1530 2618 1649 2672 quae
1691 2603 1891 2658 dicitur
1932 2602 2185 2659 IIenotes.
2224 2603 2306 2658 Ex

737 2694 953 2762 Marco,
999 2695 1148 2764 cujus
1197 2698 1522 2751 sententiam
1568 2697 1789 2766 exponit
1831 2696 2067 2758 lrentcus
2119 2697 2214 2752 lib.
2262 2713 2300 2764 ι,

736 2802 856 2857 cap.
885 2786 978 2853 15,
1006 2804 1060 2841 n.
1087 2788 1142 2850 l,
1193 2787 1259 2856 τῆ
1294 2785 1545 2856 μονότητι
1577 2789 1908 2859 συνυπάρχει
1949 2789 2150 2858 ἑνότης,
2183 2805 2304 2843 cum

735 2880 1110 2951 singularitate
1172 2880 1351 2935 unitas
1393 2878 1624 2934 exsistit.
1660 2877 2056 2934 Valentinianis
2103 2879 2306 2949 Bythus

735 2983 840 3035 est,
864 2989 984 3028 cum
1017 2987 1124 3043 quo
1153 2971 1255 3028 fuit
1284 2981 1340 3027 et
1371 2971 1600 3036 Ennaea,
1636 2987 1757 3028 cum
1798 2988 1903 3042 qua
1933 2982 1986 3027 et
2015 2986 2110 3042 per
2142 2987 2305 3042 quam

735 3064 854 3119 Nun
879 3076 932 3119 et
969 3064 1291 3130 Veritatem,
1320 3071 1635 3119 caeterorum
1679 3061 1916 3117 .Eonum
1957 3061 2217 3133 principia
2254 3071 2308 3118 et

735 3157 936 3224 fontes,
973 3155 1174 3210 emisit.
1201 3152 1510 3208 Chaldaicis
1557 3152 1792 3209 oraculis
1831 3145 2163 3208 Profundum
2196 3162 2300 3217 est,

736 3249 791 3303 in
828 3263 933 3318 quo
966 3258 1049 3309 est
1100 3247 1335 3317 primum
1379 3245 1686 3316 intelligens
1727 3253 1781 3300 et
1833 3245 2068 3314 primum
2101 3237 2306 3300 intelli-

737 3340 925 3409 gibile,
953 3339 1012 3393 ἐν
1123 3339 1183 3392 τὸ
1227 3337 1440 3412 πρῶτόν
1480 3339 1595 3393 ἐστι
1622 3336 1793 3404 νοοῦν,
1831 3339 1924 3392 καὶ
1979 3338 2038 3391 τὸ
2092 3337 2304 3410 πρῶτον

737 3434 947 3505 νοητὸν,
989 3448 1110 3488 cum
1167 3447 1276 3504 quo
1327 3429 1676 3500 intelligentia
1728 3441 1832 3496 est,
1882 3431 1942 3484 τὸ
1992 3433 2132 3487 νοεῖν
2185 3429 2306 3484 linis

736 3526 996 3582 Profundi
1023 3527 1231 3596 paterni
1261 3535 1318 3581 et
1351 3526 1473 3582 fons
1505 3524 1949 3595 iutelligibilium,
1989 3538 2094 3592 quo
2127 3511 2309 3592 pater-

739 3638 866 3676 nam
903 3631 1134 3676 mentem
1166 3621 1419 3676 omnibus
1455 3619 1693 3673 fontibus
1719 3625 1774 3673 et
1810 3615 2202 3686 principatibus
2227 3616 2309 3670 in-

741 3710 896 3768 didit.
943 3710 1148 3767 Ennoea
1202 3710 1595 3766 Valentinianis
1641 3708 1841 3764 dicitur
1891 3716 1946 3763 et
1999 3706 2147 3777 Sige,
2208 3721 2306 3762 seu

740 3807 1034 3863 silentium.
1081 3805 1402 3876 Eapropter,
1451 3804 1655 3861 Irenaeo
1687 3812 1844 3867 teste,
1872 3802 1968 3856 lib.
2003 3818 2081 3869 tv,
2120 3819 2170 3857 c.
2213 3802 2305 3870 55,

741 3917 800 3956 ιι.
832 3901 865 3954 ι
895 3919 907 3953 :
963 3898 1243 3954 Silentium
1271 3894 1557 3952 maximam
1596 3912 1703 3951 rem
1731 3912 1841 3951 esse
1872 3897 2013 3965 apud
2051 3897 2308 3964 sapientes

742 3993 996 4047 dicebant
1043 4009 1058 4045 :
1115 4000 1352 4060 oportere
1405 3991 1542 4042 enim
1592 4004 1729 4054 eam,
1785 4004 1902 4057 qua:
1949 3990 2018 4042 sit
2072 4005 2308 4054 sursum,

743 4085 927 4156 Sigen,
961 4102 1054 4156 per
1093 4086 1168 4151 id,
1206 4087 1347 4154 quod
1378 4095 1454 4139 est
1498 4085 1640 4153 apud
1678 4100 1785 4150 eos,
1832 4084 2101 4139 silentium
2130 4083 2311 4152 defor-

741 4179 900 4230 mari.
928 4177 1195 4247 Egyptits
1224 4187 1278 4230 et
1308 4174 1581 4230 Chaldaeis
1611 4175 1807 4230 colitur
1843 4174 1985 4230 Deus
2012 4191 2110 4245 per
2139 4175 2308 4230 solam

745 4270 929 4340 Sigen,
973 4268 1060 4324 διὰ
1102 4269 1260 4340 σιγῆς
1306 4268 1473 4339 μόνης
1517 4285 1532 4322 :
1580 4267 1740 4338 hujus
1790 4267 2144 4337 intelligentia
2195 4276 2312 4321 tan-

744 4375 907 4430 quam
944 4361 996 4414 in
1033 4359 1199 4431 adyto
1256 4358 1526 4414 clauditur
1573 4373 1671 4429 per
1721 4357 1958 4412 divinum
1996 4356 2310 4422 silentium;

741 4452 951 4521 primus
1005 4451 1148 4506 Deus
1196 4450 1485 4521 Egyptiis,
1517 4466 1582 4504 ex
1624 4449 1911 4505 Damascio
1961 4447 2014 4501 in
2063 4446 2196 4501 libro
2241 4445 2313 4500 De

2406 1956 2627 2011 τέλεσσε
2650 1953 2861 2024 Πατὴρ,
2886 1950 2978 2008 καὶ
3011 1948 3105 2019 Νῷ
3133 1945 3413 2018 παρέδωκε
3449 1943 3704 2012 δευτέρῳ.
3725 1939 3837 1993 Νοῦ
3869 1937 3983 2008 γὰρ

2420 2046 2543 2109 νοῦς
2557 2042 2989 2112 ὲστιν,ὁκόσμου
3010 2039 3256 2110 τεχνίτης
3283 2035 3496 2107 πυρίου.
3529 2031 3730 2086 Cuncta
3759 2045 3986 2098 namque

2406 2139 2623 2210 perfecit
2665 2136 2848 2199 Pater,
2899 2143 2949 2189 et
2990 2131 3153 2191 ﬂenti
3197 2128 3421 2184 tradidit
3478 2125 3744 2181 secundas.
3791 2121 3985 2174 Mentis

2406 2233 2544 2285 enim
2576 2247 2718 2285 mens
2740 2239 2839 2295 est,
2877 2242 2996 2297 qua:
3029 2222 3211 2279 mundi
3258 2231 3331 2277 est
3363 2221 3558 2289 artifex
3596 2218 3769 2288 ignei,
3805 2216 3860 2271 id
3893 2225 3982 2271 est

2409 2323 2791 2392 intelligibilis.
2824 2321 2916 2376 Sic
2953 2335 2982 2374 a
3008 2319 3184 2390 Bytho
3204 2317 3405 2389 prodiit
3435 2311 3707 2369 Valentini
3747 2308 3894 2371 Nus,
3922 2318 3985 2363 ut

2410 2429 2589 2473 tamen
2624 2416 2788 2471 Pater
2809 2413 2926 2484 ipse
2949 2412 3023 2468 sit
3049 2419 3104 2466 et
3126 2408 3459 2478 nuigenitus.
3491 2402 3581 2459 Sic
3605 2419 3632 2456 a
3664 2403 3837 2472 primo
3868 2400 3986 2454 Deo

2407 2508 2674 2580 processit
2723 2505 3129 2560 Platonicorum
3185 2501 3316 2566 Nus,
3377 2509 3438 2552 nt
3500 2496 3583 2550 sui
3634 2494 3800 2549 Pater
3833 2491 3985 2548 sitet

2407 2599 2756 2670 principium,
2794 2607 2850 2652 et
2888 2612 2982 2666 per
3010 2610 3069 2651 se
3096 2593 3332 2664 genitus,
3367 2589 3673 2661 αὑτόγονος,
3718 2581 3986 2652 αὐτογένρ

2408 2710 2584 2764 γητος.
2621 2689 2791 2760 Cujus
2815 2689 3033 2759 quidem
3070 2687 3150 2740 rei
3181 2686 3456 2739 rationem
3489 2682 3631 2735 hanc
3661 2677 3818 2733 all'ert
3846 2676 3987 2731 Por-

2408 2787 2632 2857 phyrius
2665 2799 2694 2837 a
2724 2782 2785 2837 S.
2811 2779 3018 2851 Cyrillo
3042 2785 3184 2833 cont.
3209 2772 3418 2832 Julian.
3447 2775 3650 2828 citatus
3679 2787 3749 2826 ex
3783 2770 3879 2824 lib.
3905 2782 3960 2823 tv

2406 2879 2484 2933 De
2507 2879 2630 2931 hist.
2655 2874 2785 2944 phil.
2808 2889 2828 2927 :
2847 2869 3092 2945 Προῆλθε
3120 2869 3177 2924 δὲ
3201 2866 3526 2940 προαιώνιος
3551 2865 3642 2918 ἀπ’
3675 2862 3846 2917 αἰτίου
3885 2859 3990 2914 τοῦ

2407 2967 2541 3023 Θεοῦ
2569 2963 2915 3038 ὡρμημένος,
2941 2959 3331 3030 αὐτογέννητος
3363 2956 3461 3022 ὢν,
3496 2956 3589 3009 καὶ
3634 2952 3985 3023 αὐτοπάτωρ.

2408 3059 2482 3112 Οὑ
2511 3056 2620 3127 γὰρ
2679 3054 2888 3113 ἐκείνου
2944 3048 3261 3121 κινουμένου
3297 3047 3435 3118 πρὸς
3462 3047 3675 3114 γένεσιν
3704 3044 3801 3114 τὴν
3860 3039 3990 3094 τού-

2406 3170 2500 3205 του
2563 3152 2596 3222 ὴ
2663 3147 2888 3220 πρόοδος
2933 3145 3193 3213 γέγονεν,
3243 3139 3377 3194 ἀλλὰ
3393 3138 3579 3201 τούτου
3632 3133 3991 3207 προελθόντος

2406 3242 2711 3312 αὐτογόνως
2731 3242 2797 3292 ὲκ
2838 3235 2995 3291 Θεοῦ.
3052 3233 3323 3289 Processit
3366 3241 3486 3286 ante
3517 3232 3714 3284 swcula
3751 3247 3781 3280 α
3813 3227 3990 3293 primo

2410 3336 2515 3389 Deo
2539 3331 2902 3403 prodiens,qui
2925 3339 2997 3382 est
3019 3342 3112 3398 per
3131 3342 3186 3380 se
3202 3325 3430 3396 genitus,
3454 3323 3637 3392 suique
3663 3318 3844 3372 Pater.
3872 3317 3997 3371 Neo.

2405 3442 2503 3495 que
2515 3426 2650 3480 enim
2676 3423 2770 3477 illo
2797 3439 2851 3476 se
2871 3430 3105 3475 movente
3127 3418 3194 3471 ad
3218 3418 3379 3487 hujus
3403 3415 3788 3486 generationem
3824 3410 3994 3463 emis-

2406 3521 2484 3575 sio
2512 3518 2654 3579 facta
2679 3524 2778 3579 est,
2804 3513 2894 3568 sed
2916 3513 3011 3566 hac
3039 3527 3132 3583 per
3172 3525 3227 3564 se
3262 3509 3550 3580 prodeunte
3603 3522 3636 3558 a
3681 3503 3810 3560 Deo.
3853 3501 4001 3568 Quae

2409 3611 2572 3665 etiam
2623 3607 2762 3662 ratio
2816 3606 2882 3660 ad
2921 3604 3210 3661 Gnosticos
3252 3600 3485 3669 quadrat
3515 3597 3580 3650 “.
3612 3595 3746 3649 Nam
3790 3592 3990 3650 eodem

2408 3701 2523 3755 fere
2550 3699 2709 3754 modo
2733 3696 3058 3753 sententiam
3081 3707 3233 3748 suam
3257 3690 3598 3760 exprimebat
3621 3686 3936 3756 Epiphanes
3968 3698 3986 3738 :

2412 3793 2662 3857 Henotes,
2689 3789 2884 3862 inquit,
2920 3795 2972 3842 et
3007 3785 3244 3840 .llonotes
3271 3800 3388 3839 cum
3425 3782 3534 3836 sint
3572 3795 3757 3842 unum,
3796 3776 3993 3830 emise-

2411 3898 2556 3951 runt,
2587 3901 2690 3940 non
2718 3885 3033 3947 emittentes,
3089 3880 3408 3950 principium
3440 3875 3676 3928 omnium
3700 3882 3909 3936 noeton,
3935 3878 3990 3923 et

2411 3987 2720 4050 agenneton,
2746 3986 2795 4029 et
2816 3983 3063 4037 aoraton,
3091 3987 3247 4043 quam
3290 3970 3494 4024 Are/ten
3544 3980 3714 4019 sermo
3747 3961 3994 4016 Monada

2410 4079 2580 4124 vacat.
2613 4068 2745 4124 Cum
2776 4067 2878 4120 hac
2907 4065 3137 4120 Monade
3160 4071 3236 4116 est
3264 4065 3432 4115 virtus
3467 4056 3702 4127 ejusdem
3733 4053 3996 4108 substan-.

2413 4166 2498 4219 tia:
2530 4164 2595 4227 ei,
2619 4177 2778 4233 quam
2802 4169 2852 4213 et
2880 4175 2994 4212 eam
3014 4172 3137 4212 voco
3163 4154 3300 4209 Hert.
3325 4153 3380 4207 Id
3405 4160 3509 4218 est,
3538 4149 3724 4204 Monas
3755 4162 3785 4199 a
3811 4145 3979 4199 Patre

2412 4259 2609 4313 emissa
2645 4263 2750 4319 est,
2789 4267 2894 4306 non
2929 4265 3026 4320 per
3066 4259 3272 4302 motum
3331 4241 3698 4312 generationis
3760 4237 3992 4309 proprie

2415 4345 2808 4414 dictum,cnjus
2832 4342 3100 4398 terminus
3132 4338 3298 4393 fuerit
3319 4337 3596 4405 quidpiam
3629 4351 3657 4388 a
3688 4333 3848 4387 Patre
3875 4329 3991 4386 dis-

2417 4443 2686 4505 tinetum;
2742 4437 2837 4492 sed
2876 4448 3025 4490 mera
3068 4429 3186 4499 ejus
3229 4430 3478 4502 ἐνέργεια
3507 4437 3609 4493 est,
3657 4440 3762 4480 non
3804 4425 3872 4478 ab
3918 4439 3990 4479 eo

743 4510 1038 4613 principiis,
1068 4510 1492 4612 necdumrquod
1525 4541 1716 4605 sciam,
1754 4540 1896 4611 typis
1927 4538 2095 4602 edito,
2125 4539 2312 4605 σκότος
2344 4537 2387 4591 D
2418 4535 2632 4590 diversa
2671 4544 2779 4596 ;ac
2834 4526 3060 4598 proinde
3113 4522 3333 4594 proprie
3389 4510 3658 4595 loquendo
3719 4516 3987 4613 ingenita,

744 4636 1020 4707 ἄγνωστον
1047 4637 1266 4700 dicitur,
1303 4635 1536 4690 tenebras
1571 4634 1786 4704 ignotae,
1833 4641 1887 4687 et
1919 4641 1980 4686 ut
2023 4632 2170 4686 canit
2215 4630 2316 4686 Or-

743 4730 948 4799 pheus:

745 4819 945 4890 Αὑτὸν
972 4819 1022 4874 δ’
1046 4821 1158 4890 οὐχ
1189 4818 1341 4887 ὀράω
1360 4859 1374 4884 ,
1403 4818 1545 4890 περιέ
1567 4816 1680 4886 γὰρ
1731 4817 1915 4886 νέφος
1933 4813 2307 4890 *ἐστήρικται-

747 4889 931 4962 Ipsum
993 4886 1340 4954 northvideo,
1400 4886 1625 4941 nubibus
1697 4890 1835 4942 enim
1895 4886 2308 4955 circumtegitur.

748 5003 1056 5060 Secundum
1096 4999 1503 5057 Valentinianos
1553 5016 1679 5055 cum
1713 5000 1886 5070 Bytlto
1935 4999 2036 5055 fuit
2082 4997 2310 5064 Ennma,

750 5095 967 5167 ipsique
1003 5093 1346 5162 coniugatur,
1390 5110 1491 5149 nec
1532 5095 1600 5149 ab
1627 5108 1692 5149 eo
1740 5093 1960 5163 prodiit.
2005 5093 2310 5148 Secundum

748 5188 1030 5243 Chaldaeos
1069 5185 1229 5257 primi
1262 5186 1351 5240 Dei
1383 5185 1738 5258 intelligentia
1775 5186 1845 5242 ab
1885 5186 2002 5256 ipso
2034 5200 2139 5240 non
2183 5200 2312 5252 pro-

750 5280 941 5345 cessit,
969 5278 1061 5333 sed
1090 5278 1286 5332 mansit
1315 5278 1366 5330 in
1396 5275 1671 5332 Profundo
1701 5287 1926 5347 paterno
1959 5258 2014 5329 et
2058 5277 2108 5330 in
2155 5281 2313 5346 adyto

750 5389 848 5446 per
873 5373 1115 5428 divinum
1145 5371 1439 5426 silentium.
1480 5370 1752 5426 Ilactenus
1786 5381 1937 5440 gutta
1970 5379 2134 5439 guttae
2166 5368 2315 5423 simi-

753 5469 856 5521 lior
888 5482 995 5521 non
1023 5475 1128 5530 est,
1165 5481 1326 5535 quam
1368 5465 1869 5520 Valentinianorum
1907 5462 2102 5532 placita
2136 5461 2317 5516 Plato-

755 5559 1023 5624 nicorum,
1074 5557 1481 5628 Egyptiorum,
1533 5555 2019 5626 Chaldzeorumque
2047 5555 2312 5624 dogmati-

755 5655 874 5712 lms.
909 5650 1014 5706 Sed
1044 5655 1110 5707 ad
1142 5652 1350 5722 reliqua
1379 5665 1687 5722 pergamus.

829 5832 872 5868 “
901 5833 1069 5898 lten.,
1099 5831 1197 5888 lib.
1224 5845 1262 5898 ι,
1287 5846 1406 5902 cap.
1438 5829 1488 5894 8,
1519 5844 1569 5881 n.
1604 5827 1655 5880 5.

2420 4641 2652 4698 quaeque
2672 4624 2888 4680 Patrem
2926 4619 3156 4675 nesciat.
3185 4615 3286 4672 Ubi
3319 4615 3480 4668 etiam
3508 4613 3764 4666 observes
3794 4609 3983 4675 velim,

2417 4721 2561 4791 quod
2588 4714 3041 4788 quemadmodum
3073 4709 3370 4765 Platonicis
3409 4707 3556 4760 Mens
3600 4704 3837 4759 secunda
3887 4717 3987 4757 seu

2419 4813 2690 4868 secundus
2712 4811 2854 4864 Deus
2887 4807 3087 4860 dicitur
3109 4802 3292 4865 Μονὰς
3315 4802 3379 4853 ἐκ
3398 4797 3491 4854 τοῦ
3518 4797 3660 4860 ἐνὸς.
3692 4793 3735 4848 U
3744 4795 3880 4847 nitas
3922 4809 3998 4848 eo

2420 4923 2565 4970 uno;
2600 4905 2678 4959 sic
2711 4910 2765 4956 et
2793 4897 3054 4970 Epiphani
3089 4896 3361 4952 secundus
3391 4890 3534 4946 Eon
3574 4888 3777 4943 dicitur
3801 4883 3994 4947 Μονὰς

2422 5001 2485 5057 ὲκ
2505 4999 2606 5068 τῆς
2632 4994 2918 5067 μονότητος
2933 5003 2985 5046 ει
3010 4990 3277 5067 ὲνότητος,
3308 4984 3492 5040 Unitas
3510 4999 3574 5037 ea:
3592 4983 3820 5044 unitate;
3844 4977 3998 5032 Mars

2421 5111 2487 5149 co
2511 5076 2762 5146 similiter
2789 5087 3024 5145 secunda
3059 5073 3299 5139 Alienum
3330 5076 3644 5150 conjugatio
3664 5117 3680 5142 ,
3713 5088 3832 5144 qua:
3864 5071 3993 5125 Nut:

2413 5201 2477 5242 et
2534 5185 2804 5240 Alethiam
2862 5178 3342 5249 complectebatur,
3387 5170 3554 5243 μονάς
3591 5184 3652 5220 τε
3703 5163 3879 5220 καὶτὸ
3909 5162 3989 5216 ἓν.

2422 5277 2919 5335 Valentinianorum
2960 5269 3071 5324 Nus
3105 5267 3294 5322 similis
3332 5275 3379 5318 et
3421 5261 3638 5332 (aqualis
3681 5267 3758 5311 est
3800 5257 3846 5310 ei
3897 5256 3993 5324 qui

2416 5372 2610 5431 emisit,
2642 5379 2690 5422 et
2742 5364 2883 5420 solus
2933 5363 3076 5428 capit
3113 5355 3525 5429 magnitudinem
3557 5349 3761 5404 Patris.
3818 5347 3993 5418 Egy.

2419 5463 2543 5533 ptiis
2563 5460 2709 5513 Mens
2732 5452 3266 5527 prima‘rrapaSat-{pa
3287 5445 3518 5518 ἵδρυται,
3537 5443 3710 5497 forma
3730 5448 3782 5493 ct
3804 5453 3994 5492 exent-

2419 5557 2534 5625 plar
2569 5562 2650 5608 est
2685 5551 2748 5604 ad
2777 5548 2915 5618 quod
2949 5545 3123 5600 elllcta
3153 5552 3237 5599 est
3267 5554 3419 5596 mens
3449 5536 3708 5597 secunda,
3728 5547 3849 5602 qua.
3881 5533 3994 5585 lm-

2416 5623 2506 5713 ins
2561 5646 2738 5715 imago
2788 5652 2893 5702 est.
2959 5642 3024 5696 ab
3080 5653 3140 5691 ea
3194 5632 3464 5703 recipiens
3511 5642 3692 5684 rerum
3742 5623 3991 5681 omnium
