4180 6332
200 385 262 444 57
1121 385 1586 444 DISSERTATIO
1625 386 1667 452 I,
1710 386 1873 442 ΛΒΤ.
1916 388 1959 454 I,
1998 386 2087 443 DE
2124 383 2541 444 VALENTINO.
3377 384 3446 442 Μ

199 505 366 562 ideas.
387 505 595 561 Cuncta
612 522 837 576 namque
851 506 1065 575 perfecit
1092 503 1272 570 Pater,
1301 516 1348 560 et
1372 503 1537 559 Menti
1555 505 1776 559 tradidit
1804 514 1851 569 Α
1883 504 2098 560 illorum
2131 503 2334 559 munda
2371 502 2700 592 intelligibili
2733 501 2993 575 diximus)
3037 503 3255 573 agnosci
3297 505 3452 575 prin-

198 599 461 653 secundm.
482 597 598 659 Vel,
625 608 685 651 ut
720 597 884 650 habet
909 598 1052 650 aliud
1085 594 1436 654 Chaldaicum
1472 595 1716 661 eﬂ'atum,
1744 597 1774 649 6

197 690 411 760 πρῶτος
437 688 573 752 Θεὸς
593 667 889 760 ἆρχετυποῖ
916 686 990 758 τῷ
1014 687 1272 752 ἐλάττονι,
1299 688 1502 750 primus
1525 686 1665 741 Deus
1683 703 1774 740 ar-

196 781 443 849 chetypus
477 788 552 833 est
577 780 823 832 secundo.
855 779 986 833 Item
1012 795 1028 832 :
1079 778 1218 833 Πολὺ
1248 778 1355 850 γὰρ
1391 779 1550 850 μόνος
1573 780 1636 833 ὲκ
1664 781 1776 833 Πα-

193 873 316 945 τρὸς
335 872 877 944 ἁλκῆς-δρεψάμενος
914 872 1034 925 νόου
1057 871 1215 934 ἄνθος
1239 870 1378 942 ἔχει,
1412 871 1472 923 τὸ
1501 875 1638 924 νοεῖν
1670 890 1772 924 πα-

194 964 380 1037 τρικὸν
411 964 558 1018 νοῦν.
586 962 740 1018 Solus
766 963 969 1017 uberem
992 1005 1006 1028 ,
1037 981 1189 1034 quem
1214 980 1280 1019 ex
1310 961 1472 1017 Patre
1496 963 1770 1034 decerpsit,

192 1056 383 1110 mentis
404 1057 592 1124 florent
639 1056 853 1109 sortitus
901 1065 998 1118 est,
1040 1073 1190 1110 nosse
1232 1057 1464 1111 videlicet
1502 1066 1772 1124 paternam

192 1158 442 1201 mentem.
494 1146 829 1216 Porphyrius
868 1147 1102 1214 denique
1163 1163 1289 1200 mox
1343 1146 1564 1213 citatus,
1613 1145 1772 1216 μόνος

191 1239 411 1304 αίὶῦνιος
435 1241 464 1293 ὁ
497 1237 659 1302 Νοῦς,
686 1236 873 1309 ὥσπερ
896 1240 923 1291 6
943 1236 1071 1301 Θεὸς
1100 1239 1129 1292 6
1175 1237 1415 1309 πρῶτος,
1455 1236 1507 1290 N
1515 1254 1574 1291 us
1629 1235 1769 1290 salus

192 1343 448 1396 a'ternus,
507 1331 943 1400 quemadmodum
976 1338 1025 1385 et
1072 1329 1213 1384 Deus
1261 1333 1484 1396 primus.
1528 1327 1772 1383 Valenti-

192 1424 337 1477 niani
390 1423 514 1478 Nun
569 1423 826 1492 copulant
873 1437 993 1476 cum
1032 1421 1298 1476 Veritate.
1339 1421 1429 1475 Sic
1480 1421 1686 1490 pariter
1717 1429 1771 1475 et

191 1511 525 1568 Mercurius.
554 1512 735 1576 Mens,
771 1513 869 1577 ait,
907 1513 1165 1568 Veritatis
1195 1513 1526 1583 προστάτης,
1556 1511 1770 1580 perlicit

189 1607 369 1660 omnia
403 1620 530 1659 cum
582 1605 847 1671 Veritate,
881 1602 1147 1656 συντελῶν
1201 1603 1405 1656 ἕκαστα
1455 1602 1569 1673 μετ’
1614 1600 1766 1674 Ἀλη·

190 1701 360 1766 θείας.
393 1701 473 1756 Illi
503 1702 733 1770 denique
756 1698 1017 1764 Verbum,
1067 1699 1279 1754 Patrem
1311 1703 1542 1754 omnium
1589 1716 1768 1754 eorum

189 1793 275 1862 qui
301 1800 426 1861 post
457 1809 511 1846 se
539 1792 712 1861 futuri
741 1802 931 1854 essent,
991 1801 1038 1845 et
1076 1792 1285 1844 initium
1318 1802 1364 1846 et
1401 1791 1764 1860 formationem

189 1885 432 1940 universi
453 1884 800 1943 Plerainatis.
839 1899 868 1938 a
901 1883 980 1937 Nu
1024 1885 1290 1937 emissum
1339 1883 1675 1938 asserebant.
1703 1883 1769 1938 Et

189 1978 274 2034 hic
301 1978 600 2033 similiter:
655 1977 712 2029 Ὀ
767 1975 878 2046 γὰρ
925 1975 1314 2046 δημιουργικὸς
1361 1973 1525 2039 Νοῦς,
1571 1974 1767 2044 inquit,

189 2073 280 2130 καὶ
302 2072 405 2143 τῆς
437 2069 722 2142 Ἀληθείας
748 2066 1082 2138 προστάτης.
1109 2107 1122 2120 .
1145 2106 1158 2120 .
1182 2108 1195 2119 .
1232 2067 1525 2139 ἐρχόμενος
1551 2066 1650 2138 μὲν
1679 2064 1768 2120 ἐπὶ

185 2167 438 2235 γένεσιν,
485 2166 578 2219 καὶ
620 2167 716 2237 τὴν
756 2165 937 2235 ἀφανῆ
981 2163 1090 2218 τῶν
1138 2161 1537 2233 κεκρυμμένων
1595 2159 1770 2229 λόγων

184 2257 414 2329 δύναμιν
441 2257 523 2320 είς
554 2255 668 2326 φῶς
698 2256 866 2323 ἄγων.
913 2253 1107 2324 Opifea:
1133 2257 1320 2324 quippe
1352 2252 1500 2307 Mens
1533 2261 1579 2307 et
1626 2250 1769 2307 Veri-

186 2351 312 2406 tatis
334 2365 556 2419 praeses,
588 2349 656 2401 ad
683 2347 1072 2416 generationem
1105 2347 1335 2407 veniens,
1379 2346 1620 2400 latentem
1679 2361 1767 2398 oc-

186 2442 453 2496 cultarum
481 2442 769 2503 rationum,
810 2439 1003 2507 λόγων,
1036 2439 1137 2493 vim
1191 2441 1246 2492 in
1287 2439 1453 2492 lucem
1502 2438 1763 2508 producit.

186 2532 290 2591 Sed
313 2534 632 2604 expressius
679 2531 856 2585 adhuc
896 2531 1003 2588 alio
1047 2532 1100 2585 in
1146 2530 1263 2584 loco
1305 2545 1464 2598 quem
1503 2528 1744 2584 referunt

186 2625 380 2679 Suidas
417 2634 475 2680 et
523 2623 844 2682 Cedrenus:
886 2618 995 2677 Ἦν
1043 2622 1160 2692 φῶς
1199 2621 1386 2695 νοερὸν
1439 2622 1544 2696 πρὸ
1591 2622 1769 2692 φωτὸς

184 2717 391 2789 νοεροῦ,
419 2717 515 2770 καὶ
542 2717 628 2771 ἀεὶ
658 2715 782 2780 νοῦς
813 2714 901 2768 νοῦ
929 2717 1118 2780 αἴτιον,
1160 2715 1253 2768 καὶ
1295 2714 1459 2769 οὐδενί
1480 2713 1668 2786 ἕτερον
1699 2710 1768 2784 ἦν

182 2806 215 2880 ἢ
254 2807 448 2862 τούτου
489 2807 698 2878 ἑνότης,
731 2807 818 2860 ἀεὶ
846 2809 902 2859 ὲν
936 2804 1111 2875 ἑαυτῷ
1162 2803 1259 2868 ὣν,
1316 2804 1402 2858 ἀεὶ
1450 2802 1530 2876 τῷ
1573 2804 1765 2858 ἑαυτοῦ

185 2901 261 2955 νοῒ
289 2901 384 2955 καὶ
412 2902 572 2970 φωτὶ,
627 2901 722 2954 καὶ
776 2899 1043 2970 πνεύματι
1092 2899 1268 2952 πάντα
1301 2898 1573 2971 περιέχει·
1610 2897 1768 2964 ὲκτὺς

185 2995 370 3049 τούτου
404 2996 467 3049 οὐ
506 2993 658 3058 Θεὸς,
691 2993 790 3046 οὐκ
823 2993 1070 3062 ἄγγελος,
1112 2993 1173 3045 οὑ
1209 2991 1436 3063 δαίμων,
1475 2992 1575 3046 οὐκ
1610 2993 1767 3046 οὐσία

184 3105 264 3154 τις
290 3089 450 3160 ἄλλη.
483 3089 708 3144 Πάντων
736 3089 842 3161 γὰρ
866 3088 1086 3162 Κύριος,
1116 3088 1208 3142 καὶ
1239 3086 1391 3153 Θεὸς,
1433 3087 1527 3141 καὶ
1553 3088 1764 3161 Πατὴρ,

1879 597 2043 666 cipis,
2090 593 2345 666 Bythum,
2419 595 2656 665 primum
2709 595 3038 666 principium
3091 604 3144 650 et
3188 594 3446 657 Patrem.

1876 683 2020 750 Nun,
2037 684 2253 739 Patrem
2268 695 2322 739 et
2341 685 2552 740 initium
2580 686 2818 740 omnium
2837 702 2852 752 ;
2871 695 2928 741 et
2946 686 3206 751 Verbum,
3230 683 3446 744 Patrem

1877 777 2111 829 omnium
2145 792 2325 830 eorum
2355 777 2446 846 qui
2479 786 2593 845 post
2623 792 2675 829 se
2713 777 2880 846 futuri
2911 785 3103 842 essent,
3142 786 3192 831 et
3233 777 3445 831 initium

1875 873 1924 918 et
1956 865 2326 934 formationem
2356 866 2585 920 universi
2602 864 2943 923 Pleromatis.
2980 868 3043 922 Et
3076 866 3130 921 hi
3154 867 3296 923 forte
3317 875 3448 923 sunt

1875 960 1988 1008 tres
2019 951 2265 1008 Platonis
2296 964 2350 1009 et
2381 955 2573 1010 Amelii
2609 970 2786 1024 reges,
2820 957 2886 1012 de
2907 957 3110 1026 quibus
3140 957 3366 1013 Proclus
3390 958 3446 1014 in

1879 1044 2042 1113 Tim.,
2073 1062 2166 1101 seu
2205 1047 2386 1116 potius
2418 1046 2574 1103 Trias
2607 1047 2696 1103 illa
2740 1050 2900 1105 toties
2939 1066 2966 1105 a
3012 1050 3311 1106 Platonicis
3351 1052 3446 1106 de-

1874 1147 2113 1192 cantata.
2149 1138 2254 1194 Sed
2282 1149 2338 1195 et
2366 1140 2508 1194 istud
2541 1150 2802 1211 praeterea
2837 1142 3137 1213 colligitur,
3166 1150 3293 1199 octo
3323 1141 3446 1198 illo-

1874 1245 1992 1284 rum
2031 1231 2270 1287 Eanum
2313 1233 2725 1304 conjngationes
2767 1234 2963 1290 merito
2996 1237 3064 1291 ab
3103 1236 3307 1293 Ireneo
3344 1250 3444 1292 vo-

1873 1324 2018 1388 cari,
2076 1325 2282 1396 primas
2348 1327 2595 1396 quidem,
2655 1328 2884 1396 primam
2938 1337 2988 1384 et
3040 1328 3445 1399 primogenitum

1873 1414 2288 1486 Pythagoricam
2315 1421 2790 1490 quaternationem,
2830 1430 2878 1475 et
2914 1421 3144 1475 radicem
3176 1422 3444 1488 omnium;

1871 1523 2067 1564 omnes
2098 1525 2247 1576 vero,
2277 1512 2674 1582 primoyenitam
2705 1516 3110 1580 octonationem,
3141 1515 3372 1570 radicem
3393 1526 3444 1573 et

1869 1601 2219 1660 substantiam
2262 1606 2512 1658 omnium.
2545 1605 2700 1673 Quod
2741 1606 2887 1660 enim
2927 1606 3275 1679 Pythagorici
3311 1627 3447 1681 qua-

1872 1693 2110 1749 ternario
2155 1702 2210 1750 et
2253 1694 2535 1751 octonario
2577 1712 2805 1752 numera
2835 1699 3210 1766 ascribebant,
3249 1701 3300 1756 id
3340 1701 3448 1758 Va-

1870 1785 2158 1842 lentiniani
2204 1787 2307 1842 sibi
2359 1788 2704 1845 vindicantes
2756 1800 2886 1846 octo
2936 1792 3126 1862 primis
3175 1791 3444 1853 Eonibus

1799 1858 1841 1913 Β
1875 1878 2207 1934 tribuebant.
2244 1879 2619 1951 Pythagorici,
2637 1882 2724 1952 qui
2758 1883 2823 1938 ad
2863 1858 3120 1940 numeras
3145 1886 3329 1941 omnia
3361 1901 3447 1943 re-

1870 1971 2140 2038 ferebant,
2187 1975 2606 2042 quaternionem
2655 1977 2790 2033 tanti
2834 1976 3127 2042 faciebant,
3173 1987 3232 2032 ut
3277 1979 3444 2037 totius

1869 2071 2075 2118 natura:
2097 2063 2304 2119 fontem
2329 2079 2451 2121 esse
2478 2077 2762 2122 censerent
2794 2086 2806 2122 :
2847 2069 2911 2122 'H
2935 2069 3085 2141 πηγὴ
3109 2070 3207 2142 τῆς
3233 2067 3446 2140 φύσεως

1866 2156 1900 2225 ὴ
1952 2155 2272 2226 τετρακτύς,
2319 2155 2466 2210 Fons
2509 2167 2712 2214 natura:
2756 2163 3128 2230 quaternarius
3174 2177 3444 2228 numerus,

1869 2248 1946 2299 ait
1975 2243 2332 2315 Themistius,
2363 2264 2427 2303 ex
2459 2251 2729 2305 sententia
2759 2250 3249 2322 Pythagoreorum,
3276 2249 3442 2322 Phys.

1868 2337 1964 2392 lib.
1994 2354 2074 2397 ιιι.
2101 2348 2155 2394 et
2183 2340 2433 2403 Proclns,
2459 2342 2511 2395 in
2539 2341 2720 2399 Tlteol.
2752 2340 2920 2409 Plat.,
2953 2344 3046 2398 lib.
3079 2360 3150 2406 IV,
3173 2358 3298 2412 cap.
3325 2342 3442 2398 32:

1867 2430 2086 2503 Ἐπειδὴ
2105 2431 2160 2484 δὲ
2180 2432 2280 2503 τὴν
2297 2433 2474 2487 αἰτίαν
2490 2433 2546 2486 ὲν
2567 2433 2744 2504 ἑαυτῷ
2763 2435 3005 2506 περιέχει
3024 2434 3114 2489 τοῦ
3136 2434 3448 2507 σύμπαντος

1867 2525 2121 2596 ἀριθμοῦ,
2163 2527 2395 2595 τετράδα
2435 2528 2798 2600 προσείρηκεν
2841 2525 2993 2591 αὐτὸ,
3029 2526 3301 2595 τεττάρων
3336 2524 3446 2582 τῶν

1870 2618 2237 2691 πρωουργῶν
2257 2617 2518 2690 [XXVIII]
2537 2619 2720 2672 αἰτίων
2739 2636 2804 2673 πε
2812 2618 3137 2691 ριληπτικὴν
3151 2618 3180 2670 6
3194 2617 3445 2687 Τίμαιος,

1868 2709 2048 2779 πάσης
2062 2708 2169 2780 γὰρ
2191 2709 2484 2772 εἰδοποιως
2503 2712 2536 2781 ἡ
2554 2708 2643 2763 τέτ
2653 2726 2748 2782 ρας
2769 2708 2907 2780 αῦτη
2932 2709 3082 2780 πηγὴ
3100 2695 3448 2783 προῦφὲπη.

1867 2819 1981 2857 κεν.
2000 2802 2260 2868 Quoniam
2279 2820 2394 2858 vero
2413 2819 2624 2856 causam
2641 2803 2760 2858 inse
2778 2803 3003 2857 continet
3037 2804 3202 2855 omnis
3217 2801 3447 2868 numeri,

1866 2895 2271 2962 quaternitatem
2313 2893 2370 2948 id
2418 2891 2647 2948 Timaeus
2684 2892 2987 2963 appellavit,
3017 2901 3246 2962 quatuor
3273 2889 3446 2959 primo

1869 2997 2142 3057 operantes
2166 3002 2355 3040 causas
2387 2975 2900 3053 comprehendentem
2917 3001 2935 3050 ;
2966 2985 3136 3038 omnis
3164 2984 3303 3037 enim
3328 2980 3445 3052 [or-

1869 3096 2073 3133 marum
2117 3078 2498 3148 procreationis
2532 3076 2652 3146 {ous
2682 3076 3012 3144 prteexstitit.
3057 3075 3195 3130 liinc
3224 3087 3446 3130 sacrum

183 3185 280 3240 καὶ
303 3186 487 3242 πάντα
538 3187 632 3238 ὑπ’
659 3184 846 3251 αὑτοῦ,
896 3185 989 3239 καὶ
1041 3187 1099 3239 ὲν
1145 3185 1292 3257 αὐτῷ
1330 3189 1498 3240 ἐστιν.
1547 3185 1604 3238 '0
1660 3186 1765 3258 γὰρ
1795 3201 1837 3260 (ς
1869 3173 2012 3243 apud
2048 3171 2424 3242 Pythagoreos
2456 3167 2862 3238 Ῑυεῖυτθυάυιυν
2902 3181 3010 3235 (ιιιο
3040 3180 3134 3238 Per
3169 3164 3447 3238 Ρῖιδ²8⁰⁸

183 3277 352 3346 Λόγος
392 3276 560 3331 αὑτοῦ
593 3276 888 3350 προελθὼν,
922 3276 1252 3340 παντέλειος,
1285 3278 1378 3330 καὶ
1407 3276 1645 3347 γόνιμος,
1671 3276 1765 3331 καὶ

1871 3281 1986 3321 ram
2018 3265 2359 3336 quaternarii
2390 3273 2666 3318 auctorem
2703 3260 3019 3330 dcjerabant
3049 3277 3065 3315 :

182 3365 541 3439 δημιουργὸς,
579 3366 774 3436 ἔγκυον
799 3367 1023 3440 ἐποίησε
1047 3366 1105 3422 τὸ
1138 3367 1299 3441 ὕδωρ.
1332 3367 1461 3423 Erat
1486 3368 1662 3422 lumen
1683 3370 1767 3422 in-

185 3459 477 3514 tellectuale
512 3462 659 3529 prius
694 3453 890 3515 tantine
929 3461 1353 3528 intellectuali,et
1387 3477 1590 3530 semper
1617 3476 1763 3515 mens

185 3559 369 3611 mentis
390 3558 735 3626 principium,
770 3557 1000 3627 nihilque
1043 3557 1343 3617 aliudterat
1384 3549 1578 3626 prtet'er
1599 3553 1762 3618 ipsius

185 3653 435 3705 unitatem
463 3668 484 3705 :
519 3653 808 3720 semper‘in
841 3652 1008 3722 seipse
1029 3669 1265 3711 manens,
1312 3665 1513 3715 semper
1550 3646 1765 3717 propria

184 3752 369 3808 mente,
394 3744 535 3806 luce,
569 3751 618 3796 et
635 3741 822 3811 spiritu
837 3743 1011 3795 omnia
1027 3739 1488 3796 continet.Prazler
1508 3753 1626 3792 eum
1657 3751 1762 3789 non

184 3823 456 3900 Deus,non
471 3835 1167 3904 angelus,nondwmon,non
1187 3832 1371 3903 aliqua
1391 3832 1498 3885 alia
1516 3830 1759 3885 essentia.

186 3925 433 3981 Omnium
456 3927 598 3981 enim
620 3924 875 3978 Dominus
894 3935 992 3988 est,
1008 3933 1058 3977 et
1074 3924 1233 3989 Deus,
1251 3936 1298 3977 et
1321 3922 1497 3987 Pater,
1517 3930 1566 3975 et
1583 3918 1762 3972 omnia

185 4017 246 4068 ab
275 4017 385 4085 ipso
405 4027 452 4069 et
478 4017 536 4068 in
568 4017 681 4083 ipso
707 4014 849 4071 sunt.
890 4009 1115 4069 Verbum
1140 4013 1279 4068 enim
1301 4014 1467 4080 ipsius
1489 4009 1758 4080 prodiens,

183 4107 491 4177 perfectum,
521 4105 806 4176 fecundum
857 4114 905 4159 et
957 4101 1152 4174 apifex,
1198 4119 1392 4174 aquam
1434 4102 1759 4172 fecundavit.

185 4194 284 4252 Ubi
313 4199 420 4251 tria
439 4197 638 4253 saltem
659 4195 928 4266 principia
948 4204 1347 4261 memorantur,
1382 4192 1534 4249 Mens
1563 4193 1761 4262 prima,

183 4283 328 4342 Mens
345 4287 611 4350 secunda,
643 4283 988 4356 Verbumque
1012 4285 1196 4356 opifex
1216 4284 1284 4340 ab
1317 4285 1420 4340 hac
1443 4285 1759 4354 procedens.

183 4373 330 4443 Quod
350 4385 539 4432 autem
571 4376 750 4432 Vitam
787 4391 912 4431 cum
961 4373 1145 4432 Verbo
1178 4375 1533 4446 conjugarent
1567 4375 1766 4428 Valen-

187 4467 401 4536 tiniani,
436 4483 469 4523 a
493 4467 724 4524 Joannis
761 4466 1056 4540 Evangelia
1109 4477 1481 4537 sumpserant,
1533 4465 1623 4521 ubi
1651 4466 1764 4520 vita

1867 3381 1977 3434 Ναὶ
1996 3378 2080 3448 μὰ
2111 3378 2217 3433 τὸν
2243 3376 2494 3448 ἁμετέρᾳ
2521 3376 2692 3447 ψυχᾷ
2711 3376 3068 3448 ,παραδόντα
3100 3377 3446 3445 τετρακτύν,

1867 3446 2071 3521 gap?”
2091 3446 2348 3503 ἀεννάου
2373 3446 2622 3518 φύσεως
2631 3446 2899 3521 ριζὼματῗ
2925 3447 3214 3521 ἔχουσαν.

1869 3519 1975 3574 Per
2004 3536 2144 3581 eum,
2179 3523 2268 3587 qui
2303 3521 2494 3574 anima:
2536 3519 2730 3572 nostra:
2759 3519 2980 3571 tradidit
3017 3520 3444 3586 quaternarium,

1869 3589 2091 3646 Famem
2121 3591 2360 3659 perennis
2391 3598 2599 3644 natura:
2627 3590 2830 3643 radices
2863 3589 3158 3643 habentem.

1869 3726 1932 3782 Et
1985 3728 2111 3782 hinc
2161 3728 2326 3783 etiam
2377 3729 2818 3799 quaternarium,
2875 3744 3091 3782 omnem
3151 3743 3436 3781 numerant

1867 3819 2228 3888 appellabant.
2275 3820 2470 3875 Suidas
2509 3821 2562 3874 in
2617 3819 2865 3889 Ἀριθμῷ
2915 3838 2930 3872 :
2978 3821 3043 3874 Οἱ
3086 3818 3444 3893 Πυθαγόρειοι

1867 3912 2043 3964 πάντα
2065 3910 2296 3982 ἀριθμὸν
2316 3912 2617 3982 τετρακτὺν
2641 3912 3063 3984 προσηγόρευον·
3082 3915 3111 3966 6
3130 3912 3194 3985 δὴ
3214 3910 3445 3986 ἀριθμὸς

1868 4002 2284 4074 συμπληροῦται
2327 4005 2439 4067 τοῖς
2473 4004 2624 4057 δέκα.
2671 4003 2728 4057 '0
2763 4003 2819 4057 δὲ
2864 4004 3014 4068 δέκα,
3051 4003 3297 4069 σύνθεσις
3335 4003 3444 4062 τῶν

1866 4092 2167 4163 τεσσάρων,
2202 4093 2296 4147 καὶ
2322 4092 2410 4147 διὰ
2448 4093 2608 4151 τοῦτο
2655 4093 2887 4167 ἀριθμὸν
2925 4095 3103 4148 πάντα
3141 4096 3445 4168 τετρακτὺν

1867 4183 2071 4254 ἔλεγον.
2106 4184 2426 4256 Pythagorei
2457 4191 2632 4260 autem
2665 4203 2864 4240 omnem
2897 4204 3171 4251 numerum
3211 4189 3448 4257 appella-

1868 4277 1989 4331 bant
2020 4279 2448 4348 quaternarium,
2477 4279 2568 4348 qui
2594 4293 2722 4332 sane
2751 4277 2967 4331 denario
2999 4278 3310 4344 completur.
3343 4280 3446 4336 Do-

1868 4371 2052 4424 natius
2081 4385 2199 4424 vero
2231 4379 2303 4424 est
2333 4371 2640 4439 compositio
2666 4372 2996 4440 quaternarii
3025 4385 3044 4425 .'
3071 4371 3287 4442 ideoque
3313 4389 3447 4443 qua-

1869 4461 2186 4525 ternarium,
2219 4476 2421 4514 omnem
2435 4465 2440 4482 ³
2457 4476 2733 4516 numerum
2762 4461 3036 4516 vocabant.
3068 4460 3271 4532 Nempe
3299 4463 3444 4532 quod

184 4562 359 4618 Verbo
389 4544 772 4618 connectitur:
815 4560 885 4615 In
923 4562 1035 4631 ipso
1070 4562 1174 4617 vita
1230 4571 1374 4627 erat,
1411 4570 1470 4614 ut
1521 4559 1763 4631 explicat
1793 4545 1838 4601 Β
1866 4552 2146 4607 denarium
2177 4552 2596 4631 complectatur,
2627 4552 2721 4622 qui
2760 4552 2811 4606 in
2842 4558 2966 4608 seSe
3000 4568 3286 4608 numerum
3326 4568 3443 4608 om-

184 4654 299 4726 ipse
334 4655 665 4711 Ptolemaeus
697 4655 837 4724 apud
872 4654 1138 4712 Irenaeum
1175 4654 1273 4710 lib.
1307 4671 1345 4719 ι,
1381 4671 1502 4724 cap.
1539 4656 1595 4720 8,
1631 4653 1761 4713 n.5.

187 4746 334 4804 Nihil
379 4749 527 4804 enim
569 4747 753 4804 simile
777 4749 918 4818 apud
951 4746 1268 4803 Platonicos
1298 4747 1499 4817 legisse
1529 4761 1614 4801 me
1648 4761 1761 4802 me-

185 4840 360 4905 mini;
396 4841 501 4896 nisi
532 4839 673 4896 forte
712 4840 817 4894 huc
864 4840 1154 4895 trahantur
1187 4841 1340 4909 plura
1372 4855 1494 4910 quas
1534 4839 1600 4894 de
1649 4838 1760 4910 ζωῇ

187 4933 450 5003 disceptat
483 4931 806 4988 Damascius
842 4932 896 4987 in
930 4931 1070 4987 libro
1102 4932 1243 5002 Περὶ
1265 4932 1486 5001 ἀρχῶν.
1525 4931 1669 4986 Idem
1697 4929 1763 4984 de

184 5024 360 5080 altera
387 5024 777 5097 coniugatione
819 5025 1068 5081 Hominis
1096 5035 1153 5082 et
1184 5026 1445 5083 Ecclesiae
1501 5026 1756 5092 dixerim,

184 5131 290 5187 qua
319 5117 594 5174 clauditur
627 5116 1139 5178 Valentini‘anarum
1183 5118 1409 5189 agdaas,
1441 5131 1535 5174 seu
1569 5132 1763 5174 secun-

185 5207 282 5267 dus
345 5211 755 5281 quaternarius,
790 5225 1063 5281 quamque
1115 5196 1443 5266 Ptolemaeus
1473 5223 1670 5265 eruere
1703 5223 1761 5263 se

185 5316 352 5370 posse
381 5303 591 5371 putavit
623 5316 689 5356 ex
725 5301 810 5357 his
848 5299 1078 5358 Joannis
1136 5301 1422 5372 Evangelii
1459 5299 1667 5365 verbis,
1713 5307 1761 5355 et

182 5395 286 5450 sita
307 5404 423 5449 erat
445 5395 542 5449 tux
571 5393 866 5460 hominum,
895 5403 952 5448 ut
989 5393 1112 5450 loco
1140 5408 1268 5450 mox
1306 5393 1403 5448 cit.
1439 5391 1612 5448 refert
1649 5391 1761 5447 Ire-

184 5500 354 5543 ιιευε.

249 5582 340 5636 59.
378 5582 456 5638 Ex
493 5583 763 5637 hactenus
797 5581 962 5637 dictis
996 5574 1477 5651 aperte'sequitur,
1498 5586 1604 5633 uta
1637 5577 1762 5633 Pla-

188 5671 382 5727 tanicis
412 5673 518 5726 tria
565 5671 994 5740 intelligibilium
1045 5670 1337 5742 principia,
1383 5668 1614 5724 Mentem
1647 5671 1761 5741 pri-

188 5779 352 5827 mam,
388 5761 626 5821 Mentem
661 5765 982 5831 secundam,
1007 5773 1063 5818 et
1089 5764 1368 5821 Verbum:
1410 5764 1492 5820 sic
1530 5763 1698 5818 etiam
1729 5778 1758 5817 τι

193 5857 584 5918 valentiuianis
613 5858 722 5916 tria
756 5856 1079 5917 Plerc‘imatis
1107 5857 1276 5934 (quod
1301 5857 1447 5927 idem
1479 5871 1602 5922 esse
1636 5869 1759 5918 cum

1867 4660 1991 4700 nem
2022 4629 2437 4714 comprehendit
2467 4659 2484 4700 :
2511 4645 2776 4717 quidquid
2805 4643 2952 4699 enim
2983 4643 3124 4699 ultra
3157 4645 3440 4700 denarium

1866 4741 2208 4800 numeratur,
2279 4734 2493 4789 denarii
2559 4733 2812 4803 repetitio
2877 4740 2979 4787 est.
3043 4731 3444 4799 Quaternarius

1865 4842 2018 4896 vero,
2063 4827 2108 4882 si
2148 4824 2452 4897 conjungas
2489 4826 2776 4892 unitatem,
2818 4823 3114 4892 binarium,
3162 4832 3217 4880 et
3263 4833 3443 4880 terna-

1866 4921 2033 4985 rium,
2063 4919 2264 4989 quibus
2302 4926 2545 4984 constat,
2578 4931 2698 4972 mox
2732 4918 3018 4972 denarium
3056 4915 3242 4972 allicit.
3274 4915 3441 4986 Atqui

1867 5019 1926 5065 ut
1958 5009 2288 5082 Pythagorei
2317 5008 2732 5081 quaternarium
2760 5007 2983 5065 Natura:
3014 5008 3219 5064 fontem
3260 5017 3317 5063 et
3355 5023 3444 5063 ra-

1864 5103 2063 5169 dicem,
2093 5112 2150 5157 et
2177 5117 2396 5158 omnem
2423 5117 2714 5157 numerum
2748 5100 3116 5172 appellabant,
3141 5101 3221 5156 sic
3247 5099 3442 5155 Valen-

1867 5199 2061 5254 tiniani
2095 5198 2331 5267 primum
2369 5195 2602 5258 Eanum
2632 5194 3070 5266 quaternionem,
3110 5194 3343 5263 primum
3384 5203 3441 5250 et

1864 5289 2260 5359 primigenum,
2316 5297 2371 5344 et
2428 5289 2669 5344 omnium
2733 5287 2970 5342 radicem
3030 5286 3314 5354 dicebant;
3375 5301 3443 5343 eo

1863 5383 2010 5452 quod
2047 5397 2076 5436 a
2114 5383 2290 5452 prima
2321 5381 2410 5437 illo
2439 5382 2791 5456 quaternaria
2820 5379 3113 5450 prallueret
3143 5382 3437 5445 secundus,

1862 5482 2183 5530 ceterarum
2220 5477 2464 5530 omnium
2496 5471 2732 5528 Eanum
2763 5474 2884 5528 fans
2915 5483 2968 5527 et
2992 5470 3342 5542 principium.
3374 5470 3442 5526 Et

1865 5575 1924 5622 ut
1959 5583 1989 5622 a
2021 5567 2374 5638 quaternario
2407 5567 2696 5623 denarium
2731 5564 2900 5620 liuere
2939 5563 3195 5620 volebant
3233 5562 3439 5634 Pytha-

1864 5661 2046 5729 gorei,
2079 5660 2160 5716 sic
2206 5675 2239 5714 a‘
2281 5660 2524 5716 secundo
2567 5658 2919 5731 quaternario
2956 5655 3192 5713 Eanum
3232 5654 3438 5711 decads

1863 5752 2039 5808 emitti
2072 5753 2395 5809 asserebant
2420 5751 2810 5808 Valentiniani.
2838 5750 2900 5804 Hi
2931 5758 3194 5819 praeterea
3226 5758 3440 5800 octona-

1865 5853 2056 5913 tiouem
2089 5867 2154 5911 ex
2187 5853 2398 5915 duabus
2433 5851 2735 5914 tetradibns
2769 5847 3078 5916 conﬂatam,
3124 5843 3438 5921 ρνὶικοοοκίι·
