4180 6332
803 305 872 366 Π
1584 315 2173 376 DISSERTATIONES
2211 315 2356 379 PR5

2458 316 2514 380 Ε
2554 323 2619 380 ΙΝ
2658 319 2914 384 ΙΒΕΝΕΙ
2952 329 3221 389 LIBROS.
3975 343 4043 400 48

806 453 1027 525 ejusque
1065 456 1527 525 proprietatibus,
1565 474 1629 515 ac
1677 460 1745 517 iis
1792 463 1989 532 quibus
2037 463 2356 520 int‘ormandl

2540 447 2629 502 30.
2668 448 2885 508 Primus
2934 454 3026 525 qui
3083 454 3138 510 in
3180 451 3549 516 Alexandrina
3604 462 3792 519 schola
3844 462 4045 521 tamam

805 553 988 600 essent
1039 546 1315 601 hominum
1365 563 1564 615 mores,
1608 551 1730 607 aliis
1771 553 2055 611 sublimius
2090 556 2366 613 disseruit.

803 624 1034 701 Agnovit
1055 636 1200 690 enim
1226 636 1376 694 Plato
1400 655 1565 695 unum
1590 654 1715 699 esse
1738 641 1931 710 Deum,
1957 660 2227 702 summum
2251 650 2369 720 opi—

802 726 960 781 licem
997 728 1233 783 universi
1267 728 1334 795 “,
1358 739 1408 785 et
1438 748 1609 787 rerum
1642 743 1907 789 auctorem
1941 744 1989 789 et
2019 737 2258 793 ueritatis
2302 740 2368 793 il-

801 817 1156 885 lustratorent,
1176 832 1226 874 et
1248 820 1590 879 beatitudinis
1617 823 1917 896 largitorem
1937 845 1957 894 ;
1987 844 2050 884 ac
2073 831 2301 900 proinde
2322 832 2367 866 δ’

798 910 956 979 ﬁnem
994 912 1114 966 boni
1145 929 1277 977 esse,
1301 915 1584 969 secundum
1626 917 1869 972 virtutem
1898 920 2087 985 vivere,
2112 932 2160 976 et
2187 923 2236 976 ei
2266 923 2368 978 soli

799 1006 1001 1060 evenire
1024 1022 1176 1075 posse
1200 1009 1290 1078 qui
1320 1010 1564 1063 notitiam
1597 1009 1688 1064 Dei
1713 1010 1899 1066 habent
1922 1024 1969 1069 et
1997 1013 2365 1087 imitationem,

799 1113 894 1151 nec
918 1115 1031 1152 esse
1060 1097 1223 1152 aliam
1246 1100 1307 1151 ob
1339 1116 1552 1154 causam
1585 1102 1815 1158 beatum.
1844 1105 1973 1160 Hrec
1998 1108 2181 1179 itaque
2201 1126 2363 1165 causa

802 1188 907 1258 fuit
922 1207 1017 1243 cur
1054 1191 1180 1245 istos
1212 1192 1415 1244 cwteris
1446 1194 1781 1262 praetulerint
1806 1196 1976 1253 Judaei
2010 1209 2174 1272 atque
2208 1203 2367 1258 Chri-

794 1280 1044 1347 stiani";
1078 1282 1201 1351 quia
1236 1298 1350 1335 cum
1383 1283 1475 1337 alii
1516 1285 1816 1355 philosophi
1857 1289 2067 1361 ingenia
2110 1311 2208 1349 sua
2246 1306 2362 1350 stu-

792 1372 988 1442 diaque
1028 1373 1364 1427 contriuerint
1407 1375 1459 1427 in
1505 1378 1829 1448 requirendis
1869 1397 2043 1435 rerum
2083 1386 2278 1454 causis,
2312 1397 2362 1441 et

799 1464 1021 1534 quinam
1044 1467 1229 1520 modus
1263 1475 1395 1520 esset
1423 1467 1659 1523 discendi
1689 1480 1845 1541 atque
1866 1475 2070 1529 uiuendi
2086 1493 2106 1541 ,'
2144 1479 2233 1532 isti
2254 1478 2363 1536 Deo

791 1558 1001 1625 cognito
1030 1566 1332 1624 repererunt
1359 1559 1448 1611 ubi
1466 1571 1597 1615 esset
1614 1578 1775 1617 causa
1792 1568 2086 1622 constituta:
2108 1571 2363 1624 universi-

791 1647 922 1699 tatis
968 1656 1014 1699 et
1065 1645 1160 1701 luas
1204 1649 1553 1717 percipienda:
1594 1654 1847 1723 veritatis,
1879 1666 1926 1711 et
1956 1657 2076 1726 fons
2128 1661 2363 1716 bibenda:

792 1734 1086 1803 felicitatis.
1130 1738 1185 1790 in
1236 1740 1558 1795 hoC'tamen
1606 1746 1817 1799 creteris
1859 1750 2081 1818 gravius
2115 1754 2361 1821 peccavit

790 1828 976 1895 Plato,
1025 1831 1167 1899 quod
1218 1830 1346 1885 licet
1377 1847 1542 1887 unum
1582 1849 1773 1891 verum
1805 1838 1975 1895 Deum
2018 1856 2360 1913 agnosceret,

791 1922 895 1975 diis
930 1932 1109 1975 tamen
1139 1920 1389 1991 plurimis
1433 1940 1549 1979 esse
1576 1943 1731 1981 sacra
1779 1930 2024 1997 facienda
2061 1946 2265 2003 putaret
2297 1937 2361 1992 “.

787 2011 922 2066 Nam
962 2024 1164 2082 praeter
1193 2029 1313 2069 eum
1344 2017 1530 2071 statuit
1564 2017 1694 2075 deos
1723 2022 1860 2077 alios
1896 2024 2200 2093 inferiores,
2232 2044 2366 2099 quos

786 2116 840 2160 et
871 2108 1040 2163 sacris
1066 2108 1169 2163 coli
1188 2107 1371 2176 jussit.
1411 2110 1615 2180 Sicque
1643 2114 1810 2168 variis
1834 2119 2076 2185 gentium
2106 2123 2367 2189 supersti-

790 2199 1048 2264 tionibus,
1076 2200 1390 2267 sacriﬁciis,
1416 2203 1700 2259 sceleratis
1724 2207 2020 2276 mysteriis,
2049 2212 2366 2285 artibusque

785 2289 1032 2358 magicis,
1068 2292 1465 2348 Platonicorum
1495 2311 1600 2350 non
1639 2297 1819 2352 minus
1849 2314 2011 2369 quam
2042 2313 2362 2358 czeterorum

787 2379 1057 2436 defmdata
1089 2384 1291 2439 mansit
1318 2386 1681 2456 philosophia.

855 2472 947 2527 29.
998 2474 1074 2530 Ex
1108 2476 1279 2529 veteri
1334 2477 1570 2533 Platonis
1603 2480 1897 2534 Academia
1936 2483 2187 2555 prodiere
2224 2500 2359 2542 nova

782 2571 839 2618 et
864 2565 1062 2630 media,
1093 2567 1290 2635 quibus
1318 2569 1521 2622 addunt
1551 2570 1795 2623 nonnulli
1827 2582 2073 2640 quartam
2118 2585 2169 2629 et
2202 2577 2364 2645 quin-

784 2666 917 2725 tam,
977 2673 1208 2728 quarum
1256 2661 1498 2715 omnium
1573 2663 1892 2718 discrimina
1940 2667 2192 2722 omnibus
2236 2679 2361 2723 nota

782 2751 915 2804 nihil
978 2753 1040 2805 ad
1084 2767 1309 2822 scepum
1349 2762 1591 2809 nostrum
1628 2756 1932 2812 conferunt.
1985 2757 2090 2812 Sed
2146 2761 2359 2816 demum

781 2853 904 2913 post
935 2845 1115 2900 varias
1143 2862 1282 2913 quas
1313 2858 1535 2918 experta
1577 2858 1659 2903 est
1696 2848 1993 2905 Academia
2028 2851 2361 2917 vicissitudi-

779 2950 902 3001 nes,
959 2938 1052 3006 qui
1102 2936 1347 2994 Platonis
1402 2940 1744 3015 dogmatibus
1811 2942 2059 2999 strictius
2112 2946 2361 3001 adhaere-

779 3025 929 3092 bant,
970 3040 1155 3099 spreto
1178 3031 1629 3088 Academicorum
1661 3035 1901 3100 nomine,
1928 3036 2069 3106 quod
2102 3037 2358 3093 Arcesila:

2473 540 2775 596 obtinuisse
2816 556 3176 614 memoratur,
3226 547 3516 618 Potamon,
3558 550 3795 611 Caesaris
3820 558 4046 625 Augusti

2472 637 2529 685 ct
2566 629 2766 684 Tiberii
2802 634 3155 703 temporibus,
3190 635 3353 693 Suida
3383 648 3541 708 teste,
3570 640 3804 698 ﬂorebat
3833 662 3847 700 :
3872 644 4048 702 Ποτά-

2471 738 2590 791 μων
2639 721 3015 797 Ἀλεξανδρεὺς
3059 727 3344 799 φιλόσοφος
3383 732 3623 802 γεγονὼς
3668 736 3787 791 κατ’
3845 735 4049 808 Αὔγου-

2470 832 2614 881 στον,
2646 816 2739 869 καὶ
2770 820 2886 888 μετ’
2914 819 3094 873 αὐτόν.
3125 820 3245 887 Hic,
3267 823 3310 876 si
3343 824 3521 878 eidem
3555 826 3736 882 Suidae
3770 828 3929 893 lides,
3960 844 4047 885 re-

2468 904 2626 974 liquit
2654 909 2733 970 εἰς
2760 906 2856 972 τὰς
2903 910 3189 974 Πλάτωνος
3216 911 3487 978 πολιτείας
3528 914 3845 989 ὑπόμνημα,
3893 915 4050 973 Cont-

2467 1003 2749 1055 mentarios
2773 1003 2826 1055 in
2860 1001 3019 1056 libros
3066 1001 3310 1059 Platonis
3340 1006 3403 1059 de
3450 1006 3749 1076 Republica.
3815 1009 3873 1065 Si
3922 1011 4049 1082 quid

2468 1095 2613 1149 aliud
2674 1096 2995 1167 scripserit,
3056 1106 3266 1169 tempus
3323 1100 3460 1155 edax
3525 1115 3702 1156 rerum
3734 1103 3815 1158 vel
3877 1105 4048 1174 ipsam

2467 1187 2781 1241 memoriam
2848 1188 3158 1256 posteritati
3240 1189 3451 1247 invidit.
3536 1191 3796 1259 Quamvis
3866 1205 4048 1252 autem

2467 1276 2734 1333 Potamon
2810 1280 3156 1349 potissimum
3204 1283 3307 1337 sibi
3376 1284 3566 1339 ducem
3630 1284 3883 1355 elegisset
3926 1285 4049 1341 Pla-

2464 1378 2675 1437 tonem,
2729 1373 2888 1442 cujus
2944 1373 3169 1443 vestigia
3222 1386 3513 1445 premeret,
3572 1392 3678 1431 non
3720 1388 3926 1433 temere
3974 1388 4051 1433 ta-

2465 1478 2587 1516 men
2653 1463 2707 1517 in
2761 1464 3005 1533 magistri
3052 1466 3226 1520 verba
3286 1467 3537 1537 quaelibet
3589 1466 3883 1537 jurandum
3940 1468 4046 1527 sibi

2463 1554 2636 1607 duxit.
2668 1552 2784 1609 lmo
2829 1564 2992 1611 cauto
3031 1558 3167 1626 pede
3225 1557 3303 1613 sic
3357 1569 3574 1614 secutus
3622 1570 3728 1624 est,
3782 1570 3839 1616 ut
3874 1560 4048 1619 libero

2463 1644 2531 1698 ab
2574 1645 2720 1699 illius
2777 1647 3071 1711 sententia,
3114 1648 3437 1704 melioribus
3488 1652 3814 1720 perspectis,
3864 1653 4043 1708 disce-

2464 1741 2634 1795 deret.
2672 1735 2877 1794 Novum
2903 1740 3149 1809 proinde,
3201 1740 3531 1809 liberiusque
3567 1756 3729 1811 quam
3780 1742 4043 1800 hactenus

2469 1830 2664 1897 fuerat,
2727 1829 2780 1883 in
2849 1830 3092 1885 scholam
3148 1830 3569 1886 Alexandrinam
3620 1833 4042 1904 philosophandi

2467 1938 2638 1992 genus
2671 1922 2971 1976 introduxit
3003 1940 3015 1974 :
3054 1938 3159 1990 quo
3185 1924 3532 1993 perpurgatis
3566 1922 3805 1980 Platonis
3826 1925 4041 1995 opinio-

2470 2017 2647 2077 nibus,
2680 2016 2943 2086 ablegatis
2973 2016 3447 2086 improbabilibus,
3479 2018 3815 2088 resectisque
3856 2018 4038 2087 nugis,

2468 2110 2662 2177 quibus
2698 2109 3028 2169 luxuriantia
3073 2108 3463 2178 discipulorum
3516 2109 3732 2179 ingenia
3788 2110 4041 2180 magistri

2467 2200 2769 2255 doctrinam
2799 2198 3139 2265 obliverant;
3169 2214 3508 2270 quaecunque
3546 2201 3764 2255 veriora
3795 2211 3889 2255 aut
3910 2217 4045 2258 vero

2467 2290 2731 2346 similiora
2775 2290 3132 2352 videbantur,
3183 2291 3331 2345 nullo
3389 2300 3668 2346 auctorum
3718 2292 4045 2350 discrimine

2464 2382 2673 2448 habito,
2720 2384 2916 2438 ascivit
2958 2384 3366 2453 substituitque.
3423 2383 3787 2451 Ἑκλεκτικὸν,
3825 2385 4044 2441 Latinis

2463 2473 2760 2539 electivum,
2794 2476 2996 2527 dictum
3036 2483 3118 2527 est
3158 2474 3259 2527 hoc
3280 2474 3693 2544 philosophandi
3722 2490 3924 2544 genus;
3950 2489 4043 2531 se—

2464 2573 2706 2620 ctatores
2733 2578 2861 2618 vero
2885 2563 3213 2630 ὲκλεκτικοὶ,
3263 2566 3467 2619 electivi
3511 2581 3608 2620 seu
3659 2565 3942 2632 electores;
3982 2576 4046 2623 ut

2463 2658 2725 2728 Optimum
2758 2668 2811 2713 et
2835 2659 3288 2725 laudatissimum,
3317 2659 3397 2713 sic
3426 2660 3669 2713 omnium
3713 2671 3864 2716 certe
3895 2660 4041 2715 diﬂl-

2462 2752 2743 2817 cillimum,
2775 2766 2882 2821 quo
2906 2752 3219 2821 dogmatum
3247 2754 3492 2807 omnium
3532 2753 4042 2823 philosophicorum

2461 2845 2674 2900 delectu
2712 2845 2879 2908 facto,
2911 2844 2963 2897 id
2999 2844 3267 2898 duntaxat
3294 2847 3648 2915 probabatur,
3681 2846 3824 2914 quod
3848 2846 3914 2900 ad
3944 2860 4044 2901 ra-

2462 2937 2626 2993 tionis
2672 2952 2921 2990 normam
2964 2947 3237 2999 exactum,
3292 2937 3489 2991 melius
3520 2936 3843 3005 quadrabat.
3880 2934 4043 2993 Hanc

2464 3031 2637 3085 iniere
2670 3031 2812 3083 viam
2851 3038 3120 3099 quotquot
3154 3029 3412 3100 deinceps
3444 3045 3473 3083 e
3496 3029 3680 3083 schola
3706 3027 4041 3083 Alexandri-

780 3123 1146 3177 sectatoribus
1180 3123 1450 3192 relictum,
1483 3125 1616 3180 illud
1654 3125 2057 3183 PlatOnicorum
2094 3131 2197 3185 sibi
2236 3132 2353 3186 vin-~
2381 3140 2423 3199 α
2463 3138 2532 3179 lla
2563 3138 2757 3178 "Ome"
2785 3122 2885 3177 Sibi
2926 3130 3332 3191 εοηιρπθτυηῑο
3364 3131 3422 3174 υι
3463 3120 3806 3179 Ᾱωῖη⁰¹¹ί¹¹³’
3829 3118 4043 3177 Neroni

779 3213 1054 3281 dicarunt,
1084 3231 1394 3285 novumque
1419 3217 1764 3287 splendorem
1789 3218 1898 3287 jam
1934 3221 1987 3275 in
2023 3238 2189 3276 unum
2221 3237 2353 3278 coa-

777 3303 1023 3370 lescenti,
1062 3321 1182 3375 qum
1212 3308 1363 3376 prius
1402 3308 1572 3361 scissa
1595 3316 1729 3374 erat,
1756 3309 1958 3364 scholae
1987 3310 2230 3367 Platonis
2253 3314 2353 3369 ad-

777 3397 1051 3455 diderunt.
1088 3398 1395 3454 Eilloruisse
1424 3399 1678 3453 videntur
1723 3402 1847 3456 novi
1894 3404 1967 3457 illi
2016 3402 2279 3461 Platonici
2324 3421 2355 3462 e

776 3493 962 3547 schola
996 3494 1383 3560 Alexandrina,
1413 3512 1574 3564 quam
1608 3496 1932 3554 Ptolemaeus
1965 3498 2354 3571 Philadelphus

776 3585 1223 3658 φιλογράμματος
1262 3587 1591 3644 instituerat.
1619 3589 1687 3645 Ut
1722 3592 1863 3645 enim
1898 3592 2199 3647 litterarum
2236 3605 2353 3648 stu-

776 3661 859 3731 dia
878 3688 1240 3745 promoveret,
1257 3681 1609 3751 scholamque
1626 3697 1776 3736 suam
1795 3693 1906 3738 toto
1932 3685 2063 3739 orbe
2081 3685 2349 3741 celebrem

776 3771 1050 3835 redderet,
1099 3779 1264 3825 totam
1292 3771 1674 3842 Egyptiorum
1716 3774 2039 3844 sapientiam
2087 3777 2351 3833 hactenus

774 3858 1186 3930 hicropbantis,
1266 3862 1699 3934 Egyptiacoque
1766 3866 2014 3921 idiomati
2088 3866 2351 3921 duntaxat

775 3954 1168 4019 concreditam,
1197 3969 1317 4008 cum
1345 3957 1517 4011 sacris
1546 3957 1857 4012 Judzeorum
1898 3958 2071 4023 libris,
2109 3967 2167 4011 ut
2194 3958 2350 4027 vulgo

774 4045 1047 4110 creditur,
1079 4047 1133 4100 in
1182 4044 1434 4102 Graecum
1471 4049 1602 4120 (quo
1631 4051 1877 4121 plurimis
1919 4051 2262 4107 innotescere
2286 4064 2348 4104 ac

772 4138 1035 4208 prodesse
1057 4140 1300 4211 possent)
1350 4142 1591 4196 converti
1620 4152 1940 4209 curaverat;
1972 4143 2348 4201 bibliothecam

772 4244 881 4284 non
910 4232 1214 4300 paenitenda
1236 4232 1499 4288 librorum
1517 4233 1853 4303 supellectile
1884 4236 2245 4305 instruxerat;
2276 4239 2349 4293 vi-

774 4338 864 4376 ros
897 4326 1062 4377 totius
1089 4325 1240 4379 orbis
1267 4326 1634 4391 doctissimos,
1682 4324 1919 4393 indutos,
1951 4328 2187 4390 Grmcos,
2242 4330 2351 4383 Bo-

776 4431 994 4481 manos,
1020 4426 1153 4482 etc.,
1209 4419 1527 4484 advocarat,
1569 4420 1911 4491 amplissimae
1952 4424 2215 4509 mercedis
2254 4437 2346 4491 spe

774 4505 1017 4561 allectos.
1037 4506 1109 4561 Eo
1128 4506 1437 4563 conﬂuxere
1456 4511 1727 4564 variarmn
1756 4514 1994 4582 gentium
2015 4505 2341 4585 philosophi,

774 4600 1038 4654 doctrina:
1072 4600 1370 4668 Specimiua
1424 4604 1624 4660 daturi.
1659 4605 1767 4660 Sed
1816 4606 2021 4677 primas
2054 4607 2210 4661 facile
2263 4617 2343 4663 te-

775 4704 942 4744 nuere
985 4692 1270 4759 Platonici,
1317 4692 1585 4765 IEgyptiis
1637 4699 1872 4751 maxima
1913 4712 2035 4754 cum
2082 4701 2344 4767 dogmati-

775 4781 875 4835 bus
910 4796 1098 4835 eorum
1128 4784 1386 4839 aiiinitate
1436 4803 1544 4855 pra:
1577 4792 1789 4843 caeteris
1823 4793 2218 4858 commendati;
2253 4800 2341 4845 ut-

776 4886 905 4945 pote
935 4891 1053 4943 quaz
1082 4874 1233 4928 Plato
1263 4886 1372 4929 tum
1407 4893 1472 4931 ex
1499 4880 1874 4947 frequentibus
1896 4897 2035 4952 quos
2077 4885 2339 4939 habuerat

778 4982 900 5020 cum
942 4968 1274 5037 ntyS'agogis
1319 4982 1507 5023 eorum
1542 4974 1940 5041 congressibus,
1976 4986 2085 5028 tum
2138 4991 2204 5029 ex
2252 4977 2341 5043 iis,

777 5075 913 5129 quos
943 5062 1615 5131 audierat,Pythagoricis,
1636 5066 1824 5119 sedulo
1846 5068 2165 5122 edidicerat.
2189 5068 2242 5122 In
2260 5069 2344 5123 di-

776 5153 919 5206 vinis
936 5153 1199 5220 siquidem
1225 5159 1626 5222 pertractandis
1652 5157 2067 5229 Pythagoricum
2115 5162 2337 5217 docendi

774 5244 1321 5307 rationem,eamdcm
1346 5262 1482 5315 pene
1503 5262 1622 5300 cum
1642 5248 2334 5318 {Egyptiacaﬁequebatun

774 5351 833 5392 ut
865 5354 983 5391 mox
1014 5353 1075 5389 ex
1111 5335 1327 5391 Laertio
1358 5339 1613 5395 diximus.
1655 5339 1895 5409 Hincque
1932 5341 2133 5396 factum
2160 5351 2212 5395 ut
2242 5341 2341 5395 1E-

774 5431 971 5500 gyptiis
1004 5440 1153 5483 tanto
1180 5431 1233 5484 in
1268 5434 1448 5500 pretio
1474 5434 1639 5486 fuerit
1668 5433 1944 5488 Platonica
1973 5436 2335 5506 philosophia,

772 5521 984 5589 qualem
1035 5521 1303 5576 docebant
1332 5524 1453 5577 novi
1482 5524 1557 5577 illi
1600 5522 1887 5591 Platonici,
1915 5525 2148 5595 indeque
2183 5526 2336 5597 longe

772 5613 991 5682 lateque
1041 5615 1183 5684 apud
1228 5615 1361 5671 alias
1405 5617 1653 5672 nationes
1695 5630 1993 5688 prapagata
2025 5618 2213 5672 fuerit.

838 5780 880 5809 δι
915 5780 1076 5847 Aug..
1112 5779 1202 5835 lib.
1237 5797 1327 5836 vm
1364 5782 1434 5835 De
1466 5783 1636 5849 civit.,
1670 5796 1791 5851 cap.
1843 5780 1898 5835 5.

1975 5781 2017 5812 ιε
2064 5777 2222 5847 lbid.,
2271 5792 2387 5848 cap.
2439 5777 2490 5832 8.

2458 3225 2513 3271 et
2542 3214 2876 3284 Vespasiano
2908 3213 3225 3286 σύγχρονος,
3263 3228 3369 3267 non
3404 3212 3492 3267 ille
3526 3211 3782 3283 Origenis
3809 3221 3864 3268 et
3902 3211 4041 3270 Plu-

2456 3308 2581 3375 tini,
2604 3310 2698 3363 sed
2734 3306 3011 3363 Plutarchi
3049 3318 3373 3379 praeceptor,
3404 3306 3560 3375 cujus
3591 3306 3833 3361 meminit
3859 3305 4021 3364 Euna

2455 3404 2577 3470 pius
2603 3403 2653 3456 in
2687 3401 2976 3456 Procemio‘.
3008 3399 3113 3455 Sed
3151 3401 3383 3469 majores
3417 3400 3471 3454 in
3503 3415 3565 3454 ea
3598 3413 3919 3471 progressus
3950 3398 4042 3457 fe-

2456 3492 2549 3556 cit,
2602 3506 2912 3560 novumque
2971 3491 3137 3546 decus
3184 3499 3501 3547 restauratae
3547 3489 3790 3545 Platonis
3824 3491 4041 3547 Acade-

2455 3582 2600 3649 mite,
2623 3582 2874 3637 admistis
2905 3580 3133 3638 aliorum
3164 3581 3631 3653 philosOphorum,
3651 3581 4041 3653 Pythagoram-

2456 3693 2572 3732 rum
2599 3679 2651 3731 in
2679 3677 2889 3745 primis,
2925 3677 3166 3747 placitis,
3218 3676 3422 3731 addidit
3452 3677 3681 3732 celebris
3700 3677 4040 3736 Ammonius

2452 3768 2551 3840 τῆς
2583 3770 2735 3841 ἱερᾶς
2767 3770 2976 3837 γενεᾶς,
3014 3784 3183 3823 sacrae
3220 3769 3512 3825 Platonica:
3542 3771 3903 3828 successionis
3931 3786 4038 3828 ca-

2452 3871 2547 3931 put
2576 3863 2755 3916 dictns
2788 3878 2803 3914 :
2836 3875 2902 3916 ex
2950 3861 3104 3931 cujus
3148 3876 3245 3916 ore
3294 3873 3675 3931 perpurgatam
3714 3864 3852 3919 hanc
3896 3864 4035 3934 phi-

2452 3955 2753 4025 losophiam
2786 3956 3083 4010 hauserunt
3131 3953 3452 4017 Herennius,
3502 3955 3762 4025 Origenes
3797 3965 3851 4011 et
3896 3955 4037 4013 Plo-

2454 4048 2637 4113 tinus;
2669 4062 2805 4116 quos
2840 4048 3029 4102 deinde
3054 4046 3409 4117 Porphyrius,
3436 4044 3793 4115 Jamblichus,
3830 4048 4035 4104 Hiero-

2450 4143 2580 4207 cles,
2640 4140 2904 4211 Syrianus
2955 4147 3009 4193 et
3063 4137 3311 4203 Proclus,
3361 4140 3479 4192 κατ’
3535 4138 3726 4211 ἐξοχὴν
3794 4147 4031 4197 vocatus

2448 4234 2709 4303 διάδοχος,
2754 4239 3119 4300 exceperunt,
3179 4232 3377 4298 quibus
3419 4230 3709 4284 Maximum
3763 4229 4027 4301 Tyrium,

2449 4328 2756 4392 Alcinoum,
2812 4321 3179 4387 Damascium,
3218 4322 3525 4392 Apuleium,
3576 4322 3914 4378 Chalcidium
3968 4336 4031 4383 et

2452 4420 2590 4474 alios
2622 4420 2922 4489 adjungere
2950 4432 3259 4487 possumus.

2518 4514 2607 4568 3|.
2645 4514 2701 4567 Si
2742 4512 2872 4582 quid
2906 4527 3036 4566 vero
3062 4510 3361 4581 splendoris
3383 4525 3533 4566 novae
3565 4509 3694 4566 huic
3725 4506 4030 4568 Platonica

2447 4603 2649 4658 schola:
2685 4604 2926 4657 additum
2961 4617 3027 4656 ex
3060 4602 3291 4656 aliarum
3342 4612 3613 4656 sectarum
3645 4599 4023 4670 opinionibus,

2446 4712 2583 4766 quas
2614 4694 2866 4766 proprias
2910 4695 3013 4750 sibi
3056 4693 3219 4763 fecit;
3274 4696 3434 4761 longe
3475 4694 3646 4763 major
3670 4692 3906 4747 accessit
3949 4709 4026 4749 ex

2445 4789 2749 4844 sublimiori
2791 4786 3081 4856 theologia,
3135 4802 3294 4855 quam
3352 4802 3415 4839 ex
3458 4783 3763 4839 Judzeorum
3798 4780 4027 4855 [XXIV]

2445 4896 2509 4937 ac
2534 4882 2969 4936 Christianorum
3018 4892 3127 4934 tum
3159 4880 3336 4944 libris,
3385 4887 3496 4930 tum
3538 4877 3880 4931 sermonibus
3921 4878 4031 4933 de-

2447 4974 2730 5043 prompsit.
2777 4971 2912 5027 Cum
2947 4974 3089 5027 enim
3123 4970 3292 5025 Judaei
3340 4970 3453 5037 jam
3508 4984 3536 5021 a
3588 4969 3781 5038 primis
3812 4966 4025 5026 schola

2447 5064 2591 5119 illius
2607 5063 2848 5117 exordiis
2870 5061 3184 5131 frequentes
3201 5059 3341 5127 apud
3363 5057 3745 5111 Alexandriam
3764 5065 4023 5125 agerent,

2446 5156 2683 5223 librique
2715 5155 2857 5208 sacri
2885 5154 2938 5207 in
2960 5153 3208 5209 Grmcum
3237 5162 3542 5205 sermonem
3576 5147 3851 5213 conversi,
3876 5160 4028 5216 gen-

2446 5249 2622 5302 tilium
2674 5247 2918 5301 manibus
2970 5246 3070 5301 teri
3108 5244 3425 5313 coepissent,
3456 5256 3561 5295 non
3608 5250 3899 5309 potuerunt
3944 5255 4021 5297 ex

2446 5352 2802 5409 utrorumque
2841 5336 3043 5402 verbis,
3069 5336 3279 5400 sannis,
3318 5332 3583 5397 dieteriis,
3609 5340 3663 5386 et
3684 5330 3899 5387 invictis
3923 5346 4023 5387 ar-

2444 5432 2715 5503 guutcnlis
2764 5430 3096 5484 recentiores
3140 5428 3211 5481 illi
3259 5424 3524 5481 Platonici
3584 5440 3689 5478 non
3730 5423 4019 5495 colligere,

2444 5540 2605 5595 quam
2635 5538 2822 5576 eorum
2866 5520 3279 5592 polytbeismus,
3322 5528 3746 5587 portentosaque
3790 5516 4019 5587 gentili-

2447 5618 2575 5673 tatis
2601 5630 2755 5671 sacra
2788 5625 2842 5669 et
2866 5614 3121 5685 mysteria
3159 5627 3186 5665 a
3221 5627 3350 5667 sana
3386 5611 3595 5663 ratione
3622 5610 4015 5680 abhorrerent;

2568 5775 2612 5807 “
2660 5773 2811 5845 ωειλ,
2872 5787 2995 5842 tap.
3040 5771 3107 5828 10
3205 5770 3249 5803 “
3295 5770 3447 5840 fbid.,
3494 5787 3613 5843 cap.
3662 5771 3746 5827 12.
