4180 6332
204 404 269 462 43
1121 409 1586 467 DISSERTATIO
1625 414 1667 474 Ι,
1707 410 1868 466 ART.
1914 414 1957 477 ι,
1998 409 2087 466 DE
2123 404 2533 467 VALENTINO.
3393 404 3462 463 50

204 536 256 583 et
276 542 437 598 quam
472 529 781 585 econtrarlo
810 546 873 586 ea
907 546 1025 601 quae
1051 547 1117 586 ex
1162 533 1317 588 libris
1345 535 1518 589 sacris
1551 533 1783 605 percipi-
1812 538 1858 596 Α
1887 534 2098 601 ctrina;
2134 534 2296 605 idque
2330 546 2395 588 eo
2426 528 2659 595 facilius,
2694 546 2805 599 quo
2835 530 3185 586 illucescente
3226 528 3465 600 Evange-

206 631 288 674 tur
315 620 624 676 divinorum
660 623 874 687 notitia,
909 626 1158 681 sublimis
1206 626 1296 693 sit,
1343 639 1596 696 augusta,
1643 643 1779 698 pura

205 712 514 783 rationique
548 724 939 771 consentanea.
992 716 1222 780 Felices,
1261 718 1304 771 si
1340 719 1601 772 micantes
1656 718 1778 773 inde

205 802 341 858 radii
366 804 634 858 obductas
662 806 844 858 animo
885 806 1113 861 nebulas
1134 806 1510 877 dispulissent,
1544 809 1781 863 umbris-

204 910 309 964 que
364 895 627 951 discussis
676 899 742 951 ad
798 898 967 953 solem
1011 900 1186 969 ipsum
1240 899 1430 956 oculos
1481 900 1781 956 convertis-

204 990 354 1043 seut!
383 988 490 1043 Sed
517 990 760 1044 maluere
791 991 1036 1060 plerique
1078 993 1390 1064 anticipatis
1434 993 1779 1063 opinionibus

200 1082 481 1148 obcaecati,
512 1083 712 1139 divinae
761 1085 898 1141 lucis
938 1086 1202 1157 igniculos
1247 1087 1651 1142 mendaciorum
1698 1088 1780 1141 fu-

203 1190 291 1231 mo
314 1184 369 1233 et
395 1176 634 1232 tenebris
666 1178 963 1234 obscurare
993 1197 1006 1234 :
1038 1188 1236 1234 etcum
1264 1178 1593 1250 theologiam
1624 1196 1778 1234 suam

200 1281 266 1321 ex
293 1270 535 1324 oraculis
562 1270 762 1326 divinis
816 1272 996 1326 metiri
1051 1272 1393 1336 debuissent,
1432 1273 1545 1327 lure
1600 1275 1778 1342 potius

200 1362 390 1417 ordine
435 1373 769 1434 praepostero
803 1366 868 1419 ad
900 1364 1243 1436 Pythagorae,
1270 1365 1617 1435 Platonisque
1659 1367 1778 1435 pla-

201 1455 309 1510 cita
341 1469 601 1511 revocare
640 1456 989 1515 studuerunt.
1058 1458 1362 1527 Eapropter
1403 1458 1469 1512 iis
1497 1462 1778 1524 eiiinibus,

199 1557 539 1612 quaecunque
568 1559 632 1599 ex
665 1546 839 1601 sacris
882 1547 1055 1612 libris,
1084 1545 1504 1617 .ludaeorumque
1554 1551 1779 1620 dogma-

201 1638 349 1690 tibus
378 1636 663 1707 subripere
706 1647 1017 1710 potuerunt,
1078 1638 1496 1710 Pytliagoricam
1538 1642 1780 1699 Platoni-

201 1743 435 1797 camque
464 1730 700 1799 speciem
756 1730 1097 1796 inducentes,
1142 1747 1340 1786 novum
1364 1732 1628 1790 doctrina:
1665 1751 1781 1790 cor~

201 1834 302 1888 pus
370 1831 843 1892 coagmentarunt,
910 1838 937 1876 a
972 1824 1227 1878 crassiori
1253 1824 1470 1893 quidem
1504 1827 1779 1897 gentilita-

1886 629 1941 684 lii
1972 629 2080 693 die,
2114 643 2249 684 nova
2284 627 2603 683 accessione
2634 624 2807 680 ditata
2845 626 3133 696 superbius
3169 640 3331 697 quam
3365 638 3464 680 an-

1885 736 1971 781 tea
2020 741 2142 781 sese
2168 724 2385 779 extulit.
2416 721 2545 777 Nam
2574 740 2637 780 ex
2671 739 2780 793 quo
2806 722 3034 792 apostoli
3069 719 3462 790 apostolicique

1881 814 1983 867 viri
2014 829 2136 869 cum
2171 814 2388 869 ethnica
2421 814 2807 883 superstitione
2855 814 3127 867 acerrimo
3161 810 3461 865 certamine

1882 905 2234 969 dimicarunt,
2274 905 2565 975 palamque
2610 905 2677 959 de
2728 919 2789 958 ea
2839 904 3143 974 triumphus
3193 908 3454 971 egerunt;

1883 994 2258 1052 imminentem
2292 996 2415 1051 huic
2448 994 2660 1051 ruinam
2695 1006 2754 1051 ut
2782 1004 3091 1051 averterent
3131 993 3460 1065 philosophi,

1881 1091 1947 1146 de
1976 1105 2111 1145 nova
2148 1091 2413 1145 doctrinas
2442 1106 2555 1145 suae
2587 1090 2978 1145 reformatione
3011 1089 3254 1159 cogitare
3279 1101 3462 1156 coepe-

1883 1194 2031 1237 runt.
2066 1182 2329 1238 Perlectis
2354 1183 2535 1251 itaque
2568 1184 2700 1239 Novi
2730 1181 3063 1239 Testamenti
3097 1180 3338 1251 scriptis,
3364 1179 3463 1231 lia-

1882 1274 2123 1345 bitisque
2146 1290 2267 1329 cum
2314 1273 2652 1330 doctissimis
2689 1276 2997 1346 quibusque
3023 1274 3456 1329 Christianorum

1880 1365 2290 1434 congressibus,
2314 1381 2380 1420 ex
2412 1381 2599 1420 eorum
2632 1366 2980 1437 dogmatibus
3011 1380 3072 1419 ea
3103 1363 3460 1432 collegerunt,

1880 1457 2076 1526 quibus
2130 1458 2366 1513 ethnicae
2420 1459 2666 1529 religioni
2727 1460 3070 1530 splendorem
3119 1467 3174 1512 et
3226 1457 3460 1525 pretium

1880 1549 2185 1616 adderent;
2248 1552 2473 1620 hzccque
2518 1553 2630 1606 suis
2681 1552 2976 1607 artiﬁciose
3021 1549 3349 1613 intexentes,
3406 1558 3463 1604 et

1882 1658 1949 1697 ne
1990 1651 2205 1711 pateret
2240 1642 2467 1709 furtum,
2494 1645 2915 1715 symbolicarum
2962 1644 3260 1700 formarum
3306 1647 3462 1699 invo-

1881 1733 2054 1799 lucro,
2093 1750 2241 1789 more
2276 1734 2583 1800 Platonico,
2622 1747 2886 1806 tegentes,
2948 1750 3143 1791 novam
3182 1737 3454 1807 hypothe-

1881 1826 1983 1881 sim
2014 1826 2346 1884 Christianis
2373 1831 2707 1900 objecerunt,
2743 1846 2863 1901 qua:
2898 1832 3150 1886 simulata
3196 1832 3461 1885 sanctita-

200 1913 272 1969 tis
304 1912 437 1969 faece
469 1924 763 1981 secretum,
799 1917 1054 1972 sordibus
1087 1926 1269 1973 tamen
1298 1919 1475 1974 adhuc
1516 1936 1621 1975 non
1647 1938 1778 1992 pau~
1810 1897 1852 1951 Β
1884 1923 1949 1978 tis
1972 1897 2645 1995 sublimitatisque'spccie
2675 1926 2959 1996 deciperet
2988 1925 3297 1995 imperitos.
3330 1924 3463 1981 Sus-

196 2007 279 2062 cis
332 2006 684 2061 lutulentum.
745 2007 865 2062 Jam
913 2010 1135 2079 quidem
1190 2010 1346 2066 Plato
1383 2028 1547 2066 unum
1590 2029 1779 2083 supre—

198 2114 343 2153 mum
377 2100 562 2153 mundi
586 2101 861 2170 opificem,
889 2101 1285 2175 inferioresque
1312 2105 1587 2161 daemones
1610 2123 1779 2178 agno—

198 2201 384 2259 verat;
423 2202 478 2247 at
503 2193 568 2247 de
604 2195 835 2264 angelis.
881 2196 1247 2266 archangelis,
1276 2212 1463 2253 eorum
1497 2200 1779 2256 ordinibus

198 2293 253 2338 et
282 2283 497 2351 oﬂiciis,
537 2284 604 2341 de
636 2288 863 2358 mystica
910 2290 1094 2343 nescio
1147 2306 1251 2359 qua
1280 2289 1500 2358 Triade,
1550 2293 1781 2363 aliisque

198 2380 496 2445 sexcentis,
535 2380 601 2436 de
631 2382 828 2451 quibus
880 2383 1151 2438 subtiliori
1186 2385 1559 2455 disputatione
1605 2388 1780 2443 disse-

200 2481 432 2527 ruerunt
465 2477 799 2531 recentiores
832 2476 905 2532 illi
940 2476 1215 2549 discipuli,
1253 2496 1320 2535 ne
1365 2480 1484 2535 κατ’
1514 2481 1645 2552 ὄναρ
1686 2498 1780 2539 co-

198 2565 476 2635 gitaverat
509 2568 773 2638 magister
806 2591 819 2626 :
856 2572 988 2626 adeo
1030 2583 1088 2627 ut
1137 2574 1250 2629 haec
1286 2574 1350 2629 iis
1382 2576 1513 2632 solis
1544 2579 1779 2632 auctori«

198 2656 301 2711 bus
350 2657 658 2729 prodierint
691 2677 703 2709 :
732 2663 774 2717 si
811 2675 989 2719 tamen
1032 2677 1285 2722 auctores
1335 2668 1570 2732 dicendi,
1612 2672 1702 2739 qui
1749 2687 1777 2725 a

196 2746 402 2809 Iudaeis
456 2765 680 2823 accepta
738 2759 1022 2814 ementitis
1083 2760 1355 2817 coloribus
1413 2763 1777 2821 infuscarunt.

195 2845 271 2900 At
294 2846 343 2901 si
368 2849 496 2916 quid
524 2865 551 2903 a
575 2848 777 2906 Judaeis
796 2855 1105 2924 acceperint
1138 2855 1403 2912 Platonici
1431 2858 1611 2923 isti,id
1640 2868 1782 2928 post-

197 2939 415 2995 modum
445 2938 649 2997 Iudaeis
679 2958 802 2998 eum
854 2946 1042 3004 fenore
1086 2950 1453 3006 reddiderunt.
1499 2952 1632 3006 Nam
1658 2968 1778 3009 eum

199 3032 255 3088 hi
290 3048 489 3089 novam
522 3049 644 3089 eam
673 3036 1097 3109 philosophandi
1145 3045 1410 3098 rationem
1435 3046 1781 3116 dogmatibus

194 3130 397 3197 sacris,
432 3130 708 3200 allegoriis
730 3141 787 3188 et
815 3134 1076 3204 symbolis
1127 3134 1510 3201 intermistain,
1538 3139 1781 3195 (πρίει-ῖς.

1879 2023 2093 2083 ceptum
2121 2015 2409 2070 consiliqu
2440 2032 2545 2070 non
2589 2033 2778 2086 parum
2822 2018 3092 2087 promovit
3120 2031 3349 2085 magnus
3375 2015 3464 2069 ille

1879 2106 2221 2173 Ammonius,
2247 2107 2494 2178 Origcnis
2525 2119 2576 2163 et
2602 2108 2801 2163 Plotini
2839 2118 3162 2178 praeceptor,
3186 2108 3276 2176 qui
3305 2107 3464 2163 Chri-

1883 2199 2119 2253 stianam
2159 2197 2477 2269 religionem
2516 2198 2814 2269 professus,
2862 2198 3177 2253 inordinato
3221 2196 3466 2253 Platoni-

1880 2304 1957 2344 etc
2020 2289 2394 2361 phil050phia3,
2450 2290 2537 2344 cui
2608 2305 2832 2361 operam
2878 2305 3092 2360 semper
3133 2298 3456 2355 navaverat,

1880 2398 2063 2437 amore
2088 2383 2221 2438 nihil
2253 2400 2359 2439 non
2393 2384 2610 2440 molitus
2642 2396 2747 2450 est,
2782 2395 2841 2439 ut
2862 2386 2930 2440 ad
2974 2385 3118 2439 hanc
3145 2384 3463 2454 Scriptura;

1884 2489 1999 2527 rum
2034 2475 2257 2529 oracula
2300 2485 2609 2532 revocaret.
2649 2476 2819 2532 Malus
2856 2478 3073 2547 quidem
3109 2478 3323 2533 animus
3356 2491 3462 2530 non

1883 2565 2019 2634 fuit;
2053 2568 2177 2626 hinc
2203 2568 2347 2623 enim
2398 2567 2725 2623 Christianae
2754 2568 2999 2640 religioni
3030 2568 3287 2637 majorem
3326 2569 3464 2636 apud

1883 2666 2115 2737 gentiles
2142 2662 2525 2719 auctoritatem
2558 2662 2847 2718 conciliatu
2860 2678 2976 2716 rum
3003 2677 3064 2717 se
3087 2664 3365 2732 sperabat.
3398 2659 3467 2714 Et

1881 2761 1925 2815 si
1960 2761 2181 2830 quidem
2215 2756 2643 2827 philosophiam,
2681 2755 2759 2810 uti
2794 2769 2891 2824 par
2914 2768 3054 2820 erat,
3103 2770 3170 2809 ex
3216 2752 3466 2821 Scriptu-

1882 2853 1956 2908 ris
1989 2850 2308 2911 reformare,
2338 2862 2570 2916 eamque
2611 2848 2751 2902 intra
2785 2846 3066 2917 Evangelii
3096 2846 3299 2902 limites
3330 2860 3462 2899 con-

1884 2944 2104 3001 cludere
2133 2942 2457 3006 studuissct,
2488 2956 2666 3011 operae
2699 2940 2924 2995 forsitan
2961 2939 3191 3009 pretium
3220 2938 3462 3004 fecisset;

1882 3047 1940 3092 at
1976 3034 2317 3091 contrariam
2373 3034 2594 3088 omnino
2648 3033 2912 3087 rationem
2960 3046 3081 3085 cum
3138 3030 3365 3095 iniisset,
3411 3036 3466 3084 et

1882 3129 2215 3185 Christiana
2240 3127 2516 3196 religioni,
2548 3136 2605 3180 et
2632 3124 2959 3204 Christianis
2991 3124 3122 3193 ipsis
3145 3122 3312 3177 exitio
3338 3121 3460 3177 fuit.

197 3239 303 3295 que
338 3224 620 3295 puriorem
648 3269 661 3293 ,
713 3241 813 3281 nec
839 3228 976 3281 adeo
1020 3227 1306 3285 divinioris
1346 3231 1592 3286 scientiae
1633 3234 1785 3301 prin-
1814 3243 1856 3302 ρ
1890 3222 2024 3277 Nam
2054 3234 2084 3274 e
2113 3219 2447 3275 Christianis
2481 3218 2697 3288 plurimi
2746 3218 3003 3287 deinceps
3035 3215 3193 3284 hujus
3220 3214 3463 3285 philoso-

196 3316 358 3386 cipiis
395 3327 792 3388 repugnantem
828 3320 1369 3385 animadvertissent,
1416 3324 1467 3376 in
1513 3324 1654 3378 illius
1681 3327 1780 3379 ad-

196 3412 551 3468 mirationem
598 3413 881 3483 pertracti,
919 3414 971 3467 in
1020 3414 1138 3484 ejus
1179 3416 1420 3469 studium
1471 3418 1786 3475 incumbere

200 3515 529 3575 ceperunt;
585 3505 690 3560 rati
723 3521 831 3559 non
872 3505 1075 3561 diﬂicili
1116 3511 1339 3578 negotio
1384 3492 1722 3582 purgandam
1754 3530 1786 3568 a

196 3598 473 3664 sordibus,
501 3612 639 3667 quas
675 3597 934 3653 intulerat
965 3598 1185 3655 ethnica
1220 3604 1558 3671 superstitio,
1598 3606 1783 3661 utilem

202 3688 325 3745 fore
358 3698 422 3744 ad
465 3690 816 3760 explicanda,
837 3696 1272 3766 accuratiorique
1295 3698 1548 3754 methodo
1568 3712 1785 3771 pertra-

196 3784 398 3840 ctanda
423 3799 594 3840 sacrae
610 3785 890 3856 religionis
910 3790 1189 3859 mysteria.
1207 3790 1394 3862 Itaque
1417 3795 1522 3849 huc
1539 3797 1781 3851 animum

195 3876 553 3947 appellentes,
576 3878 921 3948 divinamqnc
953 3880 1244 3937 scientiam
1277 3885 1549 3940 'subtilius
1612 3902 1775 3955 quam

195 3983 300 4039 par
337 3980 458 4023 erat
483 3970 829 4041 eliquantes,
874 3987 995 4025 cum
1052 3973 1350 4029 Platonicis
1400 3975 1781 4047 πλατωνίζειν,

198 4076 269 4117 ac
306 4064 633 4132 purissimos
674 4066 918 4119 veritatis
987 4052 1189 4122 rivulos
1238 4069 1289 4121 in
1342 4067 1663 4141 Pythagorae
1717 4088 1782 4127 ac

194 4154 443 4211 Platonis
484 4156 708 4210 lacunas
750 4156 999 4210 derivare
1045 4167 1332 4226 cmperunt
1360 4180 1371 4213 :
1400 4175 1598 4227 magno
1646 4176 1783 4215 sane

196 4262 325 4303 cum
372 4246 652 4315 religionis
692 4245 1055 4312 detrimento,
1103 4261 1223 4315 qua:
1259 4255 1363 4300 tota
1414 4248 1667 4316 deinceps
1704 4263 1787 4302 ar-

194 4339 404 4410 gutiis,
466 4339 739 4405 numeris,
799 4353 1263 4405 numerorumque
1303 4337 1780 4408 cepulationibus,

193 4431 463 4506 symbolis
480 4440 535 4486 et
564 4429 840 4498 allegoriis
884 4430 1083 4486 referta
1106 4431 1329 4500 prodiit.
1355 4433 1626 4498 Quantum
1656 4447 1786 4489 vero

192 4524 257 4582 in
289 4539 356 4580 eo
386 4522 689 4593 disciplina:
718 4537 919 4593 genere
948 4522 1283 4593 profeceriut
1312 4524 1506 4591 Judmi,
1542 4524 1783 4581 Helleni-

1892 3315 2052 3386 pbim,
2083 3329 2204 3384 quae
2238 3327 2346 3381 pra:
2375 3311 2589 3366 caeteris
2610 3312 2661 3366 in
2692 3313 2864 3382 pretio
2888 3320 3024 3375 erat,
3060 3310 3129 3364 ob
3149 3306 3463 3362 alllnitatem

1886 3422 2047 3476 quam
2079 3421 2201 3460 cum
2233 3404 2535 3473 Scripturis
2576 3404 2777 3458 habere
2822 3403 3127 3468 videbatur,
3157 3400 3335 3455 studio
3378 3399 3466 3453 iu-

1887 3500 2238 3562 cumbentes;
2297 3513 2397 3552 nec
2449 3497 2792 3551 a'.tendentes
2860 3494 3122 3565 quidquid
3180 3493 3462 3549 sublimius

1886 3608 2000 3665 prae
2026 3608 2087 3649 se
2110 3592 2345 3658 ferebat,
2383 3600 2553 3646 totum
2592 3604 2659 3645 ex
2702 3589 3015 3643 earumdem
3054 3587 3462 3657 Scripturarum

1887 3702 2027 3757 penu
2055 3686 2436 3755 depromptum
2471 3684 2655 3749 fuisse,
2688 3684 2827 3737 hanc
2850 3698 2985 3752 pene
3008 3697 3130 3736 cum
3162 3679 3463 3751 Scripzuris

1888 3776 2021 3846 ipsis
2050 3776 2365 3844 adzequare,
2394 3782 2448 3828 et
2489 3774 2557 3827 ad
2587 3774 2702 3843 ejus
2741 3773 2915 3841 magis
2956 3787 3123 3840 quam
3153 3772 3217 3824 ad
3247 3772 3460 3823 illarum

1888 3867 2160 3940 principia
2192 3866 2643 3920 ratiocinationes
2672 3880 2802 3920 suas
2824 3865 3041 3935 exigere
3072 3848 3463 3917 assueveruut:

1887 3962 2032 4032 quod
2093 3960 2432 4015 inﬁnitarum
2494 3958 2881 4029 propemodum
2936 3974 3208 4020 errorum,
3266 3957 3467 4026 quibus

1887 4053 2257 4110 contaminata
2300 4052 2435 4105 lides
2471 4050 2594 4116 fuit,
2644 4050 2887 4105 fomitem
2938 4050 3285 4105 ministravit.
3334 4049 3467 4104 lith-

1890 4147 1997 4202 nici
2036 4145 2373 4207 econtrario,
2408 4158 2473 4197 ex
2529 4144 2630 4197 hac
2680 4158 2960 4197 sacrorum
3006 4144 3469 4213 profanorumque

1890 4240 2205 4311 dogmatum
2256 4237 2531 4300 mistione,
2589 4251 2708 4306 quae
2762 4236 3159 4306 philosophiam
3211 4238 3462 4303 ornabat,

1892 4345 2079 4407 totque
2106 4334 2439 4406 portentosis
2469 4330 2749 4388 erroribus
2778 4333 3060 4403 purgabat,
3092 4332 3463 4402 perficiendis,

1888 4426 2320 4496 iusolcutiusque
2362 4422 2649 4478 elfereudaa
2688 4423 2947 4478 doctrinae
2978 4438 3091 4478 suae
3120 4424 3466 4479 occasionem

1886 4531 2191 4590 Opportune
2221 4528 2525 4589 captantes,
2552 4518 2841 4588 superbius
2876 4519 3140 4573 adversus
3189 4516 3465 4573 Christia-

194 4626 299 4672 st'e
329 4614 658 4685 praesertim,
689 4628 753 4666 ex
786 4613 1029 4667 Philonis
1063 4614 1283 4682 scriptis
1324 4614 1511 4668 videre
1541 4623 1644 4679 est,
1689 4616 1780 4685 qui
1817 4617 1859 4671 D
1890 4628 2008 4679 nos,
2042 4614 2198 4683 quasi
2230 4613 2469 4668 Platonis
2520 4615 2735 4669 exuviis
2761 4612 2969 4682 seipsos
2995 4613 3282 4687 ditassent,
3318 4610 3468 4663 inso-

193 4706 348 4778 quod
390 4704 671 4759 Platonica
723 4705 978 4774 dogmata
1014 4706 1196 4758 animo
1248 4704 1410 4758 altius
1454 4705 1781 4769 imbibisset,

194 4814 301 4855 ceu
328 4798 470 4853 alter
504 4796 659 4852 Plato
689 4811 719 4850 a
766 4797 1044 4854 veteribus
1076 4796 1296 4852 habitus
1327 4797 1495 4853 fuisse
1531 4798 1780 4866 videtur;

194 4889 357 4960 cujus
395 4890 703 4958 exemplum
763 4888 906 4945 male
956 4889 1194 4945 aemulati
1257 4892 1488 4959 posteri,
1542 4893 1784 4962 argutias

196 4982 436 5055 argutiis
481 4981 826 5046 addiderunt,
860 4983 1139 5052 vanisque
1170 4982 1563 5039 subtilitatibus
1611 5000 1784 5054 a‘gras

194 5084 411 5129 mentes
437 5082 727 5142 paverunt.
776 5072 1037 5139 Quamvis
1061 5083 1242 5129 autem
1291 5078 1426 5130 adeo
1469 5076 1627 5145 longe
1659 5094 1785 5147 pro-

194 5180 420 5236 gressos
481 5164 650 5220 fuisse
679 5163 915 5229 Judaeos,
951 5166 1044 5234 qui
1098 5166 1152 5220 in
1206 5166 1495 5223 Palaestina
1541 5169 1783 5226 Philonis

192 5268 363 5315 atate
410 5258 701 5330 degebant,
771 5260 917 5313 nulla
973 5260 1351 5316 demonstrent
1407 5272 1777 5332 argumenta;

194 5366 293 5407 eos
330 5360 512 5405 tamen
540 5349 824 5405 Platonica
851 5352 1095 5406 doctrina
1123 5353 1271 5409 haud
1312 5353 1663 5409 mediocriter
1685 5370 1783 5409 ex-

192 5444 378 5498 cultos
421 5443 655 5497 suadent
708 5453 819 5495 tum
865 5442 1122 5513 frequens
1142 5446 1286 5515 quod
1326 5446 1457 5515 ipsis
1484 5447 1781 5503 intercede-

194 5535 295 5591 bat
323 5551 450 5591 cum
495 5535 836 5601 Hellenistis,
888 5536 1159 5607 Egyptiis
1192 5547 1247 5593 et
1292 5536 1471 5610 Tyriis
1512 5555 1780 5595 commer-

196 5629 365 5694 cium,
411 5640 527 5684 tum
559 5629 727 5685 Flavii
762 5629 982 5701 Josepbi
1034 5633 1179 5700 libri,
1222 5633 1397 5688 virum
1450 5633 1505 5688 in
1550 5636 1781 5705 philoso-

195 5724 431 5792 phorum
467 5722 700 5777 lectione
729 5741 832 5780 non
873 5741 1064 5796 parum
1097 5734 1371 5781 versatum
1403 5726 1776 5785 ostendentes.

268 5813 361 5870 δί.
404 5814 535 5881 Qum
578 5813 885 5872 Judzeurum
935 5817 1135 5873 animis
1182 5817 1446 5887 primum,
1491 5818 1680 5873 eadem
1724 5828 1779 5873 et

197 5902 639 5966 Christianorum
679 5916 886 5971 'postca
939 5907 1119 5964 fucum
1173 5907 1302 5963 fecit
1353 5906 1631 5965 Platonica
1682 5911 1777 5965 du-

1892 4707 2132 4773 lescere,
2180 4706 2659 4777 Christianamque
2714 4708 3036 4776 religionem
3110 4714 3465 4759 contenmere

1889 4807 2187 4868 cmperunt.
2241 4798 2569 4854 Evauuitex
2610 4813 2799 4854 eorum
2854 4797 3075 4868 scriptis
3121 4812 3181 4850 ea
3236 4796 3463 4850 deorum

1892 4890 2037 4943 nulla
2072 4889 2153 4944 vel
2215 4890 2318 4944 sibi
2361 4892 2614 4955 invicem,
2650 4893 2733 4947 vel
2775 4890 2867 4945 ulli
2920 4888 3233 4954 superiori,
3282 4886 3466 4956 subje-

1888 4982 2068 5035 ctione
2098 4981 2473 5051 colligatorum
2499 4982 2788 5036 multitudo
2820 4998 2833 5035 :
2865 4981 3150 5049 pauciores
3195 4990 3466 5048 apparue-

1890 5085 2040 5140 runt,
2068 5089 2370 5145 omnesque
2394 5075 2485 5129 uni
2518 5091 2785 5145 suprema:
2816 5074 3123 5138 Divinitati,
3156 5069 3465 5142 augustiori

1887 5184 2047 5238 quam
2090 5178 2247 5224 antea
2275 5170 2860 5235 sermonecelebratae,
2895 5167 3151 5237 subjecti.
3214 5167 3461 5238 Angelis,

1886 5261 2277 5330 archangelis,
2334 5262 2609 5315 mentibus
2664 5259 3026 5326 cmlestibus,
3082 5262 3463 5329 sexcentisqne

1884 5352 2026 5415 aliis,
2073 5368 2193 5423 qua:
2227 5368 2257 5407 a
2318 5350 2648 5409 Christianis
2701 5353 2930 5408 mutuati
2971 5335 3213 5418 fuerant,
3265 5363 3462 5410 ornata

1884 5446 2141 5517 deinceps
2179 5448 2448 5517 processit
2472 5463 2661 5503 eorum
2717 5447 2988 5519 theologia
3036 5445 3325 5501 naturalis.
3390 5448 3463 5505 De

1883 5541 2130 5609 corporis
2159 5554 2525 5609 sensuumque
2571 5538 2724 5611 fuga,
2752 5542 2816 5593 de
2839 5554 2969 5592 cura
3003 5538 3193 5605 animi,
3232 5540 3465 5593 mentis-

1883 5643 1988 5699 que
2017 5628 2164 5682 cultu
2216 5637 2272 5683 et
2320 5628 2625 5684 elevatioue
2680 5631 2733 5684 in
2794 5628 2986 5695 Deum,
3040 5628 3109 5684 de
3168 5630 3460 5686 virtutibus

1880 5720 2151 5787 colendis,
2196 5721 2642 5791 debellandisque
2686 5722 2835 5776 vitiis
2884 5720 3168 5791 magnifice
3214 5722 3455 5796 scripse-

1883 5822 2049 5878 runt;
2097 5813 2537 5885 intentatumqne
2571 5814 2710 5869 nihil
2750 5814 3106 5884 reliquerunt,
3152 5830 3258 5881 quo
3305 5816 3455 5869 fuca-

1885 5919 1990 5965 tam
2024 5908 2282 5965 doctrina:
2315 5909 2604 5979 puritatem
2653 5910 2927 5980 Evangelii
2973 5910 3247 5964 sanctitati
3286 5924 3453 5980 upper
