4180 6332
774 454 834 509 51
1547 438 2150 502 DISSERTATIONES
2183 435 2345 496 ΡΒᾸΞ.

2448 434 2489 490 Ε
2525 431 2590 488 ΙΝ
2629 429 2889 488 ΙΒΕΝᾹΞΙ
2931 426 3192 483 LIBROS.
3937 410 4006 470 ἃ

769 576 983 625 uerent.
1016 568 1126 621 Duo
1159 574 1340 620 tamen
1391 562 1634 625 fuerunt,
1667 560 1887 632 quibus,
1914 555 2171 628 quidquid
2203 569 2324 624 age-
2365 556 2411 613 Α
2437 550 2575 620 ejus.
2607 546 2901 617 Triplicem
2930 555 3164 611 namque
3191 537 3456 632 mundum
3477 541 3722 590 statuunt
3749 529 3846 596 illi,
3875 528 4008 632 alte-

767 671 917 730 rent,
961 675 1116 716 vanae
1144 658 1520 716 excusationis
1545 656 1720 710 velum
1759 655 1839 710 sic
1863 651 2057 707 obduci
2092 665 2196 704 non
2241 661 2336 718 po-

770 755 889 819 tuit,
917 752 1049 824 quin
1074 752 1245 817 turpis
1267 747 1502 803 infamia:
1529 745 1682 802 labes
1710 759 1895 800 eorum
1923 740 2168 812 religioni
2197 753 2337 795 sem-

767 857 864 912 per
889 848 1311 912 aspergeretur:
1361 837 1534 908 magia
1567 834 1841 899 videlicet,
1876 841 1932 888 et
1975 829 2335 886 abominanda

767 931 959 1005 [XXV]
988 945 1270 987 sacrorum
1302 927 1584 1001 mysteria,
1618 925 1892 986 Eleusinia
1924 922 2246 992 praesertim,
2282 926 2338 974 et

765 1024 1152 1090 Bacchanalia,
1178 1032 1240 1077 ut
1283 1022 1387 1076 alia
1419 1020 1634 1077 sileam.
1667 1018 1745 1072 Ex
1791 1016 2004 1072 Plotino
2046 1014 2333 1084 siquidem,

765 1115 1092 1187 l’orphyrio,
1147 1112 1473 1179 Jamblicho,
1533 1109 1802 1180 Eunapio,
1852 1106 2081 1174 aliisque
2131 1103 2332 1168 videas,

764 1204 1138 1275 philosophos,
1187 1203 1410 1272 perinde
1456 1209 1620 1269 atque
1685 1207 2055 1269 mystagogns,
2095 1193 2337 1262 magicas

765 1307 912 1352 artes
941 1296 1278 1360 exercuisse,
1325 1293 1686 1360 nefandisque
1714 1289 2016 1346 daemonum
2066 1283 2338 1342 evocatio-

766 1385 926 1441 nihus
957 1383 1251 1440 studuisse.
1281 1382 1481 1438 Eorum
1529 1381 1744 1455 quidem
1777 1377 2059 1433 infamiam
2092 1375 2337 1443 specioso

766 1477 987 1533 nomine
1022 1476 1307 1548 Θεουργίας
1340 1485 1394 1528 et
1432 1471 1744 1532 commercii
1784 1472 1925 1526 sacri
1961 1485 2082 1526 cum
2128 1468 2229 1524 diis
2260 1478 2331 1522 te.-

764 1585 893 1641 gere
935 1571 1048 1625 nixi
1079 1577 1206 1626 sunt
1220 1586 1238 1636 ;
1290 1569 1384 1625 sed
1431 1576 1582 1626 certe
1636 1566 1948 1637 abstergere
1993 1579 2099 1618 non
2149 1573 2330 1634 potue-

765 1671 913 1717 runt.
941 1661 1023 1718 Ad
1053 1661 1284 1720 scelesta
1311 1661 1569 1733 mysteria
1591 1658 1737 1728 quod
1770 1658 1991 1719 attinet,
2009 1656 2075 1710 de
2104 1655 2172 1709 iis
2195 1653 2337 1723 apud

764 1754 962 1810 citatos
989 1753 1345 1823 philosophos
1376 1765 1444 1804 ne
1471 1751 1694 1806 verbum
1723 1748 1943 1820 quidem
1966 1785 1986 1810 ,
2010 1745 2181 1815 probe
2207 1758 2340 1799 con-

764 1847 911 1901 scios
934 1845 1145 1900 scilicet
1183 1845 1287 1898 ista
1328 1843 1471 1899 nulla
1501 1842 1712 1897 ratione
1741 1839 1993 1895 excusari
2023 1852 2202 1908 posse.

2439 659 2556 696 rum
2624 655 2782 710 quem
2833 633 3164 691 invisibilem
3212 639 3267 686 et
3318 627 3546 684 idealern
3601 633 3824 689 vocant,
3878 620 4006 691 quia

2437 748 2619 788 rerum
2667 731 2911 786 omnium
2971 727 3121 782 ideas
3175 723 3459 785 continet;
3506 717 3643 773 nihil
3695 716 3898 786 quippe
3951 713 4006 767 iu

2436 826 2641 880 mundo
2665 822 2908 879 inferiori
2943 816 3218 890 corporali
3259 813 3392 870 oriri
3433 818 3657 881 putant,
3708 805 3850 878 quod
3899 820 4007 860 non

2439 919 2489 973 in
2545 917 2702 972 ideali
2756 911 3013 970 invisibili
3069 909 3283 965 mundo.
3333 901 3678 959 exhibentur.
3735 896 4006 956 Alterum,

2447 1025 2604 1080 quem
2667 1007 2902 1063 medium
2955 1003 3159 1067 dicunt,
3206 1001 3298 1070 qui
3342 993 3582 1050 animam
3627 1006 3726 1046 seu
3757 986 4009 1059 spiritum

2443 1103 2707 1166 universi,
2769 1097 2954 1154 mundi
3007 1091 3314 1163 corporalis
3386 1096 3441 1142 et
3493 1082 3730 1144 visibilis
3787 1093 4010 1136 causam

2441 1194 2855 1267 complectatur;
2888 1187 3108 1243 tertium
3139 1184 3400 1250 denique,
3441 1176 3699 1234 mundum
3739 1174 3883 1227 hunc
3919 1172 4012 1224 in-

2437 1261 2723 1351 feriorem,
2771 1293 3087 1352 corporeum
3136 1285 3189 1331 et
3231 1267 3648 1342 aspectabilem.
3702 1263 3776 1321 De
3805 1263 3893 1317 his
3931 1261 4012 1320 ita

2439 1380 2711 1436 Marsilius
2737 1376 2960 1432 Ficinus
2989 1372 3041 1424 in
3073 1366 3319 1425 Platonis
3361 1362 3580 1418 Conviv.
3612 1375 3739 1429 cap.
3769 1358 3802 1412 '5
3832 1374 3847 1413 :
3882 1353 4014 1414 Tres

2438 1473 2578 1542 apud
2619 1486 2704 1525 eos
2747 1458 3096 1538 (Platonicos)
3139 1456 3324 1511 mundi
3356 1460 3588 1508 sunt...:
3621 1449 3860 1503 Primum
3905 1461 4018 1498 om.-

2441 1541 2585 1621 nium
2635 1571 2714 1616 est
2769 1559 2903 1613 Deus
2956 1556 3320 1609 universorum
3369 1555 3591 1608 auctor,
3640 1542 3779 1608 quod
3835 1541 4014 1608 ipsum

2442 1659 2630 1713 bonum
2657 1652 2898 1707 dicimus.
2933 1647 3034 1705 Hic
3058 1655 3276 1699 mentem
3300 1641 3470 1710 primo
3503 1644 3646 1691 creat
3681 1632 4015 1703 angelicam;

2440 1751 2625 1807 deinde
2650 1744 2834 1798 mundi
2857 1741 3013 1809 hujus
3040 1740 3291 1796 animam,
3320 1743 3373 1787 ut
3410 1731 3563 1785 Plato
3589 1728 3728 1792 vult;
3750 1733 4014 1795 postremo

2442 1841 2625 1896 mundi
2662 1852 2872 1903 corpus.
2913 1832 3188 1886 Summum
3225 1825 3375 1879 illum
3399 1824 3584 1887 Deum,
3615 1835 3718 1873 non
3755 1817 4013 1874 mundum

835 1937 924 1992 35.
961 1937 1086 1992 lltcc
1113 1936 1298 1992 omnia
1325 1949 1446 1990 mox
1475 1933 1718 1988 dicendis
1745 1932 2074 2002 praemittere
2105 1941 2335 1989 necesse
2365 1927 2407 1981 Β
2438 1931 2691 1994 dicimus,
2733 1927 2857 1995 quia
2919 1921 3147 1975 mundus
3209 1923 3576 1974 ornamentum,
3630 1909 3900 1979 significat
3947 1921 4017 1958 ea:

764 2029 889 2094 fuit,
927 2038 983 2083 ut
1029 2029 1155 2083 inde
1195 2035 1405 2096 pateret
1440 2042 1504 2085 ex
1547 2024 1744 2094 quibus
1788 2023 2027 2077 fontibus
2063 2021 2336 2077 manarint

762 2120 1023 2190 pleraque
1051 2119 1435 2175 Gnoslicorum
1467 2118 1739 2189 dogmata.
1776 2115 1904 2171 Sive
1937 2115 1988 2170 hi
2017 2113 2185 2170 Judaei
2223 2116 2334 2170 nati

763 2221 964 2278 essent,
992 2212 1109 2266 sive
1138 2212 1358 2282 pagani,
1387 2211 1502 2268 sive
1531 2209 1898 2273 Christianam
1928 2207 2241 2277 religionem
2269 2206 2336 2262 ab

763 2303 1112 2358 incunabulis
1157 2302 1388 2373 professi
1440 2302 1708 2368 fuissent;
1767 2315 2037 2356 novorum
2093 2298 2334 2359 Platoni-

763 2413 951 2454 corum
998 2397 1248 2459 doctrina.
1286 2412 1358 2452 eo.
1397 2396 1609 2451 facilius
1653 2395 1823 2450 imbui
1870 2401 2188 2465 potuerunt,
2231 2405 2338 2461 quo

761 2493 870 2563 jam
897 2494 1039 2562 apud
1065 2491 1282 2548 Iudaeos
1313 2491 1659 2555 Hellenistas,
1689 2489 1798 2542 imo
1835 2497 1888 2541 et
1913 2486 2252 2549 Palaestinos,
2283 2497 2337 2540 et

763 2583 817 2638 in
865 2582 1105 2654 Egypto
1155 2598 1219 2638 ac
1271 2583 1492 2642 Oriente
1545 2581 1706 2650 longe
1760 2579 1980 2648 lateque
2031 2588 2334 2649 prOpagata

763 2674 970 2744 fuerat;
1005 2691 1075 2732 ex
1101 2690 1207 2745 quo
1232 2675 1536 2743 praesertim
1585 2673 1689 2728 hoc
1728 2671 2141 2741 philosOphandi
2169 2685 2339 2743 genus

764 2770 820 2824 in
865 2770 1136 2824 celebrem
1180 2777 1295 2826 toto
1341 2767 1473 2822 orbe
1518 2766 1765 2824 scholam
1805 2764 2232 2820 Alexandrinam
2271 2762 2338 2816 ab

764 2862 1055 2919 Amsnonio
1100 2862 1469 2918 introductum
1526 2859 1726 2921 fuerat,
1778 2860 1847 2913 ad
1891 2858 2031 2927 quod
2085 2857 2340 2925 deinceps

766 2958 944 3016 studia
975 2972 1072 3015 sua
1099 2954 1450 3015 contulerunt
1478 2952 1761 3023 Origenes,
1792 2951 2062 3016 Plotinus,
2088 2951 2340 3020 Porphy-

766 3052 902 3116 rius,
930 3049 1128 3117 aliique
1159 3056 1271 3109 tum
1297 3045 1615 3110 Christiani,
1648 3053 1759 3099 tum
1787 3045 2012 3102 ethnici.
2045 3045 2177 3099 (lum
2209 3057 2341 3099 vero

768 3141 1107 3206 Valentinus,
1141 3137 1440 3211 Epiphanio
1474 3146 1632 3205 teste,
1662 3137 2005 3193 Alexandriae
2029 3137 2340 3194 Graecorum

770 3233 982 3289 artibus
1026 3229 1309 3287 institutus
1361 3229 1555 3294 fuerit,
1611 3229 1754 3288 haud
1809 3228 2028 3284 dubium
2081 3226 2210 3299 quin
2265 3225 2338 3279 ibi
2371 3262 2410 3321 Ο

767 3324 1114 3396 philosophia
1143 3323 1425 3378 Platonica
1460 3322 1700 3376 animum
1746 3320 2088 3384 excoluerit;
2139 3335 2261 3374 cum
2287 3319 2339 3380 id

769 3419 1044 3490 conceptis
1095 3417 1282 3476 verbis
1336 3426 1550 3474 asserat
1597 3414 1964 3473 Tertullianus
2017 3429 2178 3483 supra
2222 3413 2340 3465 lau-

769 3512 950 3568 datus.
1020 3511 1098 3568 Ex
1158 3527 1220 3567 ea
1290 3510 1567 3581 praecipua
1634 3522 1865 3577 quaeque
1948 3505 2344 3565 Valentinianus

769 3611 1042 3667 haereseos
1093 3606 1270 3677 capita
1308 3605 1656 3677 proﬂuxisse,
1688 3618 1754 3658 ex
1794 3607 2076 3657 enucleata
2121 3616 2343 3655 eorum-

772 3705 895 3758 dem
943 3700 1280 3772 expositione
1323 3700 1702 3758 demonstrare
1748 3696 1891 3751 haud
1941 3695 2073 3751 adeo
2130 3694 2348 3750 dilIicile

771 3793 954 3852 fuerit.

842 3886 932 3942 54.
967 3886 1043 3944 Ac
1066 3886 1251 3956 primo
1275 3883 1491 3955 quidem
1542 3889 1602 3934 ut
1643 3895 1674 3933 a
1704 3879 2085 3934 Gnosticorum
2129 3878 2350 3934 muniue

773 3977 1129 4047 incipiamus,
1155 3977 1302 4047 quod
1327 3975 1656 4043 arrogabant
1685 3972 1790 4036 sibi
1827 3971 2088 4034 Simonis,
2125 3969 2346 4023 Menan-

775 4071 888 4144 dri,
917 4078 1050 4134 etc.,
1075 4068 1352 4124 Valentini
1384 4082 1448 4123 ac
1480 4066 1758 4128 Ptolemaei
1810 4063 2056 4128 asseclae,
2087 4079 2116 4118 a
2154 4061 2350 4133 γνώσει

776 4174 876 4217 seu
918 4160 1148 4219 scientia
1197 4173 1380 4221 rerum
1432 4170 1795 4224 supernarum
1829 4171 1932 4225 qua
1975 4170 2086 4224 prae
2134 4155 2350 4209 caeteris

776 4252 1182 4322 gloriabantur,
1209 4250 1501 4307 deductum
1530 4264 1678 4314 esse,
1707 4257 1908 4303 norunt
1944 4261 2155 4302 omnes.
2188 4246 2348 4299 Eam-

775 4345 900 4403 dem
924 4343 1268 4406 sermonibus
1296 4342 1584 4396 ambitiose
1611 4340 1880 4411 iactantes
1909 4337 2176 4391 Platonici
2217 4336 2353 4390 nihil

778 4435 1125 4509 frequentius
1153 4434 1427 4491 habebant
1469 4437 1524 4491 in
1560 4449 1656 4492 ore
1691 4448 1850 4502 quam
1895 4429 2353 4500 perfectissimam

777 4526 1001 4598 γνῶσιν,
1038 4541 1222 4581 veram
1265 4527 1610 4596 sapientiam,
1657 4524 1908 4578 intimam
1957 4523 2150 4576 anima:
2192 4537 2352 4574 umo-

777 4633 904 4672 nem
931 4632 1054 4672 cum
1084 4619 1215 4682 Deo,
1248 4618 1445 4675 mentis
1471 4615 1827 4671 elevationem
1857 4613 1910 4667 in
1943 4614 2130 4675 Deum,
2161 4613 2351 4682 cogni-

779 4711 982 4765 tionem
1049 4718 1214 4780 alque
1272 4709 1555 4765 scientiam
1609 4706 1722 4760 veri
1789 4706 1982 4770 Entis,
2047 4705 2351 4760 caelestium

782 4817 964 4856 rerum
989 4801 1527 4871 contemplationem.
1583 4799 1708 4853 Haec
1731 4800 1872 4867 apud
1901 4797 2205 4863 Platonem,
2233 4797 2356 4850 Plo-

784 4895 981 4959 tinum,
1017 4894 1396 4966 Porphyrium,
1442 4892 1829 4957 Jamblichum,
1883 4891 2123 4961 aliosque
2150 4891 2353 4961 passim

782 4995 1099 5042 οεουιτυηι.

858 5079 947 5132 35.
979 5079 1171 5133 Totam
1218 5077 1489 5139 Valentini
1526 5077 1872 5149 hypothesim
1926 5077 1992 5131 ad
2029 5077 2127 5131 tria
2172 5078 2353 5147 capita

786 5170 1037 5229 revocari
1090 5170 1195 5235 iam
1242 5169 1476 5225 diximus
1515 5171 1614 5224 :io
1647 5170 1712 5223 ad
1760 5169 2031 5234 Pleroma,
2079 5171 2221 5239 quod
2269 5183 2357 5225 res

789 5258 1002 5316 divinas
1028 5260 1436 5330 complectitur;
1475 5261 1532 5317 2°
1564 5261 1627 5314 ad
1659 5275 1723 5321 ea
1756 5275 1877 5330 quae
1913 5269 2067 5315 extra
2108 5260 2356 5317 Pleroma

789 5353 1161 5422 contigerunt,
1182 5353 1377 5423 quibus
1408 5367 1495 5408 res
1524 5352 1669 5407 inter
1689 5354 1945 5409 caelestes
1969 5363 2024 5408 et
2054 5354 2357 5409 mundanas

788 5446 982 5504 mediae
1007 5448 1384 5511 continentur;
1415 5447 1474 5501 5ο
1502 5448 1569 5500 ad
1601 5447 1786 5501 mundi
1816 5446 1975 5515 hujus
2009 5448 2358 5516 aspectabilis

793 5537 1061 5605 originem
1114 5543 1169 5590 et
1218 5537 1684 5592 constitutionem.
1742 5536 1866 5591 Hzec
1907 5537 2182 5607 ipstssima
2233 5545 2360 5592 sunt

795 5643 916 5700 quae
947 5628 1014 5683 de
1047 5627 1245 5698 triplici
1269 5629 1471 5683 mundo
1507 5639 1611 5683 tam
1644 5643 1874 5698 operose
1903 5629 2181 5698 disputant
2211 5629 2366 5684 Plato

793 5722 850 5779 in
907 5719 1127 5786 Timwo,
1181 5731 1236 5779 et
1293 5719 1625 5788 Epimenide,
1673 5733 1726 5776 et
1769 5730 1894 5791 post
1948 5736 2070 5776 eum
2117 5721 2367 5791 discipuli

870 5877 913 5919 κ’
961 5877 1098 5933 Edil.
1149 5876 1321 5934 Oxon.
1371 5877 1526 5932 1678.

2438 2021 2615 2075 multis
2659 2017 3040 2086 compositum,
3090 2013 3179 2074 ille
3216 2027 3336 2067 vero
3385 2007 3591 2077 penitus
3643 2000 3863 2069 simplex
3899 2012 4018 2050 esse

2437 2119 2582 2170 debet
2630 2131 2646 2168 :
2696 2114 2785 2167 sed
2837 2110 3159 2165 mundorum
3220 2103 3450 2160 omnium
3497 2094 3813 2166 principium
3856 2101 4016 2159 atque

2437 2214 2593 2283 ﬁnem
2629 2212 2799 2278 ipsum
2828 2204 3134 2260 asserimus.
3164 2197 3314 2252 Mens
3363 2191 3605 2262 angelica
3627 2189 3825 2257 primus
3856 2202 4017 2236 mun-

2437 2279 2536 2358 dus
2579 2312 2654 2358 est
2710 2319 2742 2354 a
2792 2299 2900 2353 Deo
2958 2295 3149 2364 factus,
3202 2286 3463 2344 secundus
3515 2281 3740 2335 universi
3783 2279 4022 2344 corporis

2439 2399 2642 2460 anima,
2675 2392 2859 2448 tertius
2890 2398 2999 2443 tota
3035 2387 3170 2449 lucc,
3211 2396 3369 2454 quam
3413 2377 3697 2437 cernimus,
3737 2369 4017 2424 machina.

2441 2491 2731 2559 Triplicem
2768 2486 2914 2551 hunc
2955 2478 3239 2542 mundum,
3271 2470 3494 2528 mutatis
3535 2467 3800 2522 duntaxat
3840 2463 4026 2516 nomi-

2443 2583 2621 2645 nibus,
2664 2577 2933 2645 novisque
2983 2565 3394 2626 accessionibus
3447 2560 3840 2629 locupletatum
3893 2569 4028 2623 υνυς

2442 2673 2619 2742 posuit
2653 2669 2991 2725 Valentinus.
3041 2660 3280 2716 Primum
3315 2655 3577 2712 mundum
3631 2651 3848 2706 vocavit
3902 2645 4028 2700 Ple-

2445 2781 2616 2828 roma,
2648 2763 2773 2832 quia
2817 2769 2982 2815 totam
3009 2751 3317 2809 Divinitalis
3351 2746 3767 2818 plenitudinem,
3804 2756 4030 2796 rerum-

2442 2874 2550 2930 que
2603 2855 2842 2912 omnium
2914 2849 3233 2904 inferiorum
3311 2837 3686 2908 exemplaria,
3752 2835 3903 2888 ideas
3971 2841 4033 2886 et

2444 2927 2712 3023 imagines
2765 2943 3040 3008 continet;
3091 2938 3276 3009 ibique
3317 2931 3628 2989 Divinitatis
3667 2927 3851 2982 sedem
3888 2940 4034 2980 COIl-r

2444 3017 2643 3101 stituit.
2680 3036 2994 3096 Communis
3026 3029 3293 3087 sententia
3327 3036 3430 3090 est,
3477 3023 3817 3088 desumptam
3848 3017 4036 3078 fuisse

2446 3151 2632 3192 vocem
2677 3146 2740 3187 ex
2792 3131 2935 3185 dicto
2982 3122 3136 3180 Pauli
3177 3117 3296 3175 Col.
3341 3135 3401 3184 ιι,
3454 3115 3507 3181 9,
3559 3113 3648 3170 ubi
3690 3114 3742 3166 in
3794 3109 4033 3165 Christ“

2444 3229 2644 3282 dicitur
2674 3221 2795 3281 πᾶν
2826 3219 2891 3274 τὸ
2928 3214 3216 3284 πλήρωμα
3243 3210 3356 3279 τῆς
3390 3207 3706 3272 Θεότητοςι,
3734 3211 3843 3255 tota
3877 3199 4036 3254 Divi-

2452 3320 2634 3373 nitatis
2670 3311 2941 3384 plenitudo
2973 3306 3280 3361 inhabitare
3316 3295 3698 3368 corporaliter.
3757 3294 3840 3346 An
3902 3291 4039 3357 inde,

2449 3383 2679 3462 mutuati
2731 3400 2934 3456 fuerint
2979 3392 3270 3456 Platonici,
3332 3403 3440 3444 non
3493 3387 3703 3450 dicam;
3759 3383 3851 3438 sed
3909 3396 4037 3436 cer-

2449 3500 2655 3556 tissime
2686 3489 3014 3549 asseruerim
3043 3486 3232 3541 eadem
3259 3495 3410 3543 voce,
3438 3487 3602 3549 atque
3619 3477 3807 3532 eodem
3836 3489 4038 3542 sensu,

2449 3601 2613 3660 atque
2656 3582 3090 3644 Valentinianos,
3155 3590 3283 3631 usos
3320 3573 3508 3636 fuisse,
3568 3570 3704 3623 adeo
3763 3575 3823 3622 ut
3867 3566 4042 3634 valde,

2449 3683 2727 3757 probabile
2758 3680 2829 3735 sit
2858 3679 2958 3732 hos
2991 3674 3058 3726 ab
3093 3673 3198 3725 illis
3237 3668 3536 3737 accepisse.
3584 3664 3642 3718 Id
3677 3661 4038 3733 perspicuum

2453 3753 2531 3833 εει
2571 3790 2637 3830 ex
2685 3771 2803 3827 istis
2851 3764 3134 3826 Jamblichi
3187 3761 3398 3824 verbis,
3439 3764 3642 3820 sect.t,
3709 3753 3782 3806 De
3831 3761 4028 3820 myst.,

2451 3884 2569 3937 cap.
2607 3865 2695 3919 8t:
2728 3884 2740 3917 :
2769 3864 2830 3917 Οἱ
2883 3861 2980 3927 μὲν
3042 3855 3204 3924 (Osci)
3257 3851 3564 3924 κρείττονες
3606 3851 3662 3900 ὲν
3709 3845 3893 3914 αὐτῷ,
3959 3847 4037 3907 ὡς

2452 3963 2556 4014 ὑπὸ
2589 3957 2815 4031 μηδενὸς
2854 3952 3230 4024 περιέχονται,
3278 3945 3371 3997 καὶ
3405 3941 3720 4013 περιέχουσι
3763 3938 3944 3990 πάντα.
3979 3941 4040 3990 ὲν

2453 4055 2654 4114 αὐτοῖς.
2692 4050 2772 4104 Τὰ
2820 4047 2876 4100 δὲ
2935 4043 3028 4098 ἐπὶ
3067 4041 3163 4111 τῆς
3202 4038 3305 4114 γῆς
3356 4039 3413 4089 ἐν
3464 4037 3573 4097 τοῖς
3620 4031 4037 4086 ΠΛΗΡΩΜΑΣΙ

2451 4146 2558 4199 τῶν
2588 4142 2723 4196 θεῶν
2781 4139 2973 4210 ἔχοντα
3025 4133 3085 4185 τὸ
3116 4113 3292 4192 elucet,
3327 4125 3524 4180 ὁπόταν
3579 4122 3857 4194 ἐπιτήδεια
3897 4122 4042 4191 πρὸς

2453 4239 2550 4309 τὴν
2581 4236 2729 4292 Θείαν
2792 4227 3022 4302 μετοχὴν
3060 4225 3308 4294 γένηται,
3365 4219 3523 4281 εὐθὺς
3550 4218 3659 4287 ἔχει
3694 4216 3798 4286 πρὸ
3833 4214 3934 4284 τῆς
3971 4218 4046 4267 οξ.

2455 4329 2606 4391 κείας
2660 4323 2865 4389 ἑαυτῶν
2919 4321 3102 4382 οὐσίας
3159 4313 3605 4386 προϋπάρχοντας
3639 4311 3695 4358 ἐν
3741 4307 3875 4377 αὐτῇ
3910 4309 4045 4370 τοὺς

2461 4423 2632 4486 θεούς.
2669 4420 2756 4473 Dii
2783 4418 2835 4471 in
2869 4416 2966 4472 hoc
3006 4412 3232 4465 maxime
3262 4405 3587 4476 prwcellunt,
3631 4400 3767 4469 quod
3810 4415 3840 4450 a
3889 4399 4042 4450 nullo

2459 4519 2849 4575 contineantur,
2901 4508 3002 4578 ipsi
3047 4513 3222 4559 autem
3279 4498 3453 4552 omnia
3504 4497 3556 4548 in
3606 4511 3660 4547 se
3711 4491 4045 4545 contineant.

2389 4624 2430 4678 ι)
2461 4610 2688 4663 Terrena
2732 4613 2928 4665 autem,
2972 4614 3088 4668 qua:
3128 4598 3184 4648 in
3222 4593 3439 4647 deorum
3476 4582 3896 4640 I’LEROMASI
3946 4584 4048 4636 ha—

2466 4702 2583 4756 bent
2616 4713 2766 4753 suam
2801 4693 3103 4754 essentiam,
3127 4702 3282 4757 quam
3306 4685 3533 4752 primum
3560 4682 3627 4734 ad
3661 4681 3838 4732 diuina
3863 4677 4036 4744 parti-

2463 4793 2688 4864 cipanda
2713 4799 2835 4857 apta
2863 4797 3008 4848 sunt,
3037 4782 3179 4835 illico
3203 4780 3326 4831 deos
3357 4778 3411 4829 in
3440 4792 3536 4829 sua
3569 4771 3861 4827 substantia
3892 4770 4046 4836 prius

2467 4888 2776 4943 exsistentes
2837 4879 3050 4942 habent,
3094 4891 3252 4945 quam
3317 4871 3588 4941 prapriam
3643 4876 3889 4919 naturam
3922 4880 4050 4915 sor-

2469 4983 2691 5038 tiantur.
2722 4974 2979 5036 Eamdem
3009 4983 3194 5024 vocem
3230 4965 3438 5038 pariter
3463 4966 3691 5029 usurpat
3727 4958 4054 5010 Damascius

2466 5091 2571 5129 non
2597 5071 2764 5128 semel

2532 5167 2620 5220 56.
2655 5160 3012 5231 Tripartitu-m
3055 5162 3174 5209 erat
3213 5145 3715 5202 Valentinianorum
3763 5140 4052 5202 Pleroma,

2465 5258 2518 5312 in
2542 5230 2774 5310 Eonum
2807 5250 3046 5311 tetradas
3086 5247 3241 5308 duas,
3291 5254 3385 5295 seu
3414 5234 3683 5307 ogdoada,
3720 5232 3773 5284 in
3815 5230 4051 5293 decada,

2462 5354 2515 5401 et
2562 5344 2856 5400 dodecada.
2907 5340 3231 5410 Supremum
3271 5333 3518 5388 omnium
3582 5341 3645 5378 ac
3690 5321 3869 5391 primo
3923 5319 4058 5375 loco

2465 5440 2696 5509 Bythum
2749 5433 3082 5495 statuebant,
3116 5431 3199 5484 cui
3227 5425 3469 5483 Ennoian
3499 5437 3593 5477 seu
3626 5418 3790 5486 Sigen
3818 5412 4059 5482 copula-

2470 5534 2623 5587 bant.
2665 5528 2816 5585 Hunc
2869 5526 3174 5595 excipiebat
3222 5521 3333 5576 Nus
3390 5533 3492 5574 seu.
3545 5513 3712 5568 Mens.
3761 5522 3883 5564 cum
3941 5523 4056 5578 qua

2479 5625 2808 5689 Veritatem;
2849 5621 3042 5677 deinde
3079 5617 3338 5679 Verbum,
3383 5624 3506 5666 cum
3539 5621 3646 5676 quo
3673 5602 3887 5665 Vitam;
3932 5609 4061 5654 tum

2479 5718 2674 5785 Homo,
2713 5731 2836 5773 cum
2869 5730 2974 5786 quo
3001 5711 3299 5769 Ecclesiam
3338 5703 3684 5775 colligabanl.
3718 5696 3966 5770 Quorum
4013 5696 4061 5750 si
