4180 6332
207 401 272 459 53
1129 401 1592 461 DISSERTATIO
1631 408 1672 470 Ι,
1715 405 1783 461 ΑΙ

1921 409 1963 471 l,
2003 406 2089 462 DE
2129 401 2532 462 VALENTINO.
3155 442 3164 450 -
3383 405 3450 459 είς

209 537 316 578 non
358 521 575 588 omnia,
625 523 801 594 prima
842 523 1034 579 saltem
1078 539 1143 579 ac
1180 526 1400 581 rudiora
1453 527 1778 584 lineamenta

1883 529 1916 602 ή
1960 530 2136 595 οὐσία,
2165 529 2260 602 toto
2295 530 2388 584 καὶ
2423 529 2728 601 νοητάρχης
2771 529 3248 600 προσαγορεύεται.
3293 527 3449 582 Hunc

213 614 586 685 suppeditavit
612 615 928 681 Chaldaica,
961 616 1304 686 Egyptiaca,
1328 628 1377 672 et
1399 619 1782 690 Pythagorica,

212 722 304 762 seu
359 707 448 763 his
499 708 754 764 omnibus
819 709 1079 778 permista
1146 709 1425 766 Platonica
1491 713 1782 784 theologia.

211 797 546 854 Jambli'chus
575 797 669 855 lib.
695 799 771 854 De
797 810 974 871 myst.,
1003 810 1138 856 sect.
1181 817 1298 869 vni,
1334 817 1455 875 cap.
1483 802 1539 863 Ξ,
1575 803 1784 868 scribit,

214 891 652 961 antiquissimam
709 891 851 948 banc
894 906 1016 948 esse
1050 894 1431 966 Egyptiorum
1479 898 1546 951 de
1603 911 1784 950 rerum

215 983 497 1054 principiis
531 984 834 1040 doctrinam
874 1004 888 1040 :
927 987 986 1041 1ο
1023 986 1197 1043 Unum
1232 1002 1355 1042 esse
1392 988 1586 1053 Deum,
1641 988 1789 1044 enti-

212 1073 316 1130 bus
364 1074 621 1131 omnibus
674 1090 797 1146 qua:
853 1091 982 1134 vere
1051 1089 1222 1146 sunt,
1281 1081 1788 1152 universalibusqne

213 1168 517 1238 principiis,
558 1169 667 1224 imo
693 1169 811 1239 ipso
850 1171 1015 1226 etiam
1048 1175 1224 1244 primo
1256 1174 1365 1229 Deo
1394 1183 1446 1229 et
1483 1191 1605 1246 rege
1636 1179 1785 1246 prio-

212 1275 325 1316 rem
361 1278 376 1315 :
406 1260 515 1332 πρὸ
544 1260 651 1314 τῶν
700 1261 870 1325 ὅντως
916 1263 1108 1324 ὄντων.
1159 1266 1256 1319 καὶ
1288 1266 1396 1321 τῶν
1428 1267 1564 1320 ὅλων
1605 1250 1786 1342 ἀρχῶν

210 1355 327 1406 ἐστι
351 1352 486 1418 Θεὸς
509 1347 608 1418 εἷς,
641 1355 853 1426 πρῶτος
882 1358 976 1410 καὶ
1010 1356 1103 1421 τοῦ
1142 1358 1360 1431 πρώτου
1397 1360 1531 1414 Θεοῦ
1550 1362 1642 1416 καὶ
1693 1363 1788 1433 βα-

213 1442 407 1507 σιλέως
451 1460 465 1473 ·
520 1443 574 1498 in
630 1445 863 1500 monade
915 1447 1141 1502 unitatis
1195 1463 1305 1504 suae
1356 1448 1782 1518 permanentem,

210 1535 594 1606 exemplarque
628 1537 792 1602 illius,
822 1539 914 1610 qui
942 1549 1026 1595 est
1049 1541 1135 1596 sui
1163 1540 1348 1607 Pater,
1395 1558 1424 1596 a
1460 1559 1520 1598 se
1551 1545 1788 1614 geni-tus,

209 1636 268 1680 et
300 1625 628 1697 Monopator
661 1627 836 1696 Deus;
863 1637 947 1684 est
975 1631 1120 1684 enim
1167 1629 1343 1698 majus
1360 1633 1487 1701 quid
1525 1644 1579 1688 et
1611 1636 1782 1702 prius.

211 1718 332 1774 fons
356 1719 598 1774 omnium
639 1728 694 1774 et
740 1720 895 1775 radix
928 1721 1172 1776 omnium
1220 1723 1642 1792 intelligibilinm
1676 1727 1786 1795 pri-

209 1823 421 1863 marum
465 1810 745 1874 idearum,
790 1827 911 1882 qua:
958 1823 1126 1867 sunt:
1157 1815 1215 1866 ἐν
1251 1815 1500 1885 μονότητι
1533 1816 1630 1886 τῆς
1663 1817 1788 1872 ἐαυ-

206 1901 302 1954 τοῦ
329 1902 579 1974 ἐνότητος
620 1905 800 1974 μένων
826 1921 840 1934 ·
876 1905 1227 1978 παράδειγμα
1251 1907 1308 1960 δὲ
1343 1907 1552 1979 ἵδρυται
1581 1908 1671 1962 τοῦ
1698 1910 1787 1963 αὑ-

206 1990 526 2063 τοπάτορος,
557 1992 869 2061 αὖτογόνου,
912 1994 1005 2047 καὶ
1050 1996 1415 2068 μονοπάτορος
1464 1998 1619 2051 Θεοῦ.
1651 2001 1785 2052 Μεῖ-

208 2080 303 2145 ζον
335 2084 440 2155 γάρ
491 2102 542 2137 τι
572 2086 665 2138 καὶ
705 2087 938 2158 πρῶτον,
973 2089 1067 2141 καὶ
1097 2088 1245 2159 πηγὴ
1273 2089 1381 2143 τῶν
1420 2092 1652 2159 πάντων,
1691 2094 1785 2147 καὶ

211 2175 430 2248 πυθμὴν
451 2178 560 2230 τῶν
576 2181 876 2250 νοουμένων
911 2181 1138 2252 πρώτων
1171 2181 1324 2236 εἰδῶν
1355 2183 1786 2239 ovem/Primum

207 2266 352 2324 istud
388 2270 717 2339 principium
765 2281 920 2328 vocat
966 2274 1300 2340 Mercurius,
1345 2274 1651 2332 Jamblicho
1686 2292 1785 2331 au-

206 2369 358 2416 ctore
389 2362 457 2427 ‘5,
492 2363 723 2431 primum
773 2365 1052 2433 exemplar
1080 2375 1135 2420 et
1170 2366 1402 2434 Eicton;
1437 2368 1488 2421 in
1534 2383 1660 2438 quo,
1701 2368 1784 2425 in-

205 2456 348 2522 quit,
376 2467 457 2511 est
484 2458 715 2526 primum
743 2457 1054 2530 intelligens
1076 2469 1129 2515 et
1167 2462 1396 2530 primum
1419 2462 1783 2531 intelligibile,

204 2548 461 2616 quodque
491 2548 606 2603 solo
647 2548 866 2603 silentio
911 2550 1110 2605 colitur
1158 2569 1171 2604 :
1217 2553 1274 2604 ἐν
1310 2544 1354 2620 ᾦ
1381 2554 1444 2624 δὴ
1473 2554 1535 2607 τὸ
1570 2555 1786 2626 πρῶτόν

204 2642 321 2693 ἐστι
349 2640 523 2704 νοοῦν,
552 2641 644 2694 καὶ
670 2643 729 2695 τὸ
757 2642 973 2714 πρῶτον
1003 2644 1211 2714 νοητὸν,
1242 2645 1269 2696 ὂ
1293 2645 1354 2716 δὴ
1388 2647 1480 2698 καλ⁹
1511 2645 1596 2699 διὰ
1627 2648 1786 2718 σιγῆς

205 2733 376 2803 μονῆς
396 2731 775 2805 θεραπεύεται.
816 2734 1031 2808 [XXVI]
1071 2738 1140 2791 De
1179 2739 1278 2792 ltoc
1305 2739 1469 2793 etiam
1506 2740 1786 2795 oraculum

205 2823 336 2876 illud
385 2826 528 2893 quod
567 2828 666 2880 sub
722 2827 1034 2882 Zoroastris
1082 2829 1299 2884 nomine
1356 2831 1780 2888 circumfertur:

208 2917 360 2986 Ἔχει
386 2918 447 2970 τὸ
493 2922 652 2982 νοεῖν,
687 2922 953 2993 πατρικὸν
987 2922 1107 2976 νοῦν
1147 2923 1403 2977 ἐνδιδόναι
1449 2925 1650 2989 πάσαις
1683 2945 1787 2997 πη-

203 3010 328 3074 γαῖς
362 3027 420 3061 τε
483 3011 576 3063 καὶ
619 3012 829 3082 ἀρχαῖς.
883 3014 1037 3066 Ἔστι
1083 3013 1193 3085 γὰρ
1235 3014 1408 3086 πέρας
1450 3016 1542 3069 τοῦ
1592 3034 1787 3087 πατρι-

204 3100 299 3153 κοῦ
351 3101 533 3172 βυθοῦ,
581 3105 673 3156 καὶ
721 3104 870 3175 πηγὴ
903 3105 1009 3158 τῶν
1041 3107 1241 3178 νοερῶν
1263 3148 1276 3172 ,
1315 3108 1448 3179 μηδέ
1481 3109 1746 3180 προῆλθεν
1766 3151 1780 3174 ,

1888 621 2222 688 Mercurius,
2270 619 2578 677 Jamblicho
2628 623 2802 687 teste',
2844 631 2998 675 vocat
3049 621 3213 674 Ilcnm
3258 620 3449 675 Emetb

1887 713 2049 784 (forte
2072 712 2356 781 legendum
2381 727 2502 767 cum
2533 713 2764 767 Eusebio
2807 713 2898 765 tib.
2929 729 2983 767 ιιι
3044 711 3215 780 Ρνανρ.
3239 727 3447 778 evang.,

1885 819 2008 873 cap.
2040 803 2096 870 ἓ,
2135 800 2365 870 Kneplt),
2392 817 2553 873 quem
2584 812 2840 878 tanquam
2869 806 3056 859 ducem
3089 805 3192 858 diis
3217 803 3454 857 coelesti-

1887 894 1989 948 bus
2014 894 2298 962 prmponit,
2332 894 2513 961 aitque
2557 894 2703 948 hunc
2753 909 2874 950 esse
2931 895 3161 949 Mentem
3212 895 3448 961 seipsatn

1889 985 2301 1057 intelligentcm,
2327 994 2381 1038 et
2410 984 2544 1040 alias
2577 985 2977 1041 intellectiones
3020 990 3086 1040 ad
3130 999 3191 1042 se
3224 999 3452 1040 conver-

1890 1087 2087 1135 tentem
2121 1093 2136 1132 ε
2177 1079 2234 1132 ὅν
2265 1096 2395 1152 φησι
2437 1079 2561 1132 νοῦν
2597 1075 2732 1132 εἶναι
2771 1079 2930 1132 αὑτὸν
2972 1079 3160 1132 ἑαυτὸν
3191 1077 3450 1139 νοοῦντα,

1887 1170 2105 1235 καὶτὰς
2132 1171 2342 1243 νοήσεις
2379 1172 2458 1234 είς
2501 1171 2688 1225 ἐαυτὸν
2733 1172 3143 1243 ἐπιστρέφοντα.
3183 1170 3318 1224 Aliis
3357 1184 3453 1223 no-

1889 1263 2126 1318 minibus
2170 1271 2422 1316 vocatum
2470 1261 2639 1318 fuisse
2689 1263 2758 1319 ab
2788 1260 3058 1336 Egyptiis
3089 1261 3256 1316 tradit
3306 1261 3449 1315 idem

1887 1353 2236 1410 Jamblichus.
2274 1372 2293 1407 ι
2325 1353 2516 1426 Opifex
2558 1356 2757 1430 quippe
2785 1355 2969 1418 Mens,
3027 1355 3140 1417 ait,
3195 1352 3452 1408 Veritatis

1889 1453 2080 1500 auctor
2103 1455 2156 1500 et
2173 1459 2395 1515 praeses,
2432 1460 2496 1500 ac
2525 1443 2844 1515 Sapientiae,
2882 1455 3153 1514 quatenus
3188 1446 3255 1498 ad
3282 1457 3450 1513 gene-

1889 1538 2153 1591 rationem
2181 1537 2349 1601 venit,
2384 1546 2440 1591 et
2479 1535 2736 1591 latentem
2783 1536 3119 1592 occultarum
3176 1536 3451 1590 rationum

1887 1629 1994 1682 vim
2038 1629 2284 1698 producit
2324 1629 2376 1684 in
2407 1629 2612 1692 lucem,
2657 1630 2840 1700 lingua
2877 1627 3199 1700 Egyptiaca
3249 1628 3452 1683 dicitur

1886 1721 2060 1775 Amon
2101 1727 2409 1797 :quatenus
2431 1733 2562 1774 vero
2585 1719 2800 1786 perﬁcit
2842 1721 3024 1774 omnia
3084 1733 3291 1773 summa
3331 1731 3453 1772 cum

1892 1811 2119 1864 veritate
2172 1821 2225 1865 et
2275 1821 2416 1876 arte,
2469 1821 2670 1865 vocant
2728 1827 2850 1866 eum
2901 1811 3078 1865 Phtha
3131 1831 3143 1864 :
3187 1820 3456 1880 quatenus

1895 1916 2021 1957 vero
2051 1905 2312 1959 bonorum
2357 1901 2548 1957 artifex
2590 1911 2692 1968 est,
2731 1905 2931 1960 dicitur
2971 1903 3179 1969 Osiris;
3215 1904 3457 1971 aliasque

1890 1996 2350 2052 denominationes
2413 2011 2632 2070 propter
2699 2000 2836 2054 alias
2906 1998 3137 2052 virtutes
3209 1997 3393 2050 habet.
3431 2016 3450 2048 ι

1901 2087 1959 2140 Ὀ
1990 2087 2096 2158 γὰρ
2118 2089 2503 2162 δημιουργικὸς
2523 2091 2664 2157 νοῦς,
2698 2094 2790 2146 καὶ
2818 2091 2916 2162 τῆς
2945 2089 3195 2161 ἀληθείας
3225 2090 3458 2160 προπά-

1889 2196 2005 2250 της,
2033 2182 2125 2234 καὶ
2161 2183 2369 2251 σοφίας,
2402 2186 2691 2255 ἐρχόμενος
2727 2185 2823 2255 μὲν
2851 2183 2942 2235 ἐπὶ
2971 2183 3203 2251 γένεσιν,
3234 2184 3327 2234 καὶ
3356 2180 3454 2250 τὴν

1888 2272 2068 2341 ἀφανῆ
2115 2273 2224 2327 τῶν
2275 2277 2670 2347 κεκρυμμένων
2707 2275 2880 2344 λόγων
2927 2275 3152 2344 δύναμιν
3209 2276 3288 2336 εἰς
3338 2272 3454 2340 φῶς

1888 2363 2066 2431 ἄγων·
2098 2363 2276 2435 Ἀμῶν
2367 2365 2506 2418 κατὰ
2538 2364 2635 2436 τὴν
2678 2364 2786 2418 τῶν
2837 2362 3146 2431 Αἰγυπτίων
3204 2359 3455 2428 γλῶσσαν

1889 2454 2104 2523 λέγεται
2133 2496 2147 2516 ,
2182 2456 2444 2510 συντελῶν
2472 2458 2527 2511 δὲ
2550 2457 2791 2527 ἀψευδῶς
2817 2457 3042 2518 ἕκαστα,
3075 2456 3168 2508 καὶ
3193 2451 3453 2522 τεχνικῶς

1893 2551 2006 2620 μετ’
2032 2550 2304 2621 ἀληθείας.
2326 2551 2456 2605 Φθά·
2488 2549 2704 2617 ἀγαθῶν
2731 2549 2787 2601 δὲ
2816 2546 3094 2619 ποιητικὸς
3114 2543 3209 2607 ὢν,
3241 2545 3453 2611 Ὄσιρις

1889 2643 2168 2714 κέκληται,
2198 2645 2289 2697 καὶ
2314 2642 2474 2705 ἄλλας
2509 2642 2572 2695 δι’
2614 2641 2775 2705 ἄλλας
2805 2641 3060 2709 δυνάμεις
3095 2655 3155 2690 τε
3187 2636 3276 2689 καὶ
3303 2637 3454 2704 ἐνερ-

1890 2738 2040 2805 γείας
2075 2737 2390 2807 ἐπωνυμίας
2417 2735 2548 2806 ἔχει.

1958 2853 2047 2906 57.
2082 2851 2219 2908 Hinc
2275 2863 2465 2922 aperte
2510 2852 2782 2923 colligitur
2823 2851 3188 2907 Jamblichum
3241 2849 3456 2921 (eadem

1888 2956 1967 3001 est
1997 2946 2194 3002 Plotini
2233 2946 2479 3001 doctrina
2515 2946 2680 3010 Eam,
2712 2945 2806 3002 lib.
2835 2960 2887 3010 ν,
2926 2961 3046 3013 cap.
3078 2944 3132 3011 ’5)
3167 2944 3300 2996 duos
3346 2942 3455 3010 pri.

1891 3052 2006 3092 mos
2035 3037 2164 3092 deos
2194 3046 2460 3102 statuere,
2505 3035 2803 3104 iisdemque
2838 3034 3248 3089 cbaracteribus
3287 3034 3354 3084 ab
3390 3045 3456 3085 eo

1889 3128 2196 3199 designari,
2265 3127 2463 3197 quibus
2523 3126 2754 3196 Bythum
2823 3132 2877 3182 et
2928 3124 3042 3180 Nun
3097 3123 3455 3193 designabant

200 3191 318 3244 ἀλλ’
349 3192 563 3262 ἔμεινεν
604 3197 663 3249 ἐν
689 3196 765 3267 τῷ
794 3198 1043 3269 πατρικῷ
1079 3199 1222 3270 βυθῷ
1243 3240 1258 3263 ,
1298 3202 1392 3255 καὶ
1417 3204 1475 3255 ἐν
1504 3202 1580 3275 τῷ
1607 3205 1783 3276 ἀδύτῳ

1893 3219 2257 3276 Valentiniani
2291 3238 2304 3274 :
2336 3220 2472 3275 adeo
2512 3229 2570 3274 ut
2621 3235 2686 3275 ex
2740 3219 2925 3274 eodem
2979 3218 3125 3282 fonte
3173 3215 3456 3271 hauserint

201 3283 344 3334 atati
379 3285 477 3356 τὴν
525 3286 897 3358 θεοθρὲμμονα
951 3291 1125 3361 σιγήν.
1194 3291 1364 3346 Habet
1413 3295 1526 3361 ipsa
1574 3295 1776 3350 intelli—

203 3380 381 3445 gentia
435 3386 709 3438 paternam
771 3377 999 3433 Mentem
1045 3382 1223 3437 indere
1263 3384 1503 3438 omnibus
1552 3385 1783 3456 fontibus

201 3478 250 3522 et
275 3471 566 3538 principiis.
598 3471 688 3525 Est
716 3472 838 3539 ﬁnis
868 3471 1128 3543 Profundi
1154 3481 1380 3546 paterni,
1411 3489 1458 3533 et
1482 3480 1598 3546 fons
1623 3483 1783 3536 intel-

201 3561 509 3627 ligibilium.
572 3562 749 3634 Neque
799 3566 1017 3630 prodiit,
1069 3569 1158 3621 sed
1209 3571 1400 3629 mansit
1460 3572 1516 3623 in
1561 3582 1782 3638 paterno

203 3649 507 3729 Profunda,
556 3665 606 3708 et
653 3657 707 3708 in
747 3657 907 3726 adyto
952 3673 1045 3726 per
1087 3660 1323 3713 divinum
1363 3660 1656 3717 silentium.
1707 3663 1786 3719 Ex

199 3746 401 3815 quibus
431 3746 716 3800 evidenter
751 3758 899 3817 patet
943 3765 1043 3804 nec
1087 3750 1241 3822 Bythi
1281 3766 1498 3816 nomen,
1547 3756 1786 3821 supremi

199 3852 266 3893 ac
298 3838 461 3907 primi
498 3839 615 3903 Dei,
659 3837 898 3894 Aionum
939 3842 1179 3896 omnium
1211 3843 1379 3897 fontis
1420 3859 1483 3898 ac
1515 3848 1785 3912 parentis,

201 3944 305 3985 nec
338 3945 449 3984 rem
494 3931 714 3984 nomine
757 3931 1124 4001 significatam
1161 3934 1572 4004 antiquissimos
1609 3939 1788 4006 philo‘

202 4023 409 4090 sophos
470 4022 719 4076 latuisse.
774 4022 1006 4092 Bythum
1066 4040 1260 4093 nempe
1311 4040 1405 4080 seu
1454 4026 1786 4085 Profundum

200 4114 499 4179 vocabant,
535 4115 603 4168 ob
631 4115 896 4180 inﬁnitas,
919 4119 1117 4185 quibus
1145 4118 1370 4186 gaudet,
1401 4119 1785 4190 perfectiones,

203 4218 438 4273 quarum
470 4206 714 4260 omnium
745 4205 1086 4263 altitudinem
1114 4212 1434 4266 immensam
1464 4215 1608 4268 nulla
1635 4231 1790 4272 mens

199 4306 392 4352 creata
444 4298 739 4369 explorare
793 4301 952 4359 valet.
1012 4302 1146 4358 Rem
1203 4309 1474 4375 eamdem,
1526 4309 1619 4364 sed
1662 4311 1787 4366 aliis

200 4392 399 4458 verbis,
427 4406 528 4460 pro
556 4408 709 4448 more
735 4409 857 4460 suo,
885 4397 1270 4466 exprimebant
1297 4411 1492 4466 poetae,
1521 4401 1790 4473 ﬁngentes

197 4497 268 4539 ex
293 4483 507 4538 Oceano
536 4493 692 4539 natos
722 4500 841 4541 esse
889 4488 1022 4545 deos
1085 4505 1299 4546 omnes.
1344 4493 1546 4549 Oceani
1589 4497 1787 4566 quippe

1887 3328 2099 3381 omnes,
2141 3327 2208 3367 ex
2250 3311 2564 3384 Egyptiaca
2619 3312 2830 3368 scilicet
2871 3298 2924 3365 et
2970 3309 3263 3369 Clmldaica
3305 3309 3457 3365 theo-

1889 3404 2048 3477 logia.
2081 3404 2167 3460 cui
2197 3419 2417 3471 operam
2456 3413 2791 3459 navaverant
2823 3401 3114 3467 Platonici,
3150 3401 3186 3456 ii
3221 3415 3452 3468 praeser-

1890 3497 1986 3549 tim
2018 3495 2108 3565 qui
2137 3510 2166 3548 e
2197 3496 2375 3551 schola
2410 3496 2776 3555 Alexandrina
2826 3495 3177 3564 prodierant.
3226 3492 3281 3546 id
3321 3505 3455 3549 vero

1889 3599 2246 3655 utrorumque
2286 3586 2550 3655 principia
2575 3597 2630 3640 et
2673 3586 2957 3655 opiniones
3005 3599 3185 3639 secum
3221 3583 3453 3659 invicem

1890 3679 2188 3734 conferenti
2220 3679 2567 3738 manifestum
2597 3680 2706 3735 fiet.
2736 3678 2983 3735 Atlirmat
3011 3679 3366 3742 Jamblicbus,
3387 3694 3454 3737 ex

1892 3770 2270 3840 Algyptiorum
2314 3771 2618 3837 sententia,
2672 3771 2908 3839 primum
2965 3771 3131 3830 Deum
3176 3768 3457 3838 principiis

1890 3862 2138 3917 omnibus
2178 3876 2242 3918 ac
2285 3862 2469 3921 rebus.
2502 3862 2616 3935 ipso
2662 3862 2823 3916 etiam
2858 3861 3033 3931 primo
3075 3861 3185 3914 Deo
3221 3875 3283 3918 ac
3330 3873 3454 3930 rego

1891 3956 2126 4022 priorem
2162 3967 2302 4013 esse,
2334 3954 2386 4008 in
2423 3954 2648 4008 Monade
2693 3938 2916 4008 unitatis
2958 3968 3068 4008 sua:
3112 3967 3454 4023 permanere,

1892 4047 2094 4101 fontem
2117 4048 2358 4102 omnium
2393 4062 2513 4100 esse
2540 4055 2596 4101 et
2631 4047 2870 4100 radicem
2911 4047 3152 4101 omnium
3188 4043 3454 4112 intelligi-

1892 4139 2078 4192 bilium
2124 4138 2422 4207 primarum
2471 4139 2734 4202 idearunt,
2779 4147 2883 4192 etc.
2933 4137 3056 4192 Ilaec
3088 4137 3276 4192 eadem
3327 4144 3454 4190 sunt.

1891 4244 2013 4299 qum
2038 4228 2211 4297 Bytho
2236 4243 2334 4284 suo
2360 4229 2600 4288 tribuunt
2632 4229 3021 4284 Valentiniani.
3060 4229 3251 4282 Dicunt
3286 4230 3452 4292 enim,

1893 4325 2094 4378 irenteo
2149 4331 2285 4378 teste
2318 4323 2383 4386 ³⁷,
2433 4338 2544 4376 esse
2583 4323 2860 4392 quemdam
2911 4323 2964 4376 in
3011 4321 3365 4375 inuisibilibus
3406 4329 3456 4374 et

1893 4415 2331 4470 inenarrabilibus
2393 4415 2761 4468 altitudinibus
2828 4414 3118 4484 perfectum
3191 4412 3453 4477 Αἰοηεηι,

1893 4509 2152 4580 προόντα,
2179 4509 2268 4577 qui
2297 4519 2415 4560 ante
2447 4508 2573 4576 fuit,
2605 4523 2756 4577 quem
2786 4507 2930 4561 nulla
2960 4524 3038 4561 res
3064 4523 3244 4575 capere
3267 4507 3453 4573 possit,

198 4577 438 4640 nomine,
469 4578 624 4644 cuius
655 4579 888 4635 altitudo
930 4581 1351 4650 profundissima
1390 4597 1494 4647 est.
1543 4587 1777 4660 Bytbum
1821 4571 1864 4626 θ
1893 4571 2228 4664 inuisibilem,
2266 4571 2661 4667 sempiternum,
2695 4607 2745 4651 et
2774 4599 3086 4667 ingenitum,
3116 4571 3161 4650 et
3192 4599 3245 4650 in
3267 4571 3455 4666 quiete

201 4667 376 4737 ipsum
407 4683 500 4750 seu
538 4670 870 4726 Profundum
900 4674 1355 4744 philosOpborum
1391 4681 1772 4750 designabant.

196 4763 257 4817 2ο
314 4761 396 4816 Ex
449 4741 552 4818 hoc
600 4779 706 4818 uno
741 4773 932 4834 sponte
976 4741 1243 4823 eﬂ'ulsisse
1303 4770 1372 4825 ait
1429 4741 1768 4828 Jamblichus

198 4855 368 4911 Deum
395 4855 496 4911 sibi
529 4854 914 4925 subicientem;
942 4861 1033 4930 qui
1065 4864 1293 4929 proinde
1327 4875 1408 4921 est
1455 4867 1536 4923 sui
1586 4867 1773 4937 Pater,

198 4957 248 5004 et
320 4947 676 5018 principium.
737 4950 832 5005 Est
893 4953 1037 5006 enim
1095 4953 1184 5009 hic
1228 4963 1282 5008 et
1329 4958 1679 5029 principium,
1719 4975 1776 5017 et

199 5040 619 5115 Deusﬁeorum,
659 5043 838 5098 unitas
887 5059 953 5101 ex
991 5061 1125 5111 uno,
1171 5052 1670 5122 superessentialis,
1719 5069 1775 5112 et

198 5138 452 5193 essentiae
498 5139 824 5208 principium
861 5156 875 5194 :
910 5156 1034 5196 nam
1090 5144 1157 5196 ab
1197 5157 1263 5198 eo
1326 5157 1520 5201 natura
1585 5159 1667 5203 est
1721 5161 1775 5205 ct

199 5228 473 5296 essentia;
508 5236 562 5283 et
601 5242 883 5300 propterea
920 5229 1252 5298 Noetarcha,
1290 5250 1384 5289 seu
1432 5236 1772 5307 intelligibile

202 5319 527 5387 principium
551 5331 774 5376 vocatur
806 5323 942 5377 τάπὸ
966 5323 1020 5376 δὲ
1044 5325 1136 5378 τοῦ
1164 5326 1280 5391 ἐνὸς
1309 5328 1500 5382 τούτου
1522 5333 1549 5382 ὁ
1574 5331 1775 5403 αὐτὰρ-

199 5429 306 5482 κης
333 5413 466 5479 Θεὸς
498 5416 689 5472 ἐαυτὸν
728 5417 1014 5494 ἐξέλαμψε,
1057 5421 1135 5474 διὸ
1165 5423 1257 5475 καὶ
1290 5425 1618 5498 αὐτοπάτωρ
1638 5468 1652 5491 ,
1683 5429 1778 5482 καὶ

199 5504 478 5577 αὐτάρκης
505 5509 607 5576 (sic
653 5509 791 5578 lego,
839 5527 940 5564 non
971 5513 1290 5586 αὑτάρκης)·
1320 5517 1461 5589 ἀρχὴ
1498 5518 1607 5589 γὰρ
1628 5513 1782 5585 οὗτος

197 5598 289 5650 καὶ
336 5596 467 5662 Θεὸς
515 5599 686 5654 θεῶν·
737 5601 900 5672 μονὰς
946 5605 1010 5658 ἐκ
1033 5605 1127 5659 τοῦ
1154 5609 1291 5675 ἐνὸς,
1332 5610 1640 5681 προούσιος,
1688 5614 1781 5666 καὶ

195 5691 339 5761 ἀρχή
401 5691 502 5761 τῆς
545 5692 766 5758 οὐσίας·
814 5697 906 5748 ἀπ’
942 5699 1103 5753 αὑτοῦ
1145 5700 1253 5772 γὰρ
1305 5702 1621 5775 ἡοὺσιότης
1687 5705 1780 5758 καὶ

299 5872 342 5913 ει
380 5873 507 5944 ρπβ,
543 5875 595 5928 ξ,
697 5877 739 5908 ιτ
765 5874 927 5944 lrcn.,
963 5877 1052 5933 lib.
1083 5895 1121 5944 t,
1153 5896 1196 5933 ρ.
1228 5881 1274 5934 1,.

1888 4692 2055 4745 multa
2087 4691 2251 4760 fuisse
2278 4691 2502 4760 inﬁnitis
2534 4690 2763 4744 saeculis.
2826 4691 2954 4757 Qum
2981 4690 3225 4759 apprime
3253 4703 3454 4742 cnnve-

1888 4779 2042 4832 niunt
2074 4795 2087 4833 :
2122 4780 2326 4833 arctius
2377 4779 2552 4833 adhuc
2607 4779 2881 4834 cohrerere
2933 4779 3350 4848 deprehendes,
3408 4780 3453 4833 si

1885 4871 2138 4926 conferas
2162 4871 2454 4940 Epiphanis
2493 4872 2845 4934 sententiam,
2888 4887 3049 4942 quam
3087 4874 3314 4940 exponit,
3348 4871 3454 4926 1Γο-

1873 4967 2032 5019 naeus
2081 4979 2202 5032 cap.
2249 4964 2306 5016 Η
2357 4982 2370 5018 :
2422 4962 2513 5016 Εδι
2558 4964 2825 5033 ᾳυαιιίαὴι,
2874 4965 3076 5026 aiebat,
3118 4975 3238 5017 ante
3274 4981 3449 5017 omnes

1889 5056 2179 5122 Proarche,
2211 5068 2651 5126 proanennoetos.
2693 5067 2741 5109 et
2779 5058 3174 5122 inenarrabilis,
3218 5068 3264 5110 et
3296 5060 3449 5121 inno—

1883 5148 2183 5213 minabilis,
2238 5162 2395 5218 quam
2455 5164 2547 5216 ego
2603 5147 2917 5202 Monoletem
2969 5166 3117 5206 voco.
3169 5149 3298 5203 Cum
3353 5152 3450 5203 hac

1887 5240 2153 5295 Monotete
2181 5253 2253 5294 est
2287 5243 2469 5303 terms,
2500 5257 2658 5309 quam
2687 5250 2734 5302 et
2768 5243 2936 5309 ipsum
2961 5258 3084 5296 voco
3118 5241 3446 5298 Ilenotelem.

1885 5335 2100 5388 Primus
2125 5348 2256 5404 ergo
2278 5332 2564 5388 Jantblichi
2599 5335 2758 5399 Deus,
2806 5333 3090 5404 principiis
3122 5336 3370 5388 omnibus
3397 5346 3450 5388 et

1887 5428 2072 5491 rebus,
2121 5427 2237 5503 ipso
2276 5429 2440 5483 etiam
2485 5427 2657 5495 primo
2715 5441 2845 5496 rege
2884 5428 3032 5496 prior
3072 5438 3176 5481 est.
3231 5428 3447 5484 Printus

1889 5520 2387 5578 Valentinianorum
2440 5522 2600 5585 Deus,
2661 5520 3091 5589 perfectissimus
3147 5520 3285 5575 Eon
3342 5532 3443 5586 est,

1884 5611 2086 5682 προὼν,
2120 5614 2278 5667 rebus
2312 5614 2563 5668 omnibus
2594 5615 2995 5681 prmcxsistens,
3043 5613 3313 5667 Proarchc
3352 5630 3448 5668 seu

1883 5705 2116 5774 primum
2148 5707 2470 5777 principium
2511 5706 2655 5775 quod
2705 5719 2829 5762 ante
2885 5707 3063 5760 omnia
3106 5718 3206 5772 est,
3258 5709 3450 5777 sempiu
