4180 6332
743 383 811 438 £33
1520 374 2111 433 DISSERTATIONES
2151 376 2237 431 PR
2252 375 2310 433 ἆ

2409 374 2463 430 ΑΕ
2505 374 2572 430 1N
2613 371 2871 430 lRENEl
2906 370 3171 427 LIBROS.
3912 373 3979 429 ω

741 504 951 562 ternas,
1009 498 1309 568 ingenuitas,
1382 494 1667 566 Propator,
1726 497 1845 566 ipso
1898 498 2127 567 proinde
2175 496 2297 563 Nu,
2329 503 2380 559 Α

741 603 901 659 quem
936 587 1144 642 Patrem
1191 599 1237 642 et
1279 589 1491 643 initium
1532 591 1765 643 omnium
1808 591 2083 657 dicebant,
2134 592 2300 659 prior.

742 680 1031 735 Jamblichi
1060 680 1198 735 Deus
1222 679 1342 734 fons
1376 680 1614 735 omnium
1639 672 1746 746 est,
1775 689 1832 736 et
1862 682 2019 737 radix
2057 682 2301 736 omnium

742 770 1162 841 intelligibilium
1198 770 1498 840 primarum
1533 772 1796 839 idearum,
1832 774 2066 840 primum
2102 772 2305 827 intelli-

740 874 893 929 gens,
929 869 985 914 et
1022 861 1254 930 primum
1297 860 1650 931 intelligibile.
1699 871 1769 928 et,
1808 870 1865 917 ut
1899 864 2048 918 aiunt
2083 862 2302 917 oracula

740 950 1047 1017 Chaldaica,
1072 952 1226 1024 Πηγὴ
1253 952 1461 1024 πηγῶν,
1484 954 1671 1024 πηγῶν
1694 955 1942 1021 ἁπασῶν,
1984 957 2163 1027 μήτρα
2182 971 2304 1007 συν-

740 1040 939 1111 έχουσα
972 1042 1037 1096 τὰ
1065 1044 1276 1109 πάντα,
1327 1042 1469 1100 Fons
1506 1045 1751 1115 fontium,
1802 1057 1851 1099 et
1901 1047 2132 1099 omnium
2184 1045 2304 1114 [οη-

739 1135 909 1200 tinm,
964 1137 1162 1188 matrix
1222 1137 1494 1192 continens
1548 1137 1743 1192 omnia.
1803 1138 2302 1193 Valentinianorum

738 1223 904 1290 licus,
948 1227 1156 1293 primus
1205 1224 1325 1281 fons
1376 1236 1431 1283 et
1484 1228 1641 1282 radix
1695 1227 1883 1298 primae
1918 1226 2132 1293 Mentis,
2167 1226 2299 1293 Νοῦ,

739 1316 1000 1372 Veritatis
1048 1326 1101 1371 et
1135 1315 1322 1386 Verbi,
1366 1334 1474 1375 uno
1520 1320 1687 1374 verbo
1733 1320 1898 1375 totius
1946 1318 2303 1389 intelligibilis

737 1412 945 1472 mundi,
981 1426 1076 1467 seu
1110 1411 1451 1467 Pleromatis.
1501 1411 1717 1467 Primus
1756 1413 1919 1477 Deus,
1961 1427 2027 1468 ex
2062 1414 2302 1471 oraculis

738 1502 1067 1567 Chaldaicis,
1093 1514 1178 1559 est
1208 1504 1481 1575 quoddam
1520 1504 1880 1575 intelligibile,
1924 1507 2069 1575 quod
2104 1508 2302 1562 mentis

738 1594 868 1650 ﬂore
901 1598 1301 1667 percipiendum
1336 1607 1446 1662 est;
1483 1597 1549 1651 ad
1581 1597 1722 1667 quod
1754 1597 2155 1667 intelligendum
2190 1600 2303 1655 vio-

732 1685 913 1741 lenter
945 1689 1258 1746 enitendum
1290 1705 1393 1743 non
1427 1688 1516 1752 sit,
1567 1688 1663 1743 sed
1703 1688 1897 1744 intima
1933 1692 2128 1745 mentis
2160 1692 2299 1757 acie,

736 1794 858 1847 quae
916 1782 1098 1836 omnia
1164 1784 1416 1847 metitur,
1478 1790 1678 1851 praeter
1742 1782 2089 1853 intelligibilc
2151 1782 2301 1837 illud.

2482 495 2572 553 '58.
2612 494 2689 548 Ex
2718 494 2895 564 primo
2920 493 3031 547 Deo
3061 500 3251 562 sponte
3301 493 3592 547 emicuisse
3621 492 3734 546 vult
3754 491 3979 548 Jambli-

2408 586 2543 641 chus
2563 585 2727 639 Deum
2757 584 2859 639 sibi
2894 582 3271 648 sumcientem,
3295 583 3377 635 sui
3407 580 3620 635 Patrem
3658 588 3709 634 et
3740 578 3978 655 [XXVll]

2406 676 2753 749 principium,
2822 674 3056 729 Mentem
3122 673 3355 742 seipsam
3415 671 3833 742 intelligentem,
3916 682 3974 726 et

2406 767 2539 821 alias
2574 764 2969 820 intellectiones
3021 763 3087 817 ad
3145 777 3205 817 se
3238 768 3672 827 convertentem,
3739 760 3978 815 Mentem

2407 858 2698 915 secundum
2744 863 2795 908 et
2850 855 3044 909 Mentis
3094 862 3349 919 mentem,
3411 862 3468 905 ut
3512 862 3713 907 vocant
3756 850 3978 907 oracula

2405 950 2713 1007 Chaldaica.
2737 948 2778 1002 A
2812 945 3311 1002 Valentinianorum
3346 944 3519 1015 Bytho
3559 944 3754 1012 prodiit
3779 958 3974 997 secun-

2406 1044 2507 1095 dus
2563 1039 2723 1103 onn,
2778 1054 2942 1108 quem
2981 1038 3144 1092 etiam
3196 1032 3338 1088 Νοῦν
3379 1033 3664 1088 vocabant.
3713 1031 3823 1087 Nus
3866 1028 3981 1085 Va.

2404 1131 2827 1186 leutinianorum
2889 1128 3030 1201 ἀρχὴ
3061 1128 3312 1190 πάντων,
3347 1126 3563 1179 initium
3605 1125 3839 1178 omnium
3888 1122 3980 1178 di-t

2406 1226 2568 1294 citur,
2604 1219 2721 1295 ὲνῷ
2752 1223 2821 1279 τὰ
2848 1224 3023 1279 πάντα
3063 1223 3090 1273 ὁ
3128 1202 3315 1292 ΪΙατὴρ
3363 1217 3630 1292 προέϐαλε
3680 1233 3983 1289 σπερματιη

2406 1320 2537 1383 κῶς,
2586 1321 2638 1372 in
2674 1336 2774 1390 quo
2821 1318 2978 1371 Pater
3006 1313 3266 1383 prwmisit.
3316 1311 3493 1365 omnia
3538 1308 3885 1373 seminaliter,
3920 1315 3978 1360 ut

2408 1413 2561 1467 aiunt
2592 1413 2687 1466 lib.
2731 1428 2773 1475 ι,
2810 1426 2928 1481 cap.
2963 1409 3017 1473 8,
3074 1425 3127 1461 n.
3162 1406 3215 1461 5.
3268 1403 3669 1475 Egyptiorum,
3700 1399 3980 1454 Chaldaaoa

2407 1518 2548 1565 rum,
2575 1510 2631 1555 et
2662 1500 3073 1555 Platonicorum
3118 1494 3230 1551 Nus
3276 1492 3622 1563 principium
3677 1487 3982 1555 est,rDeus

2406 1596 2653 1658 deorum,
2710 1591 3018 1647 Noetarcha
3076 1605 3172 1644 seu
3214 1585 3559 1655 intelligibile
3604 1579 3973 1652 principium,

2405 1687 2659 1743 essentize
2679 1686 3023 1756 principium,
3060 1698 3090 1737 a
3117 1696 3223 1750 quo
3254 1678 3429 1734 omnis
3472 1684 3664 1729 natura
3704 1679 3859 1728 estet
3891 1682 3981 1724 esu

2407 1780 2605 1843 sentia,
2629 1778 2737 1833 dux
2775 1776 3074 1831 caelestium
3126 1774 3371 1834 deorum,
3444 1782 3708 1834 mensque
3768 1762 3975 1832 opifex.

742 1872 897 1924 Ἔστι
931 1874 1036 1943 γάρ
1063 1892 1114 1926 τι
1142 1876 1325 1946 νοητὸν
1349 1915 1362 1939 ,
1385 1875 1412 1927 ὃ
1432 1877 1619 1945 χρήισε
1644 1878 1783 1928 νοεῖν
1812 1852 1939 1927 νόου
1964 1875 2133 1941 ἄνθει,
2160 1876 2218 1927 οὐ
2245 1874 2306 1947 δὴ

2411 1872 2567 1938 Nam,
2598 1881 2657 1925 ut
2691 1870 2893 1924 habent
2918 1865 3146 1922 oracula
3179 1861 3491 1926 Chaldaica,
3523 1859 3705 1914 Πάντα
3733 1855 3841 1928 γὰρ
3869 1852 3981 1947 ἐξε-

737 1961 841 2034 χρὴ
867 1963 1178 2036 σφοδρότητι
1195 1968 1333 2018 νοεῖν
1348 1966 1407 2018 τὸ
1422 1966 1606 2037 νοητὸν
1622 1968 1812 2031 ἐκεῖνο,
1827 1966 1960 2019 ἀλλὰ
1976 1967 2095 2021 νόου
2111 1965 2306 2020 ταναοῦ

735 2059 903 2126 ταναῇ
931 2056 1105 2126 φλογὶ,
1130 2060 1303 2111 πάντα
1336 2060 1630 2132 μετρούσῃ,
1649 2060 1787 2133 πλὴν
1812 2062 1873 2113 τὸ
1900 2062 2087 2131 νοητὸν
2109 2063 2303 2115 ἐκεῖνο.

737 2144 978 2202 Primum
1027 2148 1190 2204 Deum
1242 2166 1307 2205 ex
1367 2152 1755 2207 Valentinianis
1797 2152 1939 2207 nulla
1985 2167 2072 2207 res
2115 2167 2307 2221 capere

737 2248 940 2309 potest,
1026 2242 1588 2313 incomprehensibilis
1672 2254 1773 2310 est,
1850 2254 2305 2313 proanennoetos,

737 2327 1141 2396 inenarrabilis,
1174 2320 1601 2389 innominabilis.
1629 2334 1749 2401 Hic,
1793 2350 1859 2389 ex
1896 2333 2213 2402 Platonicis,
2253 2338 2306 2390 in

738 2424 1112 2494 singularitate
1157 2425 1381 2481 unitatis
1436 2440 1548 2481 sua:
1598 2435 1806 2493 manet,
1838 2429 1897 2483 ὲν
1931 2427 2183 2498 μονὸτητι
2209 2428 2308 2499 τῆς

737 2516 931 2570 ἑαυτοῦ
959 2517 1209 2589 ἑνότητοςη
1233 2516 1425 2588 μένων.
1488 2517 1564 2571 Ex
1594 2517 1870 2587 Epiphane
1902 2533 2024 2572 vero
2063 2514 2305 2573 Monotes

737 2619 842 2673 est,
886 2625 1007 2664 cum
1043 2625 1147 2679 qua
1186 2618 1272 2664 est
1320 2611 1487 2665 virtus
1531 2625 1650 2678 qua:
1692 2610 1891 2665 dicitur
1933 2610 2186 2666 llenotes.
2226 2610 2306 2665 Ex

738 2701 953 2768 Marco,
999 2702 1149 2770 cujus
1197 2704 1523 2757 sententiam
1569 2703 1789 2773 exponit
1832 2703 2067 2759 lrenaens
2120 2705 2214 2759 lib.
2263 2720 2302 2770 ι,

737 2808 856 2862 cap.
886 2793 976 2859 i5,
1008 2810 1060 2847 n.
1088 2796 1143 2857 ι,
1193 2793 1259 2863 τῆ
1295 2792 1546 2863 μονότητι
1577 2796 1909 2865 συνυπάρχει
1949 2797 2151 2866 ἑνότης,
2184 2812 2305 2850 cum

735 2886 1110 2957 singularitate
1172 2887 1351 2941 unitas
1394 2885 1625 2941 exsistit.
1661 2884 2056 2941 Valentiniauis
2105 2886 2306 2956 Bythus

735 2990 841 3041 est,
865 2995 985 3034 cum
1019 2993 1124 3049 quo
1154 2978 1255 3035 fuit
1285 2989 1339 3034 et
1371 2979 1600 3042 Ennaea,
1637 2994 1758 3035 cum
1799 2995 1903 3048 qua
1934 2989 1986 3034 et
2016 2994 2110 3049 per
2142 2994 2305 3049 quam

736 3070 854 3124 Nun
879 3082 932 3125 et
969 3071 1291 3136 Veritatem,
1320 3078 1636 3126 caeterorum
1679 3069 1915 3125 .Eonum
1957 3068 2217 3140 principia
2254 3079 2307 3124 et

735 3162 937 3230 fontes,
973 3162 1173 3217 emisit.
1202 3159 1509 3215 Chaldaicis
1556 3160 1793 3215 oraculis
1831 3157 2165 3214 Profundum
2197 3169 2300 3224 est,

737 3256 791 3310 in
828 3269 933 3325 quo
966 3264 1049 3316 est
1101 3253 1336 3324 primum
1378 3253 1686 3323 intelligens
1727 3261 1781 3307 et
1834 3253 2067 3321 primum
2101 3244 2305 3307 intelli-

738 3346 926 3415 gibile,
954 3346 1012 3399 ὲν
1122 3346 1183 3399 τὸ
1228 3344 1440 3418 πρῶτόν
1480 3345 1595 3398 ἐστι
1623 3344 1793 3411 νοοῦν,
1832 3347 1923 3398 καὶ
1979 3345 2039 3398 τὸ
2092 3344 2305 3417 πρῶτον

737 3441 947 3511 νοητὸν,
989 3455 1110 3494 cum
1167 3453 1276 3509 quo
1327 3436 1676 3506 intelligentia
1728 3447 1832 3501 est,
1882 3437 1942 3490 τὸ
1992 3440 2131 3493 νοεῖν
2185 3436 2305 3491 ﬁnis

737 3532 995 3589 Profundi
1023 3533 1230 3607 paterni
1261 3542 1317 3587 et
1351 3532 1473 3589 fons
1506 3530 1948 3601 intelligibilium,
1988 3544 2094 3598 quo
2128 3537 2308 3599 paler-

740 3643 866 3681 nam
903 3636 1133 3681 mentem
1166 3627 1419 3682 omnibus
1455 3625 1693 3679 fontibus
1720 3631 1774 3679 et
1810 3622 2201 3693 principatibus
2227 3623 2309 3677 in-

741 3716 895 3773 ditlit.
942 3716 1147 3773 Ennaea
1202 3716 1595 3771 Valentinianis
1642 3714 1841 3770 dicitur
1891 3723 1946 3769 et
1998 3713 2147 3784 Sige,
2208 3729 2306 3769 seu

740 3812 1034 3868 silentium.
1081 3811 1402 3881 Eapropter,
1452 3810 1655 3866 Irenaeo
1687 3818 1843 3874 teste,
1872 3808 1968 3864 lib.
2004 3826 2080 3875 tv,
2119 3827 2170 3864 c.
2212 3809 2304 3877 '55,

741 3922 799 3961 ιι.
831 3907 864 3959 4
894 3924 906 3959 :
963 3903 1243 3960 Silentium
1272 3904 1557 3957 maximam
1596 3919 1703 3957 rem
1731 3919 1841 3958 esse
1872 3904 2012 3971 apud
2050 3904 2307 3971 sapientes

743 3998 996 4052 dicebant
1042 4015 1058 4051 :
1114 4006 1351 4066 oportere
1405 3996 1542 4049 enim
1592 4011 1729 4061 eam,
1785 4011 1902 4064 qua:
1948 3997 2017 4049 sit
2072 4012 2307 4061 sursum,

743 4091 927 4161 Sigen,
961 4108 1054 4161 per
1092 4092 1168 4157 id,
1207 4093 1347 4161 quod
1378 4102 1454 4145 est
1498 4092 1639 4159 apud
1677 4107 1784 4157 eos,
1832 4091 2101 4145 silentium
2130 4090 2310 4159 defor-

742 4185 899 4236 mari.
929 4182 1195 4253 )Egyptits
1224 4192 1278 4236 et
1308 4180 1581 4236 Chaldaeis
1610 4182 1807 4237 colitur
1843 4181 1984 4237 Deus
2010 4198 2109 4253 per
2138 4182 2307 4237 solam

744 4275 928 4344 Sigen,
973 4274 1060 4329 διὰ
1102 4275 1259 4346 σιγῆς
1306 4274 1473 4345 μόνης
1516 4290 1531 4328 :
1580 4274 1739 4345 hujus
1791 4274 2143 4344 intelligentia
2194 4283 2310 4328 tan—

743 4380 907 4436 quam
944 4367 995 4420 in
1033 4364 1199 4436 adylo
1256 4364 1525 4420 clauditur
1572 4380 1670 4435 per
1721 4364 1957 4419 divinum
1995 4364 2307 4428 silentium;

740 4458 950 4527 primus
1005 4457 1147 4511 Deus
1196 4456 1485 4527 Egyptiis,
1518 4473 1581 4511 ex
1624 4456 1909 4511 Damascio
1960 4455 2012 4508 in
2062 4454 2195 4507 libro
2239 4453 2311 4507 De

2407 1964 2628 2019 τέλεσσε
2651 1960 2863 2032 Πατὴρ,
2888 1958 2980 2013 καὶ
3012 1956 3106 2026 NQ)
3134 1954 3413 2027 παρέδωκε
3451 1951 3706 2021 δευτέρῳ.
3727 1948 3839 2001 Νοῢ
3871 1946 3981 2016 γὰρ

2422 2054 2544 2117 νοῦς
2559 2055 2725 2115 ἐστιν,
2743 2053 2770 2104 ὁ
2786 2050 2991 2120 κόσμου
3012 2046 3257 2117 τεχνίτης
3284 2043 3497 2115 πυρίου.
3531 2040 3731 2094 Cuncta
3760 2053 3985 2107 namque

2408 2147 2624 2217 perfecit
2667 2144 2850 2207 Pater,
2901 2151 2950 2196 et
2992 2139 3154 2200 Menti
3198 2137 3423 2191 tradidit
3479 2134 3745 2188 secunda.
3793 2129 3984 2183 Mentis

2407 2241 2545 2292 enim
2578 2254 2719 2292 mens
2742 2247 2840 2302 est,
2879 2250 2997 2305 quw
3030 2231 3212 2286 mundi
3259 2241 3332 2285 est
3364 2229 3559 2297 artifex
3597 2226 3770 2296 ignei,
3806 2225 3861 2280 id
3894 2233 3982 2279 est

2412 2331 2792 2399 intelligibilis.
2825 2329 2917 2383 Sic
2954 2343 2983 2382 a
3009 2327 3184 2398 Bytho
3205 2325 3406 2396 prodiit
3436 2320 3707 2376 Valentini
3748 2318 3860 2372 Nus
3880 2356 3895 2381 ,
3924 2327 3983 2372 ut

2411 2436 2589 2481 tamen
2626 2424 2788 2479 Pater
2811 2421 2927 2492 ipse
2950 2420 3023 2475 sit
3049 2427 3105 2475 et
3127 2416 3460 2486 unigenitus.
3491 2412 3582 2468 Sic
3606 2428 3633 2465 a
3665 2412 3838 2480 primo
3869 2408 3985 2462 Deo

2408 2516 2675 2587 processit
2724 2513 3130 2568 Platonicorum
3186 2509 3317 2574 Nus,
3379 2517 3439 2559 ut
3501 2505 3583 2559 sui
3635 2502 3800 2557 Pater
3834 2500 3983 2557 sitet

2409 2607 2757 2677 principium,
2795 2615 2850 2659 et
2888 2620 2982 2674 per
3012 2618 3070 2658 se
3097 2601 3333 2672 genitus,
3368 2597 3675 2668 αὑτὸγονος,
3719 2590 3984 2661 αὐτογένρ

2409 2717 2585 2771 ’νητος.
2622 2697 2791 2767 Cujus
2816 2697 3034 2766 quidem
3070 2695 3149 2748 rei
3182 2693 3456 2747 rationem
3490 2691 3632 2742 hanc
3661 2687 3818 2741 aﬂ'ert
3846 2684 3985 2739 Por—

2408 2794 2633 2865 phyrius
2666 2806 2694 2845 a
2724 2790 2786 2844 S.
2812 2786 3018 2858 Cyrillo
3043 2791 3184 2839 cont.
3209 2780 3419 2839 Julian.
3448 2782 3650 2836 citatus
3680 2794 3749 2834 ex
3784 2778 3878 2832 lib.
3904 2790 3960 2831 tv

2407 2887 2484 2941 De
2507 2888 2631 2938 hist.
2656 2881 2786 2951 phil.
2808 2896 2828 2934 :
2848 2877 3092 2952 Προῆλθε
3121 2876 3178 2932 δὲ
3202 2874 3525 2948 προαιὼνιος
3552 2872 3643 2926 ἀπ’
3675 2870 3846 2925 αἰτίου
3884 2867 3989 2923 τοῦ

2408 2976 2541 3043 Θεοῦ
2570 2970 2915 3047 ὡρμημένος,
2942 2966 3331 3038 αὑτογέννητος
3364 2964 3462 3030 ὣν,
3496 2963 3589 3017 καὶ
3634 2960 3983 3032 αὐτοπάτωρ.

2409 3067 2482 3119 Οὐ
2512 3064 2620 3134 γὰρ
2679 3062 2888 3120 ἐκείνου
2944 3056 3261 3128 κινουμένου
3298 3054 3435 3126 πρὸς
3463 3055 3675 3122 γένεσιν
3704 3052 3801 3122 τὴν
3859 3047 3988 3103 τού-

2406 3177 2500 3212 του
2563 3159 2596 3228 ὴ
2663 3154 2887 3228 πρόοδος
2933 3152 3193 3220 γέγονεν,
3244 3147 3377 3202 ἀλλὰ
3392 3146 3579 3209 τούτου
3632 3142 3989 3215 προελθόντος

2406 3249 2711 3319 αὐτογόνως
2731 3249 2796 3299 ὲκ
2838 3243 2995 3301 Θεοῦ,
3052 3240 3323 3297 Processit
3367 3250 3487 3294 ante
3518 3240 3714 3293 swcula
3751 3255 3781 3289 a
3813 3236 3989 3301 primo

2410 3343 2515 3396 Deo
2539 3338 2903 3410 prodiens,qui
2926 3346 2997 3389 est
3018 3350 3112 3405 per
3132 3350 3186 3388 se
3202 3334 3431 3404 genitus,
3455 3331 3637 3401 suique
3663 3326 3843 3380 Pater.
3872 3326 3991 3380 Ne-

2405 3450 2502 3502 que
2514 3434 2649 3486 enim
2676 3430 2770 3484 illo
2796 3446 2850 3484 se
2870 3438 3104 3482 movente
3127 3426 3194 3479 ad
3218 3426 3379 3494 hujus
3403 3423 3787 3494 generationem
3824 3419 3992 3472 emis-

2406 3528 2483 3582 sio
2511 3525 2653 3586 facta
2679 3532 2777 3587 est,
2804 3520 2894 3575 sed
2916 3521 3011 3574 hoc
3039 3535 3132 3591 per
3172 3534 3226 3572 se
3262 3517 3549 3587 prodeunte
3603 3530 3636 3566 a
3680 3512 3810 3568 Deo.
3853 3510 3999 3576 Quae

2408 3618 2571 3672 etiam
2622 3614 2762 3669 ratio
2816 3614 2881 3667 ad
2921 3611 3210 3669 Guosticos
3252 3608 3485 3676 quadrat
3514 3606 3579 3659 ⁸⁸.
3612 3603 3747 3657 Nam
3790 3601 3991 3659 eodem

2407 3708 2522 3762 fere
2550 3706 2709 3761 modo
2733 3704 3057 3760 sententiam
3082 3715 3231 3756 suam
3257 3698 3598 3768 exprimebat
3622 3695 3938 3764 Epiphanes
3970 3707 3987 3746 :

2411 3800 2661 3865 Henotes,
2688 3797 2883 3869 inquit,
2920 3803 2971 3850 et
3006 3793 3243 3848 Monotes
3270 3808 3388 3846 cum
3424 3792 3533 3843 sint
3572 3803 3756 3850 unum,
3795 3785 3993 3839 emise-

2410 3905 2555 3958 runt,
2586 3909 2689 3947 non
2717 3892 3032 3956 emiltentes,
3089 3888 3407 3958 principium
3440 3883 3675 3935 omnium
3700 3890 3909 3945 noeton,
3937 3887 3989 3932 et

2411 3995 2719 4057 agenneton,
2745 3994 2795 4036 et
2815 3991 3062 4044 aoraton,
3090 3995 3245 4051 quam
3290 3978 3493 4031 Ara/ten
3544 3990 3714 4027 sermo
3747 3970 3993 4024 Monada

2410 4087 2580 4132 vocat.
2612 4075 2745 4130 Cum
2776 4074 2877 4127 hac
2906 4072 3135 4127 Monade
3159 4080 3235 4124 est
3264 4074 3431 4124 uirtus
3466 4064 3702 4135 ejusdem
3733 4061 3991 4137 substan-

2411 4173 2497 4226 tia:
2529 4171 2594 4234 ei,
2619 4184 2778 4239 quam
2802 4176 2852 4220 et
2879 4182 2993 4220 eam
3013 4180 3136 4219 uoco
3162 4162 3298 4217 Heu.
3324 4161 3379 4215 ltl
3404 4169 3508 4226 est,
3538 4158 3723 4212 Monas
3755 4170 3783 4208 a
3811 4154 3981 4208 Patre

2410 4266 2609 4320 emissa
2644 4270 2749 4326 est,
2789 4274 2893 4313 non
2928 4272 3023 4327 per
3064 4268 3271 4310 motum
3331 4250 3697 4321 generationis
3760 4247 3991 4318 proprie

2413 4352 2807 4422 dictum,cujus
2832 4350 3099 4405 terminus
3130 4347 3294 4401 fuerit
3318 4346 3595 4414 quidpiam
3628 4360 3656 4397 a
3687 4342 3846 4396 Patre
3872 4339 3991 4395 dis-

2417 4450 2685 4513 tinctum;
2742 4445 2835 4500 sed
2874 4456 3023 4497 mera
3067 4425 3185 4507 ers
3228 4438 3478 4511 ἐνέργεια
3506 4446 3607 4502 est,
3656 4450 3761 4489 non
3802 4434 3869 4487 ab
3918 4448 3990 4489 eo

742 4525 1037 4620 principiis,
1068 4525 1491 4618 necdumpquod
1525 4548 1715 4611 sciam,
1754 4547 1894 4618 typis
1926 4546 2093 4609 edito,
2124 4546 2309 4610 σκότος
2342 4544 2385 4599 D
2417 4543 2631 4597 diversa
2670 4552 2777 4605 ;ac
2832 4534 3058 4606 proinde
3111 4532 3332 4602 proprie
3388 4529 3657 4603 loquendo
3718 4525 3988 4620 ingenita,

743 4643 1020 4712 ἄγνωστον
1047 4643 1266 4706 dicitur,
1303 4641 1535 4697 tenebrae
1570 4641 1785 4711 ignotae,
1832 4648 1885 4693 et
1918 4648 1979 4693 ut
2022 4640 2169 4692 canit
2213 4637 2315 4693 0r-

742 4736 947 4805 pheus:

743 4826 944 4886 Λὺτὸν
971 4826 1021 4879 δ’
1046 4828 1157 4895 οὑχ
1188 4824 1341 4893 όράω
1360 4866 1374 4890 ,
1402 4824 1532 4895 περὶ
1567 4823 1679 4892 γὰρ
1731 4824 1913 4893 νέφος
1943 4821 2305 4895 ἐστήρικται·

746 4896 930 4969 Ipsum
992 4893 1341 4960 non—’video,
1400 4893 1624 4948 nubibus
1696 4896 1834 4949 enim
1894 4894 2307 4962 circumtegitur.

746 5010 1054 5067 Secundum
1095 5005 1502 5063 Valentinianos
1552 5022 1677 5062 cum
1712 5007 1884 5077 Bytlto
1934 5006 2035 5062 fuit
2082 5006 2307 5072 Ennma,

748 5102 965 5173 ipsique
1001 5100 1345 5169 conjugatur,
1388 5116 1491 5155 nec
1532 5102 1598 5156 ab
1626 5115 1691 5155 eo
1738 5100 1958 5169 prodiit.
2004 5100 2308 5155 Secundum

747 5195 1029 5249 Chaldaeos
1068 5192 1227 5264 primi
1261 5193 1349 5247 Dei
1382 5192 1735 5264 intelligentia
1773 5192 1843 5248 ab
1882 5193 2001 5263 ipso
2033 5208 2137 5247 non
2181 5208 2310 5261 pro-

749 5285 939 5351 cessit,
967 5284 1059 5339 sed
1089 5285 1284 5339 mansit
1313 5285 1364 5337 in
1395 5282 1669 5338 Profundo
1698 5294 1925 5354 paterno
1959 5292 2013 5337 et
2058 5285 2107 5336 in
2154 5289 2311 5353 adyto

747 5394 845 5451 per
870 5380 1113 5433 divinum
1144 5378 1437 5432 silentium.
1479 5376 1750 5432 Hactenus
1784 5389 1935 5447 gutta
1970 5386 2133 5447 guttae.
2165 5376 2313 5431 simi-

751 5475 854 5527 lior
885 5488 993 5527 non
1022 5481 1126 5535 est,
1164 5488 1325 5541 quam
1366 5471 1867 5526 Valentinianorum
1907 5470 2101 5539 placita
2135 5470 2312 5524 Plato-

752 5566 1021 5630 nicorum,
1072 5563 1479 5633 Egyptiorum,
1531 5562 2018 5634 Chaldaeorutnque
2047 5564 2309 5632 dogmati—

752 5660 872 5717 bus.
907 5656 1013 5713 Sed
1042 5660 1108 5713 ad
1140 5657 1347 5729 reliqua
1377 5672 1686 5728 pergamus.

827 5838 869 5873 “
899 5839 1066 5905 item,
1097 5837 1195 5894 lib.
1222 5853 1260 5904 ι,
1284 5853 1403 5909 cap.
1436 5836 1485 5901 8,
1518 5852 1567 5889 n.
1602 5835 1653 5889 5.

2418 4649 2651 4706 quaeque
2672 4632 2887 4690 Patrem
2924 4628 3155 4683 nesciat.
3184 4624 3284 4681 Ubi
3318 4624 3479 4677 etiam
3507 4622 3763 4675 observes
3793 4617 3985 4685 velim,

2415 4729 2559 4799 quod
2586 4723 3039 4795 quemadmodum
3072 4718 3369 4773 Platonicis
3408 4716 3555 4768 Mens
3599 4713 3834 4768 secunda
3883 4726 3989 4767 seu

2417 4820 2688 4875 secundus
2710 4819 2853 4871 Deus
2885 4814 3085 4868 dicitur
3108 4811 3292 4874 Μονὰς
3314 4810 3378 4862 ὲκ
3397 4807 3490 4862 τοῦ
3518 4806 3657 4869 ἐνὸς,
3690 4803 3732 4857 U
3743 4805 3876 4856 nitas
3924 4819 3999 4861 eo

2418 4931 2520 4967 uno
2546 4931 2564 4978 ;
2599 4913 2677 4966 sic
2710 4918 2763 4963 et
2792 4906 3052 4978 Epiphani
3087 4904 3359 4959 secundus
3390 4899 3533 4955 IEon
3573 4897 3775 4951 dzcit'ur
3798 4893 3995 4958 Μονὰς

2420 5008 2483 5064 ὲκ
2502 5006 2605 5075 τῆς
2631 5002 2917 5075 μονὸτητος
2931 5010 2983 5054 et
3009 4998 3276 5075 ἐνάτη-τος,
3306 4993 3491 5048 Unitas
3509 5008 3572 5046 ea:
3590 4992 3818 5053 unitate;
3840 4986 3997 5042 Mar.

2419 5120 2485 5157 co
2509 5084 2760 5154 similiter
2787 5096 3022 5153 secunda
3058 5092 3297 5147 [Eonum
3329 5085 3678 5158 coniugatio,
3711 5097 3829 5153 qua
3861 5080 3994 5135 Nuu

2409 5210 2473 5250 et
2533 5193 2803 5248 Alethiam
2860 5186 3340 5257 complectebatur,
3385 5179 3553 5251 μονάς
3590 5194 3649 5228 τε
3702 5170 3876 5228 καὶτὸ
3908 5172 3991 5226 ἓν.

2419 5285 2917 5343 Valentinianorum
2958 5278 3069 5332 Nus
3103 5276 3292 5330 similis
3331 5284 3377 5327 et
3420 5270 3635 5340 aqualis
3679 5275 3755 5320 est
3797 5265 3843 5318 ei
3892 5266 3995 5332 qui

2413 5380 2608 5439 emisit,
2641 5388 2688 5430 et
2739 5373 2881 5429 solus
2931 5371 3074 5437 capit
3112 5364 3523 5437 magnitudinem
3556 5358 3758 5412 Patris.
3814 5354 3994 5425 tEgy.

2416 5472 2541 5541 ptiis
2561 5469 2707 5521 Mens
2730 5462 3264 5536 ρτὶιηαπαράδειγμα
3286 5454 3515 5527 ἵδρυται,
3536 5452 3707 5506 forma
3727 5457 3779 5501 ct
3801 5462 3994 5500 exeru-

2416 5565 2531 5633 plar
2568 5571 2648 5616 est
2683 5560 2745 5612 ad
2774 5557 2912 5627 quod
2946 5554 3121 5609 eliicta
3152 5561 3235 5607 est
3265 5563 3417 5604 mens
3447 5544 3845 5609 secunda,qnte
3880 5542 3995 5594 bu.

2414 5632 2503 5721 ius
2559 5656 2736 5723 imago
2786 5660 2890 5711 est.
2956 5651 3021 5704 ab
3078 5661 3137 5699 ea
3192 5640 3462 5711 recipiens
3509 5650 3689 5693 rerum
3738 5632 3993 5689 omnium
