4180 6332
275 340 343 401 δ’]
1201 351 1667 413 DlSSERTATlO
1706 357 1748 422 Ι,
1790 358 1953 424 ART.
1997 361 2040 427 1,
2079 361 2167 417 DE
2205 361 2622 423 VALENTINO.
3458 373 3526 430 58

273 461 674 520 ldeas.Cuncta
693 483 916 536 namque
931 469 1145 538 perfecit
1171 469 1352 536 Pater,
1381 483 1428 527 et
1450 471 1616 528 Menti
1635 476 1856 530 tradidit
1884 486 1929 541 Α
1962 476 2177 535 illorum
2212 480 2414 537 mundo
2451 481 2780 572 intelligibili
2812 483 3073 559 diximus)
3115 490 3334 558 agnosci
3377 493 3531 562 prin-

271 556 763 642 secundre.Vel..ut
800 559 962 612 habet
988 561 1131 614 aliud
1163 560 1514 619 Chaldaicum
1550 563 1794 632 eﬁatum,
1823 568 1853 620 ὀ
1957 570 2122 639 cipis,
2168 568 2424 640 Bythum,
2498 566 2737 644 primum
2788 556 3116 648 principium
3157 556 3223 635 rvet
3267 556 3525 646 Patrem.

270 646 490 716 πρῶτος
515 646 650 712 Θεὸς
672 649 967 720 άρχετυποῖ
993 650 1069 722 τῷ
1092 652 1351 718 ἐλάττονι,
1377 655 1579 717 primus
1603 655 1743 711 Deus
1761 674 1852 711 ar-

268 739 522 806 chetypas
553 747 628 792 est
652 741 901 793 secundo.
933 741 1063 796 ltern
1090 759 1106 796 :
1157 744 1296 798 Πολὺ
1324 745 1432 816 γὰρ
1467 747 1626 818 μόνος
1649 749 1714 802 ὲκ
1741 752 1853 804 Πα-

267 830 394 901 τρὸς
413 830 953 904 ἀλκῆς’δρεψάμενος
990 835 1110 888 νόου
1133 836 1291 899 ἄνθος
1315 835 1453 908 ἔχει,
1487 839 1548 891 τὸ
1578 843 1714 893 νοεῖν
1746 861 1849 895 πα-

266 921 455 993 τρικὸν
487 923 631 976 νοῦν.
661 922 816 978 Solus
841 925 1044 980 uberem
1067 968 1081 992 ,
1112 945 1263 997 quem
1291 946 1355 984 ea:
1385 928 1548 985 Patre
1572 932 1844 1004 decerpsit,

265 1014 457 1066 mentis
479 1014 666 1082 ﬂorent
713 1017 927 1070 sortitus
975 1027 1072 1081 est,
1114 1036 1265 1074 nosse
1306 1023 1537 1077 videlicet
1576 1036 1847 1092 paternam

264 1115 515 1159 mentem.
565 1104 902 1176 Porphyrius
941 1109 1175 1177 denique
1236 1128 1361 1165 mox
1416 1113 1637 1182 citatus,
1685 1115 1845 1186 μόνος

262 1195 483 1261 αῐὶῦνιος
508 1198 536 1250 ό
567 1196 731 1261 Νοῦς,
758 1196 945 1271 ὧσπερ
968 1202 995 1253 ὁ
1015 1199 1144 1264 Θεὸς
1173 1203 1201 1259 ό
1247 1203 1487 1274 πρῶτος,
1527 1204 1580 1258 N
1587 1223 1646 1260 us
1701 1206 1842 1261 solus

262 1298 520 1353 trternus,
577 1293 1014 1359 quemadmodum
1048 1301 1096 1348 et
1143 1293 1285 1348 Deus
1332 1301 1556 1362 primus.
1599 1296 1844 1354 Valenti-

260 1380 408 1434 niani
460 1380 584 1435 Nun
639 1383 896 1452 copulant
944 1400 1063 1438 cum
1103 1385 1369 1442 Veritate.
1410 1388 1500 1442 Sic
1551 1390 1757 1459 pariter
1789 1399 1842 1446 et

259 1466 594 1526 Mercurius.
624 1472 804 1536 Mens,
841 1475 938 1539 ait,
976 1475 1234 1532 Veritatis
1265 1480 1596 1551 προστάτης,
1627 1481 1839 1549 perlicit

256 1564 438 1617 omnia
472 1579 598 1617 cum
650 1565 916 1633 Veritate,
950 1566 1216 1622 συντελῶν
1270 1569 1474 1622 ἕκαστα
1523 1571 1638 1642 μετ’
1684 1570 1834 1645 Ἀλη-

1954 656 2331 724 Nun,Patrem
2347 672 2400 716 et
2419 663 2630 718 initium
2657 668 3005 734 omnium;et
3025 670 3282 737 Verbum,
3308 669 3523 732 Patrem

1953 750 2188 804 omnium
2223 767 2402 806 eorum
2432 755 2523 823 qui
2557 766 2670 824 post
2699 773 2751 810 se
2789 758 2957 828 futuri
2987 769 3180 827 essent,
3218 772 3269 816 et
3309 764 3521 818 initium

1951 847 2000 892 et
2032 839 2402 907 formationem
2432 844 3019 906 universiPleromatis.
3054 852 3118 906 Et
3152 851 3206 906 hi
3229 852 3370 910 forte
3393 862 3524 911 sunt

1951 933 2064 981 tres
2094 925 2341 984 Platonis
2372 941 2425 986 et
2456 933 2648 988 Amelii
2685 950 2860 1005 reges,
2894 938 2961 995 de
2982 942 3184 1010 quibus
3214 943 3441 1000 Proclus
3464 946 3520 1002 in

1954 1016 2117 1088 Tim.,
2147 1036 2240 1076 seu
2279 1023 2460 1092 potius
2492 1024 2647 1082 Trias
2681 1028 2770 1084 illa
2814 1032 2973 1088 toties
3013 1049 3041 1088 a
3087 1035 3384 1092 Platonicis
3425 1039 3520 1094 de-

1947 1121 2186 1166 cantata.
2223 1114 2328 1169 Sed
2355 1127 2412 1172 et
2439 1117 2580 1172 istud
2615 1131 2874 1190 praeterea
2910 1125 3210 1196 colligitur,
3239 1137 3365 1184 octo
3396 1129 3518 1186 illo-

1947 1218 2065 1257 rum
2104 1205 2342 1262 .Eonum
2386 1212 2798 1282 conjugationes
2839 1217 3035 1274 merito
3068 1221 3136 1275 ab
3175 1221 3379 1280 lrenao
3417 1238 3516 1280 vo-

1945 1297 2089 1361 cari,
2147 1300 2354 1371 primas
2420 1306 2666 1373 quidem,
2725 1309 2954 1377 primam
3009 1321 3060 1366 et
3111 1314 3516 1386 primogenitum

1945 1386 2358 1460 Pythagoricum
2386 1401 2860 1468 quaternationem,
2899 1413 2948 1457 et
2984 1404 3214 1460 radicem
3246 1409 3480 1464 omnium
3492 1425 3514 1477 ;

1941 1495 2137 1538 omnes
2167 1500 2317 1553 vero,
2347 1490 2744 1560 primogenitum
2774 1499 3179 1565 octonationern,
3210 1501 3440 1558 radicem
3463 1514 3514 1560 et

1938 1573 2288 1632 substantiam
2331 1583 2580 1636 omnium.
2614 1583 2769 1652 Quod
2809 1588 2955 1642 enim
2995 1579 3343 1664 Pythagorici
3379 1614 3516 1668 qua-

257 1656 428 1723 θείας.
460 1659 540 1714 llli
569 1661 801 1730 denique
825 1659 1085 1727 Verbum,
1135 1663 1347 1720 Patrem
1379 1670 1610 1722 omnium
1656 1685 1835 1724 eorum
1940 1667 2179 1723 ternario
2223 1678 2278 1725 et
2320 1673 2602 1729 octonario
2646 1691 2873 1733 numero
2902 1656 3277 1751 ascribehant,
3316 1688 3368 1743 id
3397 1656 3515 1746 ’γι-

254 1749 345 1817 qui
371 1757 492 1818 post
525 1767 578 1804 se
605 1751 779 1820 futuri
807 1763 997 1817 essent,
1058 1764 1107 1808 et
1144 1756 1352 1809 initium
1385 1769 1432 1812 et
1467 1758 1831 1828 formationem
1867 1830 1906 1844 _
1937 1757 2226 1816 lentiniani
2271 1763 2375 1818 sibi
2425 1765 2770 1825 vindicantes
2822 1781 2952 1828 octo
3002 1776 3193 1844 primis
3241 1777 3511 1841 Eonibus

253 1842 500 1898 universi
520 1842 866 1904 Plerornatis,
905 1861 934 1900 a
966 1846 1046 1900 Nu
1091 1849 1357 1902 emissum
1405 1852 1740 1906 asserebant.
1769 1853 1835 1908 Et
1865 1830 1907 1885 Β
1941 1853 2273 1910 tribuebant.
2311 1854 2790 1932 Pythagorici,qui
2823 1864 2888 1919 ad
2929 1830 3185 1925 numeros
3211 1873 3395 1928 omnia
3427 1888 3513 1931 re-

253 1933 343 1990 bic
370 1935 663 1990 similiter:
720 1937 777 1990 '0
831 1936 943 2008 γὰρ
990 1938 1379 2012 δημιουργικὸς
1426 1941 1589 2007 Νοῦς,
1635 1943 1832 2014 inquit,

251 2029 349 2086 καὶ
370 2028 470 2099 τῆς
502 2028 786 2101 Ἀληθείας
812 2029 1146 2101 προστάτης.
1174 2072 1186 2085 .
1210 2071 1222 2085 .
1246 2074 1259 2085 .
1297 2035 1590 2106 ἐρχόμενος
1615 2036 1715 2108 μὲν
1743 2035 1833 2091 ἐπὶ

247 2123 502 2191 γένεσιν,
548 2126 640 2178 καὶ
683 2127 780 2198 τὴν
818 2128 1000 2198 ἀφανῆ
1045 2127 1153 2181 τῶν
1201 2130 1600 2200 κεκρυμμένων
1659 2129 1832 2200 λόγων

245 2212 478 2285 δύναμιν
505 2216 586 2278 εἰς
616 2215 730 2285 φῶς
759 2217 928 2284 ἄγων.
975 2216 1170 2288 Opifex
1195 2223 1383 2289 quippe
1415 2219 1563 2276 Mens
1594 2231 1642 2276 et
1688 2220 1832 2277 Veri-

247 2307 378 2362 tatis
399 2323 618 2375 prcses,
649 2308 718 2361 ad
743 2310 1133 2377 generationem
1165 2313 1397 2374 ueniens,
1440 2314 1682 2368 latentem
1741 2331 1829 2369 oc-

246 2398 515 2452 cultarum
543 2401 828 2464 rationum,
871 2400 1064 2469 λόγων,
1097 2403 1197 2457 vim
1251 2407 1308 2458 in
1347 2405 1513 2459 lucem
1562 2409 1823 2476 producit.

245 2487 353 2546 Sed
376 2493 693 2561 expressius
739 2493 916 2547 adhuc
954 2495 1062 2551 alio
1106 2496 1159 2550 in
1205 2495 1322 2550 loco
1365 2511 1524 2565 quem
1561 2497 1803 2554 referunt

244 2580 439 2637 Suidas
477 2592 535 2638 et
582 2583 903 2642 Cedreuus:
945 2581 1054 2640 Ἦν
1102 2587 1219 2656 φῶς
1258 2587 1444 2661 νοερὸν
1497 2591 1603 2664 πρὸ
1649 2593 1827 2661 φωτὸς

239 2674 450 2746 νοεροῦ,
478 2676 573 2728 καὶ
601 2677 686 2730 ἀεὶ
716 2675 840 2741 νοῦς
871 2676 959 2731 νοῦ
987 2680 1175 2744 αἴτιον,
1218 2681 1310 2734 καὶ
1352 2681 1517 2736 οὐδὲνι
1538 2681 1726 2756 ἕτερον
1757 2681 1826 2754 ἦν

237 2761 272 2836 ἢ
314 2764 507 2819 τούτου
546 2767 755 2838 ἑνότης,
788 2768 875 2821 ἀεὶ
902 2770 959 2821 ὲν
993 2769 1167 2840 ἑαυτῷ
1219 2768 1316 2836 ὢν,
1372 2772 1458 2825 ἀεὶ
1507 2771 1586 2843 τῷ
1630 2774 1821 2827 ἑαυτοῦ

238 2856 320 2910 νοῒ
347 2858 441 2912 καὶ
468 2861 628 2928 φωτὶ,
684 2862 777 2914 καὶ
832 2862 1099 2932 πνεύματι
1147 2864 1324 2917 πάντα
1357 2866 1629 2938 περιέχειο
1666 2867 1823 2935 ἐκτὸς

237 2951 426 3005 τούτου
460 2953 524 3006 οὐ
561 2952 712 3017 Θεὸς,
746 2953 844 3006 οὐκ
879 2956 1125 3024 ἄγγελος,
1167 2958 1228 3010 οὐ
1263 2957 1490 3029 δαίμων,
1529 2960 1630 3014 οὐκ
1665 2963 1821 3016 οὐσία

236 3061 322 3110 τις
347 3045 506 3118 άλλη.
539 3048 762 3104 Πάντων
790 3050 896 3122 γὰρ
919 3051 1140 3125 Κύριος,
1170 3053 1262 3107 καὶ
1293 3052 1445 3119 Θεὸς,
1488 3055 1580 3109 καὶ
1607 3057 1817 3131 Πατὴρ,

234 3141 338 3196 καὶ
361 3143 541 3198 πάντα
592 3145 900 3212 ὑπἀὐτοῦ,
950 3148 1042 3201 καὶ
1095 3151 1152 3203 ἐν
1199 3151 1346 3223 αὐτῷ
1383 3155 1550 3208 ἐστιν.
1600 3154 1656 3206 '0
1713 3155 1818 3228 γὰρ
1847 3173 1889 3232 C

233 3233 410 3302 Λόγος
447 3235 613 3289 αὐτοῦ
645 3237 940 3310 προελθὼν,
975 3240 1305 3306 παντέλειος,
1337 3244 1430 3297 καὶ
1459 3244 1697 3314 γόνιμος,
1722 3247 1816 3300 καὶ

231 3319 593 3395 δημιουργὸς,
631 3326 825 3396 ἔγκυον
850 3329 1075 3403 ἐποίησε
1098 3330 1157 3384 τὸ
1190 3331 1350 3406 ὕδωρ.
1383 3334 1512 3390 Erat
1537 3336 1712 3391 lumen
1734 3339 1818 3392 in-

233 3414 530 3472 tellectuale
563 3421 709 3488 prius
743 3413 942 3476 lumine
980 3425 1402 3493 intellectuali,et
1437 3445 1640 3499 semper
1667 3445 1813 3485 mens

232 3515 426 3567 mentis
445 3516 784 3585 principium,
819 3518 1049 3588 nihilque
1093 3521 1392 3582 aliud.'erat
1433 3517 1628 3592 preet'er
1649 3523 1812 3588 ipsius

230 3608 486 3662 unitatem
515 3625 534 3662 :
567 3613 857 3679 semper'in
890 3613 1057 3683 seipso
1078 3632 1313 3677 manens,
1360 3633 1562 3682 semper
1598 3615 1813 3685 propria

227 3707 424 3764 tuente,
448 3701 582 3765 luce,
617 3711 664 3755 et
681 3701 870 3770 spiritu
885 3705 1058 3757 omnia
1075 3704 1535 3762 continet.Prwter
1556 3723 1673 3760 eum
1705 3721 1810 3760 non

226 3790 507 3856 Deus,non
521 3794 1213 3864 angelus,nondremon,non
1234 3797 1418 3869 aliqua
1437 3799 1544 3853 alia
1563 3800 1806 3855 essentia.

226 3881 483 3938 Omnium
505 3885 643 3938 enim
664 3885 921 3940 Dominus
939 3899 1036 3952 est,
1054 3898 1104 3941 et
1119 3888 1279 3955 Deus,
1296 3902 1344 3943 et
1365 3889 1542 3955 Pater,
1562 3899 1611 3943 et
1629 3889 1809 3943 omnia

224 3973 292 4025 ab
326 3973 437 4041 ipso
455 3984 502 4026 et
526 3975 582 4027 in
613 3976 726 4044 ipso
752 3976 894 4034 sunt.
935 3973 1159 4033 Verbum
1185 3979 1324 4034 enim
1345 3981 1511 4046 ipsius
1533 3979 1803 4048 prodiens,

222 4063 537 4134 perfectum,
565 4065 850 4135 fecundum
901 4077 949 4121 et
1001 4066 1196 4138 opifex,
1242 4085 1436 4140 aquam
1477 4071 1803 4141 fecundavit.

224 4151 333 4209 Ubi
366 4156 468 4208 tria
487 4156 681 4211 saltem
702 4157 972 4227 principia
991 4171 1390 4228 memorantur,
1425 4161 1576 4218 Mens
1605 4162 1804 4231 prima,

220 4240 379 4297 Meus
397 4247 652 4309 secunda.
685 4244 1030 4319 Verbumque
1054 4250 1238 4320 opifex
1257 4249 1326 4306 ab
1359 4252 1462 4306 hac
1485 4255 1802 4322 procedens.

219 4331 379 4400 Quod
399 4343 580 4390 autem
613 4336 792 4391 Vitam
829 4354 952 4392 cum
1002 4337 1186 4396 Verbo
1219 4342 1574 4412 conjugarent
1608 4344 1806 4399 Valen-

221 4423 446 4492 tiniani,
481 4441 512 4481 a
536 4425 764 4484 Joannis
797 4429 1095 4508 Evangelio
1149 4445 1520 4503 sumpserant,
1573 4435 1662 4490 ubi
1691 4436 1803 4490 vita

218 4518 404 4574 Verbo
434 4522 812 4576 connectitur:
855 4521 924 4578 In
963 4525 1074 4594 ipso
1109 4527 1213 4581 vita
1269 4538 1413 4594 erat,
1449 4539 1509 4583 ut
1560 4529 1801 4600 explicat

216 4611 342 4683 ipse
377 4612 704 4670 Ptolemaeus
735 4617 875 4685 apud
911 4616 1176 4675 Irenaeum
1213 4619 1311 4677 lib.
1345 4638 1382 4686 ι,
1418 4639 1540 4692 cap.
1576 4625 1632 4690 8,
1668 4624 1798 4684 n.5.

219 4704 375 4761 Nihil
421 4707 566 4761 enim
608 4707 790 4763 simile
814 4711 955 4780 apud
989 4709 1305 4769 Platonicos
1336 4713 1535 4784 legisse
1566 4730 1650 4770 me
1685 4732 1797 4772 me-

215 4798 400 4863 mini;
437 4798 540 4854 nisi
570 4798 709 4856 forte
748 4801 853 4856 huc
901 4804 1190 4860 trahantur
1222 4806 1375 4874 plura
1408 4823 1529 4877 quas
1570 4809 1636 4863 de
1685 4808 1796 4882 ζωῇ

216 4890 489 4960 disceptet
522 4889 842 4948 Damascius
878 4894 931 4949 in
965 4894 1105 4952 libro
1135 4897 1278 4967 Περὶ
1299 4898 1521 4968 ἀρχῶν.
1559 4901 1704 4955 Idem
1732 4900 1798 4956 de

213 4981 396 5040 altera
424 4982 811 5056 coniugatione
852 4987 1101 5045 Hominis
1131 5000 1186 5046 et
1218 4992 1479 5049 Ecclesiae
1535 4995 1790 5062 dixerim,

213 5087 330 5144 qua
354 5073 629 5132 clauditur
662 5076 1171 5140 Valentini'anorum
1216 5085 1441 5154 ogdoas,
1473 5099 1568 5142 seu
1602 5102 1796 5143 secun-

213 5165 322 5222 dus
375 5171 787 5238 quaternarius,
822 5188 1095 5244 quamque
1147 5174 1475 5232 Ptolemzeus
1505 5191 1702 5233 eruere
1736 5193 1794 5233 se

211 5272 382 5328 posse
414 5262 624 5328 putavit
656 5275 720 5316 ex
756 5262 841 5319 his
879 5261 1109 5321 Joannis
1167 5265 1454 5338 Evangelii
1491 5268 1698 5335 verbis,
1744 5279 1793 5326 et

209 5352 323 5406 vita
343 5360 457 5406 erat
478 5351 574 5406 ius:
605 5352 897 5422 hominum,
925 5365 982 5411 ut
1019 5356 1142 5413 loco
1171 5373 1298 5416 mox
1336 5360 1433 5415 cit.
1469 5360 1642 5417 refert
1679 5361 1791 5418 Ire-

209 5457 386 5500 treus.

279 5538 370 5592 39.
411 5538 486 5594 Ex
525 5541 792 5598 hactenus
825 5543 990 5598 dictis
1025 5547 1212 5615 aperte
1236 5542 1504 5616 sequitur,
1527 5555 1632 5603 uta
1666 5547 1791 5603 Pla-

210 5627 412 5684 tonicis
441 5631 548 5684 tria
594 5630 1022 5700 intelligibilium
1073 5636 1364 5707 principia,
1396 5637 1641 5694 Mentem
1674 5640 1788 5710 pri-

207 5736 378 5785 mam.
417 5718 655 5779 hiantem
689 5726 1009 5794 secundam,
1036 5736 1092 5782 et
1118 5728 1393 5786 Verbum:
1437 5732 1517 5788 sic
1556 5733 1724 5788 etiam
1755 5749 1784 5787 a

212 5815 613 5876 velentiuiauis
641 5817 748 5876 tria
782 5817 1106 5879 PlerOmatis
1134 5821 1301 5898 (quod
1327 5824 1472 5894 idem
1505 5839 1628 5889 om
1661 5838 1785 5889 cum

1934 1943 2205 2013 ferebant,
2253 1953 2671 2018 quaternionem
2720 1958 2854 2014 lauti
2898 1958 3191 2027 iaciebant,
3238 1973 3297 2018 ut
3342 1967 3509 2025 toti-us

1933 2043 2140 2092 natura:
2162 2038 2368 2095 fontem
2392 2057 2514 2098 esse
2541 2057 2827 2102 censerent
2857 2068 2870 2103 :
2911 2051 2975 2104 'H
3000 2053 3149 2125 πηγὴ
3173 2055 3271 2126 τῆς
3296 2054 3510 2126 φύσεως

1930 2128 1964 2198 ἡ
2016 2131 2335 2201 τετρακτύς,
2381 2131 2528 2188 Fons
2571 2147 2776 2194 natura:
2819 2147 3191 2211 quaternarius
3237 2163 3507 2216 numerus,

1931 2221 2009 2271 ait
2039 2217 2394 2290 Themistius,
2425 2241 2489 2280 ex
2520 2230 2791 2285 sententia
2821 2231 3311 2305 Pythagoreorum,
3337 2235 3505 2310 Phys.

1929 2310 2026 2364 lih.
2055 2328 2136 2368 ut.
2162 2323 2217 2368 et
2244 2314 2494 2381 Proclus,
2520 2319 2572 2374 in
2601 2319 2782 2380 Theol.
2813 2322 2980 2391 Plat.,
3015 2327 3107 2381 lib.
3141 2344 3210 2391 tv,
3235 2343 3358 2398 cap.
3386 2329 3458 2386 32
3486 2345 3504 2385 :

1928 2402 2147 2477 Ἐπειδὴ
2165 2405 2220 2459 δὲ
2241 2407 2340 2478 τὴν
2356 2409 2533 2464 αἰτίαν
2550 2411 2607 2464 ὲν
2627 2413 2804 2485 ἐαυτῷ
2824 2417 3065 2488 περιέχει
3085 2418 3175 2472 τοῦ
3197 2419 3508 2492 σύμπαντος

1927 2497 2181 2569 ἀριθμοῦ,
2222 2503 2454 2570 τετράδα
2495 2508 2858 2580 προσείρηκεν
2900 2509 3052 2574 αὐτὸ,
3088 2511 3361 2581 τεττάρων
3396 2511 3506 2569 τῶν

1928 2593 2296 2665 πρωτουργῶν
2315 2593 2382 2666 [Χ
2393 2594 2576 2668 XVIII]
2595 2599 2779 2652 αἰτίων
2798 2617 2863 2654 πε
2871 2599 3196 2675 ριληπτικὴν
3209 2603 3238 2656 ὁ
3253 2603 3503 2673 Τίμαιος,

1925 2682 2105 2752 πάσης
2120 2683 2226 2754 γὰρ
2248 2685 2542 2751 εἰδοποιὴις
2561 2690 2593 2759 ή
2611 2687 2806 2762 τέτρας
2827 2689 2964 2762 αὓτη
2989 2693 3139 2764 πηγὴ
3158 2683 3506 2770 προϋφέστη.

1924 2791 2037 2829 κεν.
2057 2775 2316 2840 Quoniam
2335 2797 2451 2834 vero
2469 2798 2681 2836 causam
2697 2783 2750 2838 in
2763 2799 2817 2837 se
2835 2786 3060 2840 continet
3093 2790 3260 2840 omnis
3273 2789 3503 2856 numeri,

1922 2870 2327 2934 quateruitatem
2369 2870 2426 2925 id
2474 2869 2703 2926 Timaeus
2740 2874 3042 2943 appellavit,
3073 2885 3302 2946 quatuor
3329 2876 3502 2944 primo

1924 2970 2196 3029 operanles
2221 2979 2410 3016 causas
2442 2953 2990 3032 compca/tendentem;
3020 2969 3192 3022 omnis
3219 2970 3358 3022 enim
3383 2967 3500 3038 [or-

1922 3069 2126 3106 marum
2171 3055 2552 3123 procreationis
2587 3055 2706 3126 fons
2736 3059 3066 3125 prteexstitit.
3111 3059 3249 3115 Hinc
3278 3074 3500 3117 sacrum

1922 3147 2064 3215 apud
2101 3145 2478 3217 Pythagoreos
2508 3147 2914 3217 jusjurandum,
2955 3165 3062 3218 quo
3093 3164 3188 3222 per
3221 3149 3501 3224 Pythago-

1924 3253 2037 3292 ram
2070 3241 2411 3309 quaternarii
2443 3252 2718 3296 auctorem
2755 3242 3072 3312 dejerabant
3102 3261 3117 3299 :

1917 3353 2028 3432 lini
2160 3353 2269 3432 τὸν
2294 3353 2545 3432 ᾀμετέρᾳ
2572 3356 3118 3432 ψυχῷπαραδᾴντα
3151 3364 3497 3432 τετρακτύν,

1916 3425 2121 3501 Ιξαγὰν
2141 3422 2398 3501 derrdbv
2425 3422 2949 3501 contemplemur
2975 3422 3264 3500 ἔχουσαν-ἶ

1917 3491 2026 3573 Per
2053 3511 2193 3555 eum,
2228 3499 2319 3562 qui
2353 3491 2544 3573 anima:
2585 3491 3044 3573 nosirart'radidi't'
3067 3506 3494 3573 quaternarium,

1918 3561 2140 3618 Fontem
2170 3561 2410 3633 perennis
2440 3576 2648 3622 natura:
2676 3571 2879 3624 radices
2912 3561 3207 3628 habentem.

1916 3698 1979 3754 Et
2032 3700 2159 3756 hinc
2208 3703 2374 3758 etiam
2424 3709 2865 3775 quaternarium.
2923 3726 3139 3766 omnem
3199 3728 3484 3768 numerum

1913 3792 2274 3860 appellabant.
2322 3796 2517 3853 Suidas
2555 3799 2608 3852 in
2664 3799 2912 3871 Ἀριθμῷ
2961 3821 2975 3854 :
3024 3805 3089 3857 Οἱ
3132 3803 3491 3879 Πυθαγόρειοι

1913 3884 2088 3937 πάντα
2111 3884 2342 3957 ἀριθμὸν
2362 3891 2662 3960 τετρακτὺν
2687 3894 3109 3966 προσηγόρευον·
3128 3899 3157 3950 ό
3175 3896 3240 3970 δὴ
3260 3897 3492 3971 ἀριθμὸς

1913 3975 2330 4048 ωμπληροῦται
2371 3983 2484 4045 τοῖς
2518 3982 2668 4036 δέκα.
2716 3983 2772 4037 '0
2806 3984 2862 4037 δὲ
2909 3985 3059 4050 δέκα,
3096 3987 3342 4055 σύνθεσις
3379 3991 3490 4049 τῶν

1909 4065 2210 4135 τεσσάρων,
2246 4070 2340 4124 καὶ
2366 4070 2454 4124 διὰ
2492 4071 2652 4128 τοῦτο
2699 4072 2931 4146 ἀριθμὸν
2969 4078 3147 4132 πάντα
3185 4083 3488 4153 τετρακτὺν

1910 4154 2113 4226 ἔλεγον.
2149 4159 2468 4230 Pythagorei
2500 4169 2675 4218 autem
2707 4183 2908 4221 onmem
2940 4186 3212 4236 numerum
3254 4176 3490 4243 appella-

1909 4248 2030 4303 bant
2061 4255 2490 4321 quaternarium,
2519 4258 2609 4325 qui
2636 4273 2764 4311 sane
2793 4258 3008 4313 denario
3041 4262 3352 4329 completur.
3385 4266 3488 4324 De-

1909 4343 2094 4398 narius
2122 4361 2240 4399 vero
2272 4356 2345 4399 est
2374 4349 2681 4416 compositio
2707 4353 3037 4420 quaternarii
3066 4368 3085 4408 :
3111 4356 3328 4428 ideoque
3353 4376 3488 4428 qua-

1909 4435 2226 4500 ternarium,
2259 4453 2476 4490 onmem
2497 4453 2773 4495 numerum
2802 4443 3075 4498 vocabant.
3107 4444 3311 4518 Nempe
3339 4450 3484 4519 quod

1832 4516 1877 4573 D
1904 4526 2185 4580 denarium
2215 4528 2635 4598 complectatur,
2667 4533 2760 4602 qui
2799 4533 2850 4587 in
2881 4541 3006 4591 serSe
3039 4516 3325 4593 numerum
3357 4516 3482 4595 om-

1904 4633 2028 4672 nem
2061 4606 2475 4690 comprehendit
2505 4637 2522 4678 :
2549 4624 2814 4697 quidquid
2844 4625 2989 4681 enim
3022 4627 3163 4683 ultra
3195 4629 3478 4687 denarium

1903 4716 2244 4775 numeratur,
2317 4710 2530 4766 denarii
2597 4713 2849 4782 repetitio
2914 4723 3017 4769 est.
3082 4715 3481 4783 Quaternarius

1902 4814 2054 4868 vero,
2099 4801 2144 4857 si
2184 4801 2488 4874 conjungas
2525 4805 2812 4873 unitatem,
2855 4805 3150 4875 hinarium,
3199 4816 3254 4864 et
3299 4819 3480 4865 terna-

1900 4894 2068 4959 rium,
2098 4893 2298 4963 quibus
2337 4904 2580 4962 constat,
2613 4911 2734 4952 mox
2768 4899 3053 4954 denarium
3092 4899 3277 4955 edicit.
3309 4901 3477 4972 Atqui

1902 4991 1960 5037 ut
1993 4982 2322 5056 Pythagorei
2351 4988 2766 5058 quaternarium
2795 4987 3017 5047 Naturae
3049 4991 3253 5048 fontem
3295 5002 3351 5048 et
3389 5009 3479 5049 ra-

1898 5076 2096 5142 dicem,
2127 5086 2183 5131 et
2211 5093 2430 5134 omnem
2457 5095 2748 5136 numerum
2781 5083 3149 5153 appellabant,
3174 5085 3254 5140 sic
3281 5083 3477 5142 Valen-

1900 5171 2093 5227 tiniani
2128 5173 2363 5240 primum
2400 5172 2636 5235 Eonum
2665 5176 3102 5246 quaternionem,
3142 5179 3376 5248 primum
3417 5191 3474 5236 et

1896 5262 2291 5332 primigenum,
2347 5274 2402 5320 et
2459 5267 2701 5322 omnium
2765 5270 3002 5324 radicem
3061 5270 3346 5339 dicebant;
3406 5289 3474 5331 eo

1894 5355 2040 5423 quod
2077 5371 2106 5409 a
2144 5357 2321 5425 primo
2352 5358 2441 5414 illo
2470 5363 2822 5433 quaternario
2851 5363 3144 5432 proﬂueret
3173 5369 3468 5432 secundus,

1891 5454 2213 5504 ceterorum
2250 5453 2494 5505 omnium
2526 5450 2762 5507 )Eonum
2793 5455 2914 5511 fons
2945 5467 2998 5511 et
3023 5455 3372 5525 principium.
3403 5457 3472 5514 Et

1893 5547 1952 5594 ut
1987 5555 2018 5594 a
2049 5544 2403 5612 quateruario
2437 5545 2726 5600 denarium
2759 5545 2929 5602 ﬂuere
2969 5548 3224 5604 volebant
3261 5548 3468 5621 Pytha-

1891 5634 2073 5700 gorei,
2107 5634 2189 5690 sic
2234 5650 2265 5690 a
2309 5637 2552 5693 secundo
2595 5641 2947 5710 quaternario
2984 5639 3220 5697 Eanum
3260 5642 3467 5697 decede

1889 5724 2066 5781 emitti
2099 5729 2422 5785 asserebant
2447 5729 2837 5788 Valentiniani.
2865 5733 2928 5787 Hi
2958 5743 3221 5803 praeterea
3253 5745 3467 5788 octona-

1890 5825 2082 5886 tionem
2115 5841 2180 5890 ex,
2213 5828 2424 5891 duabus
2459 5831 2761 5893 tetradibns
2796 5831 3104 5900 conﬂatam,
3149 5831 3464 5906 primogenit-
