4180 6332
737 419 807 476 59
1535 410 2128 478 DISSERTATIONES
2166 413 2388 472 PREV]

2299 413 2468 472 EVL‘E
2508 413 2572 469 IN
2611 412 2864 470 IRENAS!
2895 412 3162 468 LIBROS.
3888 413 3950 468 60

735 547 844 592 tam
873 537 1277 606 octonationem,
1318 538 1549 593 radicem
1589 548 1640 593 et
1674 539 2022 593 substantiam
2065 538 2296 591 omnium
2325 543 2370 599 Α
2399 535 2434 591 5
2480 543 2535 589 et
2587 535 2619 588 7
2668 535 3122 603 exprimerentur,
3172 540 3356 602 utpote
3398 533 3488 601 qui
3536 531 3792 602 primum,
3844 538 3945 585 ter-

739 630 1146 698 nuncnpabant.
1185 629 1340 696 Quod
1372 629 1510 684 mire
1539 630 1811 684 consentit
1840 644 1962 684 cum
2002 643 2067 682 eo
2100 629 2300 699 Pytha-

735 733 1020 787 goreorum
1055 719 1239 784 enato,
1271 720 1455 773 Πάντα
1490 718 1652 773 ὀκτώ.
1693 717 1862 786 Cujus
1903 719 2116 790 quidem
2156 719 2300 774 hanc

735 811 1012 865 notionem
1054 809 1208 867 τίσει-ι
1260 811 1552 867 Tarrhaens
1595 813 1647 865 in
1707 808 2004 865 Proverbiis
2051 827 2071 865 ε
2117 809 2298 863 Πάντα

729 899 896 954 ὀκτώ.
937 899 1206 972 Εὔανδρος
1246 900 1369 972 ἔφη,
1405 899 1547 954 ὀκτὼ
1578 901 1703 962 τοὺς
1742 900 1955 953 πάντων
1983 894 2120 952 εἶναι
2165 915 2298 970 κρα-

729 990 956 1055 τοῦντας
970 991 1150 1059 θεοὺς,
1173 992 1312 1064 Πῦρ,
1345 991 1549 1063 Ὕδωρ,
1583 992 1711 1062 Γῆν,
1739 992 1999 1063 Οὐρανὸν,
2041 991 2294 1065 Σελήνην,

736 1084 944 1146 Ἥλιον,
980 1083 1213 1155 Μίθραν,
1249 1084 1457 1138 Νύκτα.
1494 1084 1684 1136 Omnia
1725 1094 1860 1136 octo.
1903 1080 2147 1136 Evander
2186 1093 2298 1135 tra-

728 1174 834 1240 dit,
879 1177 1001 1229 deos
1034 1191 1210 1228 rerum
1251 1175 1482 1228 omnium
1510 1182 1740 1244 potentes
1770 1182 1885 1228 octo
1920 1189 2048 1238 esse,
2091 1171 2292 1241 Ignem,

731 1266 959 1335 Aquam,
992 1264 1230 1330 Terram,
1263 1263 1481 1332 Caelum,
1521 1265 1745 1331 Lunam,
1775 1265 1974 1331 Solem,
2018 1263 2292 1329 Mithram,

733 1353 979 1412 Noctem.
1033 1355 1492 1423 Quemadmodum
1536 1371 1665 1426 ergo
1705 1353 2065 1425 Pythagoreis
2113 1353 2293 1407 omnia

733 1457 883 1512 octo,
910 1449 1043 1522 quia
1071 1446 1231 1516 primi
1260 1447 1357 1511 dii,
1387 1462 1569 1503 rerum
1606 1448 1845 1502 omnium
1872 1453 2138 1516 potentes.
2171 1454 2293 1502 octo

730 1549 891 1604 sunt;
945 1538 1019 1592 ita
1063 1537 1461 1593 Valentinianis
1504 1539 1766 1593 octonatio
1806 1539 2146 1608 primogenita
2187 1546 2290 1605 est,

730 1630 892 1683 radix
927 1640 975 1684 et
1017 1629 1310 1684 substantia
1356 1630 1608 1695 omnium,
1657 1630 1784 1698 quia
1831 1643 1900 1683 ex
1933 1629 2125 1698 primis
2166 1637 2290 1685 octo

730 1719 994 1775 monibus
1033 1729 1360 1774 caterurum
1393 1720 1712 1789 parentibus
1742 1730 1975 1774 constat.

719 1860 723 1864 .
799 1810 891 1866 40.
940 1811 996 1866 Si
1043 1824 1176 1866 vero
1221 1809 1495 1880 negotium
1543 1810 1798 1874 facessat,
1842 1811 1982 1878 quod
2027 1812 2289 1864 octonatio

2400 627 2557 688 tium,
2601 624 2849 693 quintum
2890 633 2946 677 et
2982 623 3268 692 septimum
3304 622 3474 676 locum
3507 622 3560 675 in
3601 621 3839 690 ogdoade
3872 631 3950 673 te-

2397 723 2622 779 nerent;
2661 715 2729 770 ab
2778 715 2884 780 his,
2915 723 3104 783 utpote
3144 712 3556 782 perfectioribus
3598 723 3651 767 et
3695 720 3951 782 praestau-

2396 806 2644 869 tioribus.
2685 821 2880 861 nomen
2921 806 3252 860 sortiebatur
3291 805 3527 873 ogdoas;
3569 803 3951 873 prmtermitte—

2393 895 2595 949 bantur
2623 908 2753 948 vero
2793 893 2940 963 Sige,
2982 893 3221 956 Alethia,
3264 893 3370 947 Zoe
3411 902 3466 947 et
3505 892 3762 953 Ecclesia,
3807 890 3949 957 quod

2393 987 2635 1043 numeris
2675 986 2729 1049 2,
2776 986 2830 1047 4,
2871 985 2903 1039 6
2939 995 2993 1040 et
3033 984 3086 1048 8,
3131 983 3616 1052 imperfectioribns
3650 991 3702 1036 et
3743 981 3951 1051 ignobi-

2393 1078 2619 1132 lioribus
2651 1077 3066 1144 responderent;
3109 1076 3275 1129 altera
3307 1076 3570 1144 siquidem
3606 1075 3659 1128 in
3690 1075 3948 1138 secundo,

2393 1173 2563 1226 altera
2595 1171 2646 1224 in
2694 1180 2912 1241 quarto,
2954 1169 3120 1223 altera
3151 1171 3202 1222 in
3252 1179 3425 1230 sexto,
3467 1169 3631 1221 altera
3676 1168 3727 1220 in
3760 1177 3953 1222 octavo

2391 1263 2582 1318 ordine
2605 1262 3058 1315 constituebatur.
3097 1259 3294 1314 Lucem
3331 1262 3491 1314 etiam
3536 1260 3805 1328 accipiunt
3832 1272 3952 1328 qua

2392 1368 2520 1407 mox
2549 1353 2829 1421 subiungit
2862 1351 3094 1406 lrenmus
3137 1369 3150 1406 :
3195 1351 3323 1404 Esse
3359 1351 3496 1404 enim
3537 1365 3952 1419 unumquemque

2391 1443 2933 1512 masculo-feminam.
2975 1443 3107 1497 Cum
3150 1443 3290 1497 enim
3345 1442 3560 1512 syzygia
3595 1441 3847 1510 quaelibet
3885 1455 3948 1493 ex

2389 1537 2584 1604 impari
2607 1545 2768 1604 atque
2791 1535 2907 1604 pari
2927 1549 3170 1598 numero,
3196 1547 3345 1586 mare
3361 1544 3415 1585 et
3434 1532 3629 1586 femina
3652 1532 3947 1594 coalescat;

2388 1624 2529 1686 Eon
2551 1625 2779 1695 proinde
2803 1624 3034 1696 syzygiaa
3061 1632 3242 1691 caput,
3269 1622 3453 1689 impari
3480 1637 3706 1677 numero
3739 1638 3952 1692 expres-

2390 1730 2504 1780 sus,
2537 1717 2694 1770 alteri
2723 1715 2882 1770 ΙΕοηί
2916 1714 3007 1782 qui
3037 1715 3150 1785 pari
3186 1730 3410 1767 numero
3443 1715 3745 1783 respondet,
3781 1728 3949 1784 c0pu-

2391 1809 2554 1873 latus,
2588 1807 3061 1863 masculo-femina
3096 1808 3372 1860 dicendus.
3401 1807 3507 1862 Nec
3539 1810 3701 1861 etiam
3727 1821 3756 1859 a
3789 1821 3950 1861 vero-

727 1914 957 1974 quatuor
987 1902 1285 1960 nominibus
1311 1904 1572 1958 duntaxat
1597 1903 1736 1968 apud
1766 1918 1854 1956 eos
1877 1912 2286 1968 nuncuparetur,
2317 1881 2360 1936 Β
2391 1903 2553 1955 simili
2586 1903 2862 1965 abhorret,
2909 1909 3078 1955 totum
3129 1901 3252 1953 illud
3291 1901 3521 1955 Eanum
3565 1898 3948 1961 masculorum,

725 1991 950 2062 Bythus,
970 2003 1025 2067 et
1058 1992 1195 2060 Nus,
1226 2003 1273 2048 et
1301 1992 1493 2063 Logas,
1523 2003 1568 2046 et
1608 1993 1925 2060 Ant/tropos,
1955 1992 2286 2060 praetermis—

726 2081 805 2137 sis
855 2081 1002 2153 Sige,
1047 2082 1283 2148 Alethia,
1327 2083 1439 2139 Zoe
1484 2093 1535 2137 et
1577 2083 1841 2149 Ecclesia,
1888 2085 2081 2138 nodum
2131 2084 2289 2139 facile

724 2170 904 2226 solves
969 2187 1036 2226 ex
1102 2171 1582 2243 Pythagoricorum
1656 2175 1957 2243 principiis.
2021 2173 2286 2228 Numerus

725 2264 902 2319 omnis
933 2281 1054 2334 par,
1084 2274 1177 2320 aut
1203 2267 1380 2335 impar
1411 2284 1424 2320 :
1457 2245 1600 2320 hunc
1632 2265 1931 2334 perfectum
1962 2282 2104 2330 esse,
2137 2267 2285 2321 illum

723 2370 855 2412 vero
899 2356 1275 2427 imperfectum
1326 2345 1658 2413 statuebant.
1712 2358 2036 2413 Plutarchus
2074 2358 2165 2412 lib.
2212 2360 2287 2414 De

724 2447 942 2503 Homeri
989 2453 1134 2518 poesi
1171 2463 1190 2501 :
1248 2451 1305 2502 Ὅ
1338 2449 1446 2520 γὰρ
1479 2449 1820 2521 Πυθαγόρας,
1859 2439 1984 2512 τοὺς
2026 2451 2285 2522 ἀριθμοὺς

724 2541 988 2610 μεγίστην
1040 2540 1265 2611 δύναμιν
1310 2541 1450 2610 ἔχειν
1493 2541 1810 2610 ἡγούμενος,
1856 2542 1950 2598 καὶ
1997 2542 2172 2600 πάντα
2207 2544 2283 2605 είς

719 2629 985 2702 ἀριθμοὺς
1011 2632 1309 2702 ἀναφέρων,
1332 2631 1421 2684 τὸν
1449 2631 1546 2701 μὲν
1567 2630 1769 2704 ἄρτιον,
1811 2633 1964 2686 ἐνδεᾶ
1982 2634 2074 2689 καὶ
2099 2633 2278 2703 ἀτελῆ·

719 2723 812 2778 τὸν
852 2722 908 2775 δὲ
953 2723 1229 2794 περισσὸν,
1269 2723 1451 2794 πλήρη
1493 2741 1555 2784 τε,
1607 2725 1698 2783 καὶ
1749 2723 1950 2784 τέλειον
1991 2725 2279 2794 ἀπέφηνεν.

720 2811 1056 2884 Pythagoras
1081 2816 1240 2878 enim,
1271 2816 1361 2884 qui
1394 2831 1634 2869 numeros
1664 2817 1946 2870 maximam
1971 2818 2157 2871 habere
2182 2818 2282 2873 vim

719 2907 1076 2973 existimabat,
1111 2905 1390 2975 omniaque
1420 2908 1488 2963 ad
1525 2923 1610 2960 eos
1651 2907 1924 2974 referebat,
1957 2925 2134 2973 parem
2167 2910 2284 2977 qui-

720 3001 858 3061 dem,
891 2999 1207 3067 indigentem
1241 3010 1286 3055 et
1314 3001 1709 3070 imperfectum;
1739 3004 1987 3070 imparem
2026 3021 2141 3057 vero
2170 3003 2281 3072 ple-

722 3107 848 3144 num
875 3108 934 3144 ac
967 3091 1254 3160 perfectum
1282 3094 1526 3150 ostendit.
1559 3093 1859 3163 Eapropler
1886 3095 2148 3164 imparem
2181 3111 2281 3150 nu-

719 3197 930 3239 merum
964 3183 1397 3252 prazstantiorem
1435 3200 1556 3241 esse
1587 3186 1902 3241 censebant.
1935 3185 2182 3242 Julianus
2224 3188 2278 3243 in
2307 3218 2349 3277 ρ

721 3275 889 3343 EpiSt.
943 3275 1010 3329 ad
1062 3274 1421 3344 Serapionem.
1463 3295 1477 3331 :
1524 3278 1633 3333 Καὶ
1678 3279 1777 3332 οὐκ
1823 3279 2002 3346 ἀγνοῶ
2046 3279 2164 3349 μὲν,
2206 3280 2282 3344 ὡς

715 3365 982 3430 παλαιῶν,
1017 3367 1110 3419 καὶ
1144 3367 1321 3435 σοφῶν
1355 3367 1561 3438 ἀνδρῶν
1585 3371 1614 3423 ὁ
1643 3368 1817 3438 λόγος,
1853 3369 1944 3423 τοῦ
1981 3371 2166 3442 ἀρτίου
2193 3372 2282 3432 τὸν

717 3456 972 3530 περιττὸν
996 3457 1335 3529 προκεῖσθαι.
1370 3458 1625 3530 Equidem
1652 3476 1755 3514 non
1785 3477 1901 3514 sum
1937 3462 2156 3527 nescius,
2196 3480 2281 3517 ve-

719 3558 878 3613 teres,
911 3553 1218 3618 eosdemque
1254 3550 1534 3618 sapientes,
1575 3550 1825 3618 imparem
1856 3569 2126 3606 numerum
2165 3557 2283 3623 pari

717 3643 1089 3711 prtvposuisse.
1109 3641 1172 3695 Et
1197 3639 1418 3702 Plinius,
1447 3639 1540 3695 lib.
1562 3657 1750 3707 xxvm,
1771 3657 1890 3711 cap.
1917 3643 1974 3696 11
2002 3660 2016 3696 :
2045 3643 2280 3710 lmpares

719 3747 965 3788 numeros
997 3733 1067 3786 ad
1099 3733 1274 3785 omnia
1308 3731 1712 3787 vehementiores
1737 3734 2019 3788 credimus.
2046 3732 2178 3798 Quia
2207 3733 2277 3787 vi-

717 3821 936 3886 delicet,
969 3832 1028 3876 ut
1065 3822 1296 3892 explicat
1331 3837 1652 3893 anonymus,
1696 3824 1749 3878 in
1791 3823 2065 3880 f’tolemzci
2101 3825 2283 3879 Tetra-

720 3913 894 3968 biblon
928 3914 1018 3968 lib.
1056 3929 1094 3979 l,
1132 3929 1392 3969 numerus
1431 3930 1529 3984 par
1565 3915 1791 3970 sectioni
1849 3927 2011 3986 atque
2046 3917 2281 3985 passioni

716 4007 1015 4072 obnoxius;
1052 4007 1223 4074 impar
1253 4021 1384 4060 vero
1414 4008 1698 4075 utriusque
1729 4021 1944 4075 expers,
1978 4017 2032 4063 et
2069 4006 2276 4074 efﬁcax,

717 4106 774 4152 et
817 4099 882 4152 ad
931 4097 1216 4163 unitatem;
1257 4098 1498 4152 omnium
1545 4096 2029 4167 simplicissimam,
2064 4099 2281 4167 propius

718 4188 950 4243 accedit.
975 4187 1041 4240 Et
1074 4188 1215 4252 ideo,
1241 4188 1428 4243 eodem
1461 4200 1733 4255 anonymo
1767 4194 1925 4249 teste,
1950 4184 2278 4255 Pythagorei

715 4295 1002 4343 numerum
1060 4281 1318 4349 imparem
1374 4281 1694 4347 masculum,
1747 4292 1931 4348 parem
1987 4278 2277 4333 femineum

716 4373 990 4427 dicebant.
1016 4373 1106 4433 Διὸ
1136 4375 1163 4425 ὁ
1193 4373 1309 4443 μὲν,
1337 4372 1502 4441 θῆλυς
1539 4371 1875 4441 ὀνομάζεται·
1912 4373 1939 4424 ὁ
1971 4372 2045 4436 δὲ,
2084 4373 2276 4443 ἄρρην.

716 4465 784 4524 Et
816 4463 1143 4527 Macrobius,
1173 4463 1224 4519 in
1266 4462 1478 4518 Somnio
1509 4462 1793 4532 Scipionis,
1833 4464 1926 4518 lib.
1965 4481 2000 4529 l,
2045 4480 2165 4532 cap.
2201 4465 2231 4518 6
2263 4483 2275 4517 :

2389 1999 2445 2044 et
2486 1987 2724 2042 IEonum
2767 1987 3113 2051 feminarum,
3163 1989 3241 2040 vel
3278 1988 3510 2043 Eanum
3558 1989 3949 2044 masculorum-

2387 2080 2711 2135 feminarum
2751 2080 3065 2149 mysterium
3104 2095 3133 2132 e
3172 2078 3570 2134 Platonicorum
3611 2081 3816 2135 lacunis
3857 2081 3953 2136 de-

2385 2181 2689 2241 promptum
2713 2169 2900 2224 fuisse.
2923 2168 3064 2223 Nihil
3089 2169 3425 2240 frequentius
3451 2173 3587 2241 apud
3614 2172 3862 2228 Proclnm
3896 2183 3952 2229 et

2388 2261 2524 2316 alios
2547 2263 2807 2324 occurrit,
2832 2275 2992 2329 quam
3017 2262 3144 2317 deos
3169 2262 3429 2331 quosdam
3459 2278 3661 2326 mares,
3686 2267 3946 2333 quosdam

2386 2356 2640 2418 feminas,
2667 2355 2751 2408 vel
2771 2356 3029 2423 quosdam
3055 2356 3552 2413 masculo-feminas
3575 2375 3711 2414 esse.
3734 2360 3834 2415 Ubi
3855 2377 3950 2430 per

2385 2446 2616 2500 feminas
2660 2448 2796 2503 nihil
2842 2448 2986 2502 aliud
3030 2448 3353 2518 intelligunt,
3389 2465 3546 2519 quam
3592 2451 3809 2505 deorum
3855 2467 3952 2522 po-

2385 2539 2580 2592 tentias
2629 2547 2684 2591 et
2726 2537 3034 2603 facultates,
3081 2539 3147 2592 iis
3197 2539 3388 2592 intime
3433 2540 3805 2605 adhzerentes,
3854 2557 3949 2610 per

2385 2643 2520 2698 quas
2541 2628 2764 2684 effectus
2805 2627 2909 2684 sibi
2939 2629 3189 2698 proprios
3236 2639 3534 2699 operantur
3580 2632 3716 2685 etin
3776 2631 3946 2688 lucem

2385 2722 2569 2776 edunt.

2453 2812 2539 2866 41.
2618 2812 2822 2870 Deinde
2888 2813 3214 2884 Pythagorei
3292 2829 3576 2868 numerum
3654 2815 3946 2883 imparem,

2386 2904 2659 2970 dextrum,
2692 2904 2925 2959 faustum
2956 2917 3011 2960 et
3045 2920 3392 2975 prosperum;
3424 2920 3606 2974 parem
3634 2920 3783 2968 vero,
3814 2905 3950 2959 sini-

2382 3005 2553 3050 strum
2582 3003 2635 3049 et
2671 2996 2966 3050 infaustum
3007 2997 3299 3052 habebant.
3333 2996 3686 3062 Jamblichus,
3730 2995 3806 3050 De
3841 2998 3949 3050 vita

2383 3084 2721 3156 Pythagoras,
2758 3087 2852 3142 lib.
2884 3104 2924 3151 1.,
2950 3102 3066 3157 cap.
3107 3087 3176 3143 28
3211 3104 3225 3140 :
3260 3088 3496 3140 Είσιὲναι
3529 3087 3584 3140 δὲ
3622 3089 3700 3150 εἰς
3729 3087 3795 3139 τὰ
3827 3088 3948 3158 ἱερά

2382 3179 2522 3233 κατά
2580 3180 2705 3242 τοὺς
2728 3177 2962 3244 βδεξιοὺς
3014 3181 3208 3242 τόπους
3238 3179 3619 3250 παραγγέλλειο
3658 3179 3856 3244 ἐξιέναι
3890 3180 3946 3232 δὲ

2382 3272 2520 3325 κατά
2573 3272 2697 3334 τοὺς
2739 3271 3075 3342 ἀριστερούς·
3127 3271 3186 3323 τὸ
3242 3272 3338 3340 μὲν
3393 3271 3581 3334 δεξιὸν,
3631 3271 3802 3341 ἀρχὴν
3853 3271 3947 3324 τοῦ

2385 3362 2637 3434 περιττοῦ
2678 3363 2966 3434 λεγομένου
3011 3363 3116 3416 τῶν
3159 3363 3402 3434 ἀριθμῶν
3444 3363 3739 3432 τιθέμενος,
3786 3363 3847 3416 τὸ
3893 3365 3948 3416 δὲ

2383 3454 2689 3524 ἀριστερὸν,
2717 3453 2810 3507 τοῦ
2849 3455 3033 3524 ἀρτίου
3068 3455 3351 3524 σύμϐολον.
3393 3455 3600 3520 Templa
3629 3456 3830 3522 ingredi
3861 3473 3950 3521 per

2383 3546 2497 3599 loca
2544 3549 2730 3601 dextra
2775 3548 3132 3616 praecipiebat,
3175 3548 3357 3616 egredi
3404 3564 3520 3599 vero
3563 3562 3653 3614 per
3694 3547 3942 3611 sinistra,

2381 3639 2566 3709 quippe
2600 3639 2839 3690 dextrum
2881 3638 3104 3702 numeri,
3152 3639 3241 3706 qui
3281 3638 3451 3705 impar
3480 3638 3693 3699 dicitur,
3738 3638 3947 3689 initium

2382 3744 2522 3791 esse;
2570 3729 2843 3780 sinistrum
2899 3737 3096 3791 autem,
3152 3730 3295 3796 paris
3349 3729 3638 3797 symbolum
3698 3726 3943 3800 [XXIX].

2383 3817 2734 3884 Censorinus,
2779 3817 2857 3872 De
2885 3820 2969 3872 die
3001 3819 3190 3883 natali,
3226 3834 3346 3888 cap.
3379 3821 3447 3874 20
3487 3838 3500 3872 :
3543 3819 3722 3889 Impar
3759 3837 3943 3873 nume-

2383 3924 2474 3962 rus
2509 3909 2711 3978 plenus,
2735 3919 2780 3964 et
2810 3911 2974 3978 magis
3005 3910 3208 3978 faustus
3232 3913 3531 3968 habebatur.
3571 3911 3842 3977 Lutatius,
3878 3914 3945 3966 ad

2385 3999 2544 4056 Statii
2580 4000 2738 4054 Theb.
2779 4018 2810 4051 ν
2849 4019 2861 4056 :
2893 4003 3072 4058 Omnis
3105 4004 3274 4071 impar
3307 4020 3552 4056 numerus
3590 4021 3833 4072 prospera
3873 4007 3946 4058 si-

2382 4093 2614 4163 gniﬁcat,
2647 4103 2693 4146 et
2722 4095 2850 4150 vivis
2880 4095 3185 4150 ascribitur.
3219 4093 3412 4148 Festus
3442 4096 3673 4162 denique
3702 4112 3715 4148 :
3761 4094 3944 4163 Impa-

2383 4199 2489 4236 rem
2530 4198 2803 4237 numerum
2842 4185 3044 4253 antiqui
3089 4185 3382 4239 hominibus
3415 4189 3792 4250 prosperiorem
3833 4205 3946 4242 esse

2383 4276 2734 4329 crediderunt.
2807 4274 3013 4339 Quibus
3079 4277 3235 4330 facile
3290 4279 3593 4344 explicatur
3656 4295 3716 4333 ea
3781 4294 3942 4348 quam

2382 4367 2476 4421 lib.
2514 4382 2552 4433 ι,
2591 4381 2710 4434 cap.
2751 4365 2838 4432 11,
2876 4381 2932 4420 n.
2967 4366 3022 4430 2,
3058 4367 3292 4421 lrenzeus
3336 4368 3500 4421 refert
3545 4368 3801 4433 Secundi,
3843 4370 3945 4424 Va-

2383 4455 2569 4510 lentini
2624 4455 2898 4524 discipuli,
2945 4458 3215 4512 sententia
3263 4476 3276 4511 :
3330 4459 3792 4523 Quaternationem
3833 4478 3943 4517 esse

717 4556 852 4616 Eua
903 4556 1151 4617 imparem
1207 4572 1425 4620 marem,
1473 4571 1651 4622 ραγεηι
1709 4555 1979 4623 feminam,
2039 4559 2274 4623 superius
2307 4557 2351 4612 D
2380 4547 2640 4613 dextram,
2673 4559 2718 4601 et
2751 4552 3200 4615 quaternationem
3236 4552 3527 4616 sinistram,
3565 4562 3612 4605 et
3657 4552 3856 4618 lumen,
3892 4564 3942 4608 et

717 4647 1088 4714 expressimus.
1127 4645 1388 4702 Numerus
1416 4646 1666 4714 proinde,
1708 4643 1799 4714 qui
1831 4660 1898 4704 ex
1937 4647 2076 4714 pari,
2117 4657 2275 4716 atque

717 4738 912 4806 impari
951 4737 1211 4794 conflatus
1240 4750 1340 4797 est.
1381 4742 1431 4794 id
1459 4752 1630 4796 estex
1666 4757 1814 4798 mare
1851 4751 2015 4812 atque
2055 4741 2272 4808 femina,

715 4830 1098 4900 ἀρρενόθηλυς,
1127 4832 1579 4900 masculo-[emina
1616 4836 1924 4890 vocabatur.
1959 4837 2275 4906 Anonymus

717 4921 772 4980 in
813 4919 1234 4990 Theologumenis
1269 4924 1631 4991 arithmetic-is,
1673 4928 1762 4981 ubi
1803 4927 1872 4980 de
1920 4942 2148 4984 numero
2193 4943 2278 4982 se-

717 5012 872 5067 nario
901 5031 913 5066 :
939 5011 1030 5078 Ἐξ
1051 5014 1257 5086 ἀρτίου,
1285 5017 1378 5070 καὶ
1407 5019 1684 5089 περισσοῦ,
1710 5017 1815 5071 τῶν
1841 5017 2276 5090 πρώτων,.ἄρῤε-

714 5119 804 5165 νος
824 5103 915 5155 καὶ
935 5102 1140 5174 Θήλεος,
1159 5106 1381 5177 δυνάμει
1402 5109 1496 5162 καὶ
1515 5108 2012 5181 πολλαπλασιασμῷ
2028 5111 2235 5178 γίνεται
2256 5150 2270 5174 ,

715 5194 795 5250 διὸ
819 5194 911 5248 καὶ
935 5196 1294 5267 ἀρρενὸθηλυς
1325 5199 1586 5255 καλεῖται.
1621 5202 1702 5255 Ex
1732 5202 1845 5269 pari
1875 5210 1922 5254 et
1949 5202 2137 5268 impari
2167 5204 2276 5268 prt-

715 5289 838 5351 ntis,
877 5304 1018 5341 mare
1047 5299 1093 5342 et
1123 5288 1342 5358 femina,
1375 5295 1602 5359 potentia
1635 5305 1681 5347 et
1714 5294 2144 5362 multiplicatione
2177 5311 2274 5347 ua-

714 5382 879 5435 scitur
907 5395 926 5432 :
966 5381 1100 5434 unde
1126 5390 1174 5436 et
1205 5383 1665 5453 masculo-femina
1706 5388 1919 5444 dicitur.
1956 5373 2032 5441 Ex
2073 5387 2268 5456 quibus

717 5471 965 5526 omnibus
987 5472 1160 5527 lucem
1184 5475 1476 5544 accipiunt,
1501 5491 1618 5544 qua:
1641 5479 1798 5535 modo
1827 5495 1891 5534 ex
1919 5479 2117 5534 Irenaeo
2140 5479 2274 5534 refe-

719 5562 987 5628 rebamus,
1019 5567 1414 5634 primogenitam
1446 5570 1821 5623 octonationem
1847 5582 2072 5640 quatuor
2110 5572 2274 5624 nomi-

719 5654 872 5709 nibus
892 5657 1031 5722 apud
1062 5655 1455 5712 Valentinianos
1476 5669 1828 5729 nuncupatam
1853 5660 2038 5726 fuisse,
2065 5660 2270 5731 Bylhon

718 5755 771 5798 et
799 5743 936 5811 Nun,
963 5757 1013 5800 et
1032 5749 1213 5818 Logou
1240 5760 1295 5804 et
1317 5750 1655 5821 Anthropon.
1677 5752 1877 5822 Nempe
1901 5771 2020 5808 cum
2040 5755 2269 5824 Bythus.

720 5836 854 5905 Nus,
884 5838 1057 5909 Logos
1087 5852 1138 5896 et
1164 5844 1495 5910 Anthropos,
1529 5845 1826 5911 imparibus
1856 5846 2095 5904 numeris
2127 5847 2181 5912 i,
2217 5847 2268 5909 5,

2378 4641 2634 4694 tenebras.
2683 4639 2815 4694 Cum
2858 4642 3023 4705 enim,
3074 4642 3367 4698 Plutarcho
3420 4651 3575 4706 teste,
3625 4645 3674 4695 in
3722 4644 3817 4700 lib.
3865 4645 3942 4699 De

2376 4735 2566 4786 anima:
2591 4735 2972 4803 procreatione,
3014 4733 3164 4800 cujus
3191 4735 3352 4788 verba
3388 4750 3512 4788 mox
3560 4735 3937 4804 recitabimus,

2376 4825 2750 4896 Pythagoricis
2795 4827 2988 4895 duplex
3037 4837 3183 4880 esset
3230 4829 3628 4895 quaternarius,
3681 4828 3817 4882 alter
3872 4846 3938 4885 ex

2376 4919 2564 4987 primis
2590 4927 2822 4986 quatuor
2859 4919 3180 4988 imparibus,
3215 4920 3350 4972 alter
3381 4933 3446 4972 ex
3479 4921 3666 4987 primis
3705 4932 3940 4990 quatuor

2375 5011 2594 5078 paribus
2622 5010 2979 5078 compositus,
3024 5010 3220 5080 illeque
3261 5012 3449 5069 dexter
3493 5024 3546 5066 et
3586 5012 3816 5079 faustus,
3852 5017 3939 5071 hic

2374 5102 2599 5156 sinister
2633 5112 2686 5159 et
2723 5102 2994 5165 infaustus
3033 5105 3470 5169 existimaretur;
3514 5119 3619 5159 non
3663 5109 3859 5160 mirum
3891 5108 3936 5164 si

2377 5192 2658 5256 Secundus
2704 5208 2893 5249 eorum
2949 5196 3174 5265 vestigia
3225 5197 3494 5265 relegens,
3551 5197 3934 5255 Gnoslicornm

2375 5289 2713 5350 octonarium
2748 5288 2799 5342 in
2837 5288 2971 5345 duos
3001 5293 3377 5358 quaternarios
3410 5300 3645 5358 secaret,
3679 5292 3934 5347 dextrum

2374 5383 2582 5442 scilicet
2610 5391 2664 5438 et
2704 5382 3005 5441 sinistrum.
3050 5381 3244 5442 Dexter
3285 5382 3327 5437 is
3366 5393 3482 5437 erat
3521 5384 3611 5452 qui
3648 5398 3714 5438 ex
3747 5384 3935 5454 primis

2375 5487 2606 5546 quatuor
2641 5475 2938 5546 imparibus
2973 5474 3242 5529 rEonibus
3273 5473 3536 5530 conflatus
3580 5485 3718 5540 erat,
3755 5477 3933 5545 primo

2375 5568 2646 5634 videlicet,
2685 5566 2870 5632 tertio,
2901 5567 3092 5635 quinto
3119 5575 3173 5620 et
3200 5570 3458 5636 septimo;
3490 5568 3716 5623 sinister
3746 5570 3838 5638 qui
3867 5586 3932 5624 ex

2375 5661 2563 5728 primis
2599 5669 2829 5730 quatuor
2866 5661 3106 5729 paribus,
3145 5661 3404 5726 secundo,
3442 5671 3663 5731 quat-to.
3694 5672 3850 5716 sexto
3882 5671 3935 5716 et

2375 5763 2586 5808 octavo.
2629 5753 2846 5807 Primus
2892 5752 3228 5818 lumencrat,
3266 5753 3393 5821 quia
3437 5755 3646 5808 numeri
3696 5755 3932 5822 impares

2377 5845 2538 5904 fausti
2582 5855 2636 5901 et
2683 5859 2888 5914 mares;
2938 5846 3205 5901 secundus
3245 5845 3502 5913 tenebrcc,
3548 5846 3673 5917 quia
3720 5845 3933 5901 numeri
