4180 6332
286 418 347 475 ει
1203 427 1666 486 DlSSERTATlO
1707 435 1750 498 l,
1793 429 1931 486 ΛΒΤ
2000 433 2039 497 l,
2079 431 2169 494 DE
2209 431 2617 491 VALENTI-NO.
3279 483 3281 492 .
3469 445 3537 501 62

288 553 446 608 pares
474 541 704 598 infausti
734 552 790 599 et
822 544 1056 611 femine,
1089 546 1279 618 haeque
1317 564 1346 604 a
1381 550 1644 618 maribus,
1677 565 1708 605 a
1742 550 1861 621 qui-
1890 553 1938 611 Α
1966 553 2233 608 reconditi
2268 563 2398 609 sunt
2428 571 2605 610 omnes
2640 556 2882 612 thesauri
2916 559 3192 628 sapientice
3219 571 3274 616 et
3296 562 3536 618 scientiis

286 632 389 688 bus
417 634 684 704 pendent,
717 636 901 693 lumen
929 639 1224 711 accipiunt.
1962 644 2056 698 Dei
2092 645 2160 711 ",
2184 645 2313 700 hinc
2362 645 2585 716 Bythius
2635 661 2733 702 seu
2777 645 3111 717 Profundus,
3160 660 3215 706 et
3252 651 3410 708 Mixis
3438 669 3533 708 seu

353 723 441 778 12.
476 722 721 798 Denique
760 743 822 783 ea
857 730 940 784 vis
979 739 1062 786 est
1093 729 1441 803 Pythagorici
1472 734 1833 803 quaternarii,

285 827 342 872 ut
375 833 661 873 numerum
689 836 784 876 sex
819 833 868 879 et
900 824 1120 894 triginta
1158 827 1467 892 contineat;
1496 842 1687 898 nempe
1720 842 1858 898 qua-

283 918 410 967 tuor
437 915 645 982 primos
686 930 845 984 pares
891 933 1176 985 numeros,
1214 917 1511 984 binarium,
1561 931 1857 992 quaterna-

281 1006 446 1070 rium,
507 1009 806 1072 senarium,
858 1013 1201 1068 octonarium
1284 1023 1342 1068 et
1390 1023 1622 1083 quatuor
1649 1016 1856 1085 primos

282 1097 543 1167 impares,
578 1099 866 1166 unitatem,
893 1105 1222 1171 ternarium,
1249 1107 1563 1175 quinarium
1591 1117 1646 1163 et
1677 1119 1855 1178 septe-

279 1191 530 1258 narium;
559 1194 652 1263 qui
677 1193 894 1250 collecti
911 1212 1034 1252 eum
1061 1213 1346 1254 numerum
1374 1201 1668 1269 exhibent;
1701 1205 1852 1260 ideo—

277 1300 384 1354 que
441 1285 678 1345 Mundus
728 1290 1050 1360 appellatur.
1105 1292 1452 1360 Plutarchus,
1503 1295 1578 1349 De
1632 1297 1774 1352 Iside
1802 1307 1853 1352 et

279 1375 488 1430 Osiride
517 1394 539 1432 :
591 1379 655 1432 Ἦ
703 1379 759 1433 δὲ
809 1382 1119 1455 καλουμένη
1160 1386 1483 1457 τετρακτὺς,
1540 1388 1606 1442 τὰ
1652 1388 1710 1456 ἐξ
1758 1389 1850 1444 καὶ

275 1469 588 1539 τριάκοντα,
629 1472 887 1542 μέγιστος
917 1470 986 1545 ἦν
1009 1477 1190 1548 ὅρκος,
1238 1478 1314 1543 ὡς
1347 1480 1720 1553 τεθρύλληται,
1755 1468 1856 1537 καῖ

273 1561 476 1632 κόσμος
501 1563 838 1634 ὠνόμασται,
876 1568 1156 1640 τεσσάρων
1207 1569 1306 1640 μὲν
1333 1570 1535 1642 ἀρτίων
1561 1571 1668 1624 τῶν
1699 1571 1850 1645 πρώ-

269 1670 396 1719 των,
432 1655 713 1728 τεσσάρων
745 1658 802 1711 δὲ
830 1658 935 1713 τῶν
971 1661 1266 1730 περισσῶν,
1296 1664 1374 1726 εἰς
1407 1663 1467 1716 τὸ
1504 1664 1635 1716 αὐτὸ
1670 1681 1847 1718 συντι-

270 1745 515 1817 Θεμένων
543 1751 991 1822 ἀποτελούμενος.
1018 1752 1120 1819 Qui
1152 1771 1268 1808 vero
1297 1757 1673 1826 quaternarius
1693 1772 1846 1810 voca-

272 1839 458 1905 batur,
511 1860 544 1896 e
583 1859 675 1896 sea:
716 1853 763 1897 et
812 1846 1028 1916 triginta
1084 1857 1352 1914 constans,
1402 1849 1690 1902 maximum
1731 1857 1846 1902 erat

262 1933 659 2000 juramenturn,
694 1945 753 1988 ut
776 1952 1010 1990 sermone
1050 1938 1283 1991 omnium
1316 1941 1498 1993 tritum
1541 1949 1638 2006 est,
1681 1949 1728 1993 et
1753 1957 1843 2010 ap-

264 2023 563 2092 pellabatur
608 2025 838 2081 Mundus
864 2044 884 2082 :
923 2045 950 2082 e
991 2031 1177 2099 primis
1219 2039 1451 2100 quatuor
1496 2031 1734 2099 paribus,
1781 2047 1842 2084 ac

264 2119 446 2185 primis
475 2130 708 2184 quatuor
735 2121 1026 2188 imparibus
1075 2123 1412 2178 constitutus.
1447 2125 1510 2178 Et
1548 2127 1598 2178 in
1636 2124 1727 2180 lib.
1765 2125 1842 2180 De

261 2211 452 2265 animm
482 2214 894 2280 procreatione:
937 2213 1002 2266 Ἦ
1035 2214 1136 2285 μὲν
1180 2216 1285 2268 ὑπὸ
1315 2215 1420 2270 τῶν
1449 2217 1841 2289 Πυθαγορικῶν

260 2301 574 2375 ὑμνουμένη
606 2308 926 2377 τετρακτὺς,
956 2307 1024 2361 τὰ
1051 2306 1110 2372 ἒξ
1135 2309 1225 2361 καὶ
1249 2307 1318 2360 τὰ
1359 2298 1668 2380 τριάκοντα,
1707 2308 1837 2363 Θαυ-

261 2395 463 2472 μαστὸν
494 2395 639 2467 ἔχειν
685 2399 848 2465 δοκεῖ,
888 2400 949 2454 τὸ
992 2398 1306 2468 συγκεῖσθαι
1355 2401 1450 2469 μὲν
1497 2401 1560 2452 ἐκ
1605 2399 1837 2472 πρώτων

255 2485 458 2556 ἀρτίων
491 2489 794 2560 τεσσάρων,
831 2491 924 2545 καὶ
960 2491 1189 2564 πρώτων
1225 2490 1501 2562 περισσῶν
1533 2493 1832 2563 τεσσάρων.

254 2576 514 2647 Equidem
531 2587 903 2654 quaternarius
928 2586 1018 2641 ille
1039 2605 1070 2640 a
1097 2587 1463 2658 Pythagoricis
1490 2589 1830 2655 prwdicatus,

253 2679 451 2732 scilicet
505 2695 599 2733 sex
653 2693 700 2734 et
746 2682 1003 2750 triginta,
1045 2682 1179 2736 illud
1232 2685 1384 2738 habet
1431 2685 1832 2748 admirandum,

253 2776 386 2844 quod
409 2777 733 2845 compositus
764 2778 831 2832 sit
860 2795 885 2832 e
915 2788 1144 2848 quatuor
1172 2780 1356 2847 primis
1385 2779 1625 2847 paribus,
1659 2787 1706 2831 et
1731 2781 1835 2845 pri-

255 2866 351 2920 mis
401 2880 636 2937 quatuor
678 2871 992 2941 imparibus.
1029 2870 1233 2926 Eadem
1271 2872 1353 2922 vis
1398 2869 1500 2924 iuit
1551 2870 1834 2939 utriusque

255 2962 616 3030 quaternarii,
649 2979 770 3018 cum
811 2966 979 3034 paris,
1012 2974 1123 3017 tum
1153 2964 1401 3033 imparis,
1436 2979 1529 3018 seu
1563 2966 1829 3019 octonarii

256 3050 651 3110 Valentiniani.
702 3055 936 3111 Mundus
983 3066 1038 3111 et
1075 3057 1191 3126 ipse
1236 3069 1374 3125 erat,
1434 3073 1832 3127 numerumque

253 3159 344 3200 sex
392 3156 446 3200 et
484 3149 703 3217 triginta
763 3149 1246 3217 complectebatur.
1287 3151 1594 3206 Exhibebat
1635 3169 1829 3224 nempe

1963 733 2239 790 Mistura:
2273 737 2583 793 Profundus
2613 738 2834 808 quidem
2868 741 2938 795 ob
2969 740 3365 809 perfectionum
3402 744 3530 798 iuli-

1959 829 2131 882 nitam
2163 827 2628 897 profunditatem;
2674 829 2899 886 Mistura
2932 846 3066 887 vero
3092 833 3162 888 ob
3207 837 3525 892 earumdem

1957 918 2426 973 ordinatissimam
2478 919 2697 974 seriem.
2757 919 2832 976 De
2879 920 3098 979 Christo
3132 938 3196 979 ea
3237 926 3429 994 psalmi
3478 945 3526 984 οι

1955 1011 2120 1065 verba
2151 1010 2405 1080 intelligit
2438 1011 2734 1081 Apostolus
2760 1029 2775 1067 :
2805 1011 2920 1084 Ipsi
2950 1014 3121 1086 (cmli)
3161 1016 3443 1084 peribunt;
3469 1029 3527 1072 tu

1956 1113 2130 1160 autem
2172 1105 2524 1174 permanebis,
2555 1113 2604 1158 et
2649 1120 2829 1160 omnes
2852 1116 2917 1160 ut
2940 1108 3298 1163 vestimentum
3326 1119 3527 1164 uetera-

1953 1202 2139 1257 scent;
2169 1202 2225 1246 tu
2250 1200 2427 1248 autem
2459 1194 2597 1248 idem
2643 1195 2756 1264 ipse
2778 1211 2853 1262 es,
2897 1205 2946 1251 et
2968 1199 3100 1252 anni
3139 1199 3219 1253 tui
3254 1217 3361 1256 non
3390 1202 3524 1268 deﬁ-

1955 1284 2089 1336 cient
2117 1282 2198 1347 "°;
2230 1292 2287 1337 ut
2314 1284 2570 1339 omittam.
2595 1283 2700 1339 alia
2723 1287 3151 1358 quamplurima,
3172 1304 3294 1360 qua:
3314 1290 3518 1347 Christi

1954 1377 2446 1434 immutabilitatem
2473 1379 2604 1434 nulli
2628 1380 2917 1435 obnoxiam
2944 1382 3121 1447 senio,
3142 1383 3365 1452 ejusque
3397 1401 3523 1453 per-

1953 1469 2217 1526 fectiones
2279 1487 2554 1540 nunquam
2622 1474 2861 1529 caducas
2929 1476 3323 1530 demonstrant.
3389 1476 3520 1532 lude

1950 1563 2240 1632 Ageratos,
2264 1565 2396 1619 senii
2432 1581 2634 1634 expers,
2676 1567 2770 1621 cui.
2797 1567 3084 1636 copulatur
3119 1569 3335 1633 Enosis,
3370 1570 3517 1632 unio,

1949 1654 2017 1708 ob
2047 1654 2440 1722 perfectiouum
2465 1671 2742 1726 nunquam
2756 1655 3178 1731 delecturarum,
3201 1662 3523 1717 minuenda-

1949 1763 2068 1800 rum
2121 1757 2214 1802 aut
2249 1749 2688 1819 dissipandarum
2742 1753 3112 1809 arctissimum
3148 1769 3368 1809 nexum.
3419 1754 3522 1810 Sa-

1948 1841 2154 1911 pientia
2187 1844 2238 1898 in
2274 1842 2573 1915 Scripturis
2606 1845 2650 1877 ⁸¹
2676 1845 2846 1901 fuisse
2882 1846 3088 1902 dicitur
3113 1848 3175 1901 in.
3212 1847 3374 1902 initio
3404 1847 3516 1902 via-

1949 1952 2066 1991 rum
2098 1936 2334 2002 Domini,
2361 1947 2654 2006 antequam
2689 1939 2982 2010 quidquam
3023 1942 3230 1993 faceret
3255 1954 3284 1992 a
3314 1940 3518 2007 princi-

1944 2031 2059 2102 pio,
2094 2032 2160 2087 ab
2193 2040 2398 2086 aeterno
2448 2032 2725 2098 ordinata,
2751 2044 2805 2087 et
2834 2047 2900 2087 ex
2938 2034 3182 2102 antiquis
3222 2043 3514 2103 antequam

1943 2132 2091 2178 terra
2128 2123 2302 2191 ﬁeret,
2333 2132 2460 2183 ante
2484 2126 2708 2193 abyssos
2736 2134 3020 2194 concepta,
3055 2135 3187 2188 etc.,
3215 2125 3323 2179 Deo
3349 2126 3516 2179 fuisse

1944 2215 1995 2268 in
2031 2213 2264 2270 deliciis.
2309 2214 2534 2270 Verbum
2583 2216 2638 2269 in
2681 2217 2936 2284 principio
2978 2229 3090 2271 erat
3129 2217 3202 2281 ",
3256 2217 3514 2286 Egressus

1940 2307 2055 2373 ejus
2087 2307 2149 2359 ab
2181 2307 2358 2372 initio,
2408 2325 2439 2361 a
2485 2307 2667 2361 diebus
2697 2309 3018 2363 wternitatis
3056 2310 3123 2373 ⁵³,
3163 2308 3330 2362 Filius
3367 2309 3512 2363 Patri

1941 2399 2180 2455 maxime
2236 2399 2467 2455 dilectus
2531 2411 2617 2455 est
2661 2402 2747 2466 “,
2809 2409 2853 2456 A
2898 2411 2946 2456 et
2976 2403 3042 2468 0,
3101 2402 3420 2470 principium
3466 2413 3515 2455 et

1938 2493 2060 2558 ﬁnis
2091 2492 2158 2557 ⁸⁸,
2186 2501 2294 2549 etc.
2339 2491 2493 2546 Unde
2530 2494 2868 2566 Autophyes,
2917 2511 2987 2548 ea:
3011 2511 3065 2549 se
3111 2504 3290 2558 natus,
3324 2504 3378 2549 et
3409 2494 3515 2550 He-

1939 2585 2101 2647 done,
2127 2584 2384 2652 voluptas.
2412 2585 2567 2650 Quod
2595 2600 2723 2639 vero
2746 2595 3008 2640 aeternum
3035 2586 3109 2640 sit
3133 2585 3224 2640 Dei
3249 2585 3511 2652 Verbum,

1937 2675 2082 2743 quod
2111 2675 2324 2730 initium
2355 2676 2633 2744 excludat,
2663 2678 3094 2746 successionem,
3142 2692 3206 2733 ac
3236 2675 3513 2732 mutabili-

1939 2773 2128 2830 tatem,
2170 2780 2234 2820 ac
2265 2765 2423 2820 linem
2451 2781 2467 2831 ;
2505 2765 2647 2835 quod
2677 2765 2731 2819 in
2762 2774 2961 2836 puncto
2985 2779 3049 2820 ac
3079 2772 3360 2819 momento
3383 2778 3512 2818 con-

1935 2857 2169 2924 sistens,
2231 2859 2588 2913 mutationem
2651 2872 2717 2913 ac
2774 2856 3208 2912 vicissitudinem
3267 2855 3508 2922 nesciat;

1934 2952 2076 3021 quod
2100 2951 2335 3021 denique
2359 2952 2692 3008 inﬁnitatem
2729 2951 2947 3006 mobilis
2983 2951 3244 3020 temporis
3278 2963 3513 3018 praesen-

1932 3053 2040 3099 tem
2084 3044 2308 3110 habeat,
2341 3055 2396 3100 et
2431 3046 2484 3099 in
2517 3060 2623 3115 quo
2654 3045 2835 3100 omnis
2861 3051 3080 3099 aetatum
3115 3053 3171 3098 et
3205 3053 3508 3110 temporum

1933 3136 2193 3204 varietas,
2244 3135 2502 3203 futurum,
2542 3152 2782 3208 praseus
2832 3147 2888 3192 et
2943 3136 3281 3207 preteritum
3325 3134 3507 3202 perle-

250 3246 376 3290 octo
405 3239 618 3307 primos
650 3238 877 3305 IEones,
926 3257 1051 3295 cum
1098 3241 1218 3296 aliis
1270 3243 1455 3313 viginti
1496 3253 1551 3296 et
1592 3244 1825 3311 duobus,

1934 3229 2184 3286 ctissime
2209 3238 2262 3286 et
2287 3231 2495 3300 absque
2523 3229 2631 3284 ullo
2649 3229 2793 3284 ﬂuxu
2814 3237 3042 3295 coeunt;
3073 3229 3201 3283 hinc
3223 3227 3507 3291 Acinetos,

248 3327 522 3399 Horaque,
557 3330 777 3386 Christo
809 3340 863 3388 et
891 3331 1094 3404 Spiritu
1124 3344 1312 3391 sancto
1331 3376 1346 3402 ,
1373 3344 1428 3392 et
1451 3336 1735 3393 Salvatore
1757 3338 1825 3393 ab

251 3420 316 3477 iis
348 3423 590 3488 emissis,
622 3424 816 3492 quibus
844 3425 1090 3481 Pleroma
1121 3443 1216 3482 seu
1247 3429 1481 3484 mundus
1510 3430 1826 3499 intelligibi-

252 3510 314 3565 lis
347 3513 644 3580 deﬁnitur;
679 3526 732 3569 et
779 3517 1122 3572 Achamotha
1162 3535 1225 3574 ac
1266 3520 1584 3589 Demiurgo,
1636 3523 1823 3576 mundi

251 3603 408 3673 hujus
439 3606 790 3676 aspectabilis
844 3610 1076 3666 ducibus
1108 3626 1172 3667 ac
1199 3613 1592 3680 conditoribus,
1622 3615 1821 3684 quique

252 3710 279 3748 a
327 3698 579 3767 supernis
629 3698 900 3757 IEouibus
941 3713 1124 3758 ortum
1151 3703 1388 3771 ducunt,
1422 3721 1488 3762 ac
1529 3722 1818 3762 numerum

253 3790 316 3845 56
345 3792 638 3861 complent.

317 3884 405 3939 45.
448 3885 528 3939 Et:
573 3884 750 3953 primo
797 3885 887 3940 illo
928 3885 1162 3941 Eanum
1204 3887 1505 3951 octonario,
1537 3887 1820 3943 denarium

247 3976 510 4038 alterum,
554 3986 607 4031 et
636 3976 1034 4030 duodenarium
1065 3977 1392 4034 derivabant
1427 3978 1497 4032 Va
1512 3980 1820 4046 lcntiniani,

248 4080 439 4133 nempe
472 4066 660 4120 decem
696 4081 723 4118 a
768 4066 946 4121 Verbo
979 4076 1033 4121 et
1057 4068 1201 4132 Vita,
1258 4069 1544 4124 duodecim
1588 4072 1658 4125 ab
1709 4070 1821 4124 Ho-

246 4158 390 4212 mine
419 4168 474 4213 et
509 4158 753 4214 Ecclesia
789 4159 1054 4223 emissos;
1088 4168 1147 4213 ut
1185 4176 1248 4214 ex
1277 4160 1344 4215 iis
1376 4164 1630 4218 omnibus
1663 4168 1822 4218 lieret

247 4250 573 4305 tricenarius
636 4249 870 4306 IEonum
936 4267 1215 4307 numerus.
1269 4253 1640 4320 Posteriorum
1696 4257 1820 4326 qui-

246 4345 361 4396 dem
401 4345 629 4397 istorum
676 4345 893 4398 nomina
945 4353 1000 4400 et
1037 4345 1450 4414 conjugationes
1483 4363 1586 4402 non
1621 4363 1820 4404 occur-

249 4444 370 4486 runt
403 4431 457 4486 in
491 4431 894 4488 Platonicorum
925 4435 1524 4507 Pythagoricorumque
1563 4441 1817 4510 scriptis;

249 4532 431 4592 nlpote
471 4539 594 4594 quae
617 4525 700 4580 vel
724 4541 754 4581 e
779 4525 1081 4597 Scripturis
1116 4529 1431 4594 corraserit,
1463 4532 1548 4585 vel
1578 4533 1818 4587 fabrica-

250 4618 383 4672 verit
413 4617 532 4687 ipse
557 4618 896 4674 Valentinus.
922 4620 1273 4692 Quaacunque
1314 4623 1369 4677 in
1407 4623 1702 4693 Scripturis
1732 4642 1822 4681 vo-

251 4725 336 4765 ces
363 4710 537 4764 divini
574 4711 735 4767 Verbi
769 4713 1150 4782 proprietates,
1177 4713 1401 4787 ejusque
1433 4718 1485 4771 in
1523 4719 1816 4774 humanum

250 4818 416 4874 genus
441 4802 630 4858 ell‘usae
672 4804 1027 4876 benignitatis
1070 4805 1299 4863 effectus
1350 4808 1685 4879 significant,
1718 4811 1817 4866 has

248 4896 489 4951 studiose
514 4896 799 4966 colligens,
830 4907 884 4951 et
913 4898 1151 4955 artiﬁcio
1175 4902 1411 4972 quodam
1463 4902 1726 4972 colligans
1752 4918 1817 4960 ac

247 4997 595 5054 connevctens,
617 4990 671 5041 in
707 4988 927 5043 totidem
955 4989 1160 5048 Eones
1189 4993 1642 5060 transformavit;
1674 5011 1817 5050 vana

249 5081 601 5154 persuasione
643 5082 924 5149 seductus,
964 5081 1197 5139 diversis
1241 5085 1348 5141 illis
1378 5087 1694 5143 nominibus
1725 5104 1815 5146 res

249 5165 490 5228 diversas
517 5170 819 5241 designari.
867 5170 1105 5228 Verbum
1148 5176 1421 5231 hominem
1458 5177 1659 5232 factum
1709 5179 1815 5235 Ec-

248 5265 463 5323 clesiam
497 5267 776 5332 fundasse,
812 5270 1188 5341 inspirataque
1227 5272 1276 5328 ei
1313 5273 1419 5329 vita
1469 5275 1523 5329 in
1559 5291 1814 5347 sponsam

249 5359 342 5413 sibi
366 5361 747 5428 assumpsisse,
771 5361 822 5415 in
860 5361 1158 5433 Scripturis
1193 5365 1393 5434 passim
1431 5365 1682 5437 legimus.
1717 5367 1813 5425 llis

248 5447 440 5504 abusus
462 5461 718 5518 nugator,
747 5467 775 5505 a
826 5452 999 5509 Verbo
1039 5464 1094 5509 et
1126 5453 1248 5510 Vita
1301 5456 1590 5514 Hominem
1620 5468 1676 5516 et
1711 5460 1814 5517 Ec—

245 5537 463 5593 clesiam
501 5537 775 5596 eﬂluxisse
805 5542 981 5597 finxit.
1008 5544 1140 5611 Quia
1165 5562 1296 5603 vero
1331 5550 1383 5603 in
1406 5549 1628 5606 Christo
1653 5553 1812 5606 inha-

247 5630 558 5688 bitatomnis
583 5635 855 5697 plenitudo
877 5637 1180 5693 Divinitntis
1200 5643 1628 5712 corporaliter,et
1657 5645 1711 5700 in
1744 5657 1810 5702 eo

345 5787 724 5866 "_°_Colo§s._tt,
749 5793 780 5848 9
807 5803 860 5846 et
884 5794 937 5846 ‘2.
1015 5795 1060 5827 '°
1088 5794 1220 5851 Hel).
1254 5815 1291 5862 ι,
1322 5801 1408 5862 11,
1462 5799 1549 5856 12.
1626 5802 1670 5833 '“
1701 5801 1859 5860 Prov.
1896 5821 2012 5866 vin.
2057 5805 2148 5861 22.
2224 5805 2271 5836 ⁸⁸
2302 5802 2463 5860 Joan.
2510 5819 2550 5866 ι,
2593 5808 2644 5855 1.

1031 5866 1077 5898 ⁵⁸
1104 5866 1414 5945 Joan.__xv_t,
1455 5871 1540 5926 13.
1621 5873 1857 5945 "_Rom.
1891 5892 2008 5945 vm,
2041 5875 2128 5943 15,
2160 5877 2245 5942 17,
2288 5875 2374 5930 19.

247 5857 441 5933 u_t,_17.
536 5861 583 5893 ⁸⁵
615 5862 792 5933 Apoc.
820 5879 860 5923 ι,
887 5866 938 5918 8.

250 5920 490 5988 “Rom.
528 5948 580 6002 v,
610 5920 694 5988 5."
761 5934 802 5967 “
838 5920 858 5991 ll
885 5936 1008 5994 Cor.
1045 5952 1105 6006 ιι,
1140 5920 1600 6012 ίοξίιίσὸιίῖιι,
1661 5920 1716 5998 2:

1930 3320 2240 3385 immobilis,
2282 3321 2442 3389 cujus
2469 3320 2776 3391 proprietas
2827 3328 2912 3374 est
2945 3316 3265 3388 Syncrasis,
3297 3326 3507 3385 tempo-

1929 3426 2073 3476 rum,
2130 3418 2187 3462 ut
2219 3411 2293 3464 ita
2353 3411 2552 3476 dicam,
2616 3408 3047 3477 contemperatio.
3088 3407 3226 3474 Quia
3274 3407 3508 3475 denique

1928 3503 2167 3558 Verbum
2195 3501 2521 3573 Unigenitus
2545 3501 2635 3555 Dei
2665 3501 2832 3554 Filius
2859 3501 3059 3570 passim
3092 3500 3316 3564 dicitur,
3342 3512 3504 3568 quem

1927 3608 2261 3663 cognoscere
2317 3593 2427 3646 vita
2479 3602 2680 3646 aeterna
2731 3600 2834 3656 εει,
2871 3599 2926 3645 et
2972 3605 3204 3660 quocum
3252 3589 3304 3642 in
3351 3588 3507 3644 ccelis

1928 3701 2177 3757 regnare,
2212 3701 2465 3755 suprema
2499 3687 2758 3740 mentium
2788 3693 3100 3739 nostrarum
3130 3681 3365 3736 felicitas
3395 3691 3499 3743 est,

1930 3779 2320 3852 Monogenem,
2402 3780 2776 3851 Uuigenitum,
2832 3788 2887 3834 et
2947 3779 3217 3835 Macarian
3288 3778 3501 3849 (suppl.

1925 3877 2105 3946 Ζωὴν,
2139 3875 2355 3945 vitam),
2385 3876 2587 3929 beatam
2622 3875 2778 3928 vitam
2809 3873 3064 3928 dixerunt
3096 3873 3358 3927 haeretici.

1996 3972 2087 4026 44.
2117 3969 2218 4036 Qui
2251 3978 2437 4024 autem
2465 3970 2534 4023 ab
2567 3967 2796 4022 Homine
2826 3977 2881 4020 et
2906 3966 3150 4021 Ecclesia
3181 3965 3366 4022 emissi
3416 3965 3503 4019 di-

1925 4075 2127 4120 cuntur
2152 4063 2353 4118 IEones
2378 4102 2393 4126 ,
2419 4071 2472 4116 et
2506 4062 2560 4114 1ίί
2589 4076 2656 4115 ex
2680 4061 2746 4115 iis
2778 4059 3014 4130 Spiritus
3039 4062 3213 4113 sancti
3256 4060 3503 4128 proprie-

1927 4157 2130 4210 tatibus
2151 4165 2206 4209 et
2228 4154 2408 4220 donis,
2430 4168 2549 4222 quae
2573 4153 2828 4223 leguntur
2854 4153 2907 4205 in
2929 4151 3253 4218 Scripturis,
3281 4149 3478 4204 stolide

1929 4263 1957 4302 a
1984 4247 2202 4304 vesanis
2233 4247 2544 4300 hominibus
2597 4242 2816 4298 conﬂati
2849 4253 2995 4297 sunt.
3041 4244 3132 4297 Sic
3165 4243 3474 4296 Paracletus

1931 4341 2168 4412 Spiritus
2196 4351 2419 4395 sanctus
2451 4350 2534 4395 est
2555 4381 2568 4401 ,
2593 4355 2756 4410 quem
2779 4339 3073 4392 missurum
3099 4351 3156 4392 se
3185 4336 3345 4392 toties
3373 4352 3498 4404 spo-

1930 4433 2117 4504 pondit
2135 4432 2412 4498 Salvator,
2445 4444 2502 4488 ut
2525 4434 2749 4488 doceret
2770 4446 2869 4484 nos
2887 4444 3103 4485 omnem
3123 4429 3409 4487 veritatem
3428 4430 3496 4493 ⁸⁸,

1929 4529 2196 4598 iidemque
2249 4526 2480 4597 proinde
2523 4525 2681 4580 nobis
2729 4525 3039 4594 inspiraret.
3092 4522 3361 4589 Patricos,
3399 4538 3498 4590 pa-

1926 4622 2143 4690 ternusf,
2174 4620 2411 4690 Spiritus
2437 4617 2748 4687 adoptionis
2794 4626 2899 4684 est,
2934 4617 2988 4670 in
3035 4631 3143 4685 quo
3175 4615 3498 4680 clamamus,

1925 4717 2094 4781 Abba,
2137 4713 2324 4781 Pater,
2359 4713 2734 4770 testimonium
2766 4710 2999 4766 reddens
3027 4709 3257 4779 Spiritui
3282 4719 3498 4776 nostro,

1922 4804 2067 4874 quod
2099 4818 2292 4859 sumus
2323 4803 2418 4858 lilii
2451 4802 2572 4866 Dei,
2605 4803 2850 4858 haeredes
2891 4799 3137 4870 proinde,
3173 4813 3497 4869 exspectan-

1924 4906 2002 4952 tes
2037 4896 2422 4953 revelationem
2474 4896 2712 4949 liliorum
2751 4894 2844 4949 Dei
2879 4895 2945 4959 ⁵⁷,
2979 4903 3033 4949 et
3071 4894 3411 4948 abundantes
3440 4893 3495 4948 in

1920 5006 2016 5060 spe
2040 4998 2096 5044 et
2119 4989 2320 5044 virtute
2341 4987 2576 5057 Spiritus
2610 4986 2787 5041 sancti
2809 4985 2874 5038 ⁵⁸.
2901 4982 3173 5051 Metricos,
3195 4982 3493 5047 Maternus,

1916 5081 2233 5137 Paracletus
2273 5087 2380 5146 est,
2414 5080 2506 5150 qui
2577 5076 2851 5151 quomodo
2898 5077 2942 5131 si
2989 5075 3075 5129 cui
3125 5083 3298 5129 mater
3338 5073 3496 5128 blan-

1919 5176 2124 5241 diatur,
2168 5175 2245 5228 ita
2273 5173 2592 5229 consolatur
2623 5185 2720 5226 nos
2760 5171 2827 5240 δί’,
2873 5169 3148 5225 charitate
3192 5164 3390 5222 dill‘usa
3438 5167 3494 5221 in

1920 5269 2175 5324 cordibus
2217 5267 2422 5323 nostris
2469 5265 2538 5319 ⁸ο.
2585 5264 2780 5331 Ainos,
2835 5261 3024 5317 Graece
3069 5259 3301 5325 ἀείνους,
3349 5276 3494 5315 mens

1920 5372 2116 5415 (eterna
2152 5374 2217 5414 ac
2264 5371 2479 5427 semper
2506 5357 2776 5428 cogitans,
2821 5353 3061 5424 Spiritus
3093 5360 3177 5407 est
3206 5351 3298 5422 qui
3331 5366 3494 5406 scru-

1922 5461 2067 5508 tatur
2090 5453 2299 5514 omnia,
2331 5451 2498 5506 etiam
2528 5446 2797 5519 profunda
2830 5446 2946 5512 Dei,
2979 5455 3034 5500 et
3074 5459 3196 5514 quae
3229 5443 3325 5497 Dei
3367 5452 3494 5498 sunt

1921 5550 2231 5622 cognoscit,
2280 5564 2378 5621 per
2409 5564 2571 5620 quem
2619 5544 2776 5602 nobis
2820 5544 3085 5599 revelavit
3117 5535 3316 5615 [XXX]
3352 5541 3491 5598 Deus

1923 5647 2249 5718 sapientiam
2295 5645 2351 5701 iu
2397 5643 2682 5715 mysterio,
2737 5655 2859 5710 quae
2922 5638 3240 5695 abscondita
3290 5647 3373 5690 est
3405 5637 3486 5699 δι,

2724 5801 2769 5832 ⁵³
2810 5798 2970 5854 Μίεὴ.
3008 5814 3060 5858 v,
3089 5807 3147 5851 2.
3223 5801 3268 5828 ’δ
3303 5791 3485 5848 Matth.

2476 5865 2692 5931 "Rom.
2717 5887 2805 5936 xv,
2843 5871 2926 5925 15.
3005 5869 3048 5902 "
3089 5869 3192 5926 lsa.
3227 5865 3489 5931 Ltn't,,15,
