4180 6332
624 394 695 452 63
1432 392 2026 452 DlSSEBTATIONES
2064 391 2367 448 PREVIAS
2406 390 2475 446 IN
2514 390 2772 447 lRENEl
2810 390 3077 447 LIBROS.
3792 393 3857 452 ϐἀ

623 526 679 573 et
708 515 923 583 σύνεσις
944 559 961 585 ,
1005 519 1354 589 intelligentia
1408 519 1561 574 nobis
1615 517 1774 573 datur
1833 532 2016 572 eorum
2078 530 2196 585 qua:
2224 520 2270 579 Α
2300 513 2566 584 siquidem
2602 514 2927 570 temerarios
2960 511 3179 581 Sophim
3208 521 3261 566 et
3291 510 3680 583 Euthymeseos
3703 526 3865 567 cous-

624 624 656 664 α
713 610 822 664 Deo
868 610 1066 665 donata
1104 621 1231 665 sunt
1278 611 1459 665 nobis.
1511 610 1953 672 Ecclesiasticos,
2010 605 2190 661 Eccle-

624 701 871 756 siasticus
908 703 1047 757 idem
1078 703 1298 769 dicitur,
1323 704 1447 772 quia
1486 702 1781 756 Ecclesiam
1815 716 1975 770 quam
2006 715 2071 754 ex
2104 714 2193 753 va-

625 789 725 845 riis
756 792 1007 859 gentibus
1036 793 1316 857 adunavit,
1349 793 1507 860 regit,
1544 800 1731 845 tuetur
1760 801 1815 846 et
1850 791 2015 854 fovet,
2052 790 2192 843 mul-

624 882 907 953 tiplicique
967 886 1351 956 μακαριότητι,
1398 886 1750 951 beatitudine,
1783 900 1881 954 per
1929 884 2191 953 inspirata

622 973 764 1029 dona
797 974 1111 1043 locupletat.
1148 973 1407 1029 Theletos
1442 975 1694 1046 denique,
1722 989 1817 1029 seu
1853 973 2189 1027 voluntarius

620 1074 727 1131 est,
764 1067 893 1135 quia
939 1083 1005 1122 ex
1050 1083 1237 1123 amore
1288 1080 1342 1122 et
1397 1068 1673 1122 voluntate
1728 1066 1993 1137 procedit,
2031 1064 2191 1134 eique

619 1158 850 1226 proinde
882 1174 1001 1213 cum
1040 1160 1223 1214 datum
1258 1160 1329 1215 sit
1359 1158 1783 1228 profundissima
1816 1170 2044 1227 quaeque
2092 1155 2190 1210 Dei

619 1249 917 1305 voluntatis
948 1252 1175 1306 consilia
1230 1253 1486 1318 scrutari,
1524 1268 1619 1321 per
1648 1252 1793 1307 hunc
1828 1252 1987 1304 datur
2036 1249 2193 1305 nobis

618 1356 805 1397 sermo
831 1342 1058 1412 σοφίας,
1097 1345 1393 1414 sapientius,
1429 1344 1804 1414 loquimurque
1842 1341 1938 1397 Dei
1972 1342 2187 1411 sapien-

622 1437 753 1491 tiam
803 1438 855 1491 in
893 1439 1173 1508 mysterio,
1212 1455 1331 1508 qua:
1388 1438 1707 1493 abscondita
1762 1444 1865 1500 est,
1916 1445 1973 1489 et
2027 1448 2190 1504 quam

620 1546 782 1585 nemo
815 1531 1116 1600 principum
1152 1530 1310 1597 hujus
1343 1531 1525 1585 saeculi
1561 1529 1817 1600 cognovit
1839 1528 1932 1585 “'.

690 1621 781 1677 45.
816 1624 884 1676 At
916 1625 1172 1693 quamvis
1203 1623 1572 1692 poeteriorum
1607 1622 1844 1678 Aionum
1882 1622 2103 1677 nomina
2136 1630 2191 1676 et

617 1717 987 1783 proprietates
1036 1716 1371 1787 ignoraverit
1417 1716 1726 1781 Platonica,
1777 1714 2068 1772 Chaldaica
2137 1721 2194 1770 et

616 1803 977 1878 Pythagorica
1013 1809 1306 1879 theologia,
1335 1809 1694 1864 tricenarium
1730 1818 1909 1863 tamen
1944 1808 2187 1863 omnium

616 1914 903 1955 numerum
936 1899 1223 1972 eflingendi
1266 1902 1573 1971 exemplqu
1620 1903 1687 1957 ab
1734 1916 1796 1956 ea
1831 1902 2037 1968 petiere
2089 1899 2163 1955 Va
2204 1893 2247 1949 Β

614 1990 927 2047 leutiniani.
992 1992 1315 2048 Plutarchus
1350 1996 1403 2049 in
1441 1995 1577 2049 libro
1618 1993 1695 2048 De
1723 1993 1869 2048 Iside
1897 2002 1948 2048 et
1979 1992 2191 2048 Osiride

614 2084 807 2148 reFert,
864 2097 991 2136 eam
1054 2084 1224 2138 fuisse
1278 2082 1583 2138 Zoroastris
1643 2082 1781 2154 Magi
1839 2084 2185 2150 sententiam,

613 2172 751 2227 duos
783 2188 905 2229 esse
940 2175 1087 2241 deos,
1143 2176 1375 2230 alterum
1426 2177 1717 2239 bonorum,
1756 2175 1986 2230 alterum
2022 2177 2191 2231 malo-

614 2274 739 2319 rum
784 2261 1059 2330 Opificem.
1094 2262 1174 2317 Illi
1211 2271 1408 2320 numen
1464 2264 1782 2331 Oromazes,
1821 2267 1944 2321 huic
1974 2268 2191 2321 Arima-

610 2354 755 2408 ttius.
792 2356 899 2409 Καὶ
924 2357 953 2408 ό
987 2356 1091 2426 μὲν
1128 2356 1186 2422 ἒξ
1223 2357 1375 2421 θεοὺς
1408 2357 1651 2430 ἐποίησε,
1700 2360 1793 2412 τὸν
1832 2358 1933 2429 μὲν
1974 2358 2189 2430 πρῶτον

610 2446 843 2511 εὐνοίας,
874 2448 966 2501 τὸν
999 2448 1055 2502 δὲ
1088 2448 1341 2521 δεύτερον
1375 2449 1651 2520 ἀληθείας,
1683 2451 1774 2503 τὸν
1798 2450 1855 2503 δὲ
1881 2449 2061 2521 τρίτον
2097 2450 2188 2504 εὑ·

609 2540 828 2612 νομίαςο
856 2541 962 2596 τῶν
1002 2543 1057 2596 δὲ
1086 2542 1308 2607 λοιπῶν,
1338 2544 1428 2597 τὸν
1458 2544 1555 2615 μὲν
1584 2545 1798 2615 σοφίας,
1827 2545 1919 2598 τὸν
1946 2545 2002 2598 δὲ
2026 2544 2190 2598 πλού-

609 2649 729 2697 του,
765 2632 854 2687 τὸν
883 2632 939 2686 δὲ
968 2635 1061 2687 ἐπὶ
1088 2638 1201 2700 τοῖς
1235 2635 1419 2700 καλοῖς
1446 2636 1617 2707 ἡδέων
1648 2638 1710 2709 δη
1721 2637 2185 2710 μιουργόν....,....

610 2720 805 2784 ἄλλους
854 2723 911 2776 δὲ
949 2724 1182 2795 ποιήσας
1224 2724 1498 2798 τέσσαρας
1547 2726 1640 2780 καὶ
1693 2725 1864 2779 εἴκοσι
1894 2726 2062 2788 θεοὺς.
2105 2729 2187 2791 εις

606 2812 716 2868 ὠὸν
736 2814 958 2888 ῈΟηκεν.
987 2816 1159 2870 Porro
1188 2832 1280 2871 sea:
1308 2819 1430 2872 deos
1460 2818 1584 2887 fecit
1614 2819 1924 2883 Oruinazes,
1957 2821 2186 2887 primum

611 2907 1002 2974 benevolentia’,
1036 2912 1322 2964 secundum
1354 2911 1613 2974 veritatis,
1656 2913 1869 2965 tertium
1896 2912 2184 2981 a'quitatis,

608 3000 839 3068 reliquos
892 3003 1198 3070 sapientior,
1251 3005 1558 3059 divitiarum
1618 3015 1666 3060 et
1709 3004 2022 3075 voluptatis,
2071 3022 2187 3075 qua:

607 3092 828 3146 honesta
857 3096 1218 3162 consequitur,
1251 3096 1605 3164 api/ices......
1654 3098 1801 3155 Alios
1841 3116 1960 3154 vero
2003 3100 2185 3169 viginti

607 3193 845 3252 quatuor
868 3184 993 3239 deos
1032 3187 1285 3251 condidit,
1322 3198 1370 3241 et
1394 3189 1447 3242 in
1470 3205 1561 3243 ovo
1593 3191 1788 3258 posuit.
1823 3189 1923 3245 Ubi
1964 3191 2184 3263 triginta

609 3273 744 3329 deos
778 3275 973 3342 habes,
1023 3291 1253 3346 quorum
1302 3280 1467 3333 etiam
1505 3282 1723 3336 nomina
1776 3252 2184 3352 qua‘damvcum
2214 3252 2256 3309 ο

612 3365 1125 3423 Valentinianorum
1152 3370 1420 3429 onuihus
1449 3375 1801 3429 conveniunt.
1838 3375 2184 3432 Zoroastrem

610 3470 837 3515 secutus
875 3460 1140 3517 Hesiodus
1181 3465 1399 3534 triginta
1445 3474 1499 3521 et
1534 3468 1651 3536 ipse
1680 3468 1811 3524 deos
1846 3470 2023 3536 finxit,
2053 3486 2188 3536 quo-

608 3567 734 3608 rum
770 3551 1046 3622 θεογονίαν
1075 3555 1405 3625 descripsit;
1437 3557 1573 3613 adeo
1603 3569 1660 3613 ut
1690 3560 1758 3615 ab
1806 3575 1870 3613 eo
1904 3560 2187 3616 Pleroma-

610 3646 683 3699 tis
715 3644 947 3700 formam
978 3648 1351 3718 desumpsisse
1384 3650 1792 3707 Valentinianos
1820 3657 2186 3710 autumaverit

611 3736 965 3807 Epiphanius.
1003 3737 1157 3804 Quod
1189 3755 1317 3796 vero
1360 3742 1413 3796 hi
1457 3742 1663 3798 Aleuas
1697 3746 2009 3814 quindecim
2066 3764 2184 3802 ina-

609 3833 814 3891 sculos,
858 3845 979 3885 eum
1019 3832 1243 3886 totidem
1282 3833 1504 3889 feminis
1526 3835 1876 3904 cepularent,
1912 3837 2182 3909 Pythago-

608 3922 851 3976 ricorum
884 3924 1137 3993 exemplo
1186 3924 1381 3980 fecisse
1413 3927 1927 3994 demonstravimus,
1955 3931 2045 4001 qui
2088 3947 2187 3984 nu-

609 4028 794 4070 meros
844 4016 1080 4086 impares
1117 4032 1239 4072 cum
1291 4020 1517 4088 paribus
1546 4020 1929 4092 conjugabant,
1973 4024 2185 4094 hosque

609 4103 869 4177 feminas,
900 4108 1022 4165 illos
1051 4126 1231 4165 mares
1261 4113 1623 4183 appellabant.

679 4199 771 4256 ιθ.
812 4201 1084 4260 ὼοηίὺυε
1146 4207 1389 4277 triginta,
1435 4217 1671 4277 quatuor
1706 4208 1863 4274 alios,
1895 4210 1987 4264 sed
2030 4221 2183 4266 extra

611 4294 1057 4365 eonjugationum
1088 4306 1144 4354 et
1166 4300 1516 4353 emissionum
1542 4303 1763 4365 seriem,
1792 4302 1847 4355 in
1875 4302 2184 4360 Pleromate

612 4398 819 4458 tamen,
861 4392 1085 4464 insuper
1117 4394 1479 4462 adjungebant
1525 4396 1788 4465 haeretici,
1823 4398 2003 4453 Horon
2039 4400 2187 4455 vide-

611 4483 761 4551 licet,
792 4486 1065 4541 Christum
1101 4497 1156 4541 et
1199 4487 1460 4557 Spiritum
1508 4500 1783 4556 sanctum,
1826 4507 1890 4546 ac
1932 4492 2181 4547 Salvato-

610 4591 749 4635 rem.
780 4578 1020 4633 Priorem
1051 4595 1115 4635 ex
1137 4579 1540 4653 Egyptiorum,
1581 4592 1690 4639 tres
1712 4585 1850 4639 alios
1880 4602 1910 4640 e
1936 4586 2181 4654 Scriptu-
2211 4606 2256 4661 Ι)

610 4684 797 4723 rarum
824 4684 1103 4724 sacrarum
1130 4671 1371 4727 fontibus
1395 4674 1709 4733 hauserant.
1737 4675 1918 4731 Horon
1942 4677 2179 4748 Egyptii

610 4760 890 4831 fingebant
912 4762 1190 4831 Typhonis
1219 4774 1442 4819 conatus
1463 4767 1711 4838 fregisse.
1736 4770 1817 4823 Ab
1838 4769 1922 4831 iis,
1954 4769 2181 4824 Kirkero

612 4858 774 4914 teste,
825 4852 1149 4920 piugebatut‘
1178 4870 1331 4924 puer,
1387 4856 1537 4910 labra
1581 4873 1855 4927 premens,
1903 4860 2181 4929 digitoque

610 4940 847 4997 suadens
872 4944 1175 5012 silentium,
1221 4956 1277 5001 ut
1315 4947 1605 5003 ineffabilia
1651 4965 1772 5005 esse
1813 4953 2070 5022 mysteria
2101 4952 2183 5008 iu-

610 5032 845 5090 dicaret.
892 5035 1072 5091 Horon
1117 5053 1249 5093 vero
1291 5040 1472 5110 ipsum
1516 5042 1821 5113 Apollinem
1874 5061 2015 5111 esse,
2051 5061 2183 5100 con-

612 5135 808 5181 centus
852 5132 1034 5184 omnis
1061 5139 1114 5183 et
1145 5132 1444 5189 harmonia:
1483 5146 1789 5203 auctorem,
1824 5138 2183 5208 medendique

612 5235 677 5275 ac
725 5221 1005 5278 divinandi
1064 5226 1477 5295 peritissimum,
1510 5227 1757 5297 pluribus
1788 5230 2026 5283 ostendit
2059 5228 2182 5283 Plu-

616 5313 839 5368 tarchus
871 5306 1104 5370 in'lside
1135 5328 1183 5371 et
1231 5316 1462 5382 Osiride,
1495 5321 1639 5373 unde
1670 5330 1726 5375 et
1753 5334 2002 5375 manasse
2028 5320 2181 5376 vide-

614 5418 702 5461 tur
738 5406 1206 5465 Herutionensium
1255 5410 1345 5466 ille
1396 5412 1581 5484 Ὀριος
1609 5413 1823 5481 Apollo,
1850 5414 1901 5467 id
1933 5422 2036 5479 est,
2071 5423 2183 5468 ter-

614 5499 884 5553 tninorum
914 5517 1136 5571 praeses.
1169 5518 1349 5573 quem,
1389 5514 1526 5559 teste
1556 5504 1846 5563 Pausania.
1884 5504 2009 5559 olim
2038 5505 2183 5561 cole-

615 5592 767 5647 bant.
820 5593 1138 5649 Termiuum
1186 5596 1351 5650 etiam
1398 5613 1430 5651 a
1475 5597 1659 5652 multis
1714 5597 1957 5652 habitum
2011 5598 2181 5654 fuisse

622 5681 808 5751 deum,
842 5687 1097 5756 pacisque
1150 5689 1450 5753 custodem,
1492 5698 1546 5744 et
1590 5690 1818 5757 iustitiae
1861 5702 2052 5746 testem
2094 5694 2177 5745 di-

614 5786 785 5841 ctum,
821 5778 989 5847 liquet
1040 5796 1105 5834 ex
1147 5782 1335 5835 eodem
1379 5782 1668 5837 Plutarcho
1713 5784 1765 5837 in
1811 5781 2007 5839 Numa.
2047 5784 2179 5852 Quae

614 5868 798 5945 oumia
830 5870 913 5945 ad,
947 5870 1447 5927 Valentinianorum
1509 5873 1687 5929 Horon
1742 5875 2028 5945 quadram.
2081 5875 2177 5931 Hic

730 5944 796 5976 “'
826 5942 847 6000 ι
877 5944 1000 6001 Cor.
1035 5963 1069 6003 ιι
1096 5957 1146 6003 et
1178 5963 1274 6006 xu.

2299 617 2385 663 tus
2420 609 2679 678 repressit
2710 625 2724 663 :
2756 608 2985 679 Bythum
3025 615 3079 661 et
3120 606 3371 660 Pleroma
3408 607 3554 673 (nam
3593 604 3860 672 duplicem

2298 701 2479 758 Horon
2528 701 2765 771 fingebat
2797 698 3135 762 Valentinus,
3166 710 3329 756 unum
3366 695 3507 749 inter
3553 694 3782 765 Bythum
3808 702 3863 748 et

2298 789 2542 859 Eones,
2602 790 2829 845 alterum
2883 790 3025 843 inter
3076 788 3325 843 Pleroma
3375 797 3429 841 et
3481 785 3862 856 Enthymesin)

2296 884 2449 952 quasi
2490 882 2629 937 vallo
2673 883 2846 952 cingit
2878 892 2933 937 et
2972 883 3165 947 munit,
3204 884 3422 953 propius
3472 878 3862 933 accedentibus

2296 977 2500 1030 aditum
2532 973 2863 1037 intercludit,
2895 972 3313 1042 exclamansque
3350 968 3466 1037 Ino,
3504 970 3557 1024 id
3586 979 3690 1034 est,
3720 969 3860 1025 inef-

2296 1067 2461 1123 fabile
2492 1067 2583 1121 Dei
2610 1082 2803 1121 nomen
2833 1064 3211 1135 pronuntians,
3249 1062 3512 1131 impervia
3535 1076 3653 1117 esse
3677 1062 3859 1117 divina

2294 1163 2553 1234 mysteria
2612 1160 2903 1232 significat.
2964 1158 3277 1211 Horat/tetes
3332 1171 3425 1211 seu
3494 1155 3849 1209 terminorum

2296 1269 2495 1326 praeses
2532 1269 2593 1309 ac
2628 1252 2959 1309 constitutor
2982 1258 3035 1309 et
3075 1250 3187 1320 ipse
3218 1247 3420 1303 dicitur
3452 1264 3465 1300 :
3501 1247 3733 1317 denique
3764 1261 3862 1301 ceu

2293 1351 2469 1404 virtus
2497 1361 2613 1416 qua:
2640 1349 2916 1413 conﬁrmat
2945 1353 3094 1397 extra
3143 1342 3554 1396 inenarrabilem
3598 1339 3864 1407 magnitu-

2295 1440 2489 1505 dinem,
2522 1447 2569 1491 et
2602 1436 2830 1491 custodit
2860 1436 3057 1501 omnia,
3082 1441 3519 1503 reprazsentatur.
3551 1430 3688 1498 Quia
3725 1444 3858 1482 vero

2296 1546 2363 1587 ex
2420 1530 2685 1585 catholica
2741 1528 2989 1583 doctrina
3044 1533 3441 1597 perceperant,
3494 1523 3690 1578 Filium
3744 1520 3861 1586 Dei,

2294 1636 2456 1691 quem
2507 1621 2673 1674 etiam
2720 1618 2863 1673 Νοῦν
2904 1618 3084 1673 Patris
3119 1631 3290 1672 sacra:
3338 1616 3529 1671 litterae
3568 1613 3861 1685 appellant,

2294 1715 2418 1787 ὅρον
2448 1715 2541 1768 καὶ
2567 1712 2737 1781 Λόγον
2768 1711 2863 1765 τοῦ
2891 1710 3107 1783 Πατρὸς
3152 1709 3440 1772 nominari,
3485 1708 3537 1761 id
3588 1717 3691 1772 est,
3727 1703 3865 1773 deﬁ-

2296 1806 2546 1860 nitionent
2572 1813 2623 1861 et
2652 1805 2928 1865 rationem,
2963 1817 3057 1856 seu
3104 1798 3323 1854 Verbum
3356 1798 3578 1863 Patris;
3614 1797 3741 1851 hinc
3772 1811 3867 1850 oc-

2291 1898 2440 1954 casio
2490 1896 2557 1951 ab
2602 1895 2808 1951 insanis
2839 1894 3147 1949 hominibus
3184 1901 3395 1961 captata
3419 1891 3542 1961 ὅρον
3582 1890 3676 1944 καὶ
3705 1888 3865 1958 λόγον

2293 1991 2361 2046 ab
2392 1990 2667 2060 unigenito
2698 1987 2879 2042 Patris
2900 1987 3038 2042 Filio
3070 1985 3461 2055 distinguendi,
3489 1985 3677 2053 sicque
3700 1997 3865 2037 unam

2292 2094 2348 2139 et
2380 2086 2624 2143 eamdem
2658 2096 2975 2152 personam,
3019 2094 3114 2136 seu
3169 2079 3330 2134 unius
3372 2089 3426 2134 et
3468 2078 3708 2148 ejusdem
3742 2091 3870 2147 per-

2290 2191 2440 2233 sonat
2487 2175 2636 2230 varia
2686 2174 2908 2229 nomina
2956 2180 3013 2228 et
3063 2172 3310 2227 rationes
3346 2171 3399 2225 in
3429 2170 3614 2241 plures
3656 2166 3867 2224 Ailones

2290 2268 2653 2338 discerpendi.
2690 2264 2761 2321 Ut
2789 2267 2931 2321 enim
2962 2265 3116 2333 λόγον
3147 2280 3177 2319 a
3211 2263 3299 2319 Nu.
3326 2264 3590 2331 emissum
3636 2270 3864 2317 conten-

2289 2362 2517 2429 debant,
2552 2363 2631 2417 sic
2661 2371 2715 2417 et
2741 2358 2922 2415 Horon
2958 2376 2985 2413 a
3017 2358 3192 2430 Bytho
3235 2372 3330 2428 per
3376 2355 3496 2411 Nun
3525 2356 3578 2410 in
3626 2353 3868 2424 imagine

2290 2454 2473 2511 Patris
2538 2453 2804 2523 prodiisse
2863 2451 3137 2507 volebant.
3188 2449 3342 2516 Quod
3400 2450 3550 2504 {teda
3604 2446 3861 2502 catholici

2289 2546 2556 2615 dogmatis
2593 2544 2916 2601 deformatio
2942 2555 3081 2600 erat.
3114 2544 3321 2613 Quippe
3346 2558 3483 2598 unus
3512 2549 3567 2597 et
3592 2540 3732 2595 idem
3759 2538 3855 2595 Dei

2290 2637 2458 2692 Filius
2486 2638 2611 2710 ὄρος
2659 2636 2751 2691 καὶ
2793 2635 2966 2704 Λόγος
3007 2633 3099 2689 τοῦ
3146 2634 3361 2706 Πατρὸς
3405 2647 3434 2686 a
3467 2631 3564 2687 SS.
3602 2628 3855 2683 Patribus

2290 2732 2507 2789 dicitur.
2563 2732 2725 2801 Cujus
2774 2730 2992 2800 quidem
3056 2728 3286 2783 nominis
3348 2725 3854 2796 interpretationem

2291 2824 2410 2879 inse
2457 2824 2712 2879 edisserit
2753 2821 3052 2891 Gregorius
3111 2818 3489 2873 Nazianzenus
3551 2822 3693 2870 orat.
3754 2812 3864 2880 56,

2290 2929 2343 2984 p.
2373 2913 2477 2967 590
2509 2930 2523 2967 :
2561 2911 2730 2981 Λόγος
2753 2910 2827 2977 δὲ,
2862 2911 2943 2963 ὅτι
2975 2908 3144 2972 οὕτως
3172 2908 3283 2978 ἔχει
3317 2908 3451 2979 πρὸς
3489 2905 3579 2960 τὸν
3639 2904 3869 2975 Πατέρα

2290 3006 2364 3077 ὡς
2394 3007 2527 3077 πρὸς
2560 3004 2683 3058 νοῦν
2731 3004 2999 3073 λόγος·οὑ
3055 3002 3213 3073 μόνον
3264 3002 3353 3055 διὰ
3396 3001 3456 3055 τὸ
3504 3000 3713 3063 ἀπαθὲς
3762 2998 3867 3070 τῆς

2289 3100 2611 3170 γεννήσεως,
2642 3096 2777 3153 ἀλλὰ
2814 3096 2907 3151 καὶ
2942 3097 3001 3151 τὸ
3034 3097 3289 3166 συναφὲς,
3326 3096 3420 3149 καὶ
3464 3094 3523 3148 τὸ
3554 3092 3869 3161 ὲξαγγελτι-

2289 3190 2383 3245 κόν
2406 3208 2419 3222 ο
2455 3191 2593 3261 τάχα
2626 3190 2670 3244 δ’
2704 3190 2771 3247 ἂν
2809 3191 2953 3244 εἴποι
2986 3207 3087 3253 τις,
3123 3190 3224 3252 ὃτι,
3256 3188 3347 3241 καὶ
3380 3188 3455 3251 ὡς
3477 3188 3599 3259 ὄρος
3633 3186 3768 3258 πρὸς
3802 3184 3866 3239 τὸ

2287 3281 2623 3356 ὁριζόμενον,
2660 3282 2848 3353 ἐπειδὴ
2889 3284 2982 3335 καὶ
3015 3280 3170 3335 τοῦτο
3193 3280 3408 3347 λέγεται
3451 3279 3623 3347 λόγος.
3668 3279 3724 3331 '0
3754 3277 3867 3350 γὰρ

2287 3372 2573 3444 νενοηκὼς,
2602 3373 2753 3443 φησι,
2791 3372 2879 3426 τὸν
2914 3372 3040 3425 Υἱὸν
3099 3369 3276 3441 (τοῦτο
3312 3368 3419 3441 γάρ
3456 3371 3572 3422 ἐστι
3598 3367 3659 3422 τὸ
3684 3368 3866 3434 ἑωρα-

2288 3466 2449 3535 κώς),
2482 3467 2701 3537 νενόηκε
2722 3467 2811 3519 τὸν
2849 3464 3087 3537 Πατέρα.
3131 3466 3240 3517 Καὶ
3274 3462 3533 3534 σύντομος
3570 3460 3866 3526 ἀπόδειξις,

2286 3557 2378 3612 καὶ
2398 3557 2553 3629 ῥᾳδία
2572 3558 2669 3629 τῆς
2684 3556 2779 3611 τοῦ
2804 3556 3015 3627 Πατρὸς
3036 3556 3246 3626 φύσεως
3262 3558 3290 3609 ὁ
3308 3556 3454 3620 Υἱὸς.
3481 3555 3732 3626 Γέννημα
3750 3553 3863 3628 γὰρ

2287 3650 2432 3705 ἆπαν
2460 3650 2551 3703 τοῦ
2593 3649 2981 3720 γεγεννηκότος
3017 3649 3235 3702 σιωπῶν
3270 3648 3445 3717 λόγος.
3499 3645 3722 3701 Verbum
3766 3665 3865 3717 ap-

2285 3743 2533 3813 pellatur,
2562 3744 2699 3812 quod
2728 3743 2803 3797 sic
2829 3742 2897 3795 ad
2921 3739 3134 3795 Patrem
3167 3757 3221 3794 se
3254 3741 3465 3804 habeat,
3498 3748 3555 3793 ut
3586 3755 3756 3794 sermo
3787 3740 3860 3792 ad

2286 3845 2509 3888 mentem
2535 3850 2555 3888 :
2587 3850 2691 3888 non
2738 3834 2893 3887 modo
2926 3840 3139 3900 propter
3166 3832 3551 3901 generationem
3596 3830 3862 3892 passionis

2288 3928 2456 3981 omnis
2486 3936 2770 3994 expertem,
2802 3943 2979 3991 verum
3009 3926 3165 3979 etiam
3190 3935 3401 3994 prapter
3432 3925 3854 3992 conjunctionem

2286 4020 2451 4087 ipsius
2502 4037 2619 4074 cum
2656 4018 2837 4085 Patre,
2881 4021 3080 4087 vimque
3125 4019 3545 4071 enuntiatricem.
3600 4015 3856 4073 Fortasse

2286 4114 2468 4175 etiam,
2507 4113 2630 4182 quia
2675 4114 2854 4167 eodem
2889 4116 3043 4165 modo
3076 4128 3130 4164 se
3161 4111 3230 4164 ad
3264 4106 3485 4163 Patrem
3535 4110 3710 4174 habet,
3753 4126 3856 4181 quo

2233 4192 2244 4204 ’
2286 4206 2527 4273 deﬁnitio
2565 4208 2633 4259 ad
2681 4206 2979 4275 definitum.
3020 4203 3161 4258 Nam
3202 4204 3437 4272 deﬁnitio
3472 4221 3678 4274 quoque
3702 4202 3861 4275 λόγος

2284 4300 2497 4354 dicitur.
2550 4297 2654 4365 Qui
2700 4299 2839 4352 enim
2873 4296 3076 4350 Filium
3120 4290 3395 4360 intellexit,
3440 4297 3514 4349 ait
3558 4298 3678 4370 (hoc
3721 4300 3862 4351 enim

2284 4386 2551 4455 signiﬁcat
2599 4386 2758 4451 illud,
2785 4385 2875 4451 qui
2906 4383 3076 4454 vidit),
3114 4385 3272 4438 etiam
3318 4383 3571 4437 intellexit
3600 4384 3856 4455 Patrem.

2283 4454 2360 4533 Ac
2385 4454 2549 4534 brevis
2573 4489 2620 4535 et
2651 4479 3041 4547 compendiosa,
3080 4475 3354 4546 facilisque
3396 4454 3605 4533 natura;
3624 4487 3860 4546 paterna:

2286 4572 2597 4637 declaratio,
2633 4568 2811 4625 Filius
2839 4582 2937 4624 est.
2975 4569 3141 4625 Omne
3166 4575 3302 4626 enim
3326 4573 3465 4642 quod
3498 4574 3726 4641 genitum
3754 4582 3857 4636 est,

2284 4666 2574 4737 genitorem
2608 4671 2777 4718 suum
2810 4665 2974 4717 tacita
3003 4664 3234 4734 quadam
3276 4680 3396 4717 voce
3440 4663 3647 4731 deﬁnit.
3690 4661 3862 4734 Igitur

2285 4757 2549 4819 definitio,
2574 4756 2720 4827 ὅρος,
2747 4764 2954 4809 natura;
2995 4765 3239 4825 paternae
3269 4773 3333 4811 ac
3357 4756 3703 4826 proprietatis
3735 4758 3857 4811 ideo

2283 4847 2455 4904 Filius
2485 4847 2707 4912 dicitur,
2742 4848 3001 4918 quoniam
3050 4862 3310 4915 expressa
3345 4858 3427 4901 est
3469 4848 3609 4902 illius
3653 4850 3867 4917 imago,

2282 4955 2511 5011 eamque
2596 4942 3007 5011 complectitur,
3104 4941 3389 5005 continet,
3463 4943 3867 5011 esplieatque;

2283 5036 2742 5106 quemadmodum
2770 5034 3016 5089 definitio
3046 5049 3160 5089 rem
3191 5035 3459 5091 definitam
3500 5037 3755 5105 explicat,
3797 5048 3859 5093 et

2283 5128 2443 5185 eflicit
2477 5136 2536 5182 ut
2575 5143 2637 5184 ea
2683 5137 2866 5182 mente
2918 5127 3167 5195 capiatur
3209 5138 3263 5181 et
3308 5128 3673 5196 intelligatur:
3695 5128 3853 5196 Quod

2282 5223 2503 5293 quidem
2532 5221 2715 5293 aliqua
2742 5236 2808 5275 ex
2837 5232 2990 5291 parte
3018 5222 3327 5292 exprimere
3356 5223 3642 5275 voluerunt
3678 5221 3853 5277 haere-

2285 5316 2397 5382 tici,
2434 5316 2641 5371 aieutes
2671 5314 2851 5371 Horon
2877 5315 2927 5369 in
2954 5318 3195 5385 imagine
3224 5315 3400 5371 Patris
3430 5315 3628 5379 emitti,
3660 5313 3853 5369 Plero-

2283 5408 2446 5464 matis
2471 5408 2808 5464 Horotheten
2840 5424 2980 5473 esse,
3019 5410 3164 5477 quod
3195 5423 3278 5464 est
3306 5410 3648 5464 divinitatem
3690 5408 3757 5461 ab
3784 5422 3854 5462 eo

2282 5500 2502 5557 definiri
2533 5516 2598 5557 ac
2624 5501 2916 5565 declarari,
2957 5501 3171 5569 aliaque
3201 5501 3322 5555 Filii
3354 5500 3446 5554 Dei
3477 5500 3693 5553 nomina
3726 5498 3856 5552 huic

2282 5604 2549 5663 aptantes,
2582 5604 2709 5664 puta
2754 5594 3048 5666 ).υτρωτοῦ,
3087 5593 3465 5663 Redemptoris,
3503 5588 3851 5663 Καρπιστοῠ,

2280 5686 2519 5753 vindicis,
2563 5696 2671 5741 etc.
2708 5684 2813 5740 Sed
2864 5688 2948 5741 his
2997 5700 3102 5739 non
3139 5686 3400 5748 contenti,
3434 5683 3645 5737 fabulas
3679 5680 3849 5751 Egy-

2280 5781 2488 5851 ptiacas
2507 5780 2558 5832 in
2577 5779 2874 5833 subsidium
2895 5788 3182 5841 vocarunt,
3203 5785 3255 5831 et
3282 5792 3401 5847 quze
3424 5776 3686 5832 catholica
3716 5774 3855 5828 fides

2282 5870 2511 5929 deVerbi
2532 5871 2696 5927 divini
2712 5872 3061 5942 generatione
3078 5870 3252 5936 docet,
3272 5868 3467 5924 misere
3482 5864 3859 5924 defmdaruut.
