  <div class='ocr_page' id='page_1' title='image "/cluster/home/n/w/nwhite01/storage/ocr_20150623/7 pars.1/pst.000005711833/046.png"; bbox 0 0 4180 6332; ppageno 0'>
   <div class='ocr_carea' id='block_1_1' title="bbox 330 377 3590 454">
    <p class='ocr_par' dir='ltr' id='par_1_1' title="bbox 330 377 3590 454">
     <span class='ocr_line' id='line_1_1' title="bbox 330 377 3590 454; baseline -0.004 -1"><span class='ocrx_word' id='word_1_1' title='bbox 330 389 399 453; x_wconf 74' lang='lat'><strong>65</strong></span> <span class='ocrx_word' id='word_1_2' title='bbox 1256 388 1718 447; x_wconf 73' lang='lat' dir='ltr'><strong>DISSERTATIO</strong></span> <span class='ocrx_word' id='word_1_3' title='bbox 1754 389 1799 454; x_wconf 88' lang='grc' dir='ltr'>ι,</span> <span class='ocrx_word' id='word_1_4' title='bbox 1841 383 2001 442; x_wconf 74' lang='lat' dir='ltr'><strong>ART.</strong></span> <span class='ocrx_word' id='word_1_5' title='bbox 2049 387 2090 451; x_wconf 91' lang='grc' dir='ltr'>ι,</span> <span class='ocrx_word' id='word_1_6' title='bbox 2129 384 2216 440; x_wconf 86' lang='lat' dir='ltr'><strong>DE</strong></span> <span class='ocrx_word' id='word_1_7' title='bbox 2252 377 2660 441; x_wconf 79' lang='lat' dir='ltr'><strong>VALENTINO.</strong></span> <span class='ocrx_word' id='word_1_8' title='bbox 3522 381 3590 440; x_wconf 76' lang='lat'><strong>68</strong></span> 
     </span>
    </p>
   </div>
   <div class='ocr_carea' id='block_1_2' title="bbox 400 501 3590 588">
    <p class='ocr_par' dir='ltr' id='par_1_2' title="bbox 400 501 3590 588">
     <span class='ocr_line' id='line_1_2' title="bbox 400 501 3590 588; baseline -0.004 -17"><span class='ocrx_word' id='word_1_9' title='bbox 400 522 489 576; x_wconf 75' lang='grc'><strong>47,</strong></span> <span class='ocrx_word' id='word_1_10' title='bbox 535 519 738 577; x_wconf 83' lang='lat' dir='ltr'><strong>Eodem</strong></span> <span class='ocrx_word' id='word_1_11' title='bbox 768 519 1042 588; x_wconf 73' lang='lat' dir='ltr'><strong>sacrilegii</strong></span> <span class='ocrx_word' id='word_1_12' title='bbox 1073 533 1272 588; x_wconf 74' lang='lat' dir='ltr'><strong>genere</strong></span> <span class='ocrx_word' id='word_1_13' title='bbox 1295 518 1572 573; x_wconf 80' lang='lat' dir='ltr'><strong>Christum</strong></span> <span class='ocrx_word' id='word_1_14' title='bbox 1605 519 1673 572; x_wconf 80' lang='lat' dir='ltr'><strong>ab</strong></span> <span class='ocrx_word' id='word_1_15' title='bbox 1700 514 1904 584; x_wconf 74' lang='lat' dir='ltr'><strong>Unige-</strong></span> <span class='ocrx_word' id='word_1_16' title='bbox 1934 512 1980 571; x_wconf 78' lang='grc' dir='ltr'><strong>Α</strong></span> <span class='ocrx_word' id='word_1_17' title='bbox 2010 506 2352 572; x_wconf 76' lang='lat' dir='ltr'><strong>faterentur;</strong></span> <span class='ocrx_word' id='word_1_18' title='bbox 2410 506 2499 560; x_wconf 98' lang='lat' dir='ltr'><strong>alii</strong></span> <span class='ocrx_word' id='word_1_19' title='bbox 2545 521 2675 561; x_wconf 90' lang='lat' dir='ltr'><strong>vero</strong></span> <span class='ocrx_word' id='word_1_20' title='bbox 2719 506 2843 562; x_wconf 90' lang='lat' dir='ltr'><strong>dum</strong></span> <span class='ocrx_word' id='word_1_21' title='bbox 2887 502 3162 576; x_wconf 82' lang='lat' dir='ltr'><strong>duplicem</strong></span> <span class='ocrx_word' id='word_1_22' title='bbox 3207 501 3378 560; x_wconf 87' lang='lat' dir='ltr'><strong>Deum</strong></span> <span class='ocrx_word' id='word_1_23' title='bbox 3423 501 3590 560; x_wconf 72' lang='lat' dir='ltr'><strong>lateri</strong></span> 
     </span>
    </p>
   </div>
   <div class='ocr_carea' id='block_1_3' title="bbox 331 607 1902 680">
    <p class='ocr_par' dir='ltr' id='par_1_3' title="bbox 331 607 1902 680">
     <span class='ocr_line' id='line_1_3' title="bbox 331 607 1902 680; baseline -0.005 -10"><span class='ocrx_word' id='word_1_24' title='bbox 331 615 464 680; x_wconf 89' lang='lat' dir='ltr'><strong>nito,</strong></span> <span class='ocrx_word' id='word_1_25' title='bbox 521 612 690 675; x_wconf 81' lang='lat' dir='ltr'><strong>Horo.</strong></span> <span class='ocrx_word' id='word_1_26' title='bbox 731 611 926 674; x_wconf 80' lang='lat' dir='ltr'><strong>Verbo,</strong></span> <span class='ocrx_word' id='word_1_27' title='bbox 962 611 1246 665; x_wconf 83' lang='lat' dir='ltr'><strong>Salvatore</strong></span> <span class='ocrx_word' id='word_1_28' title='bbox 1290 616 1347 664; x_wconf 91' lang='lat' dir='ltr'><strong>et</strong></span> <span class='ocrx_word' id='word_1_29' title='bbox 1392 609 1518 663; x_wconf 89' lang='lat' dir='ltr'><strong>.lesu</strong></span> <span class='ocrx_word' id='word_1_30' title='bbox 1572 607 1902 674; x_wconf 79' lang='lat' dir='ltr'><strong>dividentes,</strong></span> 
     </span>
    </p>
   </div>
   <div class='ocr_carea' id='block_1_4' title="bbox 331 701 1906 774">
    <p class='ocr_par' dir='ltr' id='par_1_4' title="bbox 331 701 1906 774">
     <span class='ocr_line' id='line_1_4' title="bbox 331 701 1906 774; baseline -0.006 -10"><span class='ocrx_word' id='word_1_31' title='bbox 331 709 607 764; x_wconf 68' lang='lat' dir='ltr'><strong>ﬁnxerunt</strong></span> <span class='ocrx_word' id='word_1_32' title='bbox 641 706 871 761; x_wconf 89' lang='lat' dir='ltr'><strong>alterum</strong></span> <span class='ocrx_word' id='word_1_33' title='bbox 908 719 1005 774; x_wconf 87' lang='lat' dir='ltr'><strong>par</strong></span> <span class='ocrx_word' id='word_1_34' title='bbox 1040 702 1301 767; x_wconf 67' lang='lat' dir='ltr'><strong>Eonum,</strong></span> <span class='ocrx_word' id='word_1_35' title='bbox 1330 701 1604 758; x_wconf 79' lang='lat' dir='ltr'><strong>Christum</strong></span> <span class='ocrx_word' id='word_1_36' title='bbox 1647 713 1702 756; x_wconf 90' lang='lat' dir='ltr'><strong>et</strong></span> <span class='ocrx_word' id='word_1_37' title='bbox 1735 702 1906 771; x_wconf 84' lang='lat' dir='ltr'><strong>Spiri-</strong></span> 
     </span>
    </p>
   </div>
   <div class='ocr_carea' id='block_1_5' title="bbox 335 796 1902 867">
    <p class='ocr_par' dir='ltr' id='par_1_5' title="bbox 335 796 1902 867">
     <span class='ocr_line' id='line_1_5' title="bbox 335 796 1902 867; baseline -0.003 -13"><span class='ocrx_word' id='word_1_38' title='bbox 335 810 440 855; x_wconf 90' lang='lat' dir='ltr'><strong>tum</strong></span> <span class='ocrx_word' id='word_1_39' title='bbox 475 809 726 854; x_wconf 91' lang='lat' dir='ltr'><strong>sanctum</strong></span> <span class='ocrx_word' id='word_1_40' title='bbox 761 817 788 852; x_wconf 90' lang='lat' dir='ltr'><strong>a</strong></span> <span class='ocrx_word' id='word_1_41' title='bbox 834 797 1135 867; x_wconf 82' lang='lat' dir='ltr'><strong>Monogene</strong></span> <span class='ocrx_word' id='word_1_42' title='bbox 1175 797 1469 853; x_wconf 90' lang='lat' dir='ltr'><strong>secundum</strong></span> <span class='ocrx_word' id='word_1_43' title='bbox 1503 796 1902 865; x_wconf 84' lang='lat' dir='ltr'><strong>providentiam</strong></span> 
     </span>
    </p>
   </div>
   <div class='ocr_carea' id='block_1_6' title="bbox 332 887 1908 957">
    <p class='ocr_par' dir='ltr' id='par_1_6' title="bbox 332 887 1908 957">
     <span class='ocr_line' id='line_1_6' title="bbox 332 887 1908 957; baseline -0.002 -9"><span class='ocrx_word' id='word_1_44' title='bbox 332 891 511 948; x_wconf 83' lang='lat' dir='ltr'><strong>Patris</strong></span> <span class='ocrx_word' id='word_1_45' title='bbox 563 894 795 949; x_wconf 88' lang='lat' dir='ltr'><strong>emissos</strong></span> <span class='ocrx_word' id='word_1_46' title='bbox 842 890 1050 956; x_wconf 84' lang='lat' dir='ltr'><strong>fuisse;</strong></span> <span class='ocrx_word' id='word_1_47' title='bbox 1107 891 1282 957; x_wconf 88' lang='lat' dir='ltr'><strong>illum,</strong></span> <span class='ocrx_word' id='word_1_48' title='bbox 1327 900 1387 946; x_wconf 89' lang='lat' dir='ltr'><strong>ut</strong></span> <span class='ocrx_word' id='word_1_49' title='bbox 1437 887 1638 947; x_wconf 66' lang='lat' dir='ltr'><strong>Eones</strong></span> <span class='ocrx_word' id='word_1_50' title='bbox 1686 891 1908 945; x_wconf 83' lang='lat' dir='ltr'><strong>doceret</strong></span> 
     </span>
    </p>
   </div>
   <div class='ocr_carea' id='block_1_7' title="bbox 332 984 1908 1057">
    <p class='ocr_par' dir='ltr' id='par_1_7' title="bbox 332 984 1908 1057">
     <span class='ocr_line' id='line_1_7' title="bbox 332 984 1908 1057; baseline -0.001 -15"><span class='ocrx_word' id='word_1_51' title='bbox 332 986 608 1057; x_wconf 82' lang='lat' dir='ltr'><strong>Unigeniti</strong></span> <span class='ocrx_word' id='word_1_52' title='bbox 655 985 824 1047; x_wconf 87' lang='lat' dir='ltr'><strong>solius</strong></span> <span class='ocrx_word' id='word_1_53' title='bbox 859 985 1023 1040; x_wconf 86' lang='lat' dir='ltr'><strong>menti</strong></span> <span class='ocrx_word' id='word_1_54' title='bbox 1077 986 1321 1054; x_wconf 89' lang='lat' dir='ltr'><strong>pervium</strong></span> <span class='ocrx_word' id='word_1_55' title='bbox 1367 1000 1488 1040; x_wconf 86' lang='lat' dir='ltr'><strong>esse</strong></span> <span class='ocrx_word' id='word_1_56' title='bbox 1528 984 1771 1050; x_wconf 85' lang='lat' dir='ltr'><strong>Patrem,</strong></span> <span class='ocrx_word' id='word_1_57' title='bbox 1806 1000 1908 1040; x_wconf 92' lang='lat' dir='ltr'><strong>nec</strong></span> 
     </span>
    </p>
   </div>
   <div class='ocr_carea' id='block_1_8' title="bbox 334 1072 1908 1150">
    <p class='ocr_par' dir='ltr' id='par_1_8' title="bbox 334 1072 1908 1150">
     <span class='ocr_line' id='line_1_8' title="bbox 334 1072 1908 1150; baseline -0.001 -15"><span class='ocrx_word' id='word_1_58' title='bbox 334 1097 360 1135; x_wconf 88' lang='lat' dir='ltr'><strong>a</strong></span> <span class='ocrx_word' id='word_1_59' title='bbox 388 1096 660 1149; x_wconf 87' lang='lat' dir='ltr'><strong>quoquam</strong></span> <span class='ocrx_word' id='word_1_60' title='bbox 689 1080 889 1148; x_wconf 89' lang='lat' dir='ltr'><strong>percipi</strong></span> <span class='ocrx_word' id='word_1_61' title='bbox 921 1086 1011 1132; x_wconf 90' lang='lat' dir='ltr'><strong>aut</strong></span> <span class='ocrx_word' id='word_1_62' title='bbox 1043 1079 1294 1148; x_wconf 83' lang='lat' dir='ltr'><strong>intelligi,</strong></span> <span class='ocrx_word' id='word_1_63' title='bbox 1323 1079 1425 1132; x_wconf 91' lang='lat' dir='ltr'><strong>nisi</strong></span> <span class='ocrx_word' id='word_1_64' title='bbox 1465 1072 1788 1150; x_wconf 45' lang='lat' dir='ltr'><strong>&#39;Monogenis</strong></span> <span class='ocrx_word' id='word_1_65' title='bbox 1815 1078 1908 1134; x_wconf 91' lang='lat' dir='ltr'><strong>be-</strong></span> 
     </span>
    </p>
   </div>
   <div class='ocr_carea' id='block_1_9' title="bbox 334 1169 1908 1240">
    <p class='ocr_par' dir='ltr' id='par_1_9' title="bbox 334 1169 1908 1240">
     <span class='ocr_line' id='line_1_9' title="bbox 334 1169 1908 1240; baseline -0.001 -12"><span class='ocrx_word' id='word_1_66' title='bbox 334 1173 551 1238; x_wconf 78' lang='lat' dir='ltr'><strong>neﬁcio,</strong></span> <span class='ocrx_word' id='word_1_67' title='bbox 606 1187 799 1240; x_wconf 87' lang='lat' dir='ltr'><strong>posse;</strong></span> <span class='ocrx_word' id='word_1_68' title='bbox 858 1172 1000 1225; x_wconf 91' lang='lat' dir='ltr'><strong>hunc</strong></span> <span class='ocrx_word' id='word_1_69' title='bbox 1045 1186 1193 1230; x_wconf 83' lang='lat' dir='ltr'><strong>vero,</strong></span> <span class='ocrx_word' id='word_1_70' title='bbox 1251 1181 1310 1225; x_wconf 91' lang='lat' dir='ltr'><strong>ut</strong></span> <span class='ocrx_word' id='word_1_71' title='bbox 1347 1169 1559 1226; x_wconf 68' lang='lat' dir='ltr'><strong>Aiones</strong></span> <span class='ocrx_word' id='word_1_72' title='bbox 1600 1186 1788 1225; x_wconf 91' lang='lat' dir='ltr'><strong>omnes</strong></span> <span class='ocrx_word' id='word_1_73' title='bbox 1839 1171 1908 1226; x_wconf 90' lang='lat' dir='ltr'><strong>ad</strong></span> 
     </span>
    </p>
   </div>
   <div class='ocr_carea' id='block_1_10' title="bbox 332 1263 1908 1337">
    <p class='ocr_par' dir='ltr' id='par_1_10' title="bbox 332 1263 1908 1337">
     <span class='ocr_line' id='line_1_10' title="bbox 332 1263 1908 1337; baseline -0.002 -15"><span class='ocrx_word' id='word_1_74' title='bbox 332 1265 696 1337; x_wconf 62' lang='lat' dir='ltr'><strong>aequalitatem</strong></span> <span class='ocrx_word' id='word_1_75' title='bbox 748 1264 1047 1334; x_wconf 81' lang='lat' dir='ltr'><strong>redigeret,</strong></span> <span class='ocrx_word' id='word_1_76' title='bbox 1090 1279 1389 1332; x_wconf 90' lang='lat' dir='ltr'><strong>omnesque</strong></span> <span class='ocrx_word' id='word_1_77' title='bbox 1434 1263 1675 1334; x_wconf 83' lang='lat' dir='ltr'><strong>ejusdem</strong></span> <span class='ocrx_word' id='word_1_78' title='bbox 1717 1263 1908 1319; x_wconf 69' lang='lat' dir='ltr'><strong>formae</strong></span> 
     </span>
    </p>
   </div>
   <div class='ocr_carea' id='block_1_11' title="bbox 333 1357 1909 1427">
    <p class='ocr_par' dir='ltr' id='par_1_11' title="bbox 333 1357 1909 1427">
     <span class='ocr_line' id='line_1_11' title="bbox 333 1357 1909 1427; baseline -0.001 -14"><span class='ocrx_word' id='word_1_79' title='bbox 333 1370 384 1413; x_wconf 88' lang='lat' dir='ltr'><strong>et</strong></span> <span class='ocrx_word' id='word_1_80' title='bbox 413 1360 577 1413; x_wconf 88' lang='lat' dir='ltr'><strong>animi</strong></span> <span class='ocrx_word' id='word_1_81' title='bbox 607 1357 867 1422; x_wconf 80' lang='lat' dir='ltr'><strong>efficeret,</strong></span> <span class='ocrx_word' id='word_1_82' title='bbox 903 1367 958 1412; x_wconf 92' lang='lat' dir='ltr'><strong>ut</strong></span> <span class='ocrx_word' id='word_1_83' title='bbox 985 1357 1223 1411; x_wconf 82' lang='lat' dir='ltr'><strong>universi</strong></span> <span class='ocrx_word' id='word_1_84' title='bbox 1264 1358 1470 1427; x_wconf 86' lang='lat' dir='ltr'><strong>pariter</strong></span> <span class='ocrx_word' id='word_1_85' title='bbox 1500 1367 1555 1411; x_wconf 89' lang='lat' dir='ltr'><strong>et</strong></span> <span class='ocrx_word' id='word_1_86' title='bbox 1589 1357 1791 1412; x_wconf 83' lang='lat' dir='ltr'><strong>Mcntes</strong></span> <span class='ocrx_word' id='word_1_87' title='bbox 1823 1373 1909 1412; x_wconf 86' lang='lat' dir='ltr'><strong>es-</strong></span> 
     </span>
    </p>
   </div>
   <div class='ocr_carea' id='block_1_12' title="bbox 333 1447 1904 1514">
    <p class='ocr_par' dir='ltr' id='par_1_12' title="bbox 333 1447 1904 1514">
     <span class='ocr_line' id='line_1_12' title="bbox 333 1447 1904 1514; baseline -0.001 -11"><span class='ocrx_word' id='word_1_88' title='bbox 333 1457 472 1514; x_wconf 84' lang='lat' dir='ltr'><strong>sent,</strong></span> <span class='ocrx_word' id='word_1_89' title='bbox 521 1459 575 1502; x_wconf 90' lang='lat' dir='ltr'><strong>et</strong></span> <span class='ocrx_word' id='word_1_90' title='bbox 622 1449 935 1511; x_wconf 86' lang='lat' dir='ltr'><strong>Sermones,</strong></span> <span class='ocrx_word' id='word_1_91' title='bbox 987 1455 1042 1501; x_wconf 91' lang='lat' dir='ltr'><strong>et</strong></span> <span class='ocrx_word' id='word_1_92' title='bbox 1087 1447 1371 1511; x_wconf 88' lang='lat' dir='ltr'><strong>llomines,</strong></span> <span class='ocrx_word' id='word_1_93' title='bbox 1424 1457 1478 1501; x_wconf 86' lang='lat' dir='ltr'><strong>et</strong></span> <span class='ocrx_word' id='word_1_94' title='bbox 1525 1447 1748 1513; x_wconf 87' lang='lat' dir='ltr'><strong>Christi,</strong></span> <span class='ocrx_word' id='word_1_95' title='bbox 1797 1459 1904 1502; x_wconf 90' lang='lat' dir='ltr'><strong>etc.</strong></span> 
     </span>
    </p>
   </div>
   <div class='ocr_carea' id='block_1_13' title="bbox 334 1539 1906 1610">
    <p class='ocr_par' dir='ltr' id='par_1_13' title="bbox 334 1539 1906 1610">
     <span class='ocr_line' id='line_1_13' title="bbox 334 1539 1906 1610; baseline -0.001 -15"><span class='ocrx_word' id='word_1_96' title='bbox 334 1540 536 1610; x_wconf 82' lang='lat' dir='ltr'><strong>Nempe</strong></span> <span class='ocrx_word' id='word_1_97' title='bbox 571 1541 712 1607; x_wconf 88' lang='lat' dir='ltr'><strong>quod</strong></span> <span class='ocrx_word' id='word_1_98' title='bbox 744 1540 796 1592; x_wconf 92' lang='lat' dir='ltr'><strong>in</strong></span> <span class='ocrx_word' id='word_1_99' title='bbox 825 1539 1118 1608; x_wconf 85' lang='lat' dir='ltr'><strong>Evangelio</strong></span> <span class='ocrx_word' id='word_1_100' title='bbox 1148 1539 1401 1594; x_wconf 85' lang='lat' dir='ltr'><strong>Christus</strong></span> <span class='ocrx_word' id='word_1_101' title='bbox 1425 1541 1601 1602; x_wconf 90' lang='lat' dir='ltr'><strong>docet,</strong></span> <span class='ocrx_word' id='word_1_102' title='bbox 1633 1541 1906 1595; x_wconf 87' lang='lat' dir='ltr'><strong>neminem</strong></span> 
     </span>
    </p>
   </div>
   <div class='ocr_carea' id='block_1_14' title="bbox 335 1630 1910 1697">
    <p class='ocr_par' dir='ltr' id='par_1_14' title="bbox 335 1630 1910 1697">
     <span class='ocr_line' id='line_1_14' title="bbox 335 1630 1910 1697; baseline 0.001 -9"><span class='ocrx_word' id='word_1_103' title='bbox 335 1649 492 1689; x_wconf 87' lang='lat' dir='ltr'><strong>nosse</strong></span> <span class='ocrx_word' id='word_1_104' title='bbox 521 1633 762 1697; x_wconf 82' lang='lat' dir='ltr'><strong>Patrem,</strong></span> <span class='ocrx_word' id='word_1_105' title='bbox 793 1632 894 1685; x_wconf 89' lang='lat' dir='ltr'><strong>nisi</strong></span> <span class='ocrx_word' id='word_1_106' title='bbox 920 1630 1139 1696; x_wconf 84' lang='lat' dir='ltr'><strong>Filium,</strong></span> <span class='ocrx_word' id='word_1_107' title='bbox 1171 1641 1225 1686; x_wconf 89' lang='lat' dir='ltr'><strong>et</strong></span> <span class='ocrx_word' id='word_1_108' title='bbox 1247 1633 1333 1686; x_wconf 91' lang='lat' dir='ltr'><strong>cui</strong></span> <span class='ocrx_word' id='word_1_109' title='bbox 1360 1632 1587 1687; x_wconf 83' lang='lat' dir='ltr'><strong>voluerit</strong></span> <span class='ocrx_word' id='word_1_110' title='bbox 1623 1633 1792 1688; x_wconf 83' lang='lat' dir='ltr'><strong>Filius</strong></span> <span class='ocrx_word' id='word_1_111' title='bbox 1825 1653 1910 1689; x_wconf 86' lang='lat' dir='ltr'><strong>re-</strong></span> 
     </span>
    </p>
   </div>
   <div class='ocr_carea' id='block_1_15' title="bbox 334 1722 1903 1796">
    <p class='ocr_par' dir='ltr' id='par_1_15' title="bbox 334 1722 1903 1796">
     <span class='ocr_line' id='line_1_15' title="bbox 334 1722 1903 1796; baseline 0.003 -22"><span class='ocrx_word' id='word_1_112' title='bbox 334 1726 540 1791; x_wconf 85' lang='lat' dir='ltr'><strong>velare;</strong></span> <span class='ocrx_word' id='word_1_113' title='bbox 592 1735 645 1778; x_wconf 84' lang='lat' dir='ltr'><strong>et</strong></span> <span class='ocrx_word' id='word_1_114' title='bbox 703 1724 835 1794; x_wconf 69' lang='lat' dir='ltr'><strong>1uod</strong></span> <span class='ocrx_word' id='word_1_115' title='bbox 883 1722 1101 1796; x_wconf 74' lang='lat' dir='ltr'><strong>[XXle</strong></span> <span class='ocrx_word' id='word_1_116' title='bbox 1164 1723 1270 1778; x_wconf 85' lang='lat' dir='ltr'><strong>fide</strong></span> <span class='ocrx_word' id='word_1_117' title='bbox 1332 1727 1578 1779; x_wconf 84' lang='lat' dir='ltr'><strong>novimus</strong></span> <span class='ocrx_word' id='word_1_118' title='bbox 1645 1725 1903 1795; x_wconf 84' lang='lat' dir='ltr'><strong>Spiritum</strong></span> 
     </span>
    </p>
   </div>
   <div class='ocr_carea' id='block_1_16' title="bbox 335 1818 1909 1888">
    <p class='ocr_par' dir='ltr' id='par_1_16' title="bbox 335 1818 1909 1888">
     <span class='ocr_line' id='line_1_16' title="bbox 335 1818 1909 1888; baseline 0 -15"><span class='ocrx_word' id='word_1_119' title='bbox 335 1829 579 1873; x_wconf 82' lang='lat' dir='ltr'><strong>sanctum</strong></span> <span class='ocrx_word' id='word_1_120' title='bbox 611 1833 731 1872; x_wconf 89' lang='lat' dir='ltr'><strong>esse</strong></span> <span class='ocrx_word' id='word_1_121' title='bbox 771 1818 1095 1872; x_wconf 89' lang='lat' dir='ltr'><strong>charitatem</strong></span> <span class='ocrx_word' id='word_1_122' title='bbox 1129 1827 1182 1872; x_wconf 90' lang='lat' dir='ltr'><strong>et</strong></span> <span class='ocrx_word' id='word_1_123' title='bbox 1211 1835 1453 1873; x_wconf 89' lang='lat' dir='ltr'><strong>amorem</strong></span> <span class='ocrx_word' id='word_1_124' title='bbox 1476 1859 1490 1883; x_wconf 93' lang='lat'><strong>,</strong></span> <span class='ocrx_word' id='word_1_125' title='bbox 1520 1819 1909 1888; x_wconf 85' lang='lat' dir='ltr'><strong>vinculumque</strong></span> 
     </span>
    </p>
   </div>
   <div class='ocr_carea' id='block_1_17' title="bbox 334 1911 1912 1980">
    <p class='ocr_par' dir='ltr' id='par_1_17' title="bbox 334 1911 1912 1980">
     <span class='ocr_line' id='line_1_17' title="bbox 334 1911 1912 1980; baseline -0.001 -13"><span class='ocrx_word' id='word_1_126' title='bbox 334 1913 692 1968; x_wconf 71' lang='lat' dir='ltr'><strong>sanctissima:</strong></span> <span class='ocrx_word' id='word_1_127' title='bbox 721 1911 1028 1978; x_wconf 86' lang='lat' dir='ltr'><strong>Trinitatis,</strong></span> <span class='ocrx_word' id='word_1_128' title='bbox 1073 1926 1137 1966; x_wconf 87' lang='lat' dir='ltr'><strong>ac</strong></span> <span class='ocrx_word' id='word_1_129' title='bbox 1181 1928 1378 1967; x_wconf 77' lang='lat' dir='ltr'><strong>nexum</strong></span> <span class='ocrx_word' id='word_1_130' title='bbox 1423 1928 1531 1980; x_wconf 88' lang='lat' dir='ltr'><strong>quo</strong></span> <span class='ocrx_word' id='word_1_131' title='bbox 1574 1912 1758 1966; x_wconf 66' lang='lat' dir='ltr'><strong>fideles</strong></span> <span class='ocrx_word' id='word_1_132' title='bbox 1787 1928 1912 1966; x_wconf 87' lang='lat' dir='ltr'><strong>con-</strong></span> 
     </span>
    </p>
   </div>
   <div class='ocr_carea' id='block_1_18' title="bbox 335 2002 1912 2077">
    <p class='ocr_par' dir='ltr' id='par_1_18' title="bbox 335 2002 1912 2077">
     <span class='ocr_line' id='line_1_18' title="bbox 335 2002 1912 2077; baseline 0.001 -17"><span class='ocrx_word' id='word_1_133' title='bbox 335 2007 698 2077; x_wconf 80' lang='lat' dir='ltr'><strong>stringuntur,</strong></span> <span class='ocrx_word' id='word_1_134' title='bbox 758 2016 812 2059; x_wconf 85' lang='lat' dir='ltr'><strong>et</strong></span> <span class='ocrx_word' id='word_1_135' title='bbox 864 2020 1030 2058; x_wconf 91' lang='lat' dir='ltr'><strong>unum</strong></span> <span class='ocrx_word' id='word_1_136' title='bbox 1077 2002 1234 2070; x_wconf 81' lang='lat' dir='ltr'><strong>fiunt,</strong></span> <span class='ocrx_word' id='word_1_137' title='bbox 1293 2007 1408 2060; x_wconf 76' lang='lat' dir='ltr'><strong>hth</strong></span> <span class='ocrx_word' id='word_1_138' title='bbox 1454 2007 1912 2061; x_wconf 86' lang='lat' dir='ltr'><strong>comminiscendi</strong></span> 
     </span>
    </p>
   </div>
   <div class='ocr_carea' id='block_1_19' title="bbox 336 2097 1909 2168">
    <p class='ocr_par' dir='ltr' id='par_1_19' title="bbox 336 2097 1909 2168">
     <span class='ocr_line' id='line_1_19' title="bbox 336 2097 1909 2168; baseline 0 -15"><span class='ocrx_word' id='word_1_139' title='bbox 336 2116 520 2153; x_wconf 86' lang='lat' dir='ltr'><strong>ansam</strong></span> <span class='ocrx_word' id='word_1_140' title='bbox 557 2101 934 2166; x_wconf 74' lang='lat' dir='ltr'><strong>prrebnerunt.</strong></span> <span class='ocrx_word' id='word_1_141' title='bbox 971 2097 1313 2152; x_wconf 86' lang='lat' dir='ltr'><strong>Salvatorem</strong></span> <span class='ocrx_word' id='word_1_142' title='bbox 1345 2107 1546 2163; x_wconf 90' lang='lat' dir='ltr'><strong>autem,</strong></span> <span class='ocrx_word' id='word_1_143' title='bbox 1576 2113 1643 2152; x_wconf 81' lang='lat' dir='ltr'><strong>ex</strong></span> <span class='ocrx_word' id='word_1_144' title='bbox 1670 2113 1732 2152; x_wconf 92' lang='lat' dir='ltr'><strong>eo</strong></span> <span class='ocrx_word' id='word_1_145' title='bbox 1767 2099 1909 2168; x_wconf 86' lang='lat' dir='ltr'><strong>quod</strong></span> 
     </span>
    </p>
   </div>
   <div class='ocr_carea' id='block_1_20' title="bbox 336 2190 1907 2264">
    <p class='ocr_par' dir='ltr' id='par_1_20' title="bbox 336 2190 1907 2264">
     <span class='ocr_line' id='line_1_20' title="bbox 336 2190 1907 2264; baseline 0.001 -18"><span class='ocrx_word' id='word_1_146' title='bbox 336 2191 528 2262; x_wconf 80' lang='lat' dir='ltr'><strong>singuli</strong></span> <span class='ocrx_word' id='word_1_147' title='bbox 568 2191 896 2246; x_wconf 85' lang='lat' dir='ltr'><strong>Pleromatis</strong></span> <span class='ocrx_word' id='word_1_148' title='bbox 927 2190 1130 2245; x_wconf 76' lang='lat' dir='ltr'><strong>AZones</strong></span> <span class='ocrx_word' id='word_1_149' title='bbox 1184 2191 1237 2244; x_wconf 89' lang='lat' dir='ltr'><strong>in</strong></span> <span class='ocrx_word' id='word_1_150' title='bbox 1289 2205 1346 2244; x_wconf 90' lang='lat' dir='ltr'><strong>se</strong></span> <span class='ocrx_word' id='word_1_151' title='bbox 1398 2193 1907 2264; x_wconf 54' lang='lat' dir='ltr'><strong>pratstantissimum</strong></span> 
     </span>
    </p>
   </div>
   <div class='ocr_carea' id='block_1_21' title="bbox 337 2283 1910 2355">
    <p class='ocr_par' dir='ltr' id='par_1_21' title="bbox 337 2283 1910 2355">
     <span class='ocr_line' id='line_1_21' title="bbox 337 2283 1910 2355; baseline 0.002 -17"><span class='ocrx_word' id='word_1_152' title='bbox 337 2298 396 2338; x_wconf 81' lang='lat' dir='ltr'><strong>ac</strong></span> <span class='ocrx_word' id='word_1_153' title='bbox 419 2284 873 2339; x_wconf 84' lang='lat' dir='ltr'><strong>ﬂorentissimum</strong></span> <span class='ocrx_word' id='word_1_154' title='bbox 901 2284 1187 2349; x_wconf 85' lang='lat' dir='ltr'><strong>haberent,</strong></span> <span class='ocrx_word' id='word_1_155' title='bbox 1221 2283 1357 2337; x_wconf 86' lang='lat' dir='ltr'><strong>scite</strong></span> <span class='ocrx_word' id='word_1_156' title='bbox 1387 2286 1714 2352; x_wconf 87' lang='lat' dir='ltr'><strong>composito,</strong></span> <span class='ocrx_word' id='word_1_157' title='bbox 1744 2295 1910 2355; x_wconf 89' lang='lat' dir='ltr'><strong>atque</strong></span> 
     </span>
    </p>
   </div>
   <div class='ocr_carea' id='block_1_22' title="bbox 341 2373 1915 2445">
    <p class='ocr_par' dir='ltr' id='par_1_22' title="bbox 341 2373 1915 2445">
     <span class='ocr_line' id='line_1_22' title="bbox 341 2373 1915 2445; baseline 0.001 -17"><span class='ocrx_word' id='word_1_158' title='bbox 341 2376 618 2444; x_wconf 78' lang='lat' dir='ltr'><strong>eleganter</strong></span> <span class='ocrx_word' id='word_1_159' title='bbox 685 2383 979 2440; x_wconf 75' lang='lat' dir='ltr'><strong>contexto,</strong></span> <span class='ocrx_word' id='word_1_160' title='bbox 1041 2389 1137 2429; x_wconf 88' lang='lat' dir='ltr'><strong>ceu</strong></span> <span class='ocrx_word' id='word_1_161' title='bbox 1191 2373 1510 2429; x_wconf 84' lang='lat' dir='ltr'><strong>Pleromatis</strong></span> <span class='ocrx_word' id='word_1_162' title='bbox 1566 2376 1745 2441; x_wconf 90' lang='lat' dir='ltr'><strong>sidus,</strong></span> <span class='ocrx_word' id='word_1_163' title='bbox 1795 2392 1915 2445; x_wconf 89' lang='lat' dir='ltr'><strong>per-</strong></span> 
     </span>
    </p>
   </div>
   <div class='ocr_carea' id='block_1_23' title="bbox 343 2464 1910 2538">
    <p class='ocr_par' dir='ltr' id='par_1_23' title="bbox 343 2464 1910 2538">
     <span class='ocr_line' id='line_1_23' title="bbox 343 2464 1910 2538; baseline 0.001 -19"><span class='ocrx_word' id='word_1_164' title='bbox 343 2465 654 2535; x_wconf 78' lang='lat' dir='ltr'><strong>tectumque</strong></span> <span class='ocrx_word' id='word_1_165' title='bbox 696 2464 955 2529; x_wconf 88' lang='lat' dir='ltr'><strong>fructum,</strong></span> <span class='ocrx_word' id='word_1_166' title='bbox 1002 2480 1065 2520; x_wconf 89' lang='lat' dir='ltr'><strong>ac</strong></span> <span class='ocrx_word' id='word_1_167' title='bbox 1115 2466 1359 2532; x_wconf 85' lang='lat' dir='ltr'><strong>paternis</strong></span> <span class='ocrx_word' id='word_1_168' title='bbox 1386 2464 1620 2519; x_wconf 62' lang='lat' dir='ltr'><strong>[Eonum</strong></span> <span class='ocrx_word' id='word_1_169' title='bbox 1670 2468 1910 2538; x_wconf 87' lang='lat' dir='ltr'><strong>omnium</strong></span> 
     </span>
    </p>
   </div>
   <div class='ocr_carea' id='block_1_24' title="bbox 340 2554 1910 2625">
    <p class='ocr_par' dir='ltr' id='par_1_24' title="bbox 340 2554 1910 2625">
     <span class='ocr_line' id='line_1_24' title="bbox 340 2554 1910 2625; baseline 0.001 -15"><span class='ocrx_word' id='word_1_170' title='bbox 340 2556 651 2611; x_wconf 89' lang='lat' dir='ltr'><strong>nominibus</strong></span> <span class='ocrx_word' id='word_1_171' title='bbox 683 2555 1027 2625; x_wconf 86' lang='lat' dir='ltr'><strong>insignitum,</strong></span> <span class='ocrx_word' id='word_1_172' title='bbox 1060 2556 1111 2608; x_wconf 93' lang='lat' dir='ltr'><strong>in</strong></span> <span class='ocrx_word' id='word_1_173' title='bbox 1140 2554 1316 2610; x_wconf 87' lang='lat' dir='ltr'><strong>lucem</strong></span> <span class='ocrx_word' id='word_1_174' title='bbox 1335 2556 1537 2609; x_wconf 88' lang='lat' dir='ltr'><strong>editum</strong></span> <span class='ocrx_word' id='word_1_175' title='bbox 1572 2555 1910 2624; x_wconf 82' lang='lat' dir='ltr'><strong>effutiebant,</strong></span> 
     </span>
    </p>
   </div>
   <div class='ocr_carea' id='block_1_25' title="bbox 337 2646 1910 2717">
    <p class='ocr_par' dir='ltr' id='par_1_25' title="bbox 337 2646 1910 2717">
     <span class='ocr_line' id='line_1_25' title="bbox 337 2646 1910 2717; baseline 0.003 -16"><span class='ocrx_word' id='word_1_176' title='bbox 337 2651 476 2716; x_wconf 87' lang='lat' dir='ltr'><strong>quod</strong></span> <span class='ocrx_word' id='word_1_177' title='bbox 507 2649 649 2717; x_wconf 90' lang='lat' dir='ltr'><strong>apud</strong></span> <span class='ocrx_word' id='word_1_178' title='bbox 680 2647 999 2716; x_wconf 83' lang='lat' dir='ltr'><strong>Apostolum</strong></span> <span class='ocrx_word' id='word_1_179' title='bbox 1032 2646 1313 2715; x_wconf 84' lang='lat' dir='ltr'><strong>legissent,</strong></span> <span class='ocrx_word' id='word_1_180' title='bbox 1347 2647 1624 2702; x_wconf 89' lang='lat' dir='ltr'><strong>Christum</strong></span> <span class='ocrx_word' id='word_1_181' title='bbox 1664 2659 1910 2704; x_wconf 87' lang='lat' dir='ltr'><strong>nostrum</strong></span> 
     </span>
    </p>
   </div>
   <div class='ocr_carea' id='block_1_26' title="bbox 338 2738 1914 2807">
    <p class='ocr_par' dir='ltr' id='par_1_26' title="bbox 338 2738 1914 2807">
     <span class='ocr_line' id='line_1_26' title="bbox 338 2738 1914 2807; baseline 0.001 -13"><span class='ocrx_word' id='word_1_182' title='bbox 338 2740 566 2795; x_wconf 84' lang='lat' dir='ltr'><strong>inlinitis</strong></span> <span class='ocrx_word' id='word_1_183' title='bbox 602 2740 800 2794; x_wconf 69' lang='lat' dir='ltr'><strong>divinae</strong></span> <span class='ocrx_word' id='word_1_184' title='bbox 838 2739 1120 2807; x_wconf 73' lang='lat' dir='ltr'><strong>sapientia:</strong></span> <span class='ocrx_word' id='word_1_185' title='bbox 1151 2747 1206 2792; x_wconf 87' lang='lat' dir='ltr'><strong>et</strong></span> <span class='ocrx_word' id='word_1_186' title='bbox 1236 2738 1483 2794; x_wconf 76' lang='lat' dir='ltr'><strong>scientia:</strong></span> <span class='ocrx_word' id='word_1_187' title='bbox 1521 2741 1796 2795; x_wconf 87' lang='lat' dir='ltr'><strong>thesauris</strong></span> <span class='ocrx_word' id='word_1_188' title='bbox 1831 2742 1914 2796; x_wconf 93' lang='lat' dir='ltr'><strong>di-</strong></span> 
     </span>
    </p>
   </div>
   <div class='ocr_carea' id='block_1_27' title="bbox 341 2831 1914 2901">
    <p class='ocr_par' dir='ltr' id='par_1_27' title="bbox 341 2831 1914 2901">
     <span class='ocr_line' id='line_1_27' title="bbox 341 2831 1914 2901; baseline 0.003 -15"><span class='ocrx_word' id='word_1_189' title='bbox 341 2843 538 2900; x_wconf 88' lang='lat' dir='ltr'><strong>latum,</strong></span> <span class='ocrx_word' id='word_1_190' title='bbox 581 2841 636 2887; x_wconf 89' lang='lat' dir='ltr'><strong>et</strong></span> <span class='ocrx_word' id='word_1_191' title='bbox 685 2832 737 2886; x_wconf 92' lang='lat' dir='ltr'><strong>in</strong></span> <span class='ocrx_word' id='word_1_192' title='bbox 789 2846 854 2885; x_wconf 88' lang='lat' dir='ltr'><strong>eo</strong></span> <span class='ocrx_word' id='word_1_193' title='bbox 902 2831 1294 2901; x_wconf 87' lang='lat' dir='ltr'><strong>plenitudinem</strong></span> <span class='ocrx_word' id='word_1_194' title='bbox 1331 2847 1547 2885; x_wconf 89' lang='lat' dir='ltr'><strong>omnem</strong></span> <span class='ocrx_word' id='word_1_195' title='bbox 1604 2833 1914 2890; x_wconf 89' lang='lat' dir='ltr'><strong>Divinitatis</strong></span> 
     </span>
    </p>
   </div>
   <div class='ocr_carea' id='block_1_28' title="bbox 339 2924 1915 2995">
    <p class='ocr_par' dir='ltr' id='par_1_28' title="bbox 339 2924 1915 2995">
     <span class='ocr_line' id='line_1_28' title="bbox 339 2924 1915 2995; baseline -0.001 -12"><span class='ocrx_word' id='word_1_196' title='bbox 339 2927 590 2983; x_wconf 89' lang='lat' dir='ltr'><strong>habitare</strong></span> <span class='ocrx_word' id='word_1_197' title='bbox 619 2924 978 2995; x_wconf 86' lang='lat' dir='ltr'><strong>corporaliter</strong></span> <span class='ocrx_word' id='word_1_198' title='bbox 1009 2925 1073 2977; x_wconf 75' lang='grc'><strong>⁸⁸.</strong></span> <span class='ocrx_word' id='word_1_199' title='bbox 1112 2926 1281 2989; x_wconf 80' lang='lat' dir='ltr'><strong>Quem</strong></span> <span class='ocrx_word' id='word_1_200' title='bbox 1315 2924 1443 2979; x_wconf 92' lang='lat' dir='ltr'><strong>dum</strong></span> <span class='ocrx_word' id='word_1_201' title='bbox 1471 2925 1676 2993; x_wconf 80' lang='lat' dir='ltr'><strong>angelis</strong></span> <span class='ocrx_word' id='word_1_202' title='bbox 1713 2926 1915 2981; x_wconf 88' lang='lat' dir='ltr'><strong>satelli-</strong></span> 
     </span>
    </p>
   </div>
   <div class='ocr_carea' id='block_1_29' title="bbox 341 3016 1913 3086">
    <p class='ocr_par' dir='ltr' id='par_1_29' title="bbox 341 3016 1913 3086">
     <span class='ocr_line' id='line_1_29' title="bbox 341 3016 1913 3086; baseline 0 -12"><span class='ocrx_word' id='word_1_203' title='bbox 341 3023 482 3074; x_wconf 81' lang='lat' dir='ltr'><strong>tibus</strong></span> <span class='ocrx_word' id='word_1_204' title='bbox 525 3019 715 3074; x_wconf 89' lang='lat' dir='ltr'><strong>eodem</strong></span> <span class='ocrx_word' id='word_1_205' title='bbox 771 3027 1016 3086; x_wconf 90' lang='lat' dir='ltr'><strong>tempore</strong></span> <span class='ocrx_word' id='word_1_206' title='bbox 1057 3016 1337 3084; x_wconf 89' lang='lat' dir='ltr'><strong>productis</strong></span> <span class='ocrx_word' id='word_1_207' title='bbox 1397 3017 1655 3086; x_wconf 89' lang='lat' dir='ltr'><strong>stipatum</strong></span> <span class='ocrx_word' id='word_1_208' title='bbox 1708 3020 1913 3075; x_wconf 86' lang='lat' dir='ltr'><strong>descri-</strong></span> 
     </span>
    </p>
   </div>
   <div class='ocr_carea' id='block_1_30' title="bbox 342 3106 1914 3182">
    <p class='ocr_par' dir='ltr' id='par_1_30' title="bbox 342 3106 1914 3182">
     <span class='ocr_line' id='line_1_30' title="bbox 342 3106 1914 3182; baseline 0.001 -16"><span class='ocrx_word' id='word_1_209' title='bbox 342 3113 489 3175; x_wconf 82' lang='lat' dir='ltr'><strong>bunt,</strong></span> <span class='ocrx_word' id='word_1_210' title='bbox 530 3111 728 3180; x_wconf 66' lang='lat' dir='ltr'><strong>Partim</strong></span> <span class='ocrx_word' id='word_1_211' title='bbox 778 3106 1158 3176; x_wconf 78' lang='lat' dir='ltr'><strong>Evangelium,</strong></span> <span class='ocrx_word' id='word_1_212' title='bbox 1197 3108 1250 3160; x_wconf 90' lang='lat' dir='ltr'><strong>in</strong></span> <span class='ocrx_word' id='word_1_213' title='bbox 1301 3123 1409 3177; x_wconf 91' lang='lat' dir='ltr'><strong>quo</strong></span> <span class='ocrx_word' id='word_1_214' title='bbox 1454 3111 1650 3180; x_wconf 83' lang='lat' dir='ltr'><strong>legitur</strong></span> <span class='ocrx_word' id='word_1_215' title='bbox 1690 3113 1914 3182; x_wconf 86' lang='lat' dir='ltr'><strong>angelos</strong></span> 
     </span>
    </p>
   </div>
   <div class='ocr_carea' id='block_1_31' title="bbox 2011 590 3590 670">
    <p class='ocr_par' dir='ltr' id='par_1_31' title="bbox 2011 590 3590 670">
     <span class='ocr_line' id='line_1_31' title="bbox 2011 590 3590 670; baseline -0.002 -18"><span class='ocrx_word' id='word_1_216' title='bbox 2011 600 2207 653; x_wconf 89' lang='lat' dir='ltr'><strong>merito</strong></span> <span class='ocrx_word' id='word_1_217' title='bbox 2271 597 2738 670; x_wconf 82' lang='lat' dir='ltr'><strong>reformidabant,</strong></span> <span class='ocrx_word' id='word_1_218' title='bbox 2789 597 2954 652; x_wconf 81' lang='lat' dir='ltr'><strong>aliam</strong></span> <span class='ocrx_word' id='word_1_219' title='bbox 3009 590 3281 651; x_wconf 86' lang='lat' dir='ltr'><strong>divinitati</strong></span> <span class='ocrx_word' id='word_1_220' title='bbox 3326 591 3590 663; x_wconf 66' lang='lat' dir='ltr'><strong>iniuriam</strong></span> 
     </span>
    </p>
   </div>
   <div class='ocr_carea' id='block_1_32' title="bbox 2007 685 3591 758">
    <p class='ocr_par' dir='ltr' id='par_1_32' title="bbox 2007 685 3591 758">
     <span class='ocr_line' id='line_1_32' title="bbox 2007 685 3591 758; baseline 0 -16"><span class='ocrx_word' id='word_1_221' title='bbox 2007 688 2217 743; x_wconf 87' lang='lat' dir='ltr'><strong>inferre</strong></span> <span class='ocrx_word' id='word_1_222' title='bbox 2242 689 2402 743; x_wconf 87' lang='lat' dir='ltr'><strong>veriti</strong></span> <span class='ocrx_word' id='word_1_223' title='bbox 2433 703 2537 743; x_wconf 91' lang='lat' dir='ltr'><strong>non</strong></span> <span class='ocrx_word' id='word_1_224' title='bbox 2567 697 2692 743; x_wconf 88' lang='lat' dir='ltr'><strong>sunt</strong></span> <span class='ocrx_word' id='word_1_225' title='bbox 2719 702 2731 738; x_wconf 93' lang='lat'>:</span> <span class='ocrx_word' id='word_1_226' title='bbox 2766 697 3008 743; x_wconf 89' lang='lat' dir='ltr'><strong>statuere</strong></span> <span class='ocrx_word' id='word_1_227' title='bbox 3053 689 3323 757; x_wconf 85' lang='lat' dir='ltr'><strong>siquidem</strong></span> <span class='ocrx_word' id='word_1_228' title='bbox 3367 685 3591 758; x_wconf 75' lang='lat' dir='ltr'><strong>angelos</strong></span> 
     </span>
    </p>
   </div>
   <div class='ocr_carea' id='block_1_33' title="bbox 2006 779 3590 850">
    <p class='ocr_par' dir='ltr' id='par_1_33' title="bbox 2006 779 3590 850">
     <span class='ocr_line' id='line_1_33' title="bbox 2006 779 3590 850; baseline 0.003 -18"><span class='ocrx_word' id='word_1_229' title='bbox 2006 789 2066 833; x_wconf 92' lang='lat' dir='ltr'><strong>ut</strong></span> <span class='ocrx_word' id='word_1_230' title='bbox 2093 781 2281 835; x_wconf 89' lang='lat' dir='ltr'><strong>mundi</strong></span> <span class='ocrx_word' id='word_1_231' title='bbox 2308 790 2582 846; x_wconf 88' lang='lat' dir='ltr'><strong>auctores,</strong></span> <span class='ocrx_word' id='word_1_232' title='bbox 2609 780 2687 834; x_wconf 90' lang='lat' dir='ltr'><strong>sic</strong></span> <span class='ocrx_word' id='word_1_233' title='bbox 2711 789 2762 833; x_wconf 89' lang='lat' dir='ltr'><strong>et</strong></span> <span class='ocrx_word' id='word_1_234' title='bbox 2788 779 3053 834; x_wconf 86' lang='lat' dir='ltr'><strong>malorum</strong></span> <span class='ocrx_word' id='word_1_235' title='bbox 3081 781 3320 834; x_wconf 91' lang='lat' dir='ltr'><strong>omnium</strong></span> <span class='ocrx_word' id='word_1_236' title='bbox 3343 779 3590 850; x_wconf 75' lang='lat' dir='ltr'><strong>opiﬁces.</strong></span> 
     </span>
    </p>
   </div>
   <div class='ocr_carea' id='block_1_34' title="bbox 2009 869 3593 936">
    <p class='ocr_par' dir='ltr' id='par_1_34' title="bbox 2009 869 3593 936">
     <span class='ocr_line' id='line_1_34' title="bbox 2009 869 3593 936; baseline 0.001 -13"><span class='ocrx_word' id='word_1_237' title='bbox 2009 869 2139 936; x_wconf 72' lang='lat' dir='ltr'><strong>Qum</strong></span> <span class='ocrx_word' id='word_1_238' title='bbox 2167 882 2412 926; x_wconf 87' lang='lat' dir='ltr'><strong>veterum</strong></span> <span class='ocrx_word' id='word_1_239' title='bbox 2443 871 2688 924; x_wconf 87' lang='lat' dir='ltr'><strong>omnium</strong></span> <span class='ocrx_word' id='word_1_240' title='bbox 2726 870 3134 936; x_wconf 89' lang='lat' dir='ltr'><strong>Gnosticorum,</strong></span> <span class='ocrx_word' id='word_1_241' title='bbox 3180 870 3440 932; x_wconf 87' lang='lat' dir='ltr'><strong>Simonis,</strong></span> <span class='ocrx_word' id='word_1_242' title='bbox 3484 869 3593 925; x_wconf 80' lang='lat' dir='ltr'><strong>Me-</strong></span> 
     </span>
    </p>
   </div>
   <div class='ocr_carea' id='block_1_35' title="bbox 2009 964 3594 1036">
    <p class='ocr_par' dir='ltr' id='par_1_35' title="bbox 2009 964 3594 1036">
     <span class='ocr_line' id='line_1_35' title="bbox 2009 964 3594 1036; baseline 0.002 -19"><span class='ocrx_word' id='word_1_243' title='bbox 2009 965 2227 1030; x_wconf 86' lang='lat' dir='ltr'><strong>nandri,</strong></span> <span class='ocrx_word' id='word_1_244' title='bbox 2251 964 2559 1030; x_wconf 88' lang='lat' dir='ltr'><strong>Saturnini,</strong></span> <span class='ocrx_word' id='word_1_245' title='bbox 2594 964 2939 1034; x_wconf 88' lang='lat' dir='ltr'><strong>aliorumque</strong></span> <span class='ocrx_word' id='word_1_246' title='bbox 2967 981 3196 1036; x_wconf 88' lang='lat' dir='ltr'><strong>quorum</strong></span> <span class='ocrx_word' id='word_1_247' title='bbox 3220 964 3594 1034; x_wconf 66' lang='lat' dir='ltr'><strong>blasphemi“</strong></span> 
     </span>
    </p>
   </div>
   <div class='ocr_carea' id='block_1_36' title="bbox 2011 1056 3594 1128">
    <p class='ocr_par' dir='ltr' id='par_1_36' title="bbox 2011 1056 3594 1128">
     <span class='ocr_line' id='line_1_36' title="bbox 2011 1056 3594 1128; baseline -0.001 -15"><span class='ocrx_word' id='word_1_248' title='bbox 2011 1059 2208 1114; x_wconf 87' lang='lat' dir='ltr'><strong>recitat</strong></span> <span class='ocrx_word' id='word_1_249' title='bbox 2254 1058 2490 1114; x_wconf 66' lang='lat' dir='ltr'><strong>lrenaeus</strong></span> <span class='ocrx_word' id='word_1_250' title='bbox 2541 1059 2634 1112; x_wconf 85' lang='lat' dir='ltr'><strong>lib.</strong></span> <span class='ocrx_word' id='word_1_251' title='bbox 2675 1075 2689 1113; x_wconf 90' lang='lat' dir='ltr'><strong>t</strong></span> <span class='ocrx_word' id='word_1_252' title='bbox 2725 1098 2740 1126; x_wconf 88' lang='lat'><strong>,</strong></span> <span class='ocrx_word' id='word_1_253' title='bbox 2798 1059 2963 1128; x_wconf 90' lang='lat' dir='ltr'><strong>impia</strong></span> <span class='ocrx_word' id='word_1_254' title='bbox 3029 1057 3132 1112; x_wconf 86' lang='lat' dir='ltr'><strong>fuit</strong></span> <span class='ocrx_word' id='word_1_255' title='bbox 3189 1057 3448 1128; x_wconf 87' lang='lat' dir='ltr'><strong>opinatio.</strong></span> <span class='ocrx_word' id='word_1_256' title='bbox 3486 1056 3594 1112; x_wconf 82' lang='lat' dir='ltr'><strong>Sed</strong></span> 
     </span>
    </p>
   </div>
   <div class='ocr_carea' id='block_1_37' title="bbox 2009 1149 3592 1222">
    <p class='ocr_par' dir='ltr' id='par_1_37' title="bbox 2009 1149 3592 1222">
     <span class='ocr_line' id='line_1_37' title="bbox 2009 1149 3592 1222; baseline 0.001 -18"><span class='ocrx_word' id='word_1_257' title='bbox 2009 1154 2139 1221; x_wconf 87' lang='lat' dir='ltr'><strong>quia</strong></span> <span class='ocrx_word' id='word_1_258' title='bbox 2198 1152 2536 1222; x_wconf 86' lang='lat' dir='ltr'><strong>importuna,</strong></span> <span class='ocrx_word' id='word_1_259' title='bbox 2612 1165 2712 1207; x_wconf 89' lang='lat' dir='ltr'><strong>nec</strong></span> <span class='ocrx_word' id='word_1_260' title='bbox 2765 1165 2918 1204; x_wconf 76' lang='lat' dir='ltr'><strong>vanae</strong></span> <span class='ocrx_word' id='word_1_261' title='bbox 2988 1151 3309 1207; x_wconf 86' lang='lat' dir='ltr'><strong>subtilitatis</strong></span> <span class='ocrx_word' id='word_1_262' title='bbox 3383 1149 3592 1206; x_wconf 81' lang='lat' dir='ltr'><strong>artibus</strong></span> 
     </span>
    </p>
   </div>
   <div class='ocr_carea' id='block_1_38' title="bbox 2011 1241 3566 1313">
    <p class='ocr_par' dir='ltr' id='par_1_38' title="bbox 2011 1241 3566 1313">
     <span class='ocr_line' id='line_1_38' title="bbox 2011 1241 3566 1313; baseline -0.003 -15"><span class='ocrx_word' id='word_1_263' title='bbox 2011 1259 2244 1313; x_wconf 80' lang='lat' dir='ltr'><strong>usquam</strong></span> <span class='ocrx_word' id='word_1_264' title='bbox 2296 1243 2584 1307; x_wconf 80' lang='lat' dir='ltr'><strong>eludenda,</strong></span> <span class='ocrx_word' id='word_1_265' title='bbox 2641 1252 2732 1296; x_wconf 88' lang='lat' dir='ltr'><strong>aut</strong></span> <span class='ocrx_word' id='word_1_266' title='bbox 2784 1243 3042 1297; x_wconf 84' lang='lat' dir='ltr'><strong>solvenda</strong></span> <span class='ocrx_word' id='word_1_267' title='bbox 3106 1259 3324 1312; x_wconf 88' lang='lat' dir='ltr'><strong>semper</strong></span> <span class='ocrx_word' id='word_1_268' title='bbox 3382 1241 3566 1296; x_wconf 89' lang='lat' dir='ltr'><strong>rediba</strong></span> 
     </span>
    </p>
   </div>
   <div class='ocr_carea' id='block_1_39' title="bbox 2012 1334 3589 1406">
    <p class='ocr_par' dir='ltr' id='par_1_39' title="bbox 2012 1334 3589 1406">
     <span class='ocr_line' id='line_1_39' title="bbox 2012 1334 3589 1406; baseline -0.002 -16"><span class='ocrx_word' id='word_1_269' title='bbox 2012 1337 2262 1405; x_wconf 79' lang='lat' dir='ltr'><strong>quaestio,</strong></span> <span class='ocrx_word' id='word_1_270' title='bbox 2297 1337 2441 1390; x_wconf 90' lang='lat' dir='ltr'><strong>unde</strong></span> <span class='ocrx_word' id='word_1_271' title='bbox 2489 1337 2669 1406; x_wconf 81' lang='lat' dir='ltr'><strong>angeli</strong></span> <span class='ocrx_word' id='word_1_272' title='bbox 2711 1334 2811 1404; x_wconf 86' lang='lat' dir='ltr'><strong>ipsi</strong></span> <span class='ocrx_word' id='word_1_273' title='bbox 2851 1350 2915 1390; x_wconf 90' lang='lat' dir='ltr'><strong>eo</strong></span> <span class='ocrx_word' id='word_1_274' title='bbox 2958 1350 3131 1404; x_wconf 86' lang='lat' dir='ltr'><strong>usque</strong></span> <span class='ocrx_word' id='word_1_275' title='bbox 3172 1350 3294 1389; x_wconf 92' lang='lat' dir='ltr'><strong>cum</strong></span> <span class='ocrx_word' id='word_1_276' title='bbox 3344 1334 3589 1399; x_wconf 64' lang='lat' dir='ltr'><strong>malitiae,</strong></span> 
     </span>
    </p>
   </div>
   <div class='ocr_carea' id='block_1_40' title="bbox 2014 1427 3594 1499">
    <p class='ocr_par' dir='ltr' id='par_1_40' title="bbox 2014 1427 3594 1499">
     <span class='ocr_line' id='line_1_40' title="bbox 2014 1427 3594 1499; baseline -0.001 -16"><span class='ocrx_word' id='word_1_277' title='bbox 2014 1440 2125 1484; x_wconf 86' lang='lat' dir='ltr'><strong>tum</strong></span> <span class='ocrx_word' id='word_1_278' title='bbox 2156 1430 2414 1499; x_wconf 72' lang='lat' dir='ltr'><strong>potentia:</strong></span> <span class='ocrx_word' id='word_1_279' title='bbox 2446 1429 2704 1484; x_wconf 88' lang='lat' dir='ltr'><strong>devenire</strong></span> <span class='ocrx_word' id='word_1_280' title='bbox 2733 1437 3048 1499; x_wconf 89' lang='lat' dir='ltr'><strong>potuerunt,</strong></span> <span class='ocrx_word' id='word_1_281' title='bbox 3104 1437 3161 1482; x_wconf 93' lang='lat' dir='ltr'><strong>ut</strong></span> <span class='ocrx_word' id='word_1_282' title='bbox 3193 1427 3450 1481; x_wconf 88' lang='lat' dir='ltr'><strong>mundum</strong></span> <span class='ocrx_word' id='word_1_283' title='bbox 3484 1427 3594 1482; x_wconf 90' lang='lat' dir='ltr'><strong>Deo</strong></span> 
     </span>
    </p>
   </div>
   <div class='ocr_carea' id='block_1_41' title="bbox 2012 1520 3590 1592">
    <p class='ocr_par' dir='ltr' id='par_1_41' title="bbox 2012 1520 3590 1592">
     <span class='ocr_line' id='line_1_41' title="bbox 2012 1520 3590 1592; baseline -0.004 -15"><span class='ocrx_word' id='word_1_284' title='bbox 2012 1523 2157 1577; x_wconf 88' lang='lat' dir='ltr'><strong>bono</strong></span> <span class='ocrx_word' id='word_1_285' title='bbox 2188 1523 2271 1577; x_wconf 86' lang='lat' dir='ltr'><strong>vel</strong></span> <span class='ocrx_word' id='word_1_286' title='bbox 2301 1524 2492 1588; x_wconf 88' lang='lat' dir='ltr'><strong>invito,</strong></span> <span class='ocrx_word' id='word_1_287' title='bbox 2523 1523 2603 1577; x_wconf 85' lang='lat' dir='ltr'><strong>vcl</strong></span> <span class='ocrx_word' id='word_1_288' title='bbox 2644 1538 2745 1576; x_wconf 90' lang='lat' dir='ltr'><strong>non</strong></span> <span class='ocrx_word' id='word_1_289' title='bbox 2779 1530 3112 1592; x_wconf 81' lang='lat' dir='ltr'><strong>repugnante</strong></span> <span class='ocrx_word' id='word_1_290' title='bbox 3151 1534 3202 1574; x_wconf 91' lang='lat' dir='ltr'><strong>et</strong></span> <span class='ocrx_word' id='word_1_291' title='bbox 3236 1520 3590 1584; x_wconf 87' lang='lat' dir='ltr'><strong>fabricarent,</strong></span> 
     </span>
    </p>
   </div>
   <div class='ocr_carea' id='block_1_42' title="bbox 2016 1614 3594 1682">
    <p class='ocr_par' dir='ltr' id='par_1_42' title="bbox 2016 1614 3594 1682">
     <span class='ocr_line' id='line_1_42' title="bbox 2016 1614 3594 1682; baseline -0.003 -13"><span class='ocrx_word' id='word_1_292' title='bbox 2016 1629 2072 1669; x_wconf 90' lang='lat' dir='ltr'><strong>et</strong></span> <span class='ocrx_word' id='word_1_293' title='bbox 2103 1617 2258 1671; x_wconf 87' lang='lat' dir='ltr'><strong>malis</strong></span> <span class='ocrx_word' id='word_1_294' title='bbox 2285 1616 2754 1682; x_wconf 84' lang='lat' dir='ltr'><strong>contaminarent;</strong></span> <span class='ocrx_word' id='word_1_295' title='bbox 2785 1619 2927 1669; x_wconf 88' lang='lat' dir='ltr'><strong>hanc</strong></span> <span class='ocrx_word' id='word_1_296' title='bbox 2962 1614 3270 1667; x_wconf 80' lang='lat' dir='ltr'><strong>fabularum</strong></span> <span class='ocrx_word' id='word_1_297' title='bbox 3306 1626 3594 1667; x_wconf 85' lang='lat' dir='ltr'><strong>commen-</strong></span> 
     </span>
    </p>
   </div>
   <div class='ocr_carea' id='block_1_43' title="bbox 2017 1704 3595 1776">
    <p class='ocr_par' dir='ltr' id='par_1_43' title="bbox 2017 1704 3595 1776">
     <span class='ocr_line' id='line_1_43' title="bbox 2017 1704 3595 1776; baseline -0.001 -14"><span class='ocrx_word' id='word_1_298' title='bbox 2017 1709 2119 1776; x_wconf 91' lang='lat' dir='ltr'><strong>tis,</strong></span> <span class='ocrx_word' id='word_1_299' title='bbox 2152 1710 2493 1765; x_wconf 85' lang='lat' dir='ltr'><strong>ccrtissimas</strong></span> <span class='ocrx_word' id='word_1_300' title='bbox 2527 1710 2785 1762; x_wconf 82' lang='lat' dir='ltr'><strong>veritates</strong></span> <span class='ocrx_word' id='word_1_301' title='bbox 2830 1709 3174 1763; x_wconf 89' lang='lat' dir='ltr'><strong>obscurando</strong></span> <span class='ocrx_word' id='word_1_302' title='bbox 3202 1746 3216 1773; x_wconf 91' lang='lat'><strong>,</strong></span> <span class='ocrx_word' id='word_1_303' title='bbox 3245 1704 3500 1775; x_wconf 78' lang='lat' dir='ltr'><strong>expedire</strong></span> <span class='ocrx_word' id='word_1_304' title='bbox 3535 1718 3595 1760; x_wconf 86' lang='lat' dir='ltr'><strong>se</strong></span> 
     </span>
    </p>
   </div>
   <div class='ocr_carea' id='block_1_44' title="bbox 2013 1797 3596 1872">
    <p class='ocr_par' dir='ltr' id='par_1_44' title="bbox 2013 1797 3596 1872">
     <span class='ocr_line' id='line_1_44' title="bbox 2013 1797 3596 1872; baseline -0.003 -15"><span class='ocrx_word' id='word_1_305' title='bbox 2013 1817 2174 1872; x_wconf 86' lang='lat' dir='ltr'><strong>posse</strong></span> <span class='ocrx_word' id='word_1_306' title='bbox 2206 1811 2462 1872; x_wconf 87' lang='lat' dir='ltr'><strong>putarunt</strong></span> <span class='ocrx_word' id='word_1_307' title='bbox 2494 1801 2880 1856; x_wconf 73' lang='lat' dir='ltr'><strong>Valentiniani.</strong></span> <span class='ocrx_word' id='word_1_308' title='bbox 2912 1802 3211 1854; x_wconf 86' lang='lat' dir='ltr'><strong>Audierant</strong></span> <span class='ocrx_word' id='word_1_309' title='bbox 3247 1799 3300 1852; x_wconf 88' lang='lat' dir='ltr'><strong>in</strong></span> <span class='ocrx_word' id='word_1_310' title='bbox 3329 1797 3596 1852; x_wconf 84' lang='lat' dir='ltr'><strong>Christia-</strong></span> 
     </span>
    </p>
   </div>
   <div class='ocr_carea' id='block_1_45' title="bbox 2015 1890 3594 1960">
    <p class='ocr_par' dir='ltr' id='par_1_45' title="bbox 2015 1890 3594 1960">
     <span class='ocr_line' id='line_1_45' title="bbox 2015 1890 3594 1960; baseline -0.003 -11"><span class='ocrx_word' id='word_1_311' title='bbox 2015 1910 2206 1949; x_wconf 90' lang='lat' dir='ltr'><strong>norum</strong></span> <span class='ocrx_word' id='word_1_312' title='bbox 2230 1895 2448 1958; x_wconf 88' lang='lat' dir='ltr'><strong>scholis,</strong></span> <span class='ocrx_word' id='word_1_313' title='bbox 2471 1893 2682 1947; x_wconf 90' lang='lat' dir='ltr'><strong>initium</strong></span> <span class='ocrx_word' id='word_1_314' title='bbox 2717 1893 2891 1947; x_wconf 86' lang='lat' dir='ltr'><strong>omnis</strong></span> <span class='ocrx_word' id='word_1_315' title='bbox 2924 1892 3242 1960; x_wconf 86' lang='lat' dir='ltr'><strong>perditionis</strong></span> <span class='ocrx_word' id='word_1_316' title='bbox 3278 1890 3594 1958; x_wconf 79' lang='lat' dir='ltr'><strong>superbiam</strong></span> 
     </span>
    </p>
   </div>
   <div class='ocr_carea' id='block_1_46' title="bbox 2014 1981 3595 2057">
    <p class='ocr_par' dir='ltr' id='par_1_46' title="bbox 2014 1981 3595 2057">
     <span class='ocr_line' id='line_1_46' title="bbox 2014 1981 3595 2057; baseline -0.003 -15"><span class='ocrx_word' id='word_1_317' title='bbox 2014 1988 2320 2054; x_wconf 72' lang='lat' dir='ltr'><strong>exstitisse;</strong></span> <span class='ocrx_word' id='word_1_318' title='bbox 2348 1987 2567 2057; x_wconf 72' lang='lat' dir='ltr'><strong>angelos</strong></span> <span class='ocrx_word' id='word_1_319' title='bbox 2590 1986 2812 2054; x_wconf 89' lang='lat' dir='ltr'><strong>quippe,</strong></span> <span class='ocrx_word' id='word_1_320' title='bbox 2848 1985 2989 2053; x_wconf 89' lang='lat' dir='ltr'><strong>quod</strong></span> <span class='ocrx_word' id='word_1_321' title='bbox 3014 1985 3080 2037; x_wconf 88' lang='lat' dir='ltr'><strong>ad</strong></span> <span class='ocrx_word' id='word_1_322' title='bbox 3105 1983 3368 2038; x_wconf 86' lang='lat' dir='ltr'><strong>Altissimi</strong></span> <span class='ocrx_word' id='word_1_323' title='bbox 3398 1981 3595 2037; x_wconf 88' lang='lat' dir='ltr'><strong>solium</strong></span> 
     </span>
    </p>
   </div>
   <div class='ocr_carea' id='block_1_47' title="bbox 2013 2074 3596 2149">
    <p class='ocr_par' dir='ltr' id='par_1_47' title="bbox 2013 2074 3596 2149">
     <span class='ocr_line' id='line_1_47' title="bbox 2013 2074 3596 2149; baseline -0.001 -19"><span class='ocrx_word' id='word_1_324' title='bbox 2013 2079 2263 2149; x_wconf 87' lang='lat' dir='ltr'><strong>propius,</strong></span> <span class='ocrx_word' id='word_1_325' title='bbox 2310 2092 2473 2146; x_wconf 90' lang='lat' dir='ltr'><strong>qnam</strong></span> <span class='ocrx_word' id='word_1_326' title='bbox 2523 2092 2712 2131; x_wconf 91' lang='lat' dir='ltr'><strong>eorum</strong></span> <span class='ocrx_word' id='word_1_327' title='bbox 2759 2077 2999 2130; x_wconf 80' lang='lat' dir='ltr'><strong>conditio</strong></span> <span class='ocrx_word' id='word_1_328' title='bbox 3047 2074 3284 2139; x_wconf 86' lang='lat' dir='ltr'><strong>ferebat,</strong></span> <span class='ocrx_word' id='word_1_329' title='bbox 3332 2075 3596 2129; x_wconf 81' lang='lat' dir='ltr'><strong>accedere</strong></span> 
     </span>
    </p>
   </div>
   <div class='ocr_carea' id='block_1_48' title="bbox 2016 2167 3597 2239">
    <p class='ocr_par' dir='ltr' id='par_1_48' title="bbox 2016 2167 3597 2239">
     <span class='ocr_line' id='line_1_48' title="bbox 2016 2167 3597 2239; baseline -0.001 -18"><span class='ocrx_word' id='word_1_330' title='bbox 2016 2170 2342 2235; x_wconf 78' lang='lat' dir='ltr'><strong>voluissent,</strong></span> <span class='ocrx_word' id='word_1_331' title='bbox 2367 2171 2620 2239; x_wconf 88' lang='lat' dir='ltr'><strong>quodque</strong></span> <span class='ocrx_word' id='word_1_332' title='bbox 2661 2183 2926 2223; x_wconf 86' lang='lat' dir='ltr'><strong>summam</strong></span> <span class='ocrx_word' id='word_1_333' title='bbox 2963 2169 3053 2221; x_wconf 88' lang='lat' dir='ltr'><strong>Dei</strong></span> <span class='ocrx_word' id='word_1_334' title='bbox 3077 2167 3359 2221; x_wconf 89' lang='lat' dir='ltr'><strong>scientiam</strong></span> <span class='ocrx_word' id='word_1_335' title='bbox 3391 2181 3453 2220; x_wconf 86' lang='lat' dir='ltr'><strong>ac</strong></span> <span class='ocrx_word' id='word_1_336' title='bbox 3481 2182 3597 2220; x_wconf 87' lang='lat' dir='ltr'><strong>ma-</strong></span> 
     </span>
    </p>
   </div>
   <div class='ocr_carea' id='block_1_49' title="bbox 2008 2255 3596 2330">
    <p class='ocr_par' dir='ltr' id='par_1_49' title="bbox 2008 2255 3596 2330">
     <span class='ocr_line' id='line_1_49' title="bbox 2008 2255 3596 2330; baseline -0.003 -15"><span class='ocrx_word' id='word_1_337' title='bbox 2008 2260 2263 2330; x_wconf 73' lang='lat' dir='ltr'><strong>iestatem</strong></span> <span class='ocrx_word' id='word_1_338' title='bbox 2312 2273 2514 2315; x_wconf 85' lang='lat' dir='ltr'><strong>temere</strong></span> <span class='ocrx_word' id='word_1_339' title='bbox 2564 2262 2830 2327; x_wconf 69' lang='lat' dir='ltr'><strong>aemulati,</strong></span> <span class='ocrx_word' id='word_1_340' title='bbox 2884 2264 3045 2315; x_wconf 85' lang='lat' dir='ltr'><strong>rebus</strong></span> <span class='ocrx_word' id='word_1_341' title='bbox 3092 2258 3345 2313; x_wconf 89' lang='lat' dir='ltr'><strong>omnibus</strong></span> <span class='ocrx_word' id='word_1_342' title='bbox 3394 2255 3596 2312; x_wconf 78' lang='lat' dir='ltr'><strong>creatis</strong></span> 
     </span>
    </p>
   </div>
   <div class='ocr_carea' id='block_1_50' title="bbox 2014 2355 3592 2427">
    <p class='ocr_par' dir='ltr' id='par_1_50' title="bbox 2014 2355 3592 2427">
     <span class='ocr_line' id='line_1_50' title="bbox 2014 2355 3592 2427; baseline -0.003 -16"><span class='ocrx_word' id='word_1_343' title='bbox 2014 2358 2286 2411; x_wconf 88' lang='lat' dir='ltr'><strong>dominari</strong></span> <span class='ocrx_word' id='word_1_344' title='bbox 2339 2373 2402 2412; x_wconf 86' lang='lat' dir='ltr'><strong>ac</strong></span> <span class='ocrx_word' id='word_1_345' title='bbox 2458 2359 2762 2427; x_wconf 84' lang='lat' dir='ltr'><strong>providere,</strong></span> <span class='ocrx_word' id='word_1_346' title='bbox 2818 2357 3011 2412; x_wconf 80' lang='lat' dir='ltr'><strong>affectu</strong></span> <span class='ocrx_word' id='word_1_347' title='bbox 3069 2355 3260 2410; x_wconf 89' lang='lat' dir='ltr'><strong>saltem</strong></span> <span class='ocrx_word' id='word_1_348' title='bbox 3321 2370 3386 2409; x_wconf 87' lang='lat' dir='ltr'><strong>ac</strong></span> <span class='ocrx_word' id='word_1_349' title='bbox 3448 2364 3592 2420; x_wconf 89' lang='lat' dir='ltr'><strong>voto,</strong></span> 
     </span>
    </p>
   </div>
   <div class='ocr_carea' id='block_1_51' title="bbox 2013 2450 3596 2520">
    <p class='ocr_par' dir='ltr' id='par_1_51' title="bbox 2013 2450 3596 2520">
     <span class='ocr_line' id='line_1_51' title="bbox 2013 2450 3596 2520; baseline -0.002 -16"><span class='ocrx_word' id='word_1_350' title='bbox 2013 2451 2452 2520; x_wconf 90' lang='lat' dir='ltr'><strong>concupiissent,</strong></span> <span class='ocrx_word' id='word_1_351' title='bbox 2502 2468 2532 2507; x_wconf 87' lang='lat' dir='ltr'><strong>e</strong></span> <span class='ocrx_word' id='word_1_352' title='bbox 2603 2453 2745 2506; x_wconf 64' lang='lat' dir='ltr'><strong>cielo</strong></span> <span class='ocrx_word' id='word_1_353' title='bbox 2810 2451 3053 2518; x_wconf 81' lang='lat' dir='ltr'><strong>dcjcctos</strong></span> <span class='ocrx_word' id='word_1_354' title='bbox 3108 2450 3378 2520; x_wconf 57' lang='lat' dir='ltr'><strong>praecipiti</strong></span> <span class='ocrx_word' id='word_1_355' title='bbox 3439 2450 3596 2502; x_wconf 85' lang='lat' dir='ltr'><strong>ruina</strong></span> 
     </span>
    </p>
   </div>
   <div class='ocr_carea' id='block_1_52' title="bbox 2013 2540 3598 2614">
    <p class='ocr_par' dir='ltr' id='par_1_52' title="bbox 2013 2540 3598 2614">
     <span class='ocr_line' id='line_1_52' title="bbox 2013 2540 3598 2614; baseline -0.001 -19"><span class='ocrx_word' id='word_1_356' title='bbox 2013 2546 2274 2612; x_wconf 85' lang='lat' dir='ltr'><strong>periisse,</strong></span> <span class='ocrx_word' id='word_1_357' title='bbox 2320 2547 2643 2614; x_wconf 81' lang='lat' dir='ltr'><strong>eodemque,</strong></span> <span class='ocrx_word' id='word_1_358' title='bbox 2692 2559 2798 2614; x_wconf 82' lang='lat' dir='ltr'><strong>quo</strong></span> <span class='ocrx_word' id='word_1_359' title='bbox 2845 2545 3080 2614; x_wconf 84' lang='lat' dir='ltr'><strong>primum</strong></span> <span class='ocrx_word' id='word_1_360' title='bbox 3133 2541 3325 2598; x_wconf 83' lang='lat' dir='ltr'><strong>infecti</strong></span> <span class='ocrx_word' id='word_1_361' title='bbox 3379 2540 3598 2595; x_wconf 85' lang='lat' dir='ltr'><strong>fuerant</strong></span> 
     </span>
    </p>
   </div>
   <div class='ocr_carea' id='block_1_53' title="bbox 2015 2634 3597 2706">
    <p class='ocr_par' dir='ltr' id='par_1_53' title="bbox 2015 2634 3597 2706">
     <span class='ocr_line' id='line_1_53' title="bbox 2015 2634 3597 2706; baseline -0.001 -15"><span class='ocrx_word' id='word_1_362' title='bbox 2015 2637 2283 2706; x_wconf 74' lang='lat' dir='ltr'><strong>superbia:</strong></span> <span class='ocrx_word' id='word_1_363' title='bbox 2330 2652 2558 2702; x_wconf 85' lang='lat' dir='ltr'><strong>veneno,</strong></span> <span class='ocrx_word' id='word_1_364' title='bbox 2618 2639 2916 2690; x_wconf 84' lang='lat' dir='ltr'><strong>humanum</strong></span> <span class='ocrx_word' id='word_1_365' title='bbox 2964 2651 3136 2705; x_wconf 81' lang='lat' dir='ltr'><strong>genus</strong></span> <span class='ocrx_word' id='word_1_366' title='bbox 3195 2634 3481 2699; x_wconf 81' lang='lat' dir='ltr'><strong>infecisse,</strong></span> <span class='ocrx_word' id='word_1_367' title='bbox 3530 2649 3597 2689; x_wconf 80' lang='lat' dir='ltr'><strong>ac</strong></span> 
     </span>
    </p>
   </div>
   <div class='ocr_carea' id='block_1_54' title="bbox 2024 2729 3596 2800">
    <p class='ocr_par' dir='ltr' id='par_1_54' title="bbox 2024 2729 3596 2800">
     <span class='ocr_line' id='line_1_54' title="bbox 2024 2729 3596 2800; baseline 0 -15"><span class='ocrx_word' id='word_1_368' title='bbox 2024 2731 2352 2800; x_wconf 87' lang='lat' dir='ltr'><strong>perdidisse,</strong></span> <span class='ocrx_word' id='word_1_369' title='bbox 2401 2739 2455 2785; x_wconf 88' lang='lat' dir='ltr'><strong>et</strong></span> <span class='ocrx_word' id='word_1_370' title='bbox 2506 2731 2737 2799; x_wconf 88' lang='lat' dir='ltr'><strong>proinde</strong></span> <span class='ocrx_word' id='word_1_371' title='bbox 2779 2729 3044 2783; x_wconf 90' lang='lat' dir='ltr'><strong>malorum</strong></span> <span class='ocrx_word' id='word_1_372' title='bbox 3090 2730 3358 2793; x_wconf 92' lang='lat' dir='ltr'><strong>omnium,</strong></span> <span class='ocrx_word' id='word_1_373' title='bbox 3397 2729 3596 2796; x_wconf 85' lang='lat' dir='ltr'><strong>quibus</strong></span> 
     </span>
    </p>
   </div>
   <div class='ocr_carea' id='block_1_55' title="bbox 2010 2819 3596 2890">
    <p class='ocr_par' dir='ltr' id='par_1_55' title="bbox 2010 2819 3596 2890">
     <span class='ocr_line' id='line_1_55' title="bbox 2010 2819 3596 2890; baseline -0.001 -16"><span class='ocrx_word' id='word_1_374' title='bbox 2010 2819 2121 2890; x_wconf 87' lang='lat' dir='ltr'><strong>jam</strong></span> <span class='ocrx_word' id='word_1_375' title='bbox 2157 2821 2519 2876; x_wconf 82' lang='lat' dir='ltr'><strong>labefactatur</strong></span> <span class='ocrx_word' id='word_1_376' title='bbox 2559 2822 2729 2886; x_wconf 84' lang='lat' dir='ltr'><strong>orbis,</strong></span> <span class='ocrx_word' id='word_1_377' title='bbox 2787 2819 3031 2874; x_wconf 77' lang='lat' dir='ltr'><strong>fomitem</strong></span> <span class='ocrx_word' id='word_1_378' title='bbox 3097 2819 3453 2872; x_wconf 84' lang='lat' dir='ltr'><strong>ministrasse.</strong></span> <span class='ocrx_word' id='word_1_379' title='bbox 3489 2820 3596 2873; x_wconf 82' lang='lat' dir='ltr'><strong>Au-</strong></span> 
     </span>
    </p>
   </div>
   <div class='ocr_carea' id='block_1_56' title="bbox 2018 2908 3596 2981">
    <p class='ocr_par' dir='ltr' id='par_1_56' title="bbox 2018 2908 3596 2981">
     <span class='ocr_line' id='line_1_56' title="bbox 2018 2908 3596 2981; baseline -0.003 -13"><span class='ocrx_word' id='word_1_380' title='bbox 2018 2915 2251 2979; x_wconf 81' lang='lat' dir='ltr'><strong>dierant,</strong></span> <span class='ocrx_word' id='word_1_381' title='bbox 2306 2922 2361 2967; x_wconf 91' lang='lat' dir='ltr'><strong>et</strong></span> <span class='ocrx_word' id='word_1_382' title='bbox 2399 2912 2539 2981; x_wconf 87' lang='lat' dir='ltr'><strong>apud</strong></span> <span class='ocrx_word' id='word_1_383' title='bbox 2587 2911 2903 2979; x_wconf 85' lang='lat' dir='ltr'><strong>Apostolnm</strong></span> <span class='ocrx_word' id='word_1_384' title='bbox 2957 2911 3219 2980; x_wconf 75' lang='lat' dir='ltr'><strong>legerant,</strong></span> <span class='ocrx_word' id='word_1_385' title='bbox 3269 2910 3437 2963; x_wconf 86' lang='lat' dir='ltr'><strong>Deum</strong></span> <span class='ocrx_word' id='word_1_386' title='bbox 3494 2908 3596 2964; x_wconf 72' lang='lat' dir='ltr'><strong>sibi</strong></span> 
     </span>
    </p>
   </div>
   <div class='ocr_carea' id='block_1_57' title="bbox 2019 3003 3596 3078">
    <p class='ocr_par' dir='ltr' id='par_1_57' title="bbox 2019 3003 3596 3078">
     <span class='ocr_line' id='line_1_57' title="bbox 2019 3003 3596 3078; baseline 0.001 -19"><span class='ocrx_word' id='word_1_387' title='bbox 2019 3007 2364 3078; x_wconf 76' lang='lat' dir='ltr'><strong>proposuisse</strong></span> <span class='ocrx_word' id='word_1_388' title='bbox 2418 3010 2720 3059; x_wconf 84' lang='lat' dir='ltr'><strong>instaurare</strong></span> <span class='ocrx_word' id='word_1_389' title='bbox 2773 3005 2948 3058; x_wconf 84' lang='lat' dir='ltr'><strong>omnia</strong></span> <span class='ocrx_word' id='word_1_390' title='bbox 2992 3006 3047 3058; x_wconf 78' lang='lat' dir='ltr'><strong>in</strong></span> <span class='ocrx_word' id='word_1_391' title='bbox 3093 3003 3326 3069; x_wconf 69' lang='lat' dir='ltr'><strong>Christo,</strong></span> <span class='ocrx_word' id='word_1_392' title='bbox 3373 3021 3492 3074; x_wconf 64' lang='lat' dir='ltr'><strong>quae</strong></span> <span class='ocrx_word' id='word_1_393' title='bbox 3539 3006 3596 3061; x_wconf 77' lang='lat' dir='ltr'><strong>in</strong></span> 
     </span>
    </p>
   </div>
   <div class='ocr_carea' id='block_1_58' title="bbox 2018 3098 3599 3170">
    <p class='ocr_par' dir='ltr' id='par_1_58' title="bbox 2018 3098 3599 3170">
     <span class='ocr_line' id='line_1_58' title="bbox 2018 3098 3599 3170; baseline 0.001 -15"><span class='ocrx_word' id='word_1_394' title='bbox 2018 3103 2180 3166; x_wconf 69' lang='lat' dir='ltr'><strong>caelis,</strong></span> <span class='ocrx_word' id='word_1_395' title='bbox 2205 3112 2251 3155; x_wconf 81' lang='lat' dir='ltr'><strong>et</strong></span> <span class='ocrx_word' id='word_1_396' title='bbox 2281 3117 2397 3170; x_wconf 75' lang='lat' dir='ltr'><strong>qum</strong></span> <span class='ocrx_word' id='word_1_397' title='bbox 2432 3101 2484 3154; x_wconf 85' lang='lat' dir='ltr'><strong>in</strong></span> <span class='ocrx_word' id='word_1_398' title='bbox 2516 3108 2657 3154; x_wconf 83' lang='lat' dir='ltr'><strong>terra</strong></span> <span class='ocrx_word' id='word_1_399' title='bbox 2694 3109 2839 3165; x_wconf 77' lang='lat' dir='ltr'><strong>sunt,</strong></span> <span class='ocrx_word' id='word_1_400' title='bbox 2874 3099 2927 3151; x_wconf 83' lang='lat' dir='ltr'><strong>in</strong></span> <span class='ocrx_word' id='word_1_401' title='bbox 2955 3100 3069 3167; x_wconf 79' lang='lat' dir='ltr'><strong>ipso</strong></span> <span class='ocrx_word' id='word_1_402' title='bbox 3098 3098 3174 3163; x_wconf 50' lang='lat'><strong>&#39;5’;</strong></span> <span class='ocrx_word' id='word_1_403' title='bbox 3216 3107 3271 3152; x_wconf 91' lang='lat' dir='ltr'><strong>et</strong></span> <span class='ocrx_word' id='word_1_404' title='bbox 3313 3100 3456 3168; x_wconf 90' lang='lat' dir='ltr'><strong>quod</strong></span> <span class='ocrx_word' id='word_1_405' title='bbox 3503 3115 3599 3168; x_wconf 79' lang='lat' dir='ltr'><strong>per</strong></span> 
     </span>
    </p>
   </div>
   <div class='ocr_carea' id='block_1_59' title="bbox 339 3193 3595 3275">
    <p class='ocr_par' dir='ltr' id='par_1_59' title="bbox 339 3193 3595 3275">
     <span class='ocr_line' id='line_1_59' title="bbox 339 3193 3595 3275; baseline -0.003 -19"><span class='ocrx_word' id='word_1_406' title='bbox 339 3203 538 3257; x_wconf 84' lang='lat' dir='ltr'><strong>Christi</strong></span> <span class='ocrx_word' id='word_1_407' title='bbox 568 3212 750 3255; x_wconf 85' lang='lat' dir='ltr'><strong>ortum</strong></span> <span class='ocrx_word' id='word_1_408' title='bbox 783 3208 836 3252; x_wconf 88' lang='lat' dir='ltr'><strong>et</strong></span> <span class='ocrx_word' id='word_1_409' title='bbox 866 3197 1323 3252; x_wconf 81' lang='lat' dir='ltr'><strong>resurrectionem</strong></span> <span class='ocrx_word' id='word_1_410' title='bbox 1353 3202 1729 3263; x_wconf 76' lang='lat' dir='ltr'><strong>annuntiasse,</strong></span> <span class='ocrx_word' id='word_1_411' title='bbox 1757 3200 1914 3269; x_wconf 87' lang='lat' dir='ltr'><strong>eique</strong></span> <span class='ocrx_word' id='word_1_412' title='bbox 1943 3218 1984 3275; x_wconf 67' lang='grc' dir='ltr'><strong>ς</strong></span> <span class='ocrx_word' id='word_1_413' title='bbox 2021 3198 2214 3252; x_wconf 88' lang='lat' dir='ltr'><strong>Filium</strong></span> <span class='ocrx_word' id='word_1_414' title='bbox 2250 3211 2430 3261; x_wconf 83' lang='lat' dir='ltr'><strong>suum,</strong></span> <span class='ocrx_word' id='word_1_415' title='bbox 2460 3195 2549 3263; x_wconf 80' lang='lat' dir='ltr'><strong>qui</strong></span> <span class='ocrx_word' id='word_1_416' title='bbox 2578 3202 2650 3247; x_wconf 78' lang='lat' dir='ltr'><strong>est</strong></span> <span class='ocrx_word' id='word_1_417' title='bbox 2677 3195 2849 3263; x_wconf 84' lang='lat' dir='ltr'><strong>imago</strong></span> <span class='ocrx_word' id='word_1_418' title='bbox 2890 3193 2981 3246; x_wconf 82' lang='lat' dir='ltr'><strong>Dei</strong></span> <span class='ocrx_word' id='word_1_419' title='bbox 3021 3193 3319 3258; x_wconf 74' lang='lat' dir='ltr'><strong>invisibilis,</strong></span> <span class='ocrx_word' id='word_1_420' title='bbox 3354 3195 3595 3264; x_wconf 82' lang='lat' dir='ltr'><strong>t-ompla-</strong></span> 
     </span>
    </p>
   </div>
   <div class='ocr_carea' id='block_1_60' title="bbox 341 3288 1915 3356">
    <p class='ocr_par' dir='ltr' id='par_1_60' title="bbox 341 3288 1915 3356">
     <span class='ocr_line' id='line_1_60' title="bbox 341 3288 1915 3356; baseline -0.001 -11"><span class='ocrx_word' id='word_1_421' title='bbox 341 3294 393 3345; x_wconf 92' lang='lat' dir='ltr'><strong>in</strong></span> <span class='ocrx_word' id='word_1_422' title='bbox 423 3292 680 3346; x_wconf 84' lang='lat' dir='ltr'><strong>omnibus</strong></span> <span class='ocrx_word' id='word_1_423' title='bbox 714 3288 1056 3342; x_wconf 87' lang='lat' dir='ltr'><strong>ministrasse</strong></span> <span class='ocrx_word' id='word_1_424' title='bbox 1081 3331 1094 3352; x_wconf 90' lang='lat'><strong>,</strong></span> <span class='ocrx_word' id='word_1_425' title='bbox 1126 3290 1320 3356; x_wconf 85' lang='lat' dir='ltr'><strong>partim</strong></span> <span class='ocrx_word' id='word_1_426' title='bbox 1352 3288 1660 3344; x_wconf 88' lang='lat' dir='ltr'><strong>Platonicos</strong></span> <span class='ocrx_word' id='word_1_427' title='bbox 1689 3291 1915 3344; x_wconf 86' lang='lat' dir='ltr'><strong>imitan-</strong></span> 
     </span>
    </p>
   </div>
   <div class='ocr_carea' id='block_1_61' title="bbox 343 3380 1916 3452">
    <p class='ocr_par' dir='ltr' id='par_1_61' title="bbox 343 3380 1916 3452">
     <span class='ocr_line' id='line_1_61' title="bbox 343 3380 1916 3452; baseline 0.001 -15"><span class='ocrx_word' id='word_1_428' title='bbox 343 3396 448 3447; x_wconf 88' lang='lat' dir='ltr'><strong>tur,</strong></span> <span class='ocrx_word' id='word_1_429' title='bbox 501 3384 613 3452; x_wconf 88' lang='lat' dir='ltr'><strong>qui,</strong></span> <span class='ocrx_word' id='word_1_430' title='bbox 645 3380 951 3435; x_wconf 81' lang='lat' dir='ltr'><strong>Jamblicho</strong></span> <span class='ocrx_word' id='word_1_431' title='bbox 1003 3392 1156 3444; x_wconf 89' lang='lat' dir='ltr'><strong>teste,</strong></span> <span class='ocrx_word' id='word_1_432' title='bbox 1215 3389 1349 3436; x_wconf 87' lang='lat' dir='ltr'><strong>sect.</strong></span> <span class='ocrx_word' id='word_1_433' title='bbox 1403 3397 1463 3446; x_wconf 89' lang='lat' dir='ltr'><strong>ll,</strong></span> <span class='ocrx_word' id='word_1_434' title='bbox 1518 3398 1640 3449; x_wconf 91' lang='lat' dir='ltr'><strong>cap.</strong></span> <span class='ocrx_word' id='word_1_435' title='bbox 1673 3385 1728 3448; x_wconf 74' lang='lat'><strong>2,</strong></span> <span class='ocrx_word' id='word_1_436' title='bbox 1781 3386 1813 3438; x_wconf 81' lang='lat'>5</span> <span class='ocrx_word' id='word_1_437' title='bbox 1863 3396 1916 3439; x_wconf 90' lang='lat' dir='ltr'><strong>et</strong></span> 
     </span>
    </p>
   </div>
   <div class='ocr_carea' id='block_1_62' title="bbox 339 3473 1912 3546">
    <p class='ocr_par' dir='ltr' id='par_1_62' title="bbox 339 3473 1912 3546">
     <span class='ocr_line' id='line_1_62' title="bbox 339 3473 1912 3546; baseline -0.001 -14"><span class='ocrx_word' id='word_1_438' title='bbox 339 3492 484 3545; x_wconf 83' lang='lat' dir='ltr'><strong>scq.,</strong></span> <span class='ocrx_word' id='word_1_439' title='bbox 521 3477 623 3528; x_wconf 83' lang='lat' dir='ltr'><strong>diis</strong></span> <span class='ocrx_word' id='word_1_440' title='bbox 657 3475 886 3545; x_wconf 79' lang='lat' dir='ltr'><strong>aliquam</strong></span> <span class='ocrx_word' id='word_1_441' title='bbox 916 3473 1221 3542; x_wconf 84' lang='lat' dir='ltr'><strong>angelorum</strong></span> <span class='ocrx_word' id='word_1_442' title='bbox 1267 3475 1495 3540; x_wconf 82' lang='lat' dir='ltr'><strong>turbam,</strong></span> <span class='ocrx_word' id='word_1_443' title='bbox 1539 3488 1789 3546; x_wconf 81' lang='lat' dir='ltr'><strong>tanquam</strong></span> <span class='ocrx_word' id='word_1_444' title='bbox 1829 3495 1912 3531; x_wconf 84' lang='lat' dir='ltr'><strong>sa-</strong></span> 
     </span>
    </p>
   </div>
   <div class='ocr_carea' id='block_1_63' title="bbox 341 3569 886 3636">
    <p class='ocr_par' dir='ltr' id='par_1_63' title="bbox 341 3569 886 3636">
     <span class='ocr_line' id='line_1_63' title="bbox 341 3569 886 3636; baseline -0.006 -12"><span class='ocrx_word' id='word_1_445' title='bbox 341 3571 557 3632; x_wconf 79' lang='lat' dir='ltr'><strong>tellites,</strong></span> <span class='ocrx_word' id='word_1_446' title='bbox 591 3569 886 3636; x_wconf 80' lang='lat' dir='ltr'><strong>assignant.</strong></span> 
     </span>
    </p>
   </div>
   <div class='ocr_carea' id='block_1_64' title="bbox 412 3683 1918 3758">
    <p class='ocr_par' dir='ltr' id='par_1_64' title="bbox 412 3683 1918 3758">
     <span class='ocr_line' id='line_1_64' title="bbox 412 3683 1918 3758; baseline 0.001 -17"><span class='ocrx_word' id='word_1_447' title='bbox 412 3688 499 3741; x_wconf 74' lang='grc'><strong>48.</strong></span> <span class='ocrx_word' id='word_1_448' title='bbox 542 3685 775 3754; x_wconf 76' lang='lat' dir='ltr'><strong>Sophice,</strong></span> <span class='ocrx_word' id='word_1_449' title='bbox 816 3683 1041 3737; x_wconf 64' lang='lat' dir='ltr'><strong>Eonum</strong></span> <span class='ocrx_word' id='word_1_450' title='bbox 1073 3683 1374 3752; x_wconf 80' lang='lat' dir='ltr'><strong>novissimi,</strong></span> <span class='ocrx_word' id='word_1_451' title='bbox 1415 3700 1598 3751; x_wconf 87' lang='lat' dir='ltr'><strong>casus,</strong></span> <span class='ocrx_word' id='word_1_452' title='bbox 1645 3687 1918 3758; x_wconf 83' lang='lat' dir='ltr'><strong>insignior</strong></span> 
     </span>
    </p>
   </div>
   <div class='ocr_carea' id='block_1_65' title="bbox 346 3774 1918 3844">
    <p class='ocr_par' dir='ltr' id='par_1_65' title="bbox 346 3774 1918 3844">
     <span class='ocr_line' id='line_1_65' title="bbox 346 3774 1918 3844; baseline 0.002 -11"><span class='ocrx_word' id='word_1_453' title='bbox 346 3778 739 3833; x_wconf 66' lang='lat' dir='ltr'><strong>Valentinianus</strong></span> <span class='ocrx_word' id='word_1_454' title='bbox 807 3774 1003 3830; x_wconf 73' lang='lat' dir='ltr'><strong>fabula:</strong></span> <span class='ocrx_word' id='word_1_455' title='bbox 1050 3792 1194 3844; x_wconf 87' lang='lat' dir='ltr'><strong>pars,</strong></span> <span class='ocrx_word' id='word_1_456' title='bbox 1255 3778 1310 3831; x_wconf 91' lang='lat' dir='ltr'><strong>in</strong></span> <span class='ocrx_word' id='word_1_457' title='bbox 1366 3779 1690 3833; x_wconf 89' lang='lat' dir='ltr'><strong>recensione</strong></span> <span class='ocrx_word' id='word_1_458' title='bbox 1734 3779 1918 3836; x_wconf 85' lang='lat' dir='ltr'><strong>Plero-</strong></span> 
     </span>
    </p>
   </div>
   <div class='ocr_carea' id='block_1_66' title="bbox 343 3867 1914 3940">
    <p class='ocr_par' dir='ltr' id='par_1_66' title="bbox 343 3867 1914 3940">
     <span class='ocr_line' id='line_1_66' title="bbox 343 3867 1914 3940; baseline 0.003 -16"><span class='ocrx_word' id='word_1_459' title='bbox 343 3873 504 3926; x_wconf 87' lang='lat' dir='ltr'><strong>matis</strong></span> <span class='ocrx_word' id='word_1_460' title='bbox 534 3869 716 3925; x_wconf 88' lang='lat' dir='ltr'><strong>omitti</strong></span> <span class='ocrx_word' id='word_1_461' title='bbox 749 3884 856 3923; x_wconf 91' lang='lat' dir='ltr'><strong>non</strong></span> <span class='ocrx_word' id='word_1_462' title='bbox 901 3869 1082 3923; x_wconf 88' lang='lat' dir='ltr'><strong>debet.</strong></span> <span class='ocrx_word' id='word_1_463' title='bbox 1132 3867 1379 3923; x_wconf 87' lang='lat' dir='ltr'><strong>Alterum</strong></span> <span class='ocrx_word' id='word_1_464' title='bbox 1416 3872 1644 3940; x_wconf 66' lang='lat' dir='ltr'><strong>aenigma</strong></span> <span class='ocrx_word' id='word_1_465' title='bbox 1699 3875 1914 3928; x_wconf 72' lang='lat' dir='ltr'><strong>creteris</strong></span> 
     </span>
    </p>
   </div>
   <div class='ocr_carea' id='block_1_67' title="bbox 341 3961 1916 4029">
    <p class='ocr_par' dir='ltr' id='par_1_67' title="bbox 341 3961 1916 4029">
     <span class='ocr_line' id='line_1_67' title="bbox 341 3961 1916 4029; baseline 0 -10"><span class='ocrx_word' id='word_1_466' title='bbox 341 3974 400 4019; x_wconf 90' lang='lat' dir='ltr'><strong>ut</strong></span> <span class='ocrx_word' id='word_1_467' title='bbox 436 3962 718 4028; x_wconf 88' lang='lat' dir='ltr'><strong>insulsius,</strong></span> <span class='ocrx_word' id='word_1_468' title='bbox 761 3963 840 4015; x_wconf 87' lang='lat' dir='ltr'><strong>sic</strong></span> <span class='ocrx_word' id='word_1_469' title='bbox 873 3961 1254 4016; x_wconf 85' lang='lat' dir='ltr'><strong>etobscurins.</strong></span> <span class='ocrx_word' id='word_1_470' title='bbox 1305 3962 1444 4029; x_wconf 85' lang='lat' dir='ltr'><strong>Quid</strong></span> <span class='ocrx_word' id='word_1_471' title='bbox 1479 3980 1539 4018; x_wconf 85' lang='lat' dir='ltr'><strong>ea</strong></span> <span class='ocrx_word' id='word_1_472' title='bbox 1583 3966 1648 4019; x_wconf 91' lang='lat' dir='ltr'><strong>de</strong></span> <span class='ocrx_word' id='word_1_473' title='bbox 1695 3981 1752 4019; x_wconf 91' lang='lat' dir='ltr'><strong>re</strong></span> <span class='ocrx_word' id='word_1_474' title='bbox 1790 3981 1916 4020; x_wconf 84' lang='lat' dir='ltr'><strong>scn-</strong></span> 
     </span>
    </p>
   </div>
   <div class='ocr_carea' id='block_1_68' title="bbox 344 4053 1914 4124">
    <p class='ocr_par' dir='ltr' id='par_1_68' title="bbox 344 4053 1914 4124">
     <span class='ocr_line' id='line_1_68' title="bbox 344 4053 1914 4124; baseline 0.001 -13"><span class='ocrx_word' id='word_1_475' title='bbox 344 4058 493 4119; x_wconf 88' lang='lat' dir='ltr'><strong>tiam,</strong></span> <span class='ocrx_word' id='word_1_476' title='bbox 528 4055 717 4124; x_wconf 90' lang='lat' dir='ltr'><strong>paucis</strong></span> <span class='ocrx_word' id='word_1_477' title='bbox 751 4053 1065 4124; x_wconf 84' lang='lat' dir='ltr'><strong>explicabo.</strong></span> <span class='ocrx_word' id='word_1_478' title='bbox 1109 4053 1374 4111; x_wconf 82' lang='lat' dir='ltr'><strong>I‘ervetns</strong></span> <span class='ocrx_word' id='word_1_479' title='bbox 1413 4067 1495 4109; x_wconf 87' lang='lat' dir='ltr'><strong>est</strong></span> <span class='ocrx_word' id='word_1_480' title='bbox 1530 4057 1596 4111; x_wconf 89' lang='lat' dir='ltr'><strong>de</strong></span> <span class='ocrx_word' id='word_1_481' title='bbox 1636 4059 1763 4112; x_wconf 90' lang='lat' dir='ltr'><strong>mali</strong></span> <span class='ocrx_word' id='word_1_482' title='bbox 1803 4060 1914 4112; x_wconf 91' lang='lat' dir='ltr'><strong>ori-</strong></span> 
     </span>
    </p>
   </div>
   <div class='ocr_carea' id='block_1_69' title="bbox 342 4142 1914 4219">
    <p class='ocr_par' dir='ltr' id='par_1_69' title="bbox 342 4142 1914 4219">
     <span class='ocr_line' id='line_1_69' title="bbox 342 4142 1914 4219; baseline 0.002 -17"><span class='ocrx_word' id='word_1_483' title='bbox 342 4149 467 4219; x_wconf 77' lang='lat' dir='ltr'><strong>gine</strong></span> <span class='ocrx_word' id='word_1_484' title='bbox 494 4148 782 4213; x_wconf 80' lang='lat' dir='ltr'><strong>dubitatio,</strong></span> <span class='ocrx_word' id='word_1_485' title='bbox 837 4162 955 4214; x_wconf 72' lang='lat' dir='ltr'><strong>qtae</strong></span> <span class='ocrx_word' id='word_1_486' title='bbox 987 4156 1095 4198; x_wconf 90' lang='lat' dir='ltr'><strong>tum</strong></span> <span class='ocrx_word' id='word_1_487' title='bbox 1131 4145 1578 4215; x_wconf 86' lang='lat' dir='ltr'><strong>philosophorum</strong></span> <span class='ocrx_word' id='word_1_488' title='bbox 1614 4142 1914 4207; x_wconf 81' lang='lat' dir='ltr'><strong>Christiani</strong></span> 
     </span>
    </p>
   </div>
   <div class='ocr_carea' id='block_1_70' title="bbox 342 4241 1918 4314">
    <p class='ocr_par' dir='ltr' id='par_1_70' title="bbox 342 4241 1918 4314">
     <span class='ocr_line' id='line_1_70' title="bbox 342 4241 1918 4314; baseline 0.004 -20"><span class='ocrx_word' id='word_1_489' title='bbox 342 4243 615 4313; x_wconf 81' lang='lat' dir='ltr'><strong>dogmatis</strong></span> <span class='ocrx_word' id='word_1_490' title='bbox 665 4241 1001 4311; x_wconf 83' lang='lat' dir='ltr'><strong>ignarorum,</strong></span> <span class='ocrx_word' id='word_1_491' title='bbox 1050 4248 1162 4292; x_wconf 92' lang='lat' dir='ltr'><strong>tum</strong></span> <span class='ocrx_word' id='word_1_492' title='bbox 1213 4242 1375 4295; x_wconf 90' lang='lat' dir='ltr'><strong>etiam</strong></span> <span class='ocrx_word' id='word_1_493' title='bbox 1417 4259 1605 4298; x_wconf 90' lang='lat' dir='ltr'><strong>eorum</strong></span> <span class='ocrx_word' id='word_1_494' title='bbox 1645 4246 1918 4314; x_wconf 87' lang='lat' dir='ltr'><strong>qniCbri-</strong></span> 
     </span>
    </p>
   </div>
   <div class='ocr_carea' id='block_1_71' title="bbox 342 4332 1918 4407">
    <p class='ocr_par' dir='ltr' id='par_1_71' title="bbox 342 4332 1918 4407">
     <span class='ocr_line' id='line_1_71' title="bbox 342 4332 1918 4407; baseline 0.001 -17"><span class='ocrx_word' id='word_1_495' title='bbox 342 4339 579 4390; x_wconf 71' lang='lat' dir='ltr'><strong>alianum</strong></span> <span class='ocrx_word' id='word_1_496' title='bbox 613 4348 808 4388; x_wconf 89' lang='lat' dir='ltr'><strong>nomen</strong></span> <span class='ocrx_word' id='word_1_497' title='bbox 850 4332 1272 4400; x_wconf 82' lang='lat' dir='ltr'><strong>profitebantur,</strong></span> <span class='ocrx_word' id='word_1_498' title='bbox 1318 4337 1521 4390; x_wconf 85' lang='lat' dir='ltr'><strong>diutius</strong></span> <span class='ocrx_word' id='word_1_499' title='bbox 1570 4340 1728 4391; x_wconf 88' lang='lat' dir='ltr'><strong>torsit</strong></span> <span class='ocrx_word' id='word_1_500' title='bbox 1763 4341 1918 4407; x_wconf 80' lang='lat' dir='ltr'><strong>inge-</strong></span> 
     </span>
    </p>
   </div>
   <div class='ocr_carea' id='block_1_72' title="bbox 343 4429 1916 4503">
    <p class='ocr_par' dir='ltr' id='par_1_72' title="bbox 343 4429 1916 4503">
     <span class='ocr_line' id='line_1_72' title="bbox 343 4429 1916 4503; baseline 0.002 -19"><span class='ocrx_word' id='word_1_501' title='bbox 343 4432 452 4484; x_wconf 83' lang='lat' dir='ltr'><strong>nia.</strong></span> <span class='ocrx_word' id='word_1_502' title='bbox 494 4429 626 4484; x_wconf 87' lang='lat' dir='ltr'><strong>Cum</strong></span> <span class='ocrx_word' id='word_1_503' title='bbox 657 4429 802 4482; x_wconf 82' lang='lat' dir='ltr'><strong>enim</strong></span> <span class='ocrx_word' id='word_1_504' title='bbox 835 4429 959 4483; x_wconf 88' lang='lat' dir='ltr'><strong>hinc</strong></span> <span class='ocrx_word' id='word_1_505' title='bbox 992 4445 1056 4484; x_wconf 90' lang='lat' dir='ltr'><strong>ea</strong></span> <span class='ocrx_word' id='word_1_506' title='bbox 1086 4430 1155 4483; x_wconf 84' lang='lat' dir='ltr'><strong>sit</strong></span> <span class='ocrx_word' id='word_1_507' title='bbox 1189 4432 1430 4484; x_wconf 87' lang='lat' dir='ltr'><strong>omnimn</strong></span> <span class='ocrx_word' id='word_1_508' title='bbox 1454 4431 1651 4485; x_wconf 90' lang='lat' dir='ltr'><strong>animis</strong></span> <span class='ocrx_word' id='word_1_509' title='bbox 1680 4433 1916 4503; x_wconf 83' lang='lat' dir='ltr'><strong>ingenita</strong></span> 
     </span>
    </p>
   </div>
   <div class='ocr_carea' id='block_1_73' title="bbox 345 4521 1916 4586">
    <p class='ocr_par' dir='ltr' id='par_1_73' title="bbox 345 4521 1916 4586">
     <span class='ocr_line' id='line_1_73' title="bbox 345 4521 1916 4586; baseline 0.004 -11"><span class='ocrx_word' id='word_1_510' title='bbox 345 4522 515 4586; x_wconf 88' lang='lat' dir='ltr'><strong>notio,</strong></span> <span class='ocrx_word' id='word_1_511' title='bbox 564 4523 736 4576; x_wconf 89' lang='lat' dir='ltr'><strong>Deum</strong></span> <span class='ocrx_word' id='word_1_512' title='bbox 795 4535 1006 4575; x_wconf 88' lang='lat' dir='ltr'><strong>smnme</strong></span> <span class='ocrx_word' id='word_1_513' title='bbox 1063 4521 1262 4575; x_wconf 89' lang='lat' dir='ltr'><strong>bonum</strong></span> <span class='ocrx_word' id='word_1_514' title='bbox 1320 4527 1585 4579; x_wconf 90' lang='lat' dir='ltr'><strong>malorum</strong></span> <span class='ocrx_word' id='word_1_515' title='bbox 1641 4539 1916 4581; x_wconf 87' lang='lat' dir='ltr'><strong>auctorem</strong></span> 
     </span>
    </p>
   </div>
   <div class='ocr_carea' id='block_1_74' title="bbox 344 4619 1919 4686">
    <p class='ocr_par' dir='ltr' id='par_1_74' title="bbox 344 4619 1919 4686">
     <span class='ocr_line' id='line_1_74' title="bbox 344 4619 1919 4686; baseline 0.004 -14"><span class='ocrx_word' id='word_1_516' title='bbox 344 4633 467 4674; x_wconf 85' lang='lat' dir='ltr'><strong>esse</strong></span> <span class='ocrx_word' id='word_1_517' title='bbox 511 4633 616 4671; x_wconf 94' lang='lat' dir='ltr'><strong>non</strong></span> <span class='ocrx_word' id='word_1_518' title='bbox 657 4633 850 4686; x_wconf 86' lang='lat' dir='ltr'><strong>posse;</strong></span> <span class='ocrx_word' id='word_1_519' title='bbox 897 4619 1045 4673; x_wconf 88' lang='lat' dir='ltr'><strong>illinc</strong></span> <span class='ocrx_word' id='word_1_520' title='bbox 1085 4635 1215 4674; x_wconf 87' lang='lat' dir='ltr'><strong>vero</strong></span> <span class='ocrx_word' id='word_1_521' title='bbox 1269 4621 1426 4675; x_wconf 86' lang='lat' dir='ltr'><strong>malis</strong></span> <span class='ocrx_word' id='word_1_522' title='bbox 1476 4626 1733 4676; x_wconf 88' lang='lat' dir='ltr'><strong>mundum</strong></span> <span class='ocrx_word' id='word_1_523' title='bbox 1778 4625 1919 4678; x_wconf 90' lang='lat' dir='ltr'><strong>hunc</strong></span> 
     </span>
    </p>
   </div>
   <div class='ocr_carea' id='block_1_75' title="bbox 345 4709 1917 4779">
    <p class='ocr_par' dir='ltr' id='par_1_75' title="bbox 345 4709 1917 4779">
     <span class='ocr_line' id='line_1_75' title="bbox 345 4709 1917 4779; baseline 0.003 -15"><span class='ocrx_word' id='word_1_524' title='bbox 345 4719 561 4764; x_wconf 82' lang='lat' dir='ltr'><strong>scatere</strong></span> <span class='ocrx_word' id='word_1_525' title='bbox 597 4709 785 4762; x_wconf 88' lang='lat' dir='ltr'><strong>doceat</strong></span> <span class='ocrx_word' id='word_1_526' title='bbox 816 4710 1188 4779; x_wconf 79' lang='lat' dir='ltr'><strong>experientia;</strong></span> <span class='ocrx_word' id='word_1_527' title='bbox 1224 4714 1421 4766; x_wconf 88' lang='lat' dir='ltr'><strong>nodum</strong></span> <span class='ocrx_word' id='word_1_528' title='bbox 1453 4714 1662 4768; x_wconf 88' lang='lat' dir='ltr'><strong>solvere</strong></span> <span class='ocrx_word' id='word_1_529' title='bbox 1690 4730 1795 4768; x_wconf 90' lang='lat' dir='ltr'><strong>non</strong></span> <span class='ocrx_word' id='word_1_530' title='bbox 1827 4730 1917 4768; x_wconf 85' lang='lat' dir='ltr'><strong>va-</strong></span> 
     </span>
    </p>
   </div>
   <div class='ocr_carea' id='block_1_76' title="bbox 344 4801 1916 4871">
    <p class='ocr_par' dir='ltr' id='par_1_76' title="bbox 344 4801 1916 4871">
     <span class='ocr_line' id='line_1_76' title="bbox 344 4801 1916 4871; baseline 0.003 -15"><span class='ocrx_word' id='word_1_531' title='bbox 344 4801 520 4856; x_wconf 85' lang='lat' dir='ltr'><strong>lentes</strong></span> <span class='ocrx_word' id='word_1_532' title='bbox 543 4801 788 4871; x_wconf 89' lang='lat' dir='ltr'><strong>plurimi,</strong></span> <span class='ocrx_word' id='word_1_533' title='bbox 828 4802 908 4854; x_wconf 87' lang='lat' dir='ltr'><strong>vel</strong></span> <span class='ocrx_word' id='word_1_534' title='bbox 935 4802 1314 4868; x_wconf 88' lang='lat' dir='ltr'><strong>desperatione</strong></span> <span class='ocrx_word' id='word_1_535' title='bbox 1358 4803 1512 4858; x_wconf 87' lang='lat' dir='ltr'><strong>fracti</strong></span> <span class='ocrx_word' id='word_1_536' title='bbox 1553 4815 1701 4870; x_wconf 89' lang='lat' dir='ltr'><strong>sunt,</strong></span> <span class='ocrx_word' id='word_1_537' title='bbox 1746 4807 1829 4859; x_wconf 88' lang='lat' dir='ltr'><strong>vel</strong></span> <span class='ocrx_word' id='word_1_538' title='bbox 1865 4807 1916 4860; x_wconf 88' lang='lat' dir='ltr'><strong>in</strong></span> 
     </span>
    </p>
   </div>
   <div class='ocr_carea' id='block_1_77' title="bbox 346 4893 1920 4968">
    <p class='ocr_par' dir='ltr' id='par_1_77' title="bbox 346 4893 1920 4968">
     <span class='ocr_line' id='line_1_77' title="bbox 346 4893 1920 4968; baseline 0.005 -22"><span class='ocrx_word' id='word_1_539' title='bbox 346 4893 864 4949; x_wconf 86' lang='lat' dir='ltr'><strong>absurdissimorum</strong></span> <span class='ocrx_word' id='word_1_540' title='bbox 921 4909 1174 4948; x_wconf 80' lang='lat' dir='ltr'><strong>errorum</strong></span> <span class='ocrx_word' id='word_1_541' title='bbox 1236 4893 1560 4950; x_wconf 80' lang='lat' dir='ltr'><strong>barathrum</strong></span> <span class='ocrx_word' id='word_1_542' title='bbox 1613 4900 1920 4968; x_wconf 81' lang='lat' dir='ltr'><strong>praccipites</strong></span> 
     </span>
    </p>
   </div>
   <div class='ocr_carea' id='block_1_78' title="bbox 346 4985 1920 5053">
    <p class='ocr_par' dir='ltr' id='par_1_78' title="bbox 346 4985 1920 5053">
     <span class='ocr_line' id='line_1_78' title="bbox 346 4985 1920 5053; baseline 0.004 -14"><span class='ocrx_word' id='word_1_543' title='bbox 346 4986 475 5049; x_wconf 86' lang='lat' dir='ltr'><strong>acti,</strong></span> <span class='ocrx_word' id='word_1_544' title='bbox 507 4987 814 5040; x_wconf 85' lang='lat' dir='ltr'><strong>miserrime</strong></span> <span class='ocrx_word' id='word_1_545' title='bbox 846 4988 1151 5053; x_wconf 86' lang='lat' dir='ltr'><strong>perierunt.</strong></span> <span class='ocrx_word' id='word_1_546' title='bbox 1194 4985 1263 5042; x_wconf 89' lang='lat' dir='ltr'><strong>Ut</strong></span> <span class='ocrx_word' id='word_1_547' title='bbox 1316 4988 1562 5042; x_wconf 89' lang='lat' dir='ltr'><strong>omittam</strong></span> <span class='ocrx_word' id='word_1_548' title='bbox 1597 5004 1692 5043; x_wconf 92' lang='lat' dir='ltr'><strong>eos</strong></span> <span class='ocrx_word' id='word_1_549' title='bbox 1732 5006 1762 5045; x_wconf 75' lang='grc' dir='ltr'>ε</span> <span class='ocrx_word' id='word_1_550' title='bbox 1796 4988 1920 5045; x_wconf 88' lang='lat' dir='ltr'><strong>Pla-</strong></span> 
     </span>
    </p>
   </div>
   <div class='ocr_carea' id='block_1_79' title="bbox 349 5080 1916 5153">
    <p class='ocr_par' dir='ltr' id='par_1_79' title="bbox 349 5080 1916 5153">
     <span class='ocr_line' id='line_1_79' title="bbox 349 5080 1916 5153; baseline 0.003 -19"><span class='ocrx_word' id='word_1_551' title='bbox 349 5081 570 5147; x_wconf 79' lang='lat' dir='ltr'><strong>tonicis,</strong></span> <span class='ocrx_word' id='word_1_552' title='bbox 619 5081 708 5150; x_wconf 89' lang='lat' dir='ltr'><strong>qui</strong></span> <span class='ocrx_word' id='word_1_553' title='bbox 759 5080 1046 5134; x_wconf 84' lang='lat' dir='ltr'><strong>materiam</strong></span> <span class='ocrx_word' id='word_1_554' title='bbox 1100 5091 1358 5135; x_wconf 77' lang='lat' dir='ltr'><strong>:eternam</strong></span> <span class='ocrx_word' id='word_1_555' title='bbox 1409 5092 1463 5136; x_wconf 87' lang='lat' dir='ltr'><strong>et</strong></span> <span class='ocrx_word' id='word_1_556' title='bbox 1511 5100 1539 5136; x_wconf 91' lang='lat' dir='ltr'><strong>a</strong></span> <span class='ocrx_word' id='word_1_557' title='bbox 1591 5083 1739 5138; x_wconf 90' lang='lat' dir='ltr'><strong>nullo</strong></span> <span class='ocrx_word' id='word_1_558' title='bbox 1793 5101 1916 5153; x_wconf 87' lang='lat' dir='ltr'><strong>pro-</strong></span> 
     </span>
    </p>
   </div>
   <div class='ocr_carea' id='block_1_80' title="bbox 347 5170 1920 5241">
    <p class='ocr_par' dir='ltr' id='par_1_80' title="bbox 347 5170 1920 5241">
     <span class='ocr_line' id='line_1_80' title="bbox 347 5170 1920 5241; baseline 0.003 -18"><span class='ocrx_word' id='word_1_559' title='bbox 347 5171 564 5225; x_wconf 85' lang='lat' dir='ltr'><strong>ductam</strong></span> <span class='ocrx_word' id='word_1_560' title='bbox 612 5171 873 5226; x_wconf 75' lang='lat' dir='ltr'><strong>invexere</strong></span> <span class='ocrx_word' id='word_1_561' title='bbox 924 5170 1189 5225; x_wconf 87' lang='lat' dir='ltr'><strong>malorum</strong></span> <span class='ocrx_word' id='word_1_562' title='bbox 1246 5173 1512 5236; x_wconf 89' lang='lat' dir='ltr'><strong>radicem,</strong></span> <span class='ocrx_word' id='word_1_563' title='bbox 1552 5188 1672 5241; x_wconf 61' lang='lat' dir='ltr'><strong>quas</strong></span> <span class='ocrx_word' id='word_1_564' title='bbox 1722 5173 1920 5227; x_wconf 87' lang='lat' dir='ltr'><strong>divinis</strong></span> 
     </span>
    </p>
   </div>
   <div class='ocr_carea' id='block_1_81' title="bbox 347 5264 1919 5336">
    <p class='ocr_par' dir='ltr' id='par_1_81' title="bbox 347 5264 1919 5336">
     <span class='ocr_line' id='line_1_81' title="bbox 347 5264 1919 5336; baseline 0.001 -17"><span class='ocrx_word' id='word_1_565' title='bbox 347 5268 606 5336; x_wconf 86' lang='lat' dir='ltr'><strong>operibus</strong></span> <span class='ocrx_word' id='word_1_566' title='bbox 636 5266 886 5329; x_wconf 81' lang='lat' dir='ltr'><strong>admista,</strong></span> <span class='ocrx_word' id='word_1_567' title='bbox 937 5264 1058 5319; x_wconf 84' lang='lat' dir='ltr'><strong>haec</strong></span> <span class='ocrx_word' id='word_1_568' title='bbox 1098 5264 1422 5333; x_wconf 84' lang='lat' dir='ltr'><strong>contagione</strong></span> <span class='ocrx_word' id='word_1_569' title='bbox 1462 5266 1691 5333; x_wconf 89' lang='lat' dir='ltr'><strong>quadam</strong></span> <span class='ocrx_word' id='word_1_570' title='bbox 1733 5267 1919 5320; x_wconf 84' lang='lat' dir='ltr'><strong>inﬁce-</strong></span> 
     </span>
    </p>
   </div>
   <div class='ocr_carea' id='block_1_82' title="bbox 351 5357 1919 5427">
    <p class='ocr_par' dir='ltr' id='par_1_82' title="bbox 351 5357 1919 5427">
     <span class='ocr_line' id='line_1_82' title="bbox 351 5357 1919 5427; baseline 0.001 -15"><span class='ocrx_word' id='word_1_571' title='bbox 351 5369 469 5423; x_wconf 86' lang='lat' dir='ltr'><strong>ret;</strong></span> <span class='ocrx_word' id='word_1_572' title='bbox 500 5359 592 5412; x_wconf 90' lang='lat' dir='ltr'><strong>alii</strong></span> <span class='ocrx_word' id='word_1_573' title='bbox 627 5375 748 5411; x_wconf 85' lang='lat' dir='ltr'><strong>cum</strong></span> <span class='ocrx_word' id='word_1_574' title='bbox 787 5357 1116 5427; x_wconf 85' lang='lat' dir='ltr'><strong>philosophi,</strong></span> <span class='ocrx_word' id='word_1_575' title='bbox 1158 5366 1271 5410; x_wconf 87' lang='lat' dir='ltr'><strong>tttm</strong></span> <span class='ocrx_word' id='word_1_576' title='bbox 1315 5358 1535 5411; x_wconf 91' lang='lat' dir='ltr'><strong>nomine</strong></span> <span class='ocrx_word' id='word_1_577' title='bbox 1575 5369 1724 5411; x_wconf 83' lang='lat' dir='ltr'><strong>tenus</strong></span> <span class='ocrx_word' id='word_1_578' title='bbox 1761 5359 1919 5413; x_wconf 85' lang='lat' dir='ltr'><strong>Chri-</strong></span> 
     </span>
    </p>
   </div>
   <div class='ocr_carea' id='block_1_83' title="bbox 348 5450 1919 5520">
    <p class='ocr_par' dir='ltr' id='par_1_83' title="bbox 348 5450 1919 5520">
     <span class='ocr_line' id='line_1_83' title="bbox 348 5450 1919 5520; baseline -0.001 -14"><span class='ocrx_word' id='word_1_579' title='bbox 348 5453 538 5518; x_wconf 88' lang='lat' dir='ltr'><strong>stiani,</strong></span> <span class='ocrx_word' id='word_1_580' title='bbox 588 5451 775 5520; x_wconf 91' lang='lat' dir='ltr'><strong>quales</strong></span> <span class='ocrx_word' id='word_1_581' title='bbox 813 5450 1169 5513; x_wconf 63' lang='lat' dir='ltr'><strong>Marcionita),</strong></span> <span class='ocrx_word' id='word_1_582' title='bbox 1213 5450 1489 5504; x_wconf 70' lang='lat' dir='ltr'><strong>lliattichtni</strong></span> <span class='ocrx_word' id='word_1_583' title='bbox 1535 5460 1589 5504; x_wconf 89' lang='lat' dir='ltr'><strong>et</strong></span> <span class='ocrx_word' id='word_1_584' title='bbox 1620 5450 1919 5505; x_wconf 81' lang='lat' dir='ltr'><strong>Priscillia-</strong></span> 
     </span>
    </p>
   </div>
   <div class='ocr_carea' id='block_1_84' title="bbox 350 5542 1918 5609">
    <p class='ocr_par' dir='ltr' id='par_1_84' title="bbox 350 5542 1918 5609">
     <span class='ocr_line' id='line_1_84' title="bbox 350 5542 1918 5609; baseline -0.001 -9"><span class='ocrx_word' id='word_1_585' title='bbox 350 5546 528 5609; x_wconf 73' lang='lat' dir='ltr'><strong>nistzr,</strong></span> <span class='ocrx_word' id='word_1_586' title='bbox 575 5545 710 5598; x_wconf 85' lang='lat' dir='ltr'><strong>duos</strong></span> <span class='ocrx_word' id='word_1_587' title='bbox 766 5543 1038 5598; x_wconf 87' lang='lat' dir='ltr'><strong>allirmare</strong></span> <span class='ocrx_word' id='word_1_588' title='bbox 1092 5545 1221 5598; x_wconf 90' lang='lat' dir='ltr'><strong>deos</strong></span> <span class='ocrx_word' id='word_1_589' title='bbox 1275 5542 1604 5609; x_wconf 87' lang='lat' dir='ltr'><strong>maluerunt,</strong></span> <span class='ocrx_word' id='word_1_590' title='bbox 1655 5553 1707 5596; x_wconf 89' lang='lat' dir='ltr'><strong>et</strong></span> <span class='ocrx_word' id='word_1_591' title='bbox 1755 5559 1918 5598; x_wconf 91' lang='lat' dir='ltr'><strong>unum</strong></span> 
     </span>
    </p>
   </div>
   <div class='ocr_carea' id='block_1_85' title="bbox 349 5633 1917 5704">
    <p class='ocr_par' dir='ltr' id='par_1_85' title="bbox 349 5633 1917 5704">
     <span class='ocr_line' id='line_1_85' title="bbox 349 5633 1917 5704; baseline 0 -13"><span class='ocrx_word' id='word_1_592' title='bbox 349 5650 542 5691; x_wconf 78' lang='lat' dir='ltr'><strong>eorum</strong></span> <span class='ocrx_word' id='word_1_593' title='bbox 574 5635 699 5690; x_wconf 91' lang='lat' dir='ltr'><strong>mali</strong></span> <span class='ocrx_word' id='word_1_594' title='bbox 732 5636 1080 5704; x_wconf 78' lang='lat' dir='ltr'><strong>principium,</strong></span> <span class='ocrx_word' id='word_1_595' title='bbox 1110 5649 1175 5687; x_wconf 89' lang='lat' dir='ltr'><strong>ne</strong></span> <span class='ocrx_word' id='word_1_596' title='bbox 1211 5633 1355 5687; x_wconf 91' lang='lat' dir='ltr'><strong>illum</strong></span> <span class='ocrx_word' id='word_1_597' title='bbox 1384 5648 1568 5686; x_wconf 89' lang='lat' dir='ltr'><strong>verum</strong></span> <span class='ocrx_word' id='word_1_598' title='bbox 1603 5634 1789 5699; x_wconf 89' lang='lat' dir='ltr'><strong>Deum,</strong></span> <span class='ocrx_word' id='word_1_599' title='bbox 1827 5636 1917 5704; x_wconf 84' lang='lat' dir='ltr'><strong>qui</strong></span> 
     </span>
    </p>
   </div>
   <div class='ocr_carea' id='block_1_86' title="bbox 349 5725 1920 5797">
    <p class='ocr_par' dir='ltr' id='par_1_86' title="bbox 349 5725 1920 5797">
     <span class='ocr_line' id='line_1_86' title="bbox 349 5725 1920 5797; baseline 0 -12"><span class='ocrx_word' id='word_1_600' title='bbox 349 5740 550 5785; x_wconf 84' lang='lat' dir='ltr'><strong>natura</strong></span> <span class='ocrx_word' id='word_1_601' title='bbox 589 5728 762 5782; x_wconf 86' lang='lat' dir='ltr'><strong>bonus</strong></span> <span class='ocrx_word' id='word_1_602' title='bbox 801 5739 900 5791; x_wconf 90' lang='lat' dir='ltr'><strong>est,</strong></span> <span class='ocrx_word' id='word_1_603' title='bbox 953 5727 1156 5780; x_wconf 81' lang='lat' dir='ltr'><strong>fontem</strong></span> <span class='ocrx_word' id='word_1_604' title='bbox 1197 5734 1251 5779; x_wconf 88' lang='lat' dir='ltr'><strong>et</strong></span> <span class='ocrx_word' id='word_1_605' title='bbox 1298 5725 1568 5797; x_wconf 82' lang='lat' dir='ltr'><strong>originem</strong></span> <span class='ocrx_word' id='word_1_606' title='bbox 1618 5725 1744 5780; x_wconf 91' lang='lat' dir='ltr'><strong>mali</strong></span> <span class='ocrx_word' id='word_1_607' title='bbox 1795 5742 1920 5784; x_wconf 88' lang='lat' dir='ltr'><strong>esse</strong></span> 
     </span>
    </p>
   </div>
   <div class='ocr_carea' id='block_1_87' title="bbox 439 5908 1371 5981">
    <p class='ocr_par' dir='ltr' id='par_1_87' title="bbox 439 5908 1371 5981">
     <span class='ocr_line' id='line_1_87' title="bbox 439 5908 1371 5981; baseline 0.001 -15"><span class='ocrx_word' id='word_1_608' title='bbox 439 5915 482 5946; x_wconf 83' lang='grc'>⁶²</span> <span class='ocrx_word' id='word_1_609' title='bbox 516 5910 611 5966; x_wconf 83' lang='lat' dir='ltr'><strong>Col</strong></span> <span class='ocrx_word' id='word_1_610' title='bbox 670 5925 730 5979; x_wconf 86' lang='grc' dir='ltr'>ιι,</span> <span class='ocrx_word' id='word_1_611' title='bbox 759 5911 813 5969; x_wconf 83' lang='grc'><strong>9.</strong></span> <span class='ocrx_word' id='word_1_612' title='bbox 904 5910 949 5942; x_wconf 75' lang='grc'><strong>⁸³</strong></span> <span class='ocrx_word' id='word_1_613' title='bbox 979 5908 1176 5981; x_wconf 81' lang='lat' dir='ltr'><strong>Ephcs.</strong></span> <span class='ocrx_word' id='word_1_614' title='bbox 1207 5925 1243 5978; x_wconf 86' lang='grc' dir='ltr'>ι,</span> <span class='ocrx_word' id='word_1_615' title='bbox 1284 5909 1371 5967; x_wconf 82' lang='lat' dir='ltr'><strong>to.</strong></span> 
     </span>
    </p>
   </div>
   <div class='ocr_carea' id='block_1_88' title="bbox 1486 5909 2006 5980">
    <p class='ocr_par' dir='ltr' id='par_1_88' title="bbox 1486 5909 2006 5980">
     <span class='ocr_line' id='line_1_88' title="bbox 1486 5909 2006 5980; baseline 0.01 -14"><span class='ocrx_word' id='word_1_616' title='bbox 1486 5911 1526 5943; x_wconf 81' lang='lat'><strong>“</strong></span> <span class='ocrx_word' id='word_1_617' title='bbox 1567 5910 1681 5968; x_wconf 83' lang='lat' dir='ltr'><strong>Col.</strong></span> <span class='ocrx_word' id='word_1_618' title='bbox 1725 5925 1764 5977; x_wconf 87' lang='lat' dir='ltr'><strong>t,</strong></span> <span class='ocrx_word' id='word_1_619' title='bbox 1801 5913 1888 5980; x_wconf 66' lang='lat' dir='ltr'><strong>l2),</strong></span> <span class='ocrx_word' id='word_1_620' title='bbox 1921 5909 2006 5971; x_wconf 70' lang='grc' dir='ltr'><strong>ΞΟ.</strong></span> 
     </span>
    </p>
   </div>
   <div class='ocr_carea' id='block_1_89' title="bbox 2020 3285 3602 3358">
    <p class='ocr_par' dir='ltr' id='par_1_89' title="bbox 2020 3285 3602 3358">
     <span class='ocr_line' id='line_1_89' title="bbox 2020 3285 3602 3358; baseline -0.004 -12"><span class='ocrx_word' id='word_1_621' title='bbox 2020 3293 2195 3347; x_wconf 89' lang='lat' dir='ltr'><strong>cuerit</strong></span> <span class='ocrx_word' id='word_1_622' title='bbox 2233 3287 2575 3342; x_wconf 81' lang='lat' dir='ltr'><strong>reconciliare</strong></span> <span class='ocrx_word' id='word_1_623' title='bbox 2624 3286 2801 3339; x_wconf 81' lang='lat' dir='ltr'><strong>omnia</strong></span> <span class='ocrx_word' id='word_1_624' title='bbox 2844 3285 2897 3338; x_wconf 84' lang='lat' dir='ltr'><strong>in</strong></span> <span class='ocrx_word' id='word_1_625' title='bbox 2931 3289 3117 3354; x_wconf 79' lang='lat' dir='ltr'><strong>ipsum,</strong></span> <span class='ocrx_word' id='word_1_626' title='bbox 3170 3288 3462 3356; x_wconf 83' lang='lat' dir='ltr'><strong>paciﬁcans</strong></span> <span class='ocrx_word' id='word_1_627' title='bbox 3508 3302 3602 3358; x_wconf 81' lang='lat' dir='ltr'><strong>per</strong></span> 
     </span>
    </p>
   </div>
   <div class='ocr_carea' id='block_1_90' title="bbox 2020 3380 3599 3455">
    <p class='ocr_par' dir='ltr' id='par_1_90' title="bbox 2020 3380 3599 3455">
     <span class='ocr_line' id='line_1_90' title="bbox 2020 3380 3599 3455; baseline -0.002 -14"><span class='ocrx_word' id='word_1_628' title='bbox 2020 3389 2328 3455; x_wconf 77' lang='lat' dir='ltr'><strong>sanguinem</strong></span> <span class='ocrx_word' id='word_1_629' title='bbox 2365 3387 2536 3436; x_wconf 84' lang='lat' dir='ltr'><strong>crucis</strong></span> <span class='ocrx_word' id='word_1_630' title='bbox 2576 3383 2712 3450; x_wconf 78' lang='lat' dir='ltr'><strong>ejus,</strong></span> <span class='ocrx_word' id='word_1_631' title='bbox 2752 3380 2856 3435; x_wconf 85' lang='lat' dir='ltr'><strong>sive</strong></span> <span class='ocrx_word' id='word_1_632' title='bbox 2894 3399 3013 3452; x_wconf 71' lang='lat' dir='ltr'><strong>qua:</strong></span> <span class='ocrx_word' id='word_1_633' title='bbox 3044 3383 3096 3434; x_wconf 83' lang='lat' dir='ltr'><strong>in</strong></span> <span class='ocrx_word' id='word_1_634' title='bbox 3127 3385 3302 3448; x_wconf 81' lang='lat' dir='ltr'><strong>terris,</strong></span> <span class='ocrx_word' id='word_1_635' title='bbox 3338 3383 3445 3436; x_wconf 83' lang='lat' dir='ltr'><strong>sive</strong></span> <span class='ocrx_word' id='word_1_636' title='bbox 3481 3401 3599 3454; x_wconf 80' lang='lat' dir='ltr'><strong>qua:</strong></span> 
     </span>
    </p>
   </div>
   <div class='ocr_carea' id='block_1_91' title="bbox 2019 3477 3601 3540">
    <p class='ocr_par' dir='ltr' id='par_1_91' title="bbox 2019 3477 3601 3540">
     <span class='ocr_line' id='line_1_91' title="bbox 2019 3477 3601 3540; baseline -0.001 -2"><span class='ocrx_word' id='word_1_637' title='bbox 2019 3487 2074 3540; x_wconf 84' lang='lat' dir='ltr'><strong>in</strong></span> <span class='ocrx_word' id='word_1_638' title='bbox 2106 3487 2245 3539; x_wconf 67' lang='lat' dir='ltr'><strong>caelis</strong></span> <span class='ocrx_word' id='word_1_639' title='bbox 2282 3494 2400 3537; x_wconf 82' lang='lat' dir='ltr'><strong>sunt</strong></span> <span class='ocrx_word' id='word_1_640' title='bbox 2432 3480 2496 3534; x_wconf 75' lang='lat'><strong>“.</strong></span> <span class='ocrx_word' id='word_1_641' title='bbox 2525 3477 2844 3534; x_wconf 85' lang='lat' dir='ltr'><strong>Certissima</strong></span> <span class='ocrx_word' id='word_1_642' title='bbox 2884 3477 3001 3530; x_wconf 65' lang='lat' dir='ltr'><strong>hmo</strong></span> <span class='ocrx_word' id='word_1_643' title='bbox 3031 3477 3288 3532; x_wconf 67' lang='lat' dir='ltr'><strong>Ecclesiae</strong></span> <span class='ocrx_word' id='word_1_644' title='bbox 3318 3480 3601 3536; x_wconf 68' lang='lat' dir='ltr'><strong>catholica:</strong></span> 
     </span>
    </p>
   </div>
   <div class='ocr_carea' id='block_1_92' title="bbox 2021 3594 3601 3665">
    <p class='ocr_par' dir='ltr' id='par_1_92' title="bbox 2021 3594 3601 3665">
     <span class='ocr_line' id='line_1_92' title="bbox 2021 3594 3601 3665; baseline -0.001 -13"><span class='ocrx_word' id='word_1_645' title='bbox 2021 3599 2087 3652; x_wconf 90' lang='lat' dir='ltr'><strong>ab</strong></span> <span class='ocrx_word' id='word_1_646' title='bbox 2133 3596 2394 3665; x_wconf 85' lang='lat' dir='ltr'><strong>apostolis</strong></span> <span class='ocrx_word' id='word_1_647' title='bbox 2437 3595 2636 3649; x_wconf 86' lang='lat' dir='ltr'><strong>tradita</strong></span> <span class='ocrx_word' id='word_1_648' title='bbox 2681 3594 2931 3659; x_wconf 70' lang='lat' dir='ltr'><strong>dogmata</strong></span> <span class='ocrx_word' id='word_1_649' title='bbox 2986 3594 3370 3662; x_wconf 79' lang='lat' dir='ltr'><strong>depravantes,</strong></span> <span class='ocrx_word' id='word_1_650' title='bbox 3424 3596 3601 3665; x_wconf 84' lang='lat' dir='ltr'><strong>iisque</strong></span> 
     </span>
    </p>
   </div>
   <div class='ocr_carea' id='block_1_93' title="bbox 2020 3689 3596 3758">
    <p class='ocr_par' dir='ltr' id='par_1_93' title="bbox 2020 3689 3596 3758">
     <span class='ocr_line' id='line_1_93' title="bbox 2020 3689 3596 3758; baseline -0.003 -10"><span class='ocrx_word' id='word_1_651' title='bbox 2020 3693 2224 3749; x_wconf 87' lang='lat' dir='ltr'><strong>ludicra</strong></span> <span class='ocrx_word' id='word_1_652' title='bbox 2253 3697 2556 3746; x_wconf 89' lang='lat' dir='ltr'><strong>commenta</strong></span> <span class='ocrx_word' id='word_1_653' title='bbox 2589 3704 2685 3758; x_wconf 91' lang='lat' dir='ltr'><strong>pro</strong></span> <span class='ocrx_word' id='word_1_654' title='bbox 2716 3704 2866 3743; x_wconf 88' lang='lat' dir='ltr'><strong>more</strong></span> <span class='ocrx_word' id='word_1_655' title='bbox 2900 3689 3360 3754; x_wconf 80' lang='lat' dir='ltr'><strong>intermiscentcs,</strong></span> <span class='ocrx_word' id='word_1_656' title='bbox 3401 3705 3596 3743; x_wconf 88' lang='lat' dir='ltr'><strong>novam</strong></span> 
     </span>
    </p>
   </div>
   <div class='ocr_carea' id='block_1_94' title="bbox 2020 3779 3598 3862">
    <p class='ocr_par' dir='ltr' id='par_1_94' title="bbox 2020 3779 3598 3862">
     <span class='ocr_line' id='line_1_94' title="bbox 2020 3779 3598 3862; baseline -0.004 -18"><span class='ocrx_word' id='word_1_657' title='bbox 2020 3787 2364 3862; x_wconf 83' lang='lat' dir='ltr'><strong>hypothcsim</strong></span> <span class='ocrx_word' id='word_1_658' title='bbox 2389 3786 2676 3848; x_wconf 89' lang='lat' dir='ltr'><strong>cudernnl,</strong></span> <span class='ocrx_word' id='word_1_659' title='bbox 2700 3800 2804 3853; x_wconf 85' lang='lat' dir='ltr'><strong>qua</strong></span> <span class='ocrx_word' id='word_1_660' title='bbox 2848 3779 3026 3837; x_wconf 88' lang='lat' dir='ltr'><strong>rerum</strong></span> <span class='ocrx_word' id='word_1_661' title='bbox 3054 3784 3274 3850; x_wconf 85' lang='lat' dir='ltr'><strong>genesin</strong></span> <span class='ocrx_word' id='word_1_662' title='bbox 3318 3799 3435 3849; x_wconf 82' lang='lat' dir='ltr'><strong>Sun,</strong></span> <span class='ocrx_word' id='word_1_663' title='bbox 3471 3782 3598 3837; x_wconf 84' lang='lat' dir='ltr'><strong>Pla-</strong></span> 
     </span>
    </p>
   </div>
   <div class='ocr_carea' id='block_1_95' title="bbox 2021 3875 3599 3947">
    <p class='ocr_par' dir='ltr' id='par_1_95' title="bbox 2021 3875 3599 3947">
     <span class='ocr_line' id='line_1_95' title="bbox 2021 3875 3599 3947; baseline -0.004 -11"><span class='ocrx_word' id='word_1_664' title='bbox 2021 3883 2200 3937; x_wconf 84' lang='lat' dir='ltr'><strong>tonico</strong></span> <span class='ocrx_word' id='word_1_665' title='bbox 2254 3879 2433 3947; x_wconf 90' lang='lat' dir='ltr'><strong>potius</strong></span> <span class='ocrx_word' id='word_1_666' title='bbox 2481 3888 2543 3930; x_wconf 88' lang='lat' dir='ltr'><strong>ac</strong></span> <span class='ocrx_word' id='word_1_667' title='bbox 2599 3875 2956 3946; x_wconf 78' lang='lat' dir='ltr'><strong>Pythagorico</strong></span> <span class='ocrx_word' id='word_1_668' title='bbox 2992 3915 3006 3938; x_wconf 94' lang='lat'><strong>,</strong></span> <span class='ocrx_word' id='word_1_669' title='bbox 3061 3879 3250 3940; x_wconf 54' lang='lat' dir='ltr'><strong>modo,</strong></span> <span class='ocrx_word' id='word_1_670' title='bbox 3315 3875 3599 3941; x_wconf 76' lang='lat' dir='ltr'><strong>:cnigmata</strong></span> 
     </span>
    </p>
   </div>
   <div class='ocr_carea' id='block_1_96' title="bbox 2020 3969 3599 4044">
    <p class='ocr_par' dir='ltr' id='par_1_96' title="bbox 2020 3969 3599 4044">
     <span class='ocr_line' id='line_1_96' title="bbox 2020 3969 3599 4044; baseline -0.007 -13"><span class='ocrx_word' id='word_1_671' title='bbox 2020 3975 2324 4044; x_wconf 74' lang='lat' dir='ltr'><strong>aenigmatis</strong></span> <span class='ocrx_word' id='word_1_672' title='bbox 2370 3972 2695 4033; x_wconf 80' lang='lat' dir='ltr'><strong>intcxentes,</strong></span> <span class='ocrx_word' id='word_1_673' title='bbox 2739 3969 3102 4037; x_wconf 85' lang='lat' dir='ltr'><strong>explicarent.</strong></span> <span class='ocrx_word' id='word_1_674' title='bbox 3150 3969 3454 4023; x_wconf 76' lang='lat' dir='ltr'><strong>Finxerunt</strong></span> <span class='ocrx_word' id='word_1_675' title='bbox 3495 3969 3599 4021; x_wconf 83' lang='lat' dir='ltr'><strong>ita-</strong></span> 
     </span>
    </p>
   </div>
   <div class='ocr_carea' id='block_1_97' title="bbox 2020 4062 3595 4139">
    <p class='ocr_par' dir='ltr' id='par_1_97' title="bbox 2020 4062 3595 4139">
     <span class='ocr_line' id='line_1_97' title="bbox 2020 4062 3595 4139; baseline -0.005 -18"><span class='ocrx_word' id='word_1_676' title='bbox 2020 4084 2144 4139; x_wconf 88' lang='lat' dir='ltr'><strong>que,</strong></span> <span class='ocrx_word' id='word_1_677' title='bbox 2179 4080 2447 4121; x_wconf 87' lang='lat' dir='ltr'><strong>smnmum</strong></span> <span class='ocrx_word' id='word_1_678' title='bbox 2491 4063 2657 4119; x_wconf 87' lang='lat' dir='ltr'><strong>Deum</strong></span> <span class='ocrx_word' id='word_1_679' title='bbox 2688 4062 2916 4117; x_wconf 85' lang='lat' dir='ltr'><strong>infinitis</strong></span> <span class='ocrx_word' id='word_1_680' title='bbox 2950 4071 3255 4130; x_wconf 85' lang='lat' dir='ltr'><strong>temporum</strong></span> <span class='ocrx_word' id='word_1_681' title='bbox 3304 4063 3515 4115; x_wconf 61' lang='lat' dir='ltr'><strong>saeculis</strong></span> <span class='ocrx_word' id='word_1_682' title='bbox 3544 4065 3595 4114; x_wconf 91' lang='lat' dir='ltr'><strong>in</strong></span> 
     </span>
    </p>
   </div>
   <div class='ocr_carea' id='block_1_98' title="bbox 2021 4153 3600 4229">
    <p class='ocr_par' dir='ltr' id='par_1_98' title="bbox 2021 4153 3600 4229">
     <span class='ocr_line' id='line_1_98' title="bbox 2021 4153 3600 4229; baseline -0.006 -12"><span class='ocrx_word' id='word_1_683' title='bbox 2021 4176 2230 4217; x_wconf 86' lang='lat' dir='ltr'><strong>summa</strong></span> <span class='ocrx_word' id='word_1_684' title='bbox 2283 4160 2469 4229; x_wconf 91' lang='lat' dir='ltr'><strong>quiete</strong></span> <span class='ocrx_word' id='word_1_685' title='bbox 2521 4172 2586 4211; x_wconf 92' lang='lat' dir='ltr'><strong>ac</strong></span> <span class='ocrx_word' id='word_1_686' title='bbox 2636 4154 3030 4223; x_wconf 81' lang='lat' dir='ltr'><strong>tranquilli‘ate</strong></span> <span class='ocrx_word' id='word_1_687' title='bbox 3086 4154 3410 4222; x_wconf 62' lang='lat' dir='ltr'><strong>perstitisse,</strong></span> <span class='ocrx_word' id='word_1_688' title='bbox 3465 4153 3600 4207; x_wconf 87' lang='lat' dir='ltr'><strong>nihil</strong></span> 
     </span>
    </p>
   </div>
   <div class='ocr_carea' id='block_1_99' title="bbox 2021 4248 3600 4321">
    <p class='ocr_par' dir='ltr' id='par_1_99' title="bbox 2021 4248 3600 4321">
     <span class='ocr_line' id='line_1_99' title="bbox 2021 4248 3600 4321; baseline -0.008 -11"><span class='ocrx_word' id='word_1_689' title='bbox 2021 4256 2259 4310; x_wconf 85' lang='lat' dir='ltr'><strong>exterius</strong></span> <span class='ocrx_word' id='word_1_690' title='bbox 2293 4263 2595 4321; x_wconf 88' lang='lat' dir='ltr'><strong>operatum,</strong></span> <span class='ocrx_word' id='word_1_691' title='bbox 2630 4251 2724 4305; x_wconf 74' lang='lat' dir='ltr'><strong>sed</strong></span> <span class='ocrx_word' id='word_1_692' title='bbox 2759 4250 2869 4304; x_wconf 88' lang='lat' dir='ltr'><strong>sola</strong></span> <span class='ocrx_word' id='word_1_693' title='bbox 2904 4265 2998 4303; x_wconf 86' lang='lat' dir='ltr'><strong>sua</strong></span> <span class='ocrx_word' id='word_1_694' title='bbox 3043 4248 3219 4319; x_wconf 69' lang='grc' dir='ltr'>ἐννοίᾳ</span> <span class='ocrx_word' id='word_1_695' title='bbox 3260 4262 3353 4301; x_wconf 87' lang='lat' dir='ltr'><strong>seu</strong></span> <span class='ocrx_word' id='word_1_696' title='bbox 3399 4248 3600 4312; x_wconf 74' lang='lat' dir='ltr'><strong>cogita-</strong></span> 
     </span>
    </p>
   </div>
   <div class='ocr_carea' id='block_1_100' title="bbox 2024 4339 3599 4412">
    <p class='ocr_par' dir='ltr' id='par_1_100' title="bbox 2024 4339 3599 4412">
     <span class='ocr_line' id='line_1_100' title="bbox 2024 4339 3599 4412; baseline -0.008 -9"><span class='ocrx_word' id='word_1_697' title='bbox 2024 4352 2169 4404; x_wconf 90' lang='lat' dir='ltr'><strong>tione</strong></span> <span class='ocrx_word' id='word_1_698' title='bbox 2201 4355 2515 4402; x_wconf 79' lang='lat' dir='ltr'><strong>contentnm</strong></span> <span class='ocrx_word' id='word_1_699' title='bbox 2549 4355 2604 4399; x_wconf 88' lang='lat' dir='ltr'><strong>et</strong></span> <span class='ocrx_word' id='word_1_700' title='bbox 2645 4352 2996 4412; x_wconf 86' lang='lat' dir='ltr'><strong>occupatum:</strong></span> <span class='ocrx_word' id='word_1_701' title='bbox 3041 4357 3202 4409; x_wconf 90' lang='lat' dir='ltr'><strong>quam</strong></span> <span class='ocrx_word' id='word_1_702' title='bbox 3249 4340 3373 4392; x_wconf 89' lang='lat' dir='ltr'><strong>ideo</strong></span> <span class='ocrx_word' id='word_1_703' title='bbox 3422 4339 3599 4391; x_wconf 83' lang='lat' dir='ltr'><strong>Silen-</strong></span> 
     </span>
    </p>
   </div>
   <div class='ocr_carea' id='block_1_101' title="bbox 2025 4433 3599 4508">
    <p class='ocr_par' dir='ltr' id='par_1_101' title="bbox 2025 4433 3599 4508">
     <span class='ocr_line' id='line_1_101' title="bbox 2025 4433 3599 4508; baseline -0.008 -12"><span class='ocrx_word' id='word_1_704' title='bbox 2025 4446 2157 4496; x_wconf 92' lang='lat' dir='ltr'><strong>tium</strong></span> <span class='ocrx_word' id='word_1_705' title='bbox 2192 4442 2480 4504; x_wconf 84' lang='lat' dir='ltr'><strong>vncabant,</strong></span> <span class='ocrx_word' id='word_1_706' title='bbox 2510 4439 2636 4508; x_wconf 88' lang='lat' dir='ltr'><strong>quia</strong></span> <span class='ocrx_word' id='word_1_707' title='bbox 2672 4436 2818 4492; x_wconf 88' lang='lat' dir='ltr'><strong>nullo</strong></span> <span class='ocrx_word' id='word_1_708' title='bbox 2859 4449 2976 4490; x_wconf 87' lang='lat' dir='ltr'><strong>sese</strong></span> <span class='ocrx_word' id='word_1_709' title='bbox 3019 4446 3140 4487; x_wconf 83' lang='lat' dir='ltr'><strong>netu</strong></span> <span class='ocrx_word' id='word_1_710' title='bbox 3183 4433 3440 4486; x_wconf 74' lang='lat' dir='ltr'><strong>exrcriori</strong></span> <span class='ocrx_word' id='word_1_711' title='bbox 3469 4448 3599 4499; x_wconf 84' lang='lat' dir='ltr'><strong>pro-</strong></span> 
     </span>
    </p>
   </div>
   <div class='ocr_carea' id='block_1_102' title="bbox 2024 4526 3598 4599">
    <p class='ocr_par' dir='ltr' id='par_1_102' title="bbox 2024 4526 3598 4599">
     <span class='ocr_line' id='line_1_102' title="bbox 2024 4526 3598 4599; baseline -0.008 -10"><span class='ocrx_word' id='word_1_712' title='bbox 2024 4533 2489 4598; x_wconf 83' lang='lat' dir='ltr'><strong>debat;Gratiam</strong></span> <span class='ocrx_word' id='word_1_713' title='bbox 2539 4544 2684 4594; x_wconf 90' lang='lat' dir='ltr'><strong>vero,</strong></span> <span class='ocrx_word' id='word_1_714' title='bbox 2715 4533 2840 4599; x_wconf 90' lang='lat' dir='ltr'><strong>quia</strong></span> <span class='ocrx_word' id='word_1_715' title='bbox 2891 4527 3288 4582; x_wconf 76' lang='lat' dir='ltr'><strong>beneﬁciorum</strong></span> <span class='ocrx_word' id='word_1_716' title='bbox 3335 4526 3598 4590; x_wconf 77' lang='lat' dir='ltr'><strong>omnium,</strong></span> 
     </span>
    </p>
   </div>
   <div class='ocr_carea' id='block_1_103' title="bbox 2028 4618 3599 4698">
    <p class='ocr_par' dir='ltr' id='par_1_103' title="bbox 2028 4618 3599 4698">
     <span class='ocr_line' id='line_1_103' title="bbox 2028 4618 3599 4698; baseline -0.006 -17"><span class='ocrx_word' id='word_1_717' title='bbox 2028 4643 2148 4698; x_wconf 76' lang='lat' dir='ltr'><strong>qua:</strong></span> <span class='ocrx_word' id='word_1_718' title='bbox 2175 4627 2291 4681; x_wconf 88' lang='lat' dir='ltr'><strong>orbi</strong></span> <span class='ocrx_word' id='word_1_719' title='bbox 2322 4625 2578 4692; x_wconf 79' lang='lat' dir='ltr'><strong>deinceps</strong></span> <span class='ocrx_word' id='word_1_720' title='bbox 2619 4623 2850 4691; x_wconf 87' lang='lat' dir='ltr'><strong>largitus</strong></span> <span class='ocrx_word' id='word_1_721' title='bbox 2889 4632 2990 4686; x_wconf 87' lang='lat' dir='ltr'><strong>est,</strong></span> <span class='ocrx_word' id='word_1_722' title='bbox 3035 4622 3150 4672; x_wconf 88' lang='lat' dir='ltr'><strong>fons</strong></span> <span class='ocrx_word' id='word_1_723' title='bbox 3193 4629 3246 4671; x_wconf 90' lang='lat' dir='ltr'><strong>et</strong></span> <span class='ocrx_word' id='word_1_724' title='bbox 3277 4618 3599 4686; x_wconf 83' lang='lat' dir='ltr'><strong>principium</strong></span> 
     </span>
    </p>
   </div>
   <div class='ocr_carea' id='block_1_104' title="bbox 2028 4711 3603 4786">
    <p class='ocr_par' dir='ltr' id='par_1_104' title="bbox 2028 4711 3603 4786">
     <span class='ocr_line' id='line_1_104' title="bbox 2028 4711 3603 4786; baseline -0.008 -10"><span class='ocrx_word' id='word_1_725' title='bbox 2028 4720 2262 4776; x_wconf 79' lang='lat' dir='ltr'><strong>exstitit.</strong></span> <span class='ocrx_word' id='word_1_726' title='bbox 2314 4718 2392 4772; x_wconf 81' lang='lat' dir='ltr'><strong>Ex</strong></span> <span class='ocrx_word' id='word_1_727' title='bbox 2453 4732 2560 4786; x_wconf 89' lang='lat' dir='ltr'><strong>quo</strong></span> <span class='ocrx_word' id='word_1_728' title='bbox 2615 4715 2760 4770; x_wconf 90' lang='lat' dir='ltr'><strong>cnim</strong></span> <span class='ocrx_word' id='word_1_729' title='bbox 2818 4714 2960 4767; x_wconf 90' lang='lat' dir='ltr'><strong>Deus</strong></span> <span class='ocrx_word' id='word_1_730' title='bbox 2997 4715 3048 4766; x_wconf 90' lang='lat' dir='ltr'><strong>in</strong></span> <span class='ocrx_word' id='word_1_731' title='bbox 3102 4713 3338 4766; x_wconf 88' lang='lat' dir='ltr'><strong>animum</strong></span> <span class='ocrx_word' id='word_1_732' title='bbox 3391 4711 3603 4764; x_wconf 72' lang='lat' dir='ltr'><strong>induxit</strong></span> 
     </span>
    </p>
   </div>
   <div class='ocr_carea' id='block_1_105' title="bbox 2028 4802 3602 4878">
    <p class='ocr_par' dir='ltr' id='par_1_105' title="bbox 2028 4802 3602 4878">
     <span class='ocr_line' id='line_1_105' title="bbox 2028 4802 3602 4878; baseline -0.008 -11"><span class='ocrx_word' id='word_1_733' title='bbox 2028 4814 2213 4867; x_wconf 90' lang='lat' dir='ltr'><strong>orbem</strong></span> <span class='ocrx_word' id='word_1_734' title='bbox 2250 4812 2508 4875; x_wconf 83' lang='lat' dir='ltr'><strong>condere,</strong></span> <span class='ocrx_word' id='word_1_735' title='bbox 2539 4808 2923 4878; x_wconf 83' lang='lat' dir='ltr'><strong>cogitationem</strong></span> <span class='ocrx_word' id='word_1_736' title='bbox 2953 4821 3106 4859; x_wconf 89' lang='lat' dir='ltr'><strong>suam</strong></span> <span class='ocrx_word' id='word_1_737' title='bbox 3149 4805 3412 4858; x_wconf 83' lang='lat' dir='ltr'><strong>hactenus</strong></span> <span class='ocrx_word' id='word_1_738' title='bbox 3437 4802 3602 4856; x_wconf 69' lang='lat' dir='ltr'><strong>sterio</strong></span> 
     </span>
    </p>
   </div>
   <div class='ocr_carea' id='block_1_106' title="bbox 2028 4901 3601 4968">
    <p class='ocr_par' dir='ltr' id='par_1_106' title="bbox 2028 4901 3601 4968">
     <span class='ocr_line' id='line_1_106' title="bbox 2028 4901 3601 4968; baseline -0.007 -8"><span class='ocrx_word' id='word_1_739' title='bbox 2028 4906 2133 4960; x_wconf 87' lang='lat' dir='ltr'><strong>lem</strong></span> <span class='ocrx_word' id='word_1_740' title='bbox 2158 4909 2237 4960; x_wconf 92' lang='lat' dir='ltr'><strong>sic</strong></span> <span class='ocrx_word' id='word_1_741' title='bbox 2266 4904 2604 4968; x_wconf 85' lang='lat' dir='ltr'><strong>fecundavit,</strong></span> <span class='ocrx_word' id='word_1_742' title='bbox 2655 4910 2712 4953; x_wconf 89' lang='lat' dir='ltr'><strong>ttt</strong></span> <span class='ocrx_word' id='word_1_743' title='bbox 2738 4901 2792 4953; x_wconf 90' lang='lat' dir='ltr'><strong>in</strong></span> <span class='ocrx_word' id='word_1_744' title='bbox 2827 4915 3019 4952; x_wconf 87' lang='lat' dir='ltr'><strong>novum</strong></span> <span class='ocrx_word' id='word_1_745' title='bbox 3059 4909 3259 4962; x_wconf 80' lang='lat' dir='ltr'><strong>actum,</strong></span> <span class='ocrx_word' id='word_1_746' title='bbox 3297 4910 3403 4965; x_wconf 88' lang='lat' dir='ltr'><strong>quo</strong></span> <span class='ocrx_word' id='word_1_747' title='bbox 3443 4905 3601 4949; x_wconf 81' lang='lat' dir='ltr'><strong>exte-</strong></span> 
     </span>
    </p>
   </div>
   <div class='ocr_carea' id='block_1_107' title="bbox 2029 4989 3599 5068">
    <p class='ocr_par' dir='ltr' id='par_1_107' title="bbox 2029 4989 3599 5068">
     <span class='ocr_line' id='line_1_107' title="bbox 2029 4989 3599 5068; baseline -0.007 -16"><span class='ocrx_word' id='word_1_748' title='bbox 2029 5003 2142 5052; x_wconf 86' lang='lat' dir='ltr'><strong>rius</strong></span> <span class='ocrx_word' id='word_1_749' title='bbox 2174 5007 2498 5068; x_wconf 88' lang='lat' dir='ltr'><strong>patesceret,</strong></span> <span class='ocrx_word' id='word_1_750' title='bbox 2529 5006 2843 5063; x_wconf 78' lang='lat' dir='ltr'><strong>erumpens,</strong></span> <span class='ocrx_word' id='word_1_751' title='bbox 2872 4989 3015 5044; x_wconf 77' lang='grc' dir='ltr'><strong>Νοῦν</strong></span> <span class='ocrx_word' id='word_1_752' title='bbox 3061 5006 3157 5044; x_wconf 91' lang='lat' dir='ltr'><strong>seu</strong></span> <span class='ocrx_word' id='word_1_753' title='bbox 3206 5005 3422 5044; x_wconf 88' lang='lat' dir='ltr'><strong>sensum</strong></span> <span class='ocrx_word' id='word_1_754' title='bbox 3468 5003 3599 5054; x_wconf 85' lang='lat' dir='ltr'><strong>pro-</strong></span> 
     </span>
    </p>
   </div>
   <div class='ocr_carea' id='block_1_108' title="bbox 2029 5081 3601 5155">
    <p class='ocr_par' dir='ltr' id='par_1_108' title="bbox 2029 5081 3601 5155">
     <span class='ocr_line' id='line_1_108' title="bbox 2029 5081 3601 5155; baseline -0.008 -9"><span class='ocrx_word' id='word_1_755' title='bbox 2029 5091 2273 5155; x_wconf 83' lang='lat' dir='ltr'><strong>duceret,</strong></span> <span class='ocrx_word' id='word_1_756' title='bbox 2322 5104 2503 5143; x_wconf 89' lang='lat' dir='ltr'><strong>rcrum</strong></span> <span class='ocrx_word' id='word_1_757' title='bbox 2567 5087 2812 5142; x_wconf 90' lang='lat' dir='ltr'><strong>omnium</strong></span> <span class='ocrx_word' id='word_1_758' title='bbox 2885 5092 3100 5152; x_wconf 89' lang='lat' dir='ltr'><strong>patrem</strong></span> <span class='ocrx_word' id='word_1_759' title='bbox 3152 5097 3218 5135; x_wconf 89' lang='lat' dir='ltr'><strong>ac</strong></span> <span class='ocrx_word' id='word_1_760' title='bbox 3274 5081 3601 5151; x_wconf 71' lang='lat' dir='ltr'><strong>principium</strong></span> 
     </span>
    </p>
   </div>
   <div class='ocr_carea' id='block_1_109' title="bbox 2030 5173 3599 5245">
    <p class='ocr_par' dir='ltr' id='par_1_109' title="bbox 2030 5173 3599 5245">
     <span class='ocr_line' id='line_1_109' title="bbox 2030 5173 3599 5245; baseline -0.007 -9"><span class='ocrx_word' id='word_1_761' title='bbox 2030 5182 2224 5236; x_wconf 87' lang='lat' dir='ltr'><strong>deinde</strong></span> <span class='ocrx_word' id='word_1_762' title='bbox 2280 5180 2541 5242; x_wconf 89' lang='lat' dir='ltr'><strong>futurum,</strong></span> <span class='ocrx_word' id='word_1_763' title='bbox 2603 5178 2720 5233; x_wconf 79' lang='lat' dir='ltr'><strong>sive</strong></span> <span class='ocrx_word' id='word_1_764' title='bbox 2777 5176 3090 5245; x_wconf 62' lang='lat' dir='ltr'><strong>primaevam</strong></span> <span class='ocrx_word' id='word_1_765' title='bbox 3146 5181 3195 5226; x_wconf 88' lang='lat' dir='ltr'><strong>ct</strong></span> <span class='ocrx_word' id='word_1_766' title='bbox 3248 5173 3599 5241; x_wconf 85' lang='lat' dir='ltr'><strong>archetypam</strong></span> 
     </span>
    </p>
   </div>
   <div class='ocr_carea' id='block_1_110' title="bbox 2028 5267 3605 5330">
    <p class='ocr_par' dir='ltr' id='par_1_110' title="bbox 2028 5267 3605 5330">
     <span class='ocr_line' id='line_1_110' title="bbox 2028 5267 3605 5330; baseline -0.008 -1"><span class='ocrx_word' id='word_1_767' title='bbox 2028 5290 2211 5330; x_wconf 89' lang='lat' dir='ltr'><strong>rcrttm</strong></span> <span class='ocrx_word' id='word_1_768' title='bbox 2263 5273 2504 5326; x_wconf 90' lang='lat' dir='ltr'><strong>omnium</strong></span> <span class='ocrx_word' id='word_1_769' title='bbox 2557 5270 2960 5324; x_wconf 87' lang='lat' dir='ltr'><strong>condendarttm</strong></span> <span class='ocrx_word' id='word_1_770' title='bbox 3016 5267 3269 5327; x_wconf 89' lang='lat' dir='ltr'><strong>formam,</strong></span> <span class='ocrx_word' id='word_1_771' title='bbox 3315 5274 3370 5318; x_wconf 92' lang='lat' dir='ltr'><strong>et</strong></span> <span class='ocrx_word' id='word_1_772' title='bbox 3417 5279 3605 5317; x_wconf 78' lang='lat' dir='ltr'><strong>exem-</strong></span> 
     </span>
    </p>
   </div>
   <div class='ocr_carea' id='block_1_111' title="bbox 2029 5356 3600 5434">
    <p class='ocr_par' dir='ltr' id='par_1_111' title="bbox 2029 5356 3600 5434">
     <span class='ocr_line' id='line_1_111' title="bbox 2029 5356 3600 5434; baseline -0.004 -18"><span class='ocrx_word' id='word_1_773' title='bbox 2029 5369 2165 5434; x_wconf 90' lang='lat' dir='ltr'><strong>plar.</strong></span> <span class='ocrx_word' id='word_1_774' title='bbox 2201 5363 2339 5417; x_wconf 90' lang='lat' dir='ltr'><strong>lluic</strong></span> <span class='ocrx_word' id='word_1_775' title='bbox 2386 5361 2633 5430; x_wconf 87' lang='lat' dir='ltr'><strong>copulata</strong></span> <span class='ocrx_word' id='word_1_776' title='bbox 2680 5360 2880 5414; x_wconf 71' lang='lat' dir='ltr'><strong>dicitur</strong></span> <span class='ocrx_word' id='word_1_777' title='bbox 2926 5358 3159 5422; x_wconf 77' lang='lat' dir='ltr'><strong>Veritas,</strong></span> <span class='ocrx_word' id='word_1_778' title='bbox 3196 5356 3323 5426; x_wconf 89' lang='lat' dir='ltr'><strong>quia</strong></span> <span class='ocrx_word' id='word_1_779' title='bbox 3365 5357 3600 5426; x_wconf 88' lang='lat' dir='ltr'><strong>primum</strong></span> 
     </span>
    </p>
   </div>
   <div class='ocr_carea' id='block_1_112' title="bbox 2031 5446 3604 5524">
    <p class='ocr_par' dir='ltr' id='par_1_112' title="bbox 2031 5446 3604 5524">
     <span class='ocr_line' id='line_1_112' title="bbox 2031 5446 3604 5524; baseline -0.007 -13"><span class='ocrx_word' id='word_1_780' title='bbox 2031 5456 2158 5511; x_wconf 90' lang='lat' dir='ltr'><strong>illud</strong></span> <span class='ocrx_word' id='word_1_781' title='bbox 2191 5455 2472 5524; x_wconf 77' lang='lat' dir='ltr'><strong>exemplar</strong></span> <span class='ocrx_word' id='word_1_782' title='bbox 2519 5466 2771 5520; x_wconf 86' lang='lat' dir='ltr'><strong>suprema</strong></span> <span class='ocrx_word' id='word_1_783' title='bbox 2821 5451 3024 5504; x_wconf 80' lang='lat' dir='ltr'><strong>veritas</strong></span> <span class='ocrx_word' id='word_1_784' title='bbox 3068 5458 3121 5503; x_wconf 90' lang='lat' dir='ltr'><strong>et</strong></span> <span class='ocrx_word' id='word_1_785' title='bbox 3166 5448 3346 5518; x_wconf 86' lang='lat' dir='ltr'><strong>regula</strong></span> <span class='ocrx_word' id='word_1_786' title='bbox 3402 5456 3504 5508; x_wconf 88' lang='lat' dir='ltr'><strong>est,</strong></span> <span class='ocrx_word' id='word_1_787' title='bbox 3536 5446 3604 5500; x_wconf 88' lang='lat' dir='ltr'><strong>ad</strong></span> 
     </span>
    </p>
   </div>
   <div class='ocr_carea' id='block_1_113' title="bbox 2028 5539 3602 5618">
    <p class='ocr_par' dir='ltr' id='par_1_113' title="bbox 2028 5539 3602 5618">
     <span class='ocr_line' id='line_1_113' title="bbox 2028 5539 3602 5618; baseline -0.005 -18"><span class='ocrx_word' id='word_1_788' title='bbox 2028 5563 2190 5618; x_wconf 89' lang='lat' dir='ltr'><strong>quam</strong></span> <span class='ocrx_word' id='word_1_789' title='bbox 2243 5546 2486 5600; x_wconf 89' lang='lat' dir='ltr'><strong>omnium</strong></span> <span class='ocrx_word' id='word_1_790' title='bbox 2542 5543 2827 5598; x_wconf 72' lang='lat' dir='ltr'><strong>fabricatio</strong></span> <span class='ocrx_word' id='word_1_791' title='bbox 2864 5540 3128 5609; x_wconf 77' lang='lat' dir='ltr'><strong>exigenda</strong></span> <span class='ocrx_word' id='word_1_792' title='bbox 3163 5539 3251 5593; x_wconf 89' lang='lat' dir='ltr'><strong>sit.</strong></span> <span class='ocrx_word' id='word_1_793' title='bbox 3299 5539 3436 5604; x_wconf 84' lang='lat' dir='ltr'><strong>Quia</strong></span> <span class='ocrx_word' id='word_1_794' title='bbox 3467 5553 3602 5592; x_wconf 87' lang='lat' dir='ltr'><strong>vero</strong></span> 
     </span>
    </p>
   </div>
   <div class='ocr_carea' id='block_1_114' title="bbox 2029 5632 3600 5708">
    <p class='ocr_par' dir='ltr' id='par_1_114' title="bbox 2029 5632 3600 5708">
     <span class='ocr_line' id='line_1_114' title="bbox 2029 5632 3600 5708; baseline -0.006 -14"><span class='ocrx_word' id='word_1_795' title='bbox 2029 5639 2289 5708; x_wconf 87' lang='lat' dir='ltr'><strong>apertius,</strong></span> <span class='ocrx_word' id='word_1_796' title='bbox 2318 5653 2477 5706; x_wconf 83' lang='lat' dir='ltr'><strong>quam</strong></span> <span class='ocrx_word' id='word_1_797' title='bbox 2509 5645 2569 5690; x_wconf 92' lang='lat' dir='ltr'><strong>ut</strong></span> <span class='ocrx_word' id='word_1_798' title='bbox 2613 5637 2680 5691; x_wconf 90' lang='lat' dir='ltr'><strong>ab</strong></span> <span class='ocrx_word' id='word_1_799' title='bbox 2731 5635 2796 5688; x_wconf 92' lang='lat' dir='ltr'><strong>iis</strong></span> <span class='ocrx_word' id='word_1_800' title='bbox 2845 5633 2938 5703; x_wconf 92' lang='lat' dir='ltr'><strong>qui</strong></span> <span class='ocrx_word' id='word_1_801' title='bbox 2987 5632 3358 5687; x_wconf 91' lang='lat' dir='ltr'><strong>Christianum</strong></span> <span class='ocrx_word' id='word_1_802' title='bbox 3405 5644 3600 5684; x_wconf 85' lang='lat' dir='ltr'><strong>nomen</strong></span> 
     </span>
    </p>
   </div>
   <div class='ocr_carea' id='block_1_115' title="bbox 2028 5723 3598 5804">
    <p class='ocr_par' dir='ltr' id='par_1_115' title="bbox 2028 5723 3598 5804">
     <span class='ocr_line' id='line_1_115' title="bbox 2028 5723 3598 5804; baseline -0.005 -17"><span class='ocrx_word' id='word_1_803' title='bbox 2028 5744 2304 5804; x_wconf 84' lang='lat' dir='ltr'><strong>utcunque</strong></span> <span class='ocrx_word' id='word_1_804' title='bbox 2351 5733 2701 5803; x_wconf 88' lang='lat' dir='ltr'><strong>prolitentur,</strong></span> <span class='ocrx_word' id='word_1_805' title='bbox 2747 5726 2934 5799; x_wconf 82' lang='lat' dir='ltr'><strong>negari</strong></span> <span class='ocrx_word' id='word_1_806' title='bbox 2971 5728 3161 5797; x_wconf 87' lang='lat' dir='ltr'><strong>possit,</strong></span> <span class='ocrx_word' id='word_1_807' title='bbox 3209 5724 3264 5781; x_wconf 82' lang='lat' dir='ltr'><strong>in</strong></span> <span class='ocrx_word' id='word_1_808' title='bbox 3298 5723 3598 5797; x_wconf 78' lang='lat' dir='ltr'><strong>Scripturis</strong></span> 
     </span>
    </p>
   </div>
  </div>
