  <div class='ocr_page' id='page_1' title='image "/cluster/home/n/w/nwhite01/storage/ocr_20150623/7 pars.1/pst.000005711833/047.png"; bbox 0 0 4180 6332; ppageno 0'>
   <div class='ocr_carea' id='block_1_1' title="bbox 655 325 2216 403">
    <p class='ocr_par' dir='ltr' id='par_1_1' title="bbox 655 326 2216 388">
     <span class='ocr_line' id='line_1_1' title="bbox 655 326 2216 388; baseline 0.002 -3"><span class='ocrx_word' id='word_1_1' title='bbox 655 327 729 386; x_wconf 68' lang='grc'>67</span> <span class='ocrx_word' id='word_1_2' title='bbox 1473 326 2069 386; x_wconf 71' lang='lat' dir='ltr'><strong>DISSEBTATIONES</strong></span> <span class='ocrx_word' id='word_1_3' title='bbox 2106 330 2216 388; x_wconf 60' lang='lat' dir='ltr'><strong>PR4</strong></span> 
     </span>
    </p>
   </div>
   <div class='ocr_carea' id='block_1_2' title="bbox 2316 325 3902 403">
    <p class='ocr_par' dir='ltr' id='par_1_2' title="bbox 2316 325 3902 403">
     <span class='ocr_line' id='line_1_2' title="bbox 2316 325 3902 403; baseline 0.007 -19"><span class='ocrx_word' id='word_1_4' title='bbox 2316 327 2408 386; x_wconf 70' lang='lat' dir='ltr'><strong>LE</strong></span> <span class='ocrx_word' id='word_1_5' title='bbox 2445 325 2512 384; x_wconf 77' lang='lat' dir='ltr'><strong>IN</strong></span> <span class='ocrx_word' id='word_1_6' title='bbox 2553 325 2814 384; x_wconf 74' lang='lat' dir='ltr'><strong>lRENA&#39;Jl</strong></span> <span class='ocrx_word' id='word_1_7' title='bbox 2849 327 3120 389; x_wconf 77' lang='lat' dir='ltr'><strong>LIBROS.</strong></span> <span class='ocrx_word' id='word_1_8' title='bbox 3830 342 3902 403; x_wconf 68' lang='lat' dir='ltr'><strong>es</strong></span> 
     </span>
    </p>
   </div>
   <div class='ocr_carea' id='block_1_3' title="bbox 660 431 3902 525">
    <p class='ocr_par' dir='ltr' id='par_1_3' title="bbox 660 431 3902 525">
     <span class='ocr_line' id='line_1_3' title="bbox 660 431 3902 525; baseline 0.009 -32"><span class='ocrx_word' id='word_1_9' title='bbox 660 431 861 525; x_wconf 54' lang='grc' dir='ltr'><strong>ιεέίιυιο</strong></span> <span class='ocrx_word' id='word_1_10' title='bbox 899 449 968 518; x_wconf 54' lang='grc' dir='ltr'><strong>ιι,</strong></span> <span class='ocrx_word' id='word_1_11' title='bbox 990 451 1049 506; x_wconf 77' lang='lat' dir='ltr'><strong>in</strong></span> <span class='ocrx_word' id='word_1_12' title='bbox 1087 448 1351 520; x_wconf 82' lang='lat' dir='ltr'><strong>principio</strong></span> <span class='ocrx_word' id='word_1_13' title='bbox 1395 463 1516 505; x_wconf 89' lang='lat' dir='ltr'><strong>esse</strong></span> <span class='ocrx_word' id='word_1_14' title='bbox 1564 450 1824 516; x_wconf 78' lang='lat' dir='ltr'><strong>Verbum,</strong></span> <span class='ocrx_word' id='word_1_15' title='bbox 1873 460 1927 507; x_wconf 89' lang='lat' dir='ltr'><strong>et</strong></span> <span class='ocrx_word' id='word_1_16' title='bbox 1956 453 2014 507; x_wconf 89' lang='lat' dir='ltr'><strong>in</strong></span> <span class='ocrx_word' id='word_1_17' title='bbox 2051 451 2227 508; x_wconf 85' lang='lat' dir='ltr'><strong>Verbo</strong></span> <span class='ocrx_word' id='word_1_18' title='bbox 2253 456 2302 514; x_wconf 81' lang='grc' dir='ltr'><strong>Α</strong></span> <span class='ocrx_word' id='word_1_19' title='bbox 2328 465 2506 522; x_wconf 90' lang='lat' dir='ltr'><strong>nugas</strong></span> <span class='ocrx_word' id='word_1_20' title='bbox 2527 450 2878 515; x_wconf 86' lang='lat' dir='ltr'><strong>venditando,</strong></span> <span class='ocrx_word' id='word_1_21' title='bbox 2911 466 2940 505; x_wconf 93' lang='lat' dir='ltr'><strong>a</strong></span> <span class='ocrx_word' id='word_1_22' title='bbox 2973 451 3084 508; x_wconf 93' lang='lat' dir='ltr'><strong>Deo</strong></span> <span class='ocrx_word' id='word_1_23' title='bbox 3114 454 3381 510; x_wconf 88' lang='lat' dir='ltr'><strong>malorum</strong></span> <span class='ocrx_word' id='word_1_24' title='bbox 3405 470 3621 514; x_wconf 85' lang='lat' dir='ltr'><strong>causam</strong></span> <span class='ocrx_word' id='word_1_25' title='bbox 3649 472 3902 521; x_wconf 76' lang='lat' dir='ltr'><strong>avertere</strong></span> 
     </span>
    </p>
   </div>
   <div class='ocr_carea' id='block_1_4' title="bbox 661 534 2227 615">
    <p class='ocr_par' dir='ltr' id='par_1_4' title="bbox 661 534 2227 615">
     <span class='ocr_line' id='line_1_4' title="bbox 661 534 2227 615; baseline 0 -13"><span class='ocrx_word' id='word_1_26' title='bbox 661 549 868 613; x_wconf 80' lang='lat' dir='ltr'><strong>vitam;</strong></span> <span class='ocrx_word' id='word_1_27' title='bbox 894 559 989 615; x_wconf 90' lang='lat' dir='ltr'><strong>per</strong></span> <span class='ocrx_word' id='word_1_28' title='bbox 1018 541 1281 608; x_wconf 83' lang='lat' dir='ltr'><strong>Verbum,</strong></span> <span class='ocrx_word' id='word_1_29' title='bbox 1312 541 1476 597; x_wconf 88' lang='lat' dir='ltr'><strong>totius</strong></span> <span class='ocrx_word' id='word_1_30' title='bbox 1511 534 1817 599; x_wconf 82' lang='lat' dir='ltr'><strong>molimenti</strong></span> <span class='ocrx_word' id='word_1_31' title='bbox 1864 561 2051 600; x_wconf 91' lang='lat' dir='ltr'><strong>curam</strong></span> <span class='ocrx_word' id='word_1_32' title='bbox 2096 547 2227 602; x_wconf 88' lang='lat' dir='ltr'><strong>huic</strong></span> 
     </span>
    </p>
   </div>
   <div class='ocr_carea' id='block_1_5' title="bbox 661 635 2228 704">
    <p class='ocr_par' dir='ltr' id='par_1_5' title="bbox 661 635 2228 704">
     <span class='ocr_line' id='line_1_5' title="bbox 661 635 2228 704; baseline -0.002 -8"><span class='ocrx_word' id='word_1_33' title='bbox 661 639 1023 696; x_wconf 89' lang='lat' dir='ltr'><strong>demandante</strong></span> <span class='ocrx_word' id='word_1_34' title='bbox 1049 636 1235 702; x_wconf 81' lang='lat' dir='ltr'><strong>Patre,</strong></span> <span class='ocrx_word' id='word_1_35' title='bbox 1267 635 1409 690; x_wconf 79' lang='lat' dir='ltr'><strong>facta</strong></span> <span class='ocrx_word' id='word_1_36' title='bbox 1438 649 1559 692; x_wconf 89' lang='lat' dir='ltr'><strong>esse</strong></span> <span class='ocrx_word' id='word_1_37' title='bbox 1581 637 1797 704; x_wconf 83' lang='lat' dir='ltr'><strong>omnia;</strong></span> <span class='ocrx_word' id='word_1_38' title='bbox 1831 653 1859 692; x_wconf 92' lang='lat' dir='ltr'><strong>a</strong></span> <span class='ocrx_word' id='word_1_39' title='bbox 1889 639 2068 696; x_wconf 89' lang='lat' dir='ltr'><strong>Verbo</strong></span> <span class='ocrx_word' id='word_1_40' title='bbox 2094 654 2228 695; x_wconf 82' lang='lat' dir='ltr'><strong>&#39;cott-</strong></span> 
     </span>
    </p>
   </div>
   <div class='ocr_carea' id='block_1_6' title="bbox 659 724 2225 792">
    <p class='ocr_par' dir='ltr' id='par_1_6' title="bbox 659 724 2225 792">
     <span class='ocr_line' id='line_1_6' title="bbox 659 724 2225 792; baseline 0.001 -6"><span class='ocrx_word' id='word_1_41' title='bbox 659 729 833 786; x_wconf 89' lang='lat' dir='ltr'><strong>ditum</strong></span> <span class='ocrx_word' id='word_1_42' title='bbox 890 729 1196 792; x_wconf 85' lang='lat' dir='ltr'><strong>hominem;</strong></span> <span class='ocrx_word' id='word_1_43' title='bbox 1261 742 1293 782; x_wconf 86' lang='grc' dir='ltr'><strong>ιι</strong></span> <span class='ocrx_word' id='word_1_44' title='bbox 1357 724 1537 783; x_wconf 88' lang='lat' dir='ltr'><strong>Verbo</strong></span> <span class='ocrx_word' id='word_1_45' title='bbox 1597 728 1860 784; x_wconf 80' lang='lat' dir='ltr'><strong>refectum</strong></span> <span class='ocrx_word' id='word_1_46' title='bbox 1925 731 2225 788; x_wconf 90' lang='lat' dir='ltr'><strong>humanum</strong></span> 
     </span>
    </p>
   </div>
   <div class='ocr_carea' id='block_1_7' title="bbox 656 817 2225 894">
    <p class='ocr_par' dir='ltr' id='par_1_7' title="bbox 656 817 2225 894">
     <span class='ocr_line' id='line_1_7' title="bbox 656 817 2225 894; baseline 0.001 -18"><span class='ocrx_word' id='word_1_47' title='bbox 656 836 854 894; x_wconf 83' lang='lat' dir='ltr'><strong>genus,</strong></span> <span class='ocrx_word' id='word_1_48' title='bbox 901 833 968 874; x_wconf 85' lang='lat' dir='ltr'><strong>ac</strong></span> <span class='ocrx_word' id='word_1_49' title='bbox 1020 818 1296 874; x_wconf 78' lang='lat' dir='ltr'><strong>fundatam</strong></span> <span class='ocrx_word' id='word_1_50' title='bbox 1354 817 1683 885; x_wconf 79' lang='lat' dir='ltr'><strong>Ecciesiam;</strong></span> <span class='ocrx_word' id='word_1_51' title='bbox 1741 820 1911 876; x_wconf 91' lang='lat' dir='ltr'><strong>Deum</strong></span> <span class='ocrx_word' id='word_1_52' title='bbox 1968 822 2225 878; x_wconf 78' lang='lat' dir='ltr'><strong>fundasse</strong></span> 
     </span>
    </p>
   </div>
   <div class='ocr_carea' id='block_1_8' title="bbox 662 911 2226 985">
    <p class='ocr_par' dir='ltr' id='par_1_8' title="bbox 662 911 2226 985">
     <span class='ocr_line' id='line_1_8' title="bbox 662 911 2226 985; baseline 0.001 -17"><span class='ocrx_word' id='word_1_53' title='bbox 662 923 863 969; x_wconf 90' lang='lat' dir='ltr'><strong>terram</strong></span> <span class='ocrx_word' id='word_1_54' title='bbox 914 911 1209 982; x_wconf 79' lang='lat' dir='ltr'><strong>sapientia,</strong></span> <span class='ocrx_word' id='word_1_55' title='bbox 1268 921 1324 967; x_wconf 92' lang='lat' dir='ltr'><strong>et</strong></span> <span class='ocrx_word' id='word_1_56' title='bbox 1377 911 1713 969; x_wconf 88' lang='lat' dir='ltr'><strong>stabilivisse</strong></span> <span class='ocrx_word' id='word_1_57' title='bbox 1768 914 1935 970; x_wconf 71' lang='lat' dir='ltr'><strong>caelos</strong></span> <span class='ocrx_word' id='word_1_58' title='bbox 1993 916 2226 985; x_wconf 90' lang='lat' dir='ltr'><strong>pruden-</strong></span> 
     </span>
    </p>
   </div>
   <div class='ocr_carea' id='block_1_9' title="bbox 659 1002 2223 1072">
    <p class='ocr_par' dir='ltr' id='par_1_9' title="bbox 659 1002 2223 1072">
     <span class='ocr_line' id='line_1_9' title="bbox 659 1002 2223 1072; baseline 0.001 -13"><span class='ocrx_word' id='word_1_59' title='bbox 659 1005 758 1068; x_wconf 88' lang='lat' dir='ltr'><strong>tia,</strong></span> <span class='ocrx_word' id='word_1_60' title='bbox 784 1012 915 1069; x_wconf 88' lang='lat' dir='ltr'><strong>etc.,</strong></span> <span class='ocrx_word' id='word_1_61' title='bbox 952 1003 1155 1072; x_wconf 84' lang='lat' dir='ltr'><strong>tingere</strong></span> <span class='ocrx_word' id='word_1_62' title='bbox 1196 1016 1422 1057; x_wconf 89' lang='lat' dir='ltr'><strong>necesse</strong></span> <span class='ocrx_word' id='word_1_63' title='bbox 1469 1002 1643 1057; x_wconf 86' lang='lat' dir='ltr'><strong>visum</strong></span> <span class='ocrx_word' id='word_1_64' title='bbox 1673 1012 1780 1069; x_wconf 91' lang='lat' dir='ltr'><strong>est,</strong></span> <span class='ocrx_word' id='word_1_65' title='bbox 1817 1019 1847 1058; x_wconf 90' lang='lat' dir='ltr'><strong>a</strong></span> <span class='ocrx_word' id='word_1_66' title='bbox 1889 1003 1993 1070; x_wconf 83' lang='lat' dir='ltr'><strong>Nn,</strong></span> <span class='ocrx_word' id='word_1_67' title='bbox 2039 1021 2223 1062; x_wconf 90' lang='lat' dir='ltr'><strong>rerum</strong></span> 
     </span>
    </p>
   </div>
   <div class='ocr_carea' id='block_1_10' title="bbox 657 1088 2221 1161">
    <p class='ocr_par' dir='ltr' id='par_1_10' title="bbox 657 1088 2221 1161">
     <span class='ocr_line' id='line_1_10' title="bbox 657 1088 2221 1161; baseline -0.003 -12"><span class='ocrx_word' id='word_1_68' title='bbox 657 1093 898 1149; x_wconf 90' lang='lat' dir='ltr'><strong>omnium</strong></span> <span class='ocrx_word' id='word_1_69' title='bbox 923 1091 1215 1161; x_wconf 85' lang='lat' dir='ltr'><strong>principio,</strong></span> <span class='ocrx_word' id='word_1_70' title='bbox 1254 1090 1589 1160; x_wconf 82' lang='lat' dir='ltr'><strong>processisse</strong></span> <span class='ocrx_word' id='word_1_71' title='bbox 1631 1088 1870 1147; x_wconf 81' lang='lat' dir='ltr'><strong>Verbum</strong></span> <span class='ocrx_word' id='word_1_72' title='bbox 1904 1107 2026 1146; x_wconf 92' lang='lat' dir='ltr'><strong>cum</strong></span> <span class='ocrx_word' id='word_1_73' title='bbox 2069 1092 2221 1161; x_wconf 89' lang='lat' dir='ltr'><strong>Vita;</strong></span> 
     </span>
    </p>
   </div>
   <div class='ocr_carea' id='block_1_11' title="bbox 657 1180 2227 1256">
    <p class='ocr_par' dir='ltr' id='par_1_11' title="bbox 657 1180 2227 1256">
     <span class='ocr_line' id='line_1_11' title="bbox 657 1180 2227 1256; baseline -0.001 -14"><span class='ocrx_word' id='word_1_74' title='bbox 657 1186 801 1256; x_wconf 87' lang='lat' dir='ltr'><strong>quod</strong></span> <span class='ocrx_word' id='word_1_75' title='bbox 849 1184 1067 1256; x_wconf 87' lang='lat' dir='ltr'><strong>quidem</strong></span> <span class='ocrx_word' id='word_1_76' title='bbox 1126 1183 1362 1238; x_wconf 80' lang='lat' dir='ltr'><strong>Verbum</strong></span> <span class='ocrx_word' id='word_1_77' title='bbox 1416 1181 1583 1237; x_wconf 86' lang='lat' dir='ltr'><strong>Patre</strong></span> <span class='ocrx_word' id='word_1_78' title='bbox 1637 1180 1898 1248; x_wconf 72' lang='lat' dir='ltr'><strong>inferius,</strong></span> <span class='ocrx_word' id='word_1_79' title='bbox 1954 1184 2227 1254; x_wconf 74' lang='lat' dir='ltr'><strong>huiusque</strong></span> 
     </span>
    </p>
   </div>
   <div class='ocr_carea' id='block_1_12' title="bbox 660 1271 2222 1343">
    <p class='ocr_par' dir='ltr' id='par_1_12' title="bbox 660 1271 2222 1343">
     <span class='ocr_line' id='line_1_12' title="bbox 660 1271 2222 1343; baseline -0.001 -14"><span class='ocrx_word' id='word_1_80' title='bbox 660 1275 926 1338; x_wconf 89' lang='lat' dir='ltr'><strong>minister,</strong></span> <span class='ocrx_word' id='word_1_81' title='bbox 956 1274 1164 1343; x_wconf 87' lang='lat' dir='ltr'><strong>primus</strong></span> <span class='ocrx_word' id='word_1_82' title='bbox 1186 1285 1367 1327; x_wconf 90' lang='lat' dir='ltr'><strong>rerum</strong></span> <span class='ocrx_word' id='word_1_83' title='bbox 1391 1274 1635 1328; x_wconf 90' lang='lat' dir='ltr'><strong>omnium</strong></span> <span class='ocrx_word' id='word_1_84' title='bbox 1665 1271 1989 1328; x_wconf 80' lang='lat' dir='ltr'><strong>inferiorum</strong></span> <span class='ocrx_word' id='word_1_85' title='bbox 2013 1284 2222 1340; x_wconf 92' lang='lat' dir='ltr'><strong>auctor,</strong></span> 
     </span>
    </p>
   </div>
   <div class='ocr_carea' id='block_1_13' title="bbox 657 1362 2221 1434">
    <p class='ocr_par' dir='ltr' id='par_1_13' title="bbox 657 1362 2221 1434">
     <span class='ocr_line' id='line_1_13' title="bbox 657 1362 2221 1434; baseline -0.001 -14"><span class='ocrx_word' id='word_1_86' title='bbox 657 1365 907 1421; x_wconf 88' lang='lat' dir='ltr'><strong>conditor</strong></span> <span class='ocrx_word' id='word_1_87' title='bbox 954 1367 1008 1418; x_wconf 83' lang='lat' dir='ltr'><strong>et</strong></span> <span class='ocrx_word' id='word_1_88' title='bbox 1066 1364 1398 1419; x_wconf 84' lang='lat' dir='ltr'><strong>architectus</strong></span> <span class='ocrx_word' id='word_1_89' title='bbox 1454 1371 1620 1429; x_wconf 86' lang='lat' dir='ltr'><strong>esset,</strong></span> <span class='ocrx_word' id='word_1_90' title='bbox 1686 1379 1716 1417; x_wconf 92' lang='lat' dir='ltr'><strong>a</strong></span> <span class='ocrx_word' id='word_1_91' title='bbox 1762 1362 1927 1419; x_wconf 86' lang='lat' dir='ltr'><strong>Patre</strong></span> <span class='ocrx_word' id='word_1_92' title='bbox 1977 1364 2221 1434; x_wconf 86' lang='lat' dir='ltr'><strong>proinde,</strong></span> 
     </span>
    </p>
   </div>
   <div class='ocr_carea' id='block_1_14' title="bbox 656 1453 2223 1528">
    <p class='ocr_par' dir='ltr' id='par_1_14' title="bbox 656 1453 2223 1528">
     <span class='ocr_line' id='line_1_14' title="bbox 656 1453 2223 1528; baseline 0 -17"><span class='ocrx_word' id='word_1_93' title='bbox 656 1455 880 1528; x_wconf 82' lang='lat' dir='ltr'><strong>ejusque</strong></span> <span class='ocrx_word' id='word_1_94' title='bbox 904 1454 983 1510; x_wconf 85' lang='lat' dir='ltr'><strong>Nu</strong></span> <span class='ocrx_word' id='word_1_95' title='bbox 1008 1469 1239 1526; x_wconf 80' lang='lat' dir='ltr'><strong>persona</strong></span> <span class='ocrx_word' id='word_1_96' title='bbox 1272 1453 1462 1510; x_wconf 86' lang='lat' dir='ltr'><strong>saltem</strong></span> <span class='ocrx_word' id='word_1_97' title='bbox 1492 1455 1815 1523; x_wconf 84' lang='lat' dir='ltr'><strong>distinctus;</strong></span> <span class='ocrx_word' id='word_1_98' title='bbox 1858 1471 1887 1509; x_wconf 87' lang='lat' dir='ltr'><strong>a</strong></span> <span class='ocrx_word' id='word_1_99' title='bbox 1915 1456 2092 1512; x_wconf 90' lang='lat' dir='ltr'><strong>Verbo</strong></span> <span class='ocrx_word' id='word_1_100' title='bbox 2123 1473 2223 1511; x_wconf 87' lang='lat' dir='ltr'><strong>au-</strong></span> 
     </span>
    </p>
   </div>
   <div class='ocr_carea' id='block_1_15' title="bbox 657 1545 2224 1612">
    <p class='ocr_par' dir='ltr' id='par_1_15' title="bbox 657 1545 2224 1612">
     <span class='ocr_line' id='line_1_15' title="bbox 657 1545 2224 1612; baseline 0 -9"><span class='ocrx_word' id='word_1_101' title='bbox 657 1560 765 1604; x_wconf 89' lang='lat' dir='ltr'><strong>tem</strong></span> <span class='ocrx_word' id='word_1_102' title='bbox 793 1559 846 1604; x_wconf 92' lang='lat' dir='ltr'><strong>et</strong></span> <span class='ocrx_word' id='word_1_103' title='bbox 870 1548 1015 1612; x_wconf 89' lang='lat' dir='ltr'><strong>Vita,</strong></span> <span class='ocrx_word' id='word_1_104' title='bbox 1049 1546 1332 1604; x_wconf 91' lang='lat' dir='ltr'><strong>llominem</strong></span> <span class='ocrx_word' id='word_1_105' title='bbox 1365 1554 1420 1601; x_wconf 88' lang='lat' dir='ltr'><strong>et</strong></span> <span class='ocrx_word' id='word_1_106' title='bbox 1452 1545 1776 1602; x_wconf 87' lang='lat' dir='ltr'><strong>Ecclesiam.</strong></span> <span class='ocrx_word' id='word_1_107' title='bbox 1814 1548 1880 1602; x_wconf 83' lang='lat' dir='ltr'><strong>At</strong></span> <span class='ocrx_word' id='word_1_108' title='bbox 1916 1563 2038 1602; x_wconf 92' lang='lat' dir='ltr'><strong>cum</strong></span> <span class='ocrx_word' id='word_1_109' title='bbox 2087 1547 2224 1604; x_wconf 88' lang='lat' dir='ltr'><strong>Ver-</strong></span> 
     </span>
    </p>
   </div>
   <div class='ocr_carea' id='block_1_16' title="bbox 653 1638 2218 1709">
    <p class='ocr_par' dir='ltr' id='par_1_16' title="bbox 653 1638 2218 1709">
     <span class='ocr_line' id='line_1_16' title="bbox 653 1638 2218 1709; baseline -0.001 -12"><span class='ocrx_word' id='word_1_110' title='bbox 653 1642 786 1697; x_wconf 88' lang='lat' dir='ltr'><strong>bum</strong></span> <span class='ocrx_word' id='word_1_111' title='bbox 831 1651 884 1696; x_wconf 90' lang='lat' dir='ltr'><strong>et</strong></span> <span class='ocrx_word' id='word_1_112' title='bbox 926 1640 1118 1706; x_wconf 82' lang='lat' dir='ltr'><strong>Homo,</strong></span> <span class='ocrx_word' id='word_1_113' title='bbox 1171 1639 1298 1694; x_wconf 90' lang='lat' dir='ltr'><strong>licet</strong></span> <span class='ocrx_word' id='word_1_114' title='bbox 1345 1654 1374 1693; x_wconf 89' lang='lat' dir='ltr'><strong>a</strong></span> <span class='ocrx_word' id='word_1_115' title='bbox 1427 1653 1685 1709; x_wconf 89' lang='lat' dir='ltr'><strong>supremo</strong></span> <span class='ocrx_word' id='word_1_116' title='bbox 1741 1638 1907 1695; x_wconf 91' lang='lat' dir='ltr'><strong>Patre</strong></span> <span class='ocrx_word' id='word_1_117' title='bbox 1958 1641 2218 1708; x_wconf 86' lang='lat' dir='ltr'><strong>distincti,</strong></span> 
     </span>
    </p>
   </div>
   <div class='ocr_carea' id='block_1_17' title="bbox 653 1731 2221 1804">
    <p class='ocr_par' dir='ltr' id='par_1_17' title="bbox 653 1731 2221 1804">
     <span class='ocr_line' id='line_1_17' title="bbox 653 1731 2221 1804; baseline 0.001 -17"><span class='ocrx_word' id='word_1_118' title='bbox 653 1733 864 1804; x_wconf 88' lang='lat' dir='ltr'><strong>hocque</strong></span> <span class='ocrx_word' id='word_1_119' title='bbox 904 1733 1062 1804; x_wconf 90' lang='lat' dir='ltr'><strong>longe</strong></span> <span class='ocrx_word' id='word_1_120' title='bbox 1106 1731 1389 1789; x_wconf 82' lang='lat' dir='ltr'><strong>inferiores</strong></span> <span class='ocrx_word' id='word_1_121' title='bbox 1431 1731 1655 1799; x_wconf 64' lang='lat' dir='ltr'><strong>Eones,</strong></span> <span class='ocrx_word' id='word_1_122' title='bbox 1710 1733 1758 1788; x_wconf 90' lang='lat' dir='ltr'><strong>ei</strong></span> <span class='ocrx_word' id='word_1_123' title='bbox 1810 1741 1988 1788; x_wconf 87' lang='lat' dir='ltr'><strong>tamen</strong></span> <span class='ocrx_word' id='word_1_124' title='bbox 2044 1734 2221 1788; x_wconf 90' lang='lat' dir='ltr'><strong>adhuc</strong></span> 
     </span>
    </p>
   </div>
   <div class='ocr_carea' id='block_1_18' title="bbox 2330 541 3905 621">
    <p class='ocr_par' dir='ltr' id='par_1_18' title="bbox 2330 541 3905 621">
     <span class='ocr_line' id='line_1_18' title="bbox 2330 541 3905 621; baseline 0.008 -26"><span class='ocrx_word' id='word_1_125' title='bbox 2330 556 2390 596; x_wconf 90' lang='lat' dir='ltr'><strong>se</strong></span> <span class='ocrx_word' id='word_1_126' title='bbox 2423 555 2605 611; x_wconf 88' lang='lat' dir='ltr'><strong>posse,</strong></span> <span class='ocrx_word' id='word_1_127' title='bbox 2637 550 2692 597; x_wconf 92' lang='lat' dir='ltr'><strong>et</strong></span> <span class='ocrx_word' id='word_1_128' title='bbox 2717 542 2772 594; x_wconf 87' lang='lat' dir='ltr'><strong>in</strong></span> <span class='ocrx_word' id='word_1_129' title='bbox 2804 541 2976 596; x_wconf 90' lang='lat' dir='ltr'><strong>solam</strong></span> <span class='ocrx_word' id='word_1_130' title='bbox 3012 544 3375 614; x_wconf 78' lang='lat' dir='ltr'><strong>ignorantiam</strong></span> <span class='ocrx_word' id='word_1_131' title='bbox 3415 548 3705 607; x_wconf 82' lang='lat' dir='ltr'><strong>refundere</strong></span> <span class='ocrx_word' id='word_1_132' title='bbox 3744 563 3905 621; x_wconf 88' lang='lat' dir='ltr'><strong>puta-</strong></span> 
     </span>
    </p>
   </div>
   <div class='ocr_carea' id='block_1_19' title="bbox 2329 636 3899 712">
    <p class='ocr_par' dir='ltr' id='par_1_19' title="bbox 2329 636 3899 712">
     <span class='ocr_line' id='line_1_19' title="bbox 2329 636 3899 712; baseline 0.007 -24"><span class='ocrx_word' id='word_1_133' title='bbox 2329 641 2456 688; x_wconf 87' lang='lat' dir='ltr'><strong>runt</strong></span> <span class='ocrx_word' id='word_1_134' title='bbox 2485 643 2775 704; x_wconf 87' lang='lat' dir='ltr'><strong>nugatores</strong></span> <span class='ocrx_word' id='word_1_135' title='bbox 2804 636 2904 692; x_wconf 88' lang='lat' dir='ltr'><strong>illi.</strong></span> <span class='ocrx_word' id='word_1_136' title='bbox 2938 637 3007 690; x_wconf 84' lang='lat' dir='ltr'><strong>Et</strong></span> <span class='ocrx_word' id='word_1_137' title='bbox 3038 637 3165 692; x_wconf 91' lang='lat' dir='ltr'><strong>hinc</strong></span> <span class='ocrx_word' id='word_1_138' title='bbox 3196 638 3399 706; x_wconf 89' lang='lat' dir='ltr'><strong>varias,</strong></span> <span class='ocrx_word' id='word_1_139' title='bbox 3450 641 3648 710; x_wconf 78' lang='lat' dir='ltr'><strong>quibus</strong></span> <span class='ocrx_word' id='word_1_140' title='bbox 3693 646 3899 712; x_wconf 77' lang='lat' dir='ltr'><strong>jactata</strong></span> 
     </span>
    </p>
   </div>
   <div class='ocr_carea' id='block_1_20' title="bbox 2327 725 3903 807">
    <p class='ocr_par' dir='ltr' id='par_1_20' title="bbox 2327 725 3903 807">
     <span class='ocr_line' id='line_1_20' title="bbox 2327 725 3903 807; baseline 0.004 -25"><span class='ocrx_word' id='word_1_141' title='bbox 2327 736 2409 782; x_wconf 88' lang='lat' dir='ltr'><strong>est</strong></span> <span class='ocrx_word' id='word_1_142' title='bbox 2444 725 2812 798; x_wconf 81' lang='lat' dir='ltr'><strong>Enthymesis,</strong></span> <span class='ocrx_word' id='word_1_143' title='bbox 2854 729 3298 798; x_wconf 86' lang='lat' dir='ltr'><strong>perturbationes</strong></span> <span class='ocrx_word' id='word_1_144' title='bbox 3330 747 3521 788; x_wconf 88' lang='lat' dir='ltr'><strong>omnes</strong></span> <span class='ocrx_word' id='word_1_145' title='bbox 3581 751 3702 790; x_wconf 91' lang='lat' dir='ltr'><strong>cum</strong></span> <span class='ocrx_word' id='word_1_146' title='bbox 3747 737 3903 807; x_wconf 86' lang='lat' dir='ltr'><strong>igno-</strong></span> 
     </span>
    </p>
   </div>
   <div class='ocr_carea' id='block_1_21' title="bbox 2331 819 3897 896">
    <p class='ocr_par' dir='ltr' id='par_1_21' title="bbox 2331 819 3897 896">
     <span class='ocr_line' id='line_1_21' title="bbox 2331 819 3897 896; baseline 0.006 -23"><span class='ocrx_word' id='word_1_147' title='bbox 2331 819 2507 874; x_wconf 88' lang='lat' dir='ltr'><strong>rantia</strong></span> <span class='ocrx_word' id='word_1_148' title='bbox 2540 820 2861 890; x_wconf 82' lang='lat' dir='ltr'><strong>conjunctas</strong></span> <span class='ocrx_word' id='word_1_149' title='bbox 2903 821 3070 877; x_wconf 83' lang='lat' dir='ltr'><strong>tuisse</strong></span> <span class='ocrx_word' id='word_1_150' title='bbox 3095 822 3278 877; x_wconf 84' lang='lat' dir='ltr'><strong>aiunt‘</strong></span> <span class='ocrx_word' id='word_1_151' title='bbox 3302 822 3394 878; x_wconf 91' lang='lat' dir='ltr'><strong>lib.</strong></span> <span class='ocrx_word' id='word_1_152' title='bbox 3429 839 3466 888; x_wconf 90' lang='grc' dir='ltr'>ι,</span> <span class='ocrx_word' id='word_1_153' title='bbox 3498 839 3618 896; x_wconf 88' lang='lat' dir='ltr'><strong>cap.</strong></span> <span class='ocrx_word' id='word_1_154' title='bbox 3666 826 3722 893; x_wconf 79' lang='grc'>4,</span> <span class='ocrx_word' id='word_1_155' title='bbox 3754 844 3810 882; x_wconf 91' lang='lat' dir='ltr'><strong>n.</strong></span> <span class='ocrx_word' id='word_1_156' title='bbox 3844 830 3897 894; x_wconf 80' lang='lat' dir='ltr'><strong>i,</strong></span> 
     </span>
    </p>
   </div>
   <div class='ocr_carea' id='block_1_22' title="bbox 2326 912 3896 986">
    <p class='ocr_par' dir='ltr' id='par_1_22' title="bbox 2326 912 3896 986">
     <span class='ocr_line' id='line_1_22' title="bbox 2326 912 3896 986; baseline 0.005 -20"><span class='ocrx_word' id='word_1_157' title='bbox 2326 921 2380 966; x_wconf 93' lang='lat' dir='ltr'><strong>et</strong></span> <span class='ocrx_word' id='word_1_158' title='bbox 2411 912 2609 968; x_wconf 66' lang='lat' dir='ltr'><strong>Irenaeo</strong></span> <span class='ocrx_word' id='word_1_159' title='bbox 2636 923 2772 969; x_wconf 88' lang='lat' dir='ltr'><strong>teste</strong></span> <span class='ocrx_word' id='word_1_160' title='bbox 2799 914 2894 968; x_wconf 88' lang='lat' dir='ltr'><strong>lib.</strong></span> <span class='ocrx_word' id='word_1_161' title='bbox 2927 928 2988 981; x_wconf 91' lang='grc' dir='ltr'>ιι,</span> <span class='ocrx_word' id='word_1_162' title='bbox 3019 929 3141 984; x_wconf 86' lang='lat' dir='ltr'><strong>cap.</strong></span> <span class='ocrx_word' id='word_1_163' title='bbox 3179 916 3266 980; x_wconf 81' lang='grc'><strong>17,</strong></span> <span class='ocrx_word' id='word_1_164' title='bbox 3301 933 3352 968; x_wconf 92' lang='lat' dir='ltr'><strong>n.</strong></span> <span class='ocrx_word' id='word_1_165' title='bbox 3390 916 3456 970; x_wconf 85' lang='lat' dir='ltr'><strong>lO</strong></span> <span class='ocrx_word' id='word_1_166' title='bbox 3492 936 3506 970; x_wconf 91' lang='lat'><strong>:</strong></span> <span class='ocrx_word' id='word_1_167' title='bbox 3537 917 3896 986; x_wconf 78' lang='lat' dir='ltr'><strong>ignorantiam</strong></span> 
     </span>
    </p>
   </div>
   <div class='ocr_carea' id='block_1_23' title="bbox 2329 1009 3899 1082">
    <p class='ocr_par' dir='ltr' id='par_1_23' title="bbox 2329 1009 3899 1082">
     <span class='ocr_line' id='line_1_23' title="bbox 2329 1009 3899 1082; baseline 0.004 -21"><span class='ocrx_word' id='word_1_168' title='bbox 2329 1009 2548 1073; x_wconf 86' lang='lat' dir='ltr'><strong>malum,</strong></span> <span class='ocrx_word' id='word_1_169' title='bbox 2577 1009 2754 1062; x_wconf 85' lang='lat' dir='ltr'><strong>omnia</strong></span> <span class='ocrx_word' id='word_1_170' title='bbox 2791 1019 2966 1062; x_wconf 88' lang='lat' dir='ltr'><strong>autem</strong></span> <span class='ocrx_word' id='word_1_171' title='bbox 3014 1009 3156 1062; x_wconf 87' lang='lat' dir='ltr'><strong>mala</strong></span> <span class='ocrx_word' id='word_1_172' title='bbox 3195 1026 3259 1063; x_wconf 78' lang='lat' dir='ltr'><strong>ea:</strong></span> <span class='ocrx_word' id='word_1_173' title='bbox 3293 1027 3355 1065; x_wconf 86' lang='lat' dir='ltr'><strong>ea</strong></span> <span class='ocrx_word' id='word_1_174' title='bbox 3399 1012 3644 1079; x_wconf 72' lang='lat' dir='ltr'><strong>ﬂoruisse</strong></span> <span class='ocrx_word' id='word_1_175' title='bbox 3674 1014 3899 1082; x_wconf 75' lang='lat' dir='ltr'><strong>deﬁnie-</strong></span> 
     </span>
    </p>
   </div>
   <div class='ocr_carea' id='block_1_24' title="bbox 2328 1091 3899 1175">
    <p class='ocr_par' dir='ltr' id='par_1_24' title="bbox 2328 1091 3899 1175">
     <span class='ocr_line' id='line_1_24' title="bbox 2328 1091 3899 1175; baseline 0.004 -21"><span class='ocrx_word' id='word_1_176' title='bbox 2328 1091 2471 1154; x_wconf 80' lang='lat' dir='ltr'><strong>bant.</strong></span> <span class='ocrx_word' id='word_1_177' title='bbox 2519 1099 2608 1156; x_wconf 90' lang='lat' dir='ltr'><strong>Sic</strong></span> <span class='ocrx_word' id='word_1_178' title='bbox 2662 1101 2728 1156; x_wconf 91' lang='lat' dir='ltr'><strong>de</strong></span> <span class='ocrx_word' id='word_1_179' title='bbox 2779 1101 2938 1156; x_wconf 90' lang='lat' dir='ltr'><strong>rebus</strong></span> <span class='ocrx_word' id='word_1_180' title='bbox 2995 1101 3194 1156; x_wconf 85' lang='lat' dir='ltr'><strong>divinis</strong></span> <span class='ocrx_word' id='word_1_181' title='bbox 3220 1103 3590 1172; x_wconf 76' lang='lat' dir='ltr'><strong>:enigmatico,</strong></span> <span class='ocrx_word' id='word_1_182' title='bbox 3633 1119 3899 1175; x_wconf 79' lang='lat' dir='ltr'><strong>moreque</strong></span> 
     </span>
    </p>
   </div>
   <div class='ocr_carea' id='block_1_25' title="bbox 2327 1185 3899 1265">
    <p class='ocr_par' dir='ltr' id='par_1_25' title="bbox 2327 1185 3899 1265">
     <span class='ocr_line' id='line_1_25' title="bbox 2327 1185 3899 1265; baseline 0.005 -20"><span class='ocrx_word' id='word_1_183' title='bbox 2327 1193 2559 1262; x_wconf 86' lang='lat' dir='ltr'><strong>poetico,</strong></span> <span class='ocrx_word' id='word_1_184' title='bbox 2594 1195 2672 1248; x_wconf 71' lang='lat' dir='ltr'><strong>‘ac</strong></span> <span class='ocrx_word' id='word_1_185' title='bbox 2715 1194 2975 1250; x_wconf 85' lang='lat' dir='ltr'><strong>inusitato</strong></span> <span class='ocrx_word' id='word_1_186' title='bbox 3019 1185 3274 1265; x_wconf 87' lang='lat' dir='ltr'><strong>loquendi</strong></span> <span class='ocrx_word' id='word_1_187' title='bbox 3321 1211 3472 1252; x_wconf 92' lang='lat' dir='ltr'><strong>more</strong></span> <span class='ocrx_word' id='word_1_188' title='bbox 3520 1197 3899 1254; x_wconf 88' lang='lat' dir='ltr'><strong>disseruerunt</strong></span> 
     </span>
    </p>
   </div>
   <div class='ocr_carea' id='block_1_26' title="bbox 2325 1285 3896 1354">
    <p class='ocr_par' dir='ltr' id='par_1_26' title="bbox 2325 1285 3896 1354">
     <span class='ocr_line' id='line_1_26' title="bbox 2325 1285 3896 1354; baseline 0.003 -13"><span class='ocrx_word' id='word_1_189' title='bbox 2325 1285 2820 1354; x_wconf 53' lang='lat' dir='ltr'><strong>acini-Christiani</strong></span> <span class='ocrx_word' id='word_1_190' title='bbox 2895 1285 3146 1340; x_wconf 89' lang='lat' dir='ltr'><strong>homines</strong></span> <span class='ocrx_word' id='word_1_191' title='bbox 3189 1324 3205 1351; x_wconf 90' lang='lat'><strong>,</strong></span> <span class='ocrx_word' id='word_1_192' title='bbox 3286 1287 3526 1342; x_wconf 89' lang='lat' dir='ltr'><strong>ethnicis</strong></span> <span class='ocrx_word' id='word_1_193' title='bbox 3585 1288 3896 1346; x_wconf 81' lang='lat' dir='ltr'><strong>Christiana</strong></span> 
     </span>
    </p>
   </div>
   <div class='ocr_carea' id='block_1_27' title="bbox 2325 1376 3670 1448">
    <p class='ocr_par' dir='ltr' id='par_1_27' title="bbox 2325 1376 3670 1448">
     <span class='ocr_line' id='line_1_27' title="bbox 2325 1376 3670 1448; baseline 0.001 -15"><span class='ocrx_word' id='word_1_194' title='bbox 2325 1387 2652 1444; x_wconf 84' lang='lat' dir='ltr'><strong>attexentes,</strong></span> <span class='ocrx_word' id='word_1_195' title='bbox 2681 1377 2896 1447; x_wconf 86' lang='lat' dir='ltr'><strong>aliaque</strong></span> <span class='ocrx_word' id='word_1_196' title='bbox 2928 1378 3046 1432; x_wconf 88' lang='lat' dir='ltr'><strong>aliis</strong></span> <span class='ocrx_word' id='word_1_197' title='bbox 3075 1376 3224 1433; x_wconf 71' lang='lat' dir='ltr'><strong>ftede</strong></span> <span class='ocrx_word' id='word_1_198' title='bbox 3256 1378 3670 1448; x_wconf 89' lang='lat' dir='ltr'><strong>interpolantes.</strong></span> 
     </span>
    </p>
   </div>
   <div class='ocr_carea' id='block_1_28' title="bbox 2395 1455 3898 1542">
    <p class='ocr_par' dir='ltr' id='par_1_28' title="bbox 2395 1455 3898 1542">
     <span class='ocr_line' id='line_1_28' title="bbox 2395 1455 3898 1542; baseline 0.003 -18"><span class='ocrx_word' id='word_1_199' title='bbox 2395 1455 2487 1524; x_wconf 63' lang='grc'><strong>49.</strong></span> <span class='ocrx_word' id='word_1_200' title='bbox 2530 1461 2635 1524; x_wconf 90' lang='lat' dir='ltr'><strong>Sed</strong></span> <span class='ocrx_word' id='word_1_201' title='bbox 2666 1478 2957 1538; x_wconf 87' lang='lat' dir='ltr'><strong>antequam</strong></span> <span class='ocrx_word' id='word_1_202' title='bbox 2984 1469 3051 1524; x_wconf 89' lang='lat' dir='ltr'><strong>ad</strong></span> <span class='ocrx_word' id='word_1_203' title='bbox 3077 1468 3303 1522; x_wconf 87' lang='lat' dir='ltr'><strong>alteram</strong></span> <span class='ocrx_word' id='word_1_204' title='bbox 3333 1467 3698 1525; x_wconf 85' lang='lat' dir='ltr'><strong>Valentiniani</strong></span> <span class='ocrx_word' id='word_1_205' title='bbox 3722 1483 3898 1542; x_wconf 83' lang='lat' dir='ltr'><strong>syste-</strong></span> 
     </span>
    </p>
   </div>
   <div class='ocr_carea' id='block_1_29' title="bbox 2327 1561 3895 1632">
    <p class='ocr_par' dir='ltr' id='par_1_29' title="bbox 2327 1561 3895 1632">
     <span class='ocr_line' id='line_1_29' title="bbox 2327 1561 3895 1632; baseline 0.004 -20"><span class='ocrx_word' id='word_1_206' title='bbox 2327 1561 2489 1615; x_wconf 90' lang='lat' dir='ltr'><strong>matis</strong></span> <span class='ocrx_word' id='word_1_207' title='bbox 2539 1572 2745 1628; x_wconf 89' lang='lat' dir='ltr'><strong>partem</strong></span> <span class='ocrx_word' id='word_1_208' title='bbox 2798 1572 3168 1628; x_wconf 81' lang='lat' dir='ltr'><strong>transeamus,</strong></span> <span class='ocrx_word' id='word_1_209' title='bbox 3218 1561 3325 1616; x_wconf 91' lang='lat' dir='ltr'><strong>alia</strong></span> <span class='ocrx_word' id='word_1_210' title='bbox 3371 1561 3522 1618; x_wconf 91' lang='lat' dir='ltr'><strong>nobis</strong></span> <span class='ocrx_word' id='word_1_211' title='bbox 3595 1563 3895 1632; x_wconf 91' lang='lat' dir='ltr'><strong>incumbit,</strong></span> 
     </span>
    </p>
   </div>
   <div class='ocr_carea' id='block_1_30' title="bbox 2325 1652 3894 1722">
    <p class='ocr_par' dir='ltr' id='par_1_30' title="bbox 2325 1652 3894 1722">
     <span class='ocr_line' id='line_1_30' title="bbox 2325 1652 3894 1722; baseline 0.003 -15"><span class='ocrx_word' id='word_1_212' title='bbox 2325 1667 2498 1722; x_wconf 85' lang='lat' dir='ltr'><strong>eaque</strong></span> <span class='ocrx_word' id='word_1_213' title='bbox 2538 1653 2824 1721; x_wconf 87' lang='lat' dir='ltr'><strong>operosior</strong></span> <span class='ocrx_word' id='word_1_214' title='bbox 2855 1653 3086 1722; x_wconf 62' lang='lat' dir='ltr'><strong>quaestio</strong></span> <span class='ocrx_word' id='word_1_215' title='bbox 3127 1652 3410 1719; x_wconf 90' lang='lat' dir='ltr'><strong>solvenda,</strong></span> <span class='ocrx_word' id='word_1_216' title='bbox 3461 1655 3587 1722; x_wconf 90' lang='lat' dir='ltr'><strong>quid</strong></span> <span class='ocrx_word' id='word_1_217' title='bbox 3635 1654 3894 1711; x_wconf 87' lang='lat' dir='ltr'><strong>nimirum</strong></span> 
     </span>
    </p>
   </div>
   <div class='ocr_carea' id='block_1_31' title="bbox 2328 1731 3894 1801">
    <p class='ocr_par' dir='ltr' id='par_1_31' title="bbox 2328 1731 3894 1801">
     <span class='ocr_line' id='line_1_31' title="bbox 2328 1731 3894 1801; baseline 0.002 -3"><span class='ocrx_word' id='word_1_218' title='bbox 2328 1751 2406 1798; x_wconf 88' lang='lat' dir='ltr'><strong>tot</strong></span> <span class='ocrx_word' id='word_1_219' title='bbox 2445 1731 2680 1798; x_wconf 66' lang='lat' dir='ltr'><strong>Eonum</strong></span> <span class='ocrx_word' id='word_1_220' title='bbox 2725 1745 2949 1798; x_wconf 89' lang='lat' dir='ltr'><strong>nomine</strong></span> <span class='ocrx_word' id='word_1_221' title='bbox 2990 1744 3091 1799; x_wconf 90' lang='lat' dir='ltr'><strong>sibi</strong></span> <span class='ocrx_word' id='word_1_222' title='bbox 3127 1735 3326 1799; x_wconf 87' lang='lat' dir='ltr'><strong>vellent</strong></span> <span class='ocrx_word' id='word_1_223' title='bbox 3359 1745 3598 1799; x_wconf 66' lang='lat' dir='ltr'><strong>haretici</strong></span> <span class='ocrx_word' id='word_1_224' title='bbox 3640 1746 3769 1801; x_wconf 84' lang='lat' dir='ltr'><strong>isti?</strong></span> <span class='ocrx_word' id='word_1_225' title='bbox 3810 1749 3894 1801; x_wconf 88' lang='lat' dir='ltr'><strong>An</strong></span> 
     </span>
    </p>
   </div>
   <div class='ocr_carea' id='block_1_32' title="bbox 653 1803 3894 1906">
    <p class='ocr_par' dir='ltr' id='par_1_32' title="bbox 653 1803 3894 1906">
     <span class='ocr_line' id='line_1_32' title="bbox 653 1803 3894 1906; baseline 0.005 -31"><span class='ocrx_word' id='word_1_226' title='bbox 653 1827 932 1905; x_wconf 64' lang='lat' dir='ltr'><strong>propiores</strong></span> <span class='ocrx_word' id='word_1_227' title='bbox 987 1835 1188 1892; x_wconf 81' lang='lat' dir='ltr'><strong>essent,</strong></span> <span class='ocrx_word' id='word_1_228' title='bbox 1235 1835 1288 1880; x_wconf 89' lang='lat' dir='ltr'><strong>ut</strong></span> <span class='ocrx_word' id='word_1_229' title='bbox 1324 1825 1388 1880; x_wconf 88' lang='lat' dir='ltr'><strong>iis</strong></span> <span class='ocrx_word' id='word_1_230' title='bbox 1416 1834 1668 1896; x_wconf 89' lang='lat' dir='ltr'><strong>tanquam</strong></span> <span class='ocrx_word' id='word_1_231' title='bbox 1712 1825 2000 1895; x_wconf 84' lang='lat' dir='ltr'><strong>principiis</strong></span> <span class='ocrx_word' id='word_1_232' title='bbox 2041 1828 2220 1894; x_wconf 82' lang='lat' dir='ltr'><strong>proxi-</strong></span> <span class='ocrx_word' id='word_1_233' title='bbox 2250 1803 2296 1862; x_wconf 73' lang='grc' dir='ltr'><strong>Β</strong></span> <span class='ocrx_word' id='word_1_234' title='bbox 2327 1834 2547 1889; x_wconf 84' lang='lat' dir='ltr'><strong>totidem</strong></span> <span class='ocrx_word' id='word_1_235' title='bbox 2581 1835 2709 1889; x_wconf 88' lang='lat' dir='ltr'><strong>deos</strong></span> <span class='ocrx_word' id='word_1_236' title='bbox 2745 1834 3142 1905; x_wconf 75' lang='lat' dir='ltr'><strong>intelligerent,</strong></span> <span class='ocrx_word' id='word_1_237' title='bbox 3177 1851 3241 1890; x_wconf 89' lang='lat' dir='ltr'><strong>eo</strong></span> <span class='ocrx_word' id='word_1_238' title='bbox 3273 1834 3387 1890; x_wconf 85' lang='lat' dir='ltr'><strong>fere</strong></span> <span class='ocrx_word' id='word_1_239' title='bbox 3426 1838 3586 1890; x_wconf 91' lang='lat' dir='ltr'><strong>modo</strong></span> <span class='ocrx_word' id='word_1_240' title='bbox 3629 1851 3733 1906; x_wconf 92' lang='lat' dir='ltr'><strong>quo</strong></span> <span class='ocrx_word' id='word_1_241' title='bbox 3774 1838 3894 1891; x_wconf 85' lang='lat' dir='ltr'><strong>vul-</strong></span> 
     </span>
    </p>
   </div>
   <div class='ocr_carea' id='block_1_33' title="bbox 653 1918 2218 1976">
    <p class='ocr_par' dir='ltr' id='par_1_33' title="bbox 653 1918 2218 1976">
     <span class='ocr_line' id='line_1_33' title="bbox 653 1918 2218 1976; baseline -0.002 -1"><span class='ocrx_word' id='word_1_242' title='bbox 653 1921 754 1976; x_wconf 87' lang='lat' dir='ltr'><strong>tnis</strong></span> <span class='ocrx_word' id='word_1_243' title='bbox 812 1929 868 1975; x_wconf 89' lang='lat' dir='ltr'><strong>et</strong></span> <span class='ocrx_word' id='word_1_244' title='bbox 921 1918 1250 1974; x_wconf 90' lang='lat' dir='ltr'><strong>immediatis</strong></span> <span class='ocrx_word' id='word_1_245' title='bbox 1318 1932 1500 1972; x_wconf 89' lang='lat' dir='ltr'><strong>rerum</strong></span> <span class='ocrx_word' id='word_1_246' title='bbox 1571 1919 1796 1972; x_wconf 85' lang='lat' dir='ltr'><strong>materia</strong></span> <span class='ocrx_word' id='word_1_247' title='bbox 1854 1918 2218 1973; x_wconf 88' lang='lat' dir='ltr'><strong>constantium</strong></span> 
     </span>
    </p>
   </div>
   <div class='ocr_carea' id='block_1_34' title="bbox 650 2011 2221 2069">
    <p class='ocr_par' dir='ltr' id='par_1_34' title="bbox 650 2011 2221 2069">
     <span class='ocr_line' id='line_1_34' title="bbox 650 2011 2221 2069; baseline 0 -1"><span class='ocrx_word' id='word_1_248' title='bbox 650 2012 854 2069; x_wconf 87' lang='lat' dir='ltr'><strong>creatio</strong></span> <span class='ocrx_word' id='word_1_249' title='bbox 891 2011 1236 2066; x_wconf 85' lang='lat' dir='ltr'><strong>tribueretur.</strong></span> <span class='ocrx_word' id='word_1_250' title='bbox 1289 2025 1354 2068; x_wconf 88' lang='lat' dir='ltr'><strong>ne</strong></span> <span class='ocrx_word' id='word_1_251' title='bbox 1395 2012 1636 2066; x_wconf 70' lang='lat' dir='ltr'><strong>materiae</strong></span> <span class='ocrx_word' id='word_1_252' title='bbox 1680 2011 1807 2064; x_wconf 91' lang='lat' dir='ltr'><strong>vitia</strong></span> <span class='ocrx_word' id='word_1_253' title='bbox 1857 2011 1908 2064; x_wconf 91' lang='lat' dir='ltr'><strong>in</strong></span> <span class='ocrx_word' id='word_1_254' title='bbox 1951 2026 2221 2068; x_wconf 88' lang='lat' dir='ltr'><strong>summum</strong></span> 
     </span>
    </p>
   </div>
   <div class='ocr_carea' id='block_1_35' title="bbox 651 2103 2222 2174">
    <p class='ocr_par' dir='ltr' id='par_1_35' title="bbox 651 2103 2222 2174">
     <span class='ocr_line' id='line_1_35' title="bbox 651 2103 2222 2174; baseline -0.002 -13"><span class='ocrx_word' id='word_1_255' title='bbox 651 2105 866 2161; x_wconf 86' lang='lat' dir='ltr'><strong>Patrem</strong></span> <span class='ocrx_word' id='word_1_256' title='bbox 912 2103 1377 2159; x_wconf 79' lang='lat' dir='ltr'><strong>refunderentur:</strong></span> <span class='ocrx_word' id='word_1_257' title='bbox 1422 2105 1612 2158; x_wconf 92' lang='lat' dir='ltr'><strong>horum</strong></span> <span class='ocrx_word' id='word_1_258' title='bbox 1669 2104 1892 2170; x_wconf 90' lang='lat' dir='ltr'><strong>proinde</strong></span> <span class='ocrx_word' id='word_1_259' title='bbox 1948 2104 2161 2174; x_wconf 75' lang='lat' dir='ltr'><strong>longius</strong></span> <span class='ocrx_word' id='word_1_260' title='bbox 2191 2122 2222 2158; x_wconf 70' lang='grc' dir='ltr'><strong>ιι</strong></span> 
     </span>
    </p>
   </div>
   <div class='ocr_carea' id='block_1_36' title="bbox 651 2195 2219 2269">
    <p class='ocr_par' dir='ltr' id='par_1_36' title="bbox 651 2195 2219 2269">
     <span class='ocr_line' id='line_1_36' title="bbox 651 2195 2219 2269; baseline -0.003 -15"><span class='ocrx_word' id='word_1_261' title='bbox 651 2199 813 2254; x_wconf 90' lang='lat' dir='ltr'><strong>Patre</strong></span> <span class='ocrx_word' id='word_1_262' title='bbox 844 2200 1294 2256; x_wconf 86' lang='lat' dir='ltr'><strong>removendorum</strong></span> <span class='ocrx_word' id='word_1_263' title='bbox 1316 2213 1499 2266; x_wconf 87' lang='lat' dir='ltr'><strong>causa,</strong></span> <span class='ocrx_word' id='word_1_264' title='bbox 1535 2199 1691 2269; x_wconf 88' lang='lat' dir='ltr'><strong>longa</strong></span> <span class='ocrx_word' id='word_1_265' title='bbox 1719 2195 1899 2252; x_wconf 82' lang='lat' dir='ltr'><strong>Verbo</strong></span> <span class='ocrx_word' id='word_1_266' title='bbox 1923 2205 1977 2251; x_wconf 89' lang='lat' dir='ltr'><strong>et</strong></span> <span class='ocrx_word' id='word_1_267' title='bbox 2001 2195 2219 2251; x_wconf 86' lang='lat' dir='ltr'><strong>Homini</strong></span> 
     </span>
    </p>
   </div>
   <div class='ocr_carea' id='block_1_37' title="bbox 650 2289 2220 2360">
    <p class='ocr_par' dir='ltr' id='par_1_37' title="bbox 650 2289 2220 2360">
     <span class='ocr_line' id='line_1_37' title="bbox 650 2289 2220 2360; baseline -0.003 -14"><span class='ocrx_word' id='word_1_268' title='bbox 650 2291 892 2360; x_wconf 78' lang='lat' dir='ltr'><strong>subjecta</strong></span> <span class='ocrx_word' id='word_1_269' title='bbox 930 2289 1030 2346; x_wconf 84' lang='lat' dir='ltr'><strong>fuit</strong></span> <span class='ocrx_word' id='word_1_270' title='bbox 1070 2289 1303 2345; x_wconf 72' lang='grc' dir='ltr'>Αὲἰοιιυηι</span> <span class='ocrx_word' id='word_1_271' title='bbox 1349 2290 1537 2353; x_wconf 90' lang='lat' dir='ltr'><strong>series,</strong></span> <span class='ocrx_word' id='word_1_272' title='bbox 1600 2299 1658 2343; x_wconf 92' lang='lat' dir='ltr'><strong>ut</strong></span> <span class='ocrx_word' id='word_1_273' title='bbox 1716 2289 1978 2360; x_wconf 83' lang='lat' dir='ltr'><strong>gradatim</strong></span> <span class='ocrx_word' id='word_1_274' title='bbox 2037 2292 2220 2358; x_wconf 89' lang='lat' dir='ltr'><strong>operis</strong></span> 
     </span>
    </p>
   </div>
   <div class='ocr_carea' id='block_1_38' title="bbox 648 2380 2218 2453">
    <p class='ocr_par' dir='ltr' id='par_1_38' title="bbox 648 2380 2218 2453">
     <span class='ocr_line' id='line_1_38' title="bbox 648 2380 2218 2453; baseline -0.003 -15"><span class='ocrx_word' id='word_1_275' title='bbox 648 2381 987 2453; x_wconf 88' lang='lat' dir='ltr'><strong>ignobilioris</strong></span> <span class='ocrx_word' id='word_1_276' title='bbox 1019 2382 1274 2436; x_wconf 89' lang='lat' dir='ltr'><strong>molimen</strong></span> <span class='ocrx_word' id='word_1_277' title='bbox 1306 2392 1361 2435; x_wconf 91' lang='lat' dir='ltr'><strong>et</strong></span> <span class='ocrx_word' id='word_1_278' title='bbox 1390 2395 1549 2436; x_wconf 89' lang='lat' dir='ltr'><strong>causa</strong></span> <span class='ocrx_word' id='word_1_279' title='bbox 1578 2381 1645 2435; x_wconf 92' lang='lat' dir='ltr'><strong>ad</strong></span> <span class='ocrx_word' id='word_1_280' title='bbox 1671 2380 1931 2451; x_wconf 90' lang='lat' dir='ltr'><strong>Sophiam</strong></span> <span class='ocrx_word' id='word_1_281' title='bbox 1973 2381 2218 2435; x_wconf 86' lang='lat' dir='ltr'><strong>omnium</strong></span> 
     </span>
    </p>
   </div>
   <div class='ocr_carea' id='block_1_39' title="bbox 649 2472 2216 2544">
    <p class='ocr_par' dir='ltr' id='par_1_39' title="bbox 649 2472 2216 2544">
     <span class='ocr_line' id='line_1_39' title="bbox 649 2472 2216 2544; baseline -0.002 -15"><span class='ocrx_word' id='word_1_282' title='bbox 649 2483 982 2544; x_wconf 91' lang='lat' dir='ltr'><strong>postremum</strong></span> <span class='ocrx_word' id='word_1_283' title='bbox 1015 2474 1312 2537; x_wconf 88' lang='lat' dir='ltr'><strong>deveniret,</strong></span> <span class='ocrx_word' id='word_1_284' title='bbox 1347 2472 1436 2526; x_wconf 90' lang='lat' dir='ltr'><strong>cui</strong></span> <span class='ocrx_word' id='word_1_285' title='bbox 1462 2474 1640 2528; x_wconf 89' lang='lat' dir='ltr'><strong>minus</strong></span> <span class='ocrx_word' id='word_1_286' title='bbox 1663 2483 1822 2529; x_wconf 90' lang='lat' dir='ltr'><strong>notus</strong></span> <span class='ocrx_word' id='word_1_287' title='bbox 1858 2485 2001 2529; x_wconf 84' lang='lat' dir='ltr'><strong>esset</strong></span> <span class='ocrx_word' id='word_1_288' title='bbox 2033 2473 2216 2538; x_wconf 86' lang='lat' dir='ltr'><strong>Pater,</strong></span> 
     </span>
    </p>
   </div>
   <div class='ocr_carea' id='block_1_40' title="bbox 648 2564 2218 2636">
    <p class='ocr_par' dir='ltr' id='par_1_40' title="bbox 648 2564 2218 2636">
     <span class='ocr_line' id='line_1_40' title="bbox 648 2564 2218 2636; baseline 0.001 -18"><span class='ocrx_word' id='word_1_289' title='bbox 648 2567 773 2633; x_wconf 86' lang='lat' dir='ltr'><strong>quia</strong></span> <span class='ocrx_word' id='word_1_290' title='bbox 825 2565 1038 2636; x_wconf 86' lang='lat' dir='ltr'><strong>longius</strong></span> <span class='ocrx_word' id='word_1_291' title='bbox 1062 2567 1129 2621; x_wconf 91' lang='lat' dir='ltr'><strong>ab</strong></span> <span class='ocrx_word' id='word_1_292' title='bbox 1170 2580 1235 2620; x_wconf 89' lang='lat' dir='ltr'><strong>eo</strong></span> <span class='ocrx_word' id='word_1_293' title='bbox 1279 2567 1516 2621; x_wconf 90' lang='lat' dir='ltr'><strong>dissilus.</strong></span> <span class='ocrx_word' id='word_1_294' title='bbox 1565 2564 1631 2619; x_wconf 91' lang='lat' dir='ltr'><strong>Et</strong></span> <span class='ocrx_word' id='word_1_295' title='bbox 1688 2564 1814 2619; x_wconf 89' lang='lat' dir='ltr'><strong>inde</strong></span> <span class='ocrx_word' id='word_1_296' title='bbox 1865 2573 2115 2619; x_wconf 90' lang='lat' dir='ltr'><strong>contexta</strong></span> <span class='ocrx_word' id='word_1_297' title='bbox 2152 2565 2218 2621; x_wconf 89' lang='lat' dir='ltr'><strong>de</strong></span> 
     </span>
    </p>
   </div>
   <div class='ocr_carea' id='block_1_41' title="bbox 649 2657 2216 2728">
    <p class='ocr_par' dir='ltr' id='par_1_41' title="bbox 649 2657 2216 2728">
     <span class='ocr_line' id='line_1_41' title="bbox 649 2657 2216 2728; baseline -0.001 -15"><span class='ocrx_word' id='word_1_298' title='bbox 649 2657 869 2727; x_wconf 60' lang='lat' dir='ltr'><strong>Sophia:</strong></span> <span class='ocrx_word' id='word_1_299' title='bbox 917 2657 1089 2712; x_wconf 90' lang='lat' dir='ltr'><strong>ultimi</strong></span> <span class='ocrx_word' id='word_1_300' title='bbox 1155 2657 1349 2713; x_wconf 63' lang='lat' dir='ltr'><strong>IEonis</strong></span> <span class='ocrx_word' id='word_1_301' title='bbox 1417 2658 1793 2728; x_wconf 81' lang='lat' dir='ltr'><strong>ignoratione,</strong></span> <span class='ocrx_word' id='word_1_302' title='bbox 1861 2665 2216 2725; x_wconf 85' lang='lat' dir='ltr'><strong>extremoque</strong></span> 
     </span>
    </p>
   </div>
   <div class='ocr_carea' id='block_1_42' title="bbox 647 2745 2213 2818">
    <p class='ocr_par' dir='ltr' id='par_1_42' title="bbox 647 2745 2213 2818">
     <span class='ocr_line' id='line_1_42' title="bbox 647 2745 2213 2818; baseline -0.001 -15"><span class='ocrx_word' id='word_1_303' title='bbox 647 2763 784 2818; x_wconf 88' lang='lat' dir='ltr'><strong>pene</strong></span> <span class='ocrx_word' id='word_1_304' title='bbox 838 2745 1154 2804; x_wconf 87' lang='lat' dir='ltr'><strong>discrimine</strong></span> <span class='ocrx_word' id='word_1_305' title='bbox 1203 2747 1424 2814; x_wconf 82' lang='lat' dir='ltr'><strong>fabula;</strong></span> <span class='ocrx_word' id='word_1_306' title='bbox 1475 2756 1532 2802; x_wconf 93' lang='lat' dir='ltr'><strong>ut</strong></span> <span class='ocrx_word' id='word_1_307' title='bbox 1581 2748 1705 2802; x_wconf 91' lang='lat' dir='ltr'><strong>hinc</strong></span> <span class='ocrx_word' id='word_1_308' title='bbox 1748 2756 1899 2802; x_wconf 87' lang='lat' dir='ltr'><strong>eruta</strong></span> <span class='ocrx_word' id='word_1_309' title='bbox 1952 2748 2213 2802; x_wconf 84' lang='lat' dir='ltr'><strong>malorum</strong></span> 
     </span>
    </p>
   </div>
   <div class='ocr_carea' id='block_1_43' title="bbox 648 2839 2214 2909">
    <p class='ocr_par' dir='ltr' id='par_1_43' title="bbox 648 2839 2214 2909">
     <span class='ocr_line' id='line_1_43' title="bbox 648 2839 2214 2909; baseline -0.003 -12"><span class='ocrx_word' id='word_1_310' title='bbox 648 2841 1004 2909; x_wconf 88' lang='lat' dir='ltr'><strong>scaturigine,</strong></span> <span class='ocrx_word' id='word_1_311' title='bbox 1035 2839 1131 2894; x_wconf 91' lang='lat' dir='ltr'><strong>Dei</strong></span> <span class='ocrx_word' id='word_1_312' title='bbox 1157 2841 1431 2894; x_wconf 87' lang='lat' dir='ltr'><strong>sanctitati</strong></span> <span class='ocrx_word' id='word_1_313' title='bbox 1473 2840 1870 2894; x_wconf 88' lang='lat' dir='ltr'><strong>consuleretur.</strong></span> <span class='ocrx_word' id='word_1_314' title='bbox 1903 2840 2038 2893; x_wconf 91' lang='lat' dir='ltr'><strong>Dum</strong></span> <span class='ocrx_word' id='word_1_315' title='bbox 2068 2840 2214 2893; x_wconf 88' lang='lat' dir='ltr'><strong>enim</strong></span> 
     </span>
    </p>
   </div>
   <div class='ocr_carea' id='block_1_44' title="bbox 649 2926 2213 3004">
    <p class='ocr_par' dir='ltr' id='par_1_44' title="bbox 649 2926 2213 3004">
     <span class='ocr_line' id='line_1_44' title="bbox 649 2926 2213 3004; baseline 0 -15"><span class='ocrx_word' id='word_1_316' title='bbox 649 2934 906 3004; x_wconf 90' lang='lat' dir='ltr'><strong>Sophiant</strong></span> <span class='ocrx_word' id='word_1_317' title='bbox 937 2933 1134 2988; x_wconf 68' lang='lat' dir='ltr'><strong>invidia</strong></span> <span class='ocrx_word' id='word_1_318' title='bbox 1164 2932 1481 3003; x_wconf 83' lang='lat' dir='ltr'><strong>ﬂagrantem</strong></span> <span class='ocrx_word' id='word_1_319' title='bbox 1513 2934 1566 2987; x_wconf 92' lang='lat' dir='ltr'><strong>in</strong></span> <span class='ocrx_word' id='word_1_320' title='bbox 1596 2948 1814 2988; x_wconf 88' lang='lat' dir='ltr'><strong>scenam</strong></span> <span class='ocrx_word' id='word_1_321' title='bbox 1845 2943 2010 3004; x_wconf 87' lang='lat' dir='ltr'><strong>agunt</strong></span> <span class='ocrx_word' id='word_1_322' title='bbox 2043 2926 2213 2989; x_wconf 83' lang='lat' dir='ltr'><strong>delira</strong></span> 
     </span>
    </p>
   </div>
   <div class='ocr_carea' id='block_1_45' title="bbox 645 3024 2215 3095">
    <p class='ocr_par' dir='ltr' id='par_1_45' title="bbox 645 3024 2215 3095">
     <span class='ocr_line' id='line_1_45' title="bbox 645 3024 2215 3095; baseline 0.001 -15"><span class='ocrx_word' id='word_1_323' title='bbox 645 3025 736 3080; x_wconf 87' lang='lat' dir='ltr'><strong>illa</strong></span> <span class='ocrx_word' id='word_1_324' title='bbox 764 3026 962 3093; x_wconf 89' lang='lat' dir='ltr'><strong>capita,</strong></span> <span class='ocrx_word' id='word_1_325' title='bbox 997 3025 1138 3094; x_wconf 91' lang='lat' dir='ltr'><strong>quod</strong></span> <span class='ocrx_word' id='word_1_326' title='bbox 1175 3024 1458 3095; x_wconf 85' lang='lat' dir='ltr'><strong>Monogeni</strong></span> <span class='ocrx_word' id='word_1_327' title='bbox 1505 3025 1603 3081; x_wconf 91' lang='lat' dir='ltr'><strong>soli</strong></span> <span class='ocrx_word' id='word_1_328' title='bbox 1646 3027 1833 3082; x_wconf 89' lang='lat' dir='ltr'><strong>datum</strong></span> <span class='ocrx_word' id='word_1_329' title='bbox 1885 3037 2029 3082; x_wconf 88' lang='lat' dir='ltr'><strong>esset</strong></span> <span class='ocrx_word' id='word_1_330' title='bbox 2065 3043 2215 3082; x_wconf 78' lang='lat' dir='ltr'><strong>sum-</strong></span> 
     </span>
    </p>
   </div>
   <div class='ocr_carea' id='block_1_46' title="bbox 644 3111 2213 3189">
    <p class='ocr_par' dir='ltr' id='par_1_46' title="bbox 644 3111 2213 3189">
     <span class='ocr_line' id='line_1_46' title="bbox 644 3111 2213 3189; baseline 0.003 -19"><span class='ocrx_word' id='word_1_331' title='bbox 644 3132 793 3170; x_wconf 85' lang='lat' dir='ltr'><strong>mum</strong></span> <span class='ocrx_word' id='word_1_332' title='bbox 826 3111 1040 3170; x_wconf 85' lang='lat' dir='ltr'><strong>Patrem</strong></span> <span class='ocrx_word' id='word_1_333' title='bbox 1074 3117 1304 3186; x_wconf 88' lang='lat' dir='ltr'><strong>penitius</strong></span> <span class='ocrx_word' id='word_1_334' title='bbox 1345 3117 1581 3183; x_wconf 87' lang='lat' dir='ltr'><strong>intueri;</strong></span> <span class='ocrx_word' id='word_1_335' title='bbox 1614 3118 1740 3173; x_wconf 89' lang='lat' dir='ltr'><strong>dum</strong></span> <span class='ocrx_word' id='word_1_336' title='bbox 1785 3118 1924 3173; x_wconf 91' lang='lat' dir='ltr'><strong>male</strong></span> <span class='ocrx_word' id='word_1_337' title='bbox 1953 3131 2213 3189; x_wconf 90' lang='lat' dir='ltr'><strong>concepto</strong></span> 
     </span>
    </p>
   </div>
   <div class='ocr_carea' id='block_1_47' title="bbox 645 3208 2211 3279">
    <p class='ocr_par' dir='ltr' id='par_1_47' title="bbox 645 3208 2211 3279">
     <span class='ocr_line' id='line_1_47' title="bbox 645 3208 2211 3279; baseline 0.003 -16"><span class='ocrx_word' id='word_1_338' title='bbox 645 3208 827 3264; x_wconf 88' lang='lat' dir='ltr'><strong>Patris</strong></span> <span class='ocrx_word' id='word_1_339' title='bbox 889 3208 1316 3278; x_wconf 84' lang='lat' dir='ltr'><strong>magnitudinem</strong></span> <span class='ocrx_word' id='word_1_340' title='bbox 1381 3210 1878 3279; x_wconf 85' lang='lat' dir='ltr'><strong>comprehendendi</strong></span> <span class='ocrx_word' id='word_1_341' title='bbox 1943 3212 2211 3268; x_wconf 90' lang='lat' dir='ltr'><strong>desiderio</strong></span> 
     </span>
    </p>
   </div>
   <div class='ocr_carea' id='block_1_48' title="bbox 645 3300 2213 3371">
    <p class='ocr_par' dir='ltr' id='par_1_48' title="bbox 645 3300 2213 3371">
     <span class='ocr_line' id='line_1_48' title="bbox 645 3300 2213 3371; baseline 0.004 -17"><span class='ocrx_word' id='word_1_342' title='bbox 645 3306 985 3365; x_wconf 68' lang='lat' dir='ltr'><strong>aestuantem,</strong></span> <span class='ocrx_word' id='word_1_343' title='bbox 1037 3300 1340 3369; x_wconf 87' lang='lat' dir='ltr'><strong>abreptam,</strong></span> <span class='ocrx_word' id='word_1_344' title='bbox 1395 3315 1459 3354; x_wconf 90' lang='lat' dir='ltr'><strong>ac</strong></span> <span class='ocrx_word' id='word_1_345' title='bbox 1503 3315 1615 3370; x_wconf 72' lang='lat' dir='ltr'><strong>pra:</strong></span> <span class='ocrx_word' id='word_1_346' title='bbox 1663 3302 1738 3355; x_wconf 91' lang='lat' dir='ltr'><strong>rei</strong></span> <span class='ocrx_word' id='word_1_347' title='bbox 1777 3301 2213 3371; x_wconf 87' lang='lat' dir='ltr'><strong>impossibilitate</strong></span> 
     </span>
    </p>
   </div>
   <div class='ocr_carea' id='block_1_49' title="bbox 642 3390 2212 3465">
    <p class='ocr_par' dir='ltr' id='par_1_49' title="bbox 642 3390 2212 3465">
     <span class='ocr_line' id='line_1_49' title="bbox 642 3390 2212 3465; baseline 0.003 -18"><span class='ocrx_word' id='word_1_348' title='bbox 642 3407 784 3464; x_wconf 89' lang='lat' dir='ltr'><strong>pene</strong></span> <span class='ocrx_word' id='word_1_349' title='bbox 831 3390 1150 3446; x_wconf 89' lang='lat' dir='ltr'><strong>dissolutam</strong></span> <span class='ocrx_word' id='word_1_350' title='bbox 1184 3393 1496 3447; x_wconf 77' lang='lat' dir='ltr'><strong>exhibent:</strong></span> <span class='ocrx_word' id='word_1_351' title='bbox 1543 3395 1671 3462; x_wconf 87' lang='lat' dir='ltr'><strong>quid</strong></span> <span class='ocrx_word' id='word_1_352' title='bbox 1716 3397 1862 3450; x_wconf 89' lang='lat' dir='ltr'><strong>aliud</strong></span> <span class='ocrx_word' id='word_1_353' title='bbox 1900 3412 2061 3465; x_wconf 91' lang='lat' dir='ltr'><strong>quam</strong></span> <span class='ocrx_word' id='word_1_354' title='bbox 2113 3412 2212 3452; x_wconf 85' lang='lat' dir='ltr'><strong>ne-</strong></span> 
     </span>
    </p>
   </div>
   <div class='ocr_carea' id='block_1_50' title="bbox 643 3485 2212 3554">
    <p class='ocr_par' dir='ltr' id='par_1_50' title="bbox 643 3485 2212 3554">
     <span class='ocr_line' id='line_1_50' title="bbox 643 3485 2212 3554; baseline 0.003 -15"><span class='ocrx_word' id='word_1_355' title='bbox 643 3485 783 3540; x_wconf 82' lang='lat' dir='ltr'><strong>faria</strong></span> <span class='ocrx_word' id='word_1_356' title='bbox 840 3492 1008 3549; x_wconf 88' lang='lat' dir='ltr'><strong>vota,</strong></span> <span class='ocrx_word' id='word_1_357' title='bbox 1074 3485 1394 3554; x_wconf 82' lang='lat' dir='ltr'><strong>tristemque</strong></span> <span class='ocrx_word' id='word_1_358' title='bbox 1447 3500 1630 3539; x_wconf 87' lang='lat' dir='ltr'><strong>casum</strong></span> <span class='ocrx_word' id='word_1_359' title='bbox 1691 3487 2017 3542; x_wconf 87' lang='lat' dir='ltr'><strong>adumbrant</strong></span> <span class='ocrx_word' id='word_1_360' title='bbox 2069 3488 2212 3545; x_wconf 88' lang='lat' dir='ltr'><strong>illius</strong></span> 
     </span>
    </p>
   </div>
   <div class='ocr_carea' id='block_1_51' title="bbox 647 3574 2212 3651">
    <p class='ocr_par' dir='ltr' id='par_1_51' title="bbox 647 3574 2212 3651">
     <span class='ocr_line' id='line_1_51' title="bbox 647 3574 2212 3651; baseline 0.003 -19"><span class='ocrx_word' id='word_1_361' title='bbox 647 3574 892 3650; x_wconf 78' lang='lat' dir='ltr'><strong>[XX-XII]</strong></span> <span class='ocrx_word' id='word_1_362' title='bbox 926 3575 1096 3646; x_wconf 82' lang='lat' dir='ltr'><strong>angeli</strong></span> <span class='ocrx_word' id='word_1_363' title='bbox 1124 3616 1140 3640; x_wconf 88' lang='lat'><strong>,</strong></span> <span class='ocrx_word' id='word_1_364' title='bbox 1168 3579 1257 3646; x_wconf 92' lang='lat' dir='ltr'><strong>qui</strong></span> <span class='ocrx_word' id='word_1_365' title='bbox 1293 3577 1522 3632; x_wconf 90' lang='lat' dir='ltr'><strong>similem</strong></span> <span class='ocrx_word' id='word_1_366' title='bbox 1555 3594 1613 3633; x_wconf 89' lang='lat' dir='ltr'><strong>se</strong></span> <span class='ocrx_word' id='word_1_367' title='bbox 1650 3579 1929 3635; x_wconf 83' lang='lat' dir='ltr'><strong>Altissimo</strong></span> <span class='ocrx_word' id='word_1_368' title='bbox 1954 3582 2212 3651; x_wconf 69' lang='lat' dir='ltr'><strong>{futurum</strong></span> 
     </span>
    </p>
   </div>
   <div class='ocr_carea' id='block_1_52' title="bbox 643 3670 2213 3739">
    <p class='ocr_par' dir='ltr' id='par_1_52' title="bbox 643 3670 2213 3739">
     <span class='ocr_line' id='line_1_52' title="bbox 643 3670 2213 3739; baseline 0.003 -14"><span class='ocrx_word' id='word_1_369' title='bbox 643 3671 750 3725; x_wconf 85' lang='lat' dir='ltr'><strong>sibi</strong></span> <span class='ocrx_word' id='word_1_370' title='bbox 787 3671 1084 3739; x_wconf 81' lang='lat' dir='ltr'><strong>spcttdens,</strong></span> <span class='ocrx_word' id='word_1_371' title='bbox 1111 3671 1337 3739; x_wconf 80' lang='lat' dir='ltr'><strong>perdidit</strong></span> <span class='ocrx_word' id='word_1_372' title='bbox 1387 3670 1703 3739; x_wconf 78' lang='lat' dir='ltr'><strong>sapientiam</strong></span> <span class='ocrx_word' id='word_1_373' title='bbox 1751 3691 1899 3726; x_wconf 79' lang='lat' dir='ltr'><strong>suam</strong></span> <span class='ocrx_word' id='word_1_374' title='bbox 1943 3676 1994 3727; x_wconf 89' lang='lat' dir='ltr'><strong>in</strong></span> <span class='ocrx_word' id='word_1_375' title='bbox 2031 3677 2213 3730; x_wconf 84' lang='lat' dir='ltr'><strong>decore</strong></span> 
     </span>
    </p>
   </div>
   <div class='ocr_carea' id='block_1_53' title="bbox 642 3765 2210 3836">
    <p class='ocr_par' dir='ltr' id='par_1_53' title="bbox 642 3765 2210 3836">
     <span class='ocr_line' id='line_1_53' title="bbox 642 3765 2210 3836; baseline 0.002 -17"><span class='ocrx_word' id='word_1_376' title='bbox 642 3778 764 3831; x_wconf 84' lang='lat' dir='ltr'><strong>suo,</strong></span> <span class='ocrx_word' id='word_1_377' title='bbox 797 3771 846 3817; x_wconf 73' lang='lat' dir='ltr'><strong>et</strong></span> <span class='ocrx_word' id='word_1_378' title='bbox 869 3765 920 3816; x_wconf 88' lang='lat' dir='ltr'><strong>in</strong></span> <span class='ocrx_word' id='word_1_379' title='bbox 949 3775 1173 3830; x_wconf 78' lang='lat' dir='ltr'><strong>terram,</strong></span> <span class='ocrx_word' id='word_1_380' title='bbox 1210 3765 1260 3817; x_wconf 90' lang='lat' dir='ltr'><strong>in</strong></span> <span class='ocrx_word' id='word_1_381' title='bbox 1291 3777 1507 3833; x_wconf 71' lang='lat' dir='ltr'><strong>pmnam</strong></span> <span class='ocrx_word' id='word_1_382' title='bbox 1536 3766 1716 3818; x_wconf 82' lang='lat' dir='ltr'><strong>elevati</strong></span> <span class='ocrx_word' id='word_1_383' title='bbox 1749 3768 1920 3819; x_wconf 82' lang='lat' dir='ltr'><strong>cordis</strong></span> <span class='ocrx_word' id='word_1_384' title='bbox 1952 3767 2210 3836; x_wconf 75' lang='lat' dir='ltr'><strong>projectus</strong></span> 
     </span>
    </p>
   </div>
   <div class='ocr_carea' id='block_1_54' title="bbox 644 3855 2212 3926">
    <p class='ocr_par' dir='ltr' id='par_1_54' title="bbox 644 3855 2212 3926">
     <span class='ocr_line' id='line_1_54' title="bbox 644 3855 2212 3926; baseline 0.003 -17"><span class='ocrx_word' id='word_1_385' title='bbox 644 3865 722 3909; x_wconf 84' lang='lat' dir='ltr'><strong>est</strong></span> <span class='ocrx_word' id='word_1_386' title='bbox 767 3855 854 3908; x_wconf 79' lang='lat'><strong>&#39;°?</strong></span> <span class='ocrx_word' id='word_1_387' title='bbox 887 3856 1022 3910; x_wconf 90' lang='lat' dir='ltr'><strong>Dum</strong></span> <span class='ocrx_word' id='word_1_388' title='bbox 1069 3869 1199 3910; x_wconf 87' lang='lat' dir='ltr'><strong>vero</strong></span> <span class='ocrx_word' id='word_1_389' title='bbox 1258 3855 1466 3919; x_wconf 84' lang='lat' dir='ltr'><strong>Horon,</strong></span> <span class='ocrx_word' id='word_1_390' title='bbox 1507 3871 1665 3925; x_wconf 88' lang='lat' dir='ltr'><strong>quem</strong></span> <span class='ocrx_word' id='word_1_391' title='bbox 1714 3857 1887 3926; x_wconf 90' lang='lat' dir='ltr'><strong>ipsum</strong></span> <span class='ocrx_word' id='word_1_392' title='bbox 1927 3858 2019 3912; x_wconf 89' lang='lat' dir='ltr'><strong>Dei</strong></span> <span class='ocrx_word' id='word_1_393' title='bbox 2081 3859 2212 3913; x_wconf 83' lang='lat' dir='ltr'><strong>Ver-</strong></span> 
     </span>
    </p>
   </div>
   <div class='ocr_carea' id='block_1_55' title="bbox 642 3946 2215 4016">
    <p class='ocr_par' dir='ltr' id='par_1_55' title="bbox 642 3946 2215 4016">
     <span class='ocr_line' id='line_1_55' title="bbox 642 3946 2215 4016; baseline 0.001 -12"><span class='ocrx_word' id='word_1_394' title='bbox 642 3949 772 4004; x_wconf 90' lang='lat' dir='ltr'><strong>bum</strong></span> <span class='ocrx_word' id='word_1_395' title='bbox 816 3961 937 4002; x_wconf 89' lang='lat' dir='ltr'><strong>esse</strong></span> <span class='ocrx_word' id='word_1_396' title='bbox 986 3947 1232 4016; x_wconf 89' lang='lat' dir='ltr'><strong>superius</strong></span> <span class='ocrx_word' id='word_1_397' title='bbox 1275 3946 1534 4011; x_wconf 75' lang='lat' dir='ltr'><strong>diximus,</strong></span> <span class='ocrx_word' id='word_1_398' title='bbox 1581 3963 1846 4015; x_wconf 88' lang='lat' dir='ltr'><strong>quemque</strong></span> <span class='ocrx_word' id='word_1_399' title='bbox 1898 3948 2116 4004; x_wconf 84' lang='lat' dir='ltr'><strong>Crucem</strong></span> <span class='ocrx_word' id='word_1_400' title='bbox 2161 3962 2215 4006; x_wconf 92' lang='lat' dir='ltr'><strong>et</strong></span> 
     </span>
    </p>
   </div>
   <div class='ocr_carea' id='block_1_56' title="bbox 643 4038 2211 4109">
    <p class='ocr_par' dir='ltr' id='par_1_56' title="bbox 643 4038 2211 4109">
     <span class='ocr_line' id='line_1_56' title="bbox 643 4038 2211 4109; baseline 0.003 -16"><span class='ocrx_word' id='word_1_401' title='bbox 643 4038 1044 4109; x_wconf 79' lang='lat' dir='ltr'><strong>Redemptorem</strong></span> <span class='ocrx_word' id='word_1_402' title='bbox 1087 4038 1377 4103; x_wconf 86' lang='lat' dir='ltr'><strong>vocabant,</strong></span> <span class='ocrx_word' id='word_1_403' title='bbox 1420 4039 1685 4093; x_wconf 88' lang='lat' dir='ltr'><strong>laboranti</strong></span> <span class='ocrx_word' id='word_1_404' title='bbox 1718 4055 1872 4108; x_wconf 92' lang='lat' dir='ltr'><strong>opem</strong></span> <span class='ocrx_word' id='word_1_405' title='bbox 1925 4042 2211 4108; x_wconf 80' lang='lat' dir='ltr'><strong>ferentem,</strong></span> 
     </span>
    </p>
   </div>
   <div class='ocr_carea' id='block_1_57' title="bbox 642 4130 2210 4200">
    <p class='ocr_par' dir='ltr' id='par_1_57' title="bbox 642 4130 2210 4200">
     <span class='ocr_line' id='line_1_57' title="bbox 642 4130 2210 4200; baseline 0.001 -15"><span class='ocrx_word' id='word_1_406' title='bbox 642 4131 929 4200; x_wconf 81' lang='lat' dir='ltr'><strong>ipsamque</strong></span> <span class='ocrx_word' id='word_1_407' title='bbox 965 4132 1180 4184; x_wconf 89' lang='lat' dir='ltr'><strong>demum</strong></span> <span class='ocrx_word' id='word_1_408' title='bbox 1215 4131 1461 4198; x_wconf 78' lang='lat' dir='ltr'><strong>pristinae</strong></span> <span class='ocrx_word' id='word_1_409' title='bbox 1503 4130 1866 4200; x_wconf 87' lang='lat' dir='ltr'><strong>conjugationi</strong></span> <span class='ocrx_word' id='word_1_410' title='bbox 1920 4134 2210 4187; x_wconf 90' lang='lat' dir='ltr'><strong>restituen-</strong></span> 
     </span>
    </p>
   </div>
   <div class='ocr_carea' id='block_1_58' title="bbox 641 4223 2212 4297">
    <p class='ocr_par' dir='ltr' id='par_1_58' title="bbox 641 4223 2212 4297">
     <span class='ocr_line' id='line_1_58' title="bbox 641 4223 2212 4297; baseline 0.003 -20"><span class='ocrx_word' id='word_1_411' title='bbox 641 4233 750 4278; x_wconf 85' lang='lat' dir='ltr'><strong>tem</strong></span> <span class='ocrx_word' id='word_1_412' title='bbox 807 4224 1051 4293; x_wconf 81' lang='lat' dir='ltr'><strong>ﬁngunt;</strong></span> <span class='ocrx_word' id='word_1_413' title='bbox 1109 4224 1236 4292; x_wconf 89' lang='lat' dir='ltr'><strong>quid</strong></span> <span class='ocrx_word' id='word_1_414' title='bbox 1299 4223 1436 4277; x_wconf 89' lang='lat' dir='ltr'><strong>aliud</strong></span> <span class='ocrx_word' id='word_1_415' title='bbox 1492 4238 1651 4292; x_wconf 86' lang='lat' dir='ltr'><strong>quam</strong></span> <span class='ocrx_word' id='word_1_416' title='bbox 1709 4225 2060 4280; x_wconf 88' lang='lat' dir='ltr'><strong>instauratam</strong></span> <span class='ocrx_word' id='word_1_417' title='bbox 2117 4241 2212 4297; x_wconf 89' lang='lat' dir='ltr'><strong>per</strong></span> 
     </span>
    </p>
   </div>
   <div class='ocr_carea' id='block_1_59' title="bbox 642 4317 2206 4388">
    <p class='ocr_par' dir='ltr' id='par_1_59' title="bbox 642 4317 2206 4388">
     <span class='ocr_line' id='line_1_59' title="bbox 642 4317 2206 4388; baseline 0.001 -16"><span class='ocrx_word' id='word_1_418' title='bbox 642 4317 1092 4372; x_wconf 84' lang='lat' dir='ltr'><strong>Cbristicrucem</strong></span> <span class='ocrx_word' id='word_1_419' title='bbox 1132 4329 1184 4370; x_wconf 90' lang='lat' dir='ltr'><strong>et</strong></span> <span class='ocrx_word' id='word_1_420' title='bbox 1218 4319 1538 4386; x_wconf 88' lang='lat' dir='ltr'><strong>sanguinem</strong></span> <span class='ocrx_word' id='word_1_421' title='bbox 1594 4321 1904 4388; x_wconf 86' lang='lat' dir='ltr'><strong>angelorum</strong></span> <span class='ocrx_word' id='word_1_422' title='bbox 1971 4321 2206 4386; x_wconf 88' lang='lat' dir='ltr'><strong>ruinam,</strong></span> 
     </span>
    </p>
   </div>
   <div class='ocr_carea' id='block_1_60' title="bbox 642 4410 2209 4481">
    <p class='ocr_par' dir='ltr' id='par_1_60' title="bbox 642 4410 2209 4481">
     <span class='ocr_line' id='line_1_60' title="bbox 642 4410 2209 4481; baseline 0.001 -16"><span class='ocrx_word' id='word_1_423' title='bbox 642 4413 822 4465; x_wconf 87' lang='lat' dir='ltr'><strong>citatis</strong></span> <span class='ocrx_word' id='word_1_424' title='bbox 849 4411 1088 4478; x_wconf 81' lang='lat' dir='ltr'><strong>Apostoli</strong></span> <span class='ocrx_word' id='word_1_425' title='bbox 1118 4410 1298 4463; x_wconf 84' lang='lat' dir='ltr'><strong>verbis</strong></span> <span class='ocrx_word' id='word_1_426' title='bbox 1324 4410 1457 4474; x_wconf 92' lang='lat' dir='ltr'><strong>nixi,</strong></span> <span class='ocrx_word' id='word_1_427' title='bbox 1484 4412 1791 4481; x_wconf 74' lang='lat' dir='ltr'><strong>exprimere</strong></span> <span class='ocrx_word' id='word_1_428' title='bbox 1820 4413 2030 4467; x_wconf 90' lang='lat' dir='ltr'><strong>animus</strong></span> <span class='ocrx_word' id='word_1_429' title='bbox 2060 4415 2209 4468; x_wconf 87' lang='lat' dir='ltr'><strong>erat?</strong></span> 
     </span>
    </p>
   </div>
   <div class='ocr_carea' id='block_1_61' title="bbox 2324 1924 3890 1996">
    <p class='ocr_par' dir='ltr' id='par_1_61' title="bbox 2324 1924 3890 1996">
     <span class='ocr_line' id='line_1_61' title="bbox 2324 1924 3890 1996; baseline 0.001 -18"><span class='ocrx_word' id='word_1_430' title='bbox 2324 1939 2424 1996; x_wconf 88' lang='lat' dir='ltr'><strong>gus</strong></span> <span class='ocrx_word' id='word_1_431' title='bbox 2444 1927 2785 1981; x_wconf 86' lang='lat' dir='ltr'><strong>ethnicorum</strong></span> <span class='ocrx_word' id='word_1_432' title='bbox 2815 1925 3134 1990; x_wconf 85' lang='lat' dir='ltr'><strong>Saturnum,</strong></span> <span class='ocrx_word' id='word_1_433' title='bbox 3154 1924 3363 1992; x_wconf 79' lang='lat' dir='ltr'><strong>Jovem,</strong></span> <span class='ocrx_word' id='word_1_434' title='bbox 3385 1926 3735 1992; x_wconf 85' lang='lat' dir='ltr'><strong>Mercurium,</strong></span> <span class='ocrx_word' id='word_1_435' title='bbox 3759 1933 3890 1993; x_wconf 88' lang='lat' dir='ltr'><strong>etc.,</strong></span> 
     </span>
    </p>
   </div>
   <div class='ocr_carea' id='block_1_62' title="bbox 2325 2017 3892 2087">
    <p class='ocr_par' dir='ltr' id='par_1_62' title="bbox 2325 2017 3892 2087">
     <span class='ocr_line' id='line_1_62' title="bbox 2325 2017 3892 2087; baseline 0.001 -15"><span class='ocrx_word' id='word_1_436' title='bbox 2325 2019 2471 2080; x_wconf 92' lang='lat' dir='ltr'><strong>deos,</strong></span> <span class='ocrx_word' id='word_1_437' title='bbox 2515 2017 2756 2086; x_wconf 90' lang='lat' dir='ltr'><strong>singulos</strong></span> <span class='ocrx_word' id='word_1_438' title='bbox 2801 2017 3066 2072; x_wconf 90' lang='lat' dir='ltr'><strong>habentes</strong></span> <span class='ocrx_word' id='word_1_439' title='bbox 3115 2017 3362 2087; x_wconf 83' lang='lat' dir='ltr'><strong>singulas</strong></span> <span class='ocrx_word' id='word_1_440' title='bbox 3401 2025 3628 2074; x_wconf 85' lang='lat' dir='ltr'><strong>naturas</strong></span> <span class='ocrx_word' id='word_1_441' title='bbox 3679 2017 3892 2073; x_wconf 83' lang='lat' dir='ltr'><strong>divinas</strong></span> 
     </span>
    </p>
   </div>
   <div class='ocr_carea' id='block_1_63' title="bbox 2323 2106 3892 2166">
    <p class='ocr_par' dir='ltr' id='par_1_63' title="bbox 2323 2106 3892 2166">
     <span class='ocr_line' id='line_1_63' title="bbox 2323 2106 3892 2166; baseline 0.002 -3"><span class='ocrx_word' id='word_1_442' title='bbox 2323 2106 2712 2164; x_wconf 86' lang='lat' dir='ltr'><strong>existimabat?</strong></span> <span class='ocrx_word' id='word_1_443' title='bbox 2753 2109 2834 2163; x_wconf 88' lang='lat' dir='ltr'><strong>An</strong></span> <span class='ocrx_word' id='word_1_444' title='bbox 2871 2110 3096 2164; x_wconf 89' lang='lat' dir='ltr'><strong>totidem</strong></span> <span class='ocrx_word' id='word_1_445' title='bbox 3130 2111 3184 2163; x_wconf 92' lang='lat' dir='ltr'><strong>in</strong></span> <span class='ocrx_word' id='word_1_446' title='bbox 3217 2126 3324 2164; x_wconf 91' lang='lat' dir='ltr'><strong>una</strong></span> <span class='ocrx_word' id='word_1_447' title='bbox 3359 2117 3414 2164; x_wconf 90' lang='lat' dir='ltr'><strong>et</strong></span> <span class='ocrx_word' id='word_1_448' title='bbox 3443 2109 3633 2164; x_wconf 89' lang='lat' dir='ltr'><strong>eadem</strong></span> <span class='ocrx_word' id='word_1_449' title='bbox 3683 2108 3892 2166; x_wconf 87' lang='lat' dir='ltr'><strong>Divini-</strong></span> 
     </span>
    </p>
   </div>
   <div class='ocr_carea' id='block_1_64' title="bbox 2325 2201 3892 2271">
    <p class='ocr_par' dir='ltr' id='par_1_64' title="bbox 2325 2201 3892 2271">
     <span class='ocr_line' id='line_1_64' title="bbox 2325 2201 3892 2271; baseline 0.003 -18"><span class='ocrx_word' id='word_1_450' title='bbox 2325 2210 2434 2254; x_wconf 90' lang='lat' dir='ltr'><strong>tate</strong></span> <span class='ocrx_word' id='word_1_451' title='bbox 2478 2201 2839 2257; x_wconf 90' lang='lat' dir='ltr'><strong>subsistentes</strong></span> <span class='ocrx_word' id='word_1_452' title='bbox 2895 2215 3195 2271; x_wconf 77' lang='lat' dir='ltr'><strong>personas,</strong></span> <span class='ocrx_word' id='word_1_453' title='bbox 3255 2201 3325 2255; x_wconf 89' lang='lat' dir='ltr'><strong>ad</strong></span> <span class='ocrx_word' id='word_1_454' title='bbox 3375 2214 3498 2254; x_wconf 92' lang='lat' dir='ltr'><strong>eum</strong></span> <span class='ocrx_word' id='word_1_455' title='bbox 3538 2201 3753 2256; x_wconf 90' lang='lat' dir='ltr'><strong>modum</strong></span> <span class='ocrx_word' id='word_1_456' title='bbox 3779 2215 3892 2270; x_wconf 89' lang='lat' dir='ltr'><strong>quo</strong></span> 
     </span>
    </p>
   </div>
   <div class='ocr_carea' id='block_1_65' title="bbox 2323 2289 3890 2356">
    <p class='ocr_par' dir='ltr' id='par_1_65' title="bbox 2323 2289 3890 2356">
     <span class='ocr_line' id='line_1_65' title="bbox 2323 2289 3890 2356; baseline 0.001 -12"><span class='ocrx_word' id='word_1_457' title='bbox 2323 2289 2580 2344; x_wconf 78' lang='lat' dir='ltr'><strong>Catholici</strong></span> <span class='ocrx_word' id='word_1_458' title='bbox 2629 2301 2741 2344; x_wconf 90' lang='lat' dir='ltr'><strong>tres</strong></span> <span class='ocrx_word' id='word_1_459' title='bbox 2784 2290 2838 2344; x_wconf 91' lang='lat' dir='ltr'><strong>in</strong></span> <span class='ocrx_word' id='word_1_460' title='bbox 2886 2306 2992 2344; x_wconf 91' lang='lat' dir='ltr'><strong>una</strong></span> <span class='ocrx_word' id='word_1_461' title='bbox 3034 2299 3230 2344; x_wconf 88' lang='lat' dir='ltr'><strong>natura</strong></span> <span class='ocrx_word' id='word_1_462' title='bbox 3277 2289 3457 2345; x_wconf 75' lang='lat' dir='ltr'><strong>divina</strong></span> <span class='ocrx_word' id='word_1_463' title='bbox 3500 2291 3890 2356; x_wconf 79' lang='lat' dir='ltr'><strong>subsistentes,</strong></span> 
     </span>
    </p>
   </div>
   <div class='ocr_carea' id='block_1_66' title="bbox 2321 2380 3888 2451">
    <p class='ocr_par' dir='ltr' id='par_1_66' title="bbox 2321 2380 3888 2451">
     <span class='ocr_line' id='line_1_66' title="bbox 2321 2380 3888 2451; baseline 0.001 -17"><span class='ocrx_word' id='word_1_464' title='bbox 2321 2381 2711 2450; x_wconf 86' lang='lat' dir='ltr'><strong>distinctasque</strong></span> <span class='ocrx_word' id='word_1_465' title='bbox 2743 2396 3002 2451; x_wconf 89' lang='lat' dir='ltr'><strong>personas</strong></span> <span class='ocrx_word' id='word_1_466' title='bbox 3032 2380 3359 2451; x_wconf 77' lang='lat' dir='ltr'><strong>proﬁtentur</strong></span> <span class='ocrx_word' id='word_1_467' title='bbox 3400 2391 3453 2436; x_wconf 93' lang='lat' dir='ltr'><strong>et</strong></span> <span class='ocrx_word' id='word_1_468' title='bbox 3499 2381 3775 2436; x_wconf 86' lang='lat' dir='ltr'><strong>credunt?</strong></span> <span class='ocrx_word' id='word_1_469' title='bbox 3804 2382 3888 2436; x_wconf 88' lang='lat' dir='ltr'><strong>An</strong></span> 
     </span>
    </p>
   </div>
   <div class='ocr_carea' id='block_1_67' title="bbox 2320 2469 3890 2541">
    <p class='ocr_par' dir='ltr' id='par_1_67' title="bbox 2320 2469 3890 2541">
     <span class='ocr_line' id='line_1_67' title="bbox 2320 2469 3890 2541; baseline -0.002 -15"><span class='ocrx_word' id='word_1_470' title='bbox 2320 2472 2551 2541; x_wconf 88' lang='lat' dir='ltr'><strong>denique</strong></span> <span class='ocrx_word' id='word_1_471' title='bbox 2587 2474 2810 2528; x_wconf 89' lang='lat' dir='ltr'><strong>totidem</strong></span> <span class='ocrx_word' id='word_1_472' title='bbox 2842 2473 3005 2526; x_wconf 88' lang='lat' dir='ltr'><strong>unius</strong></span> <span class='ocrx_word' id='word_1_473' title='bbox 3035 2469 3273 2540; x_wconf 88' lang='lat' dir='ltr'><strong>ejusdem</strong></span> <span class='ocrx_word' id='word_1_474' title='bbox 3301 2480 3372 2526; x_wconf 72' lang='grc' dir='ltr'><strong>ἰιι</strong></span> <span class='ocrx_word' id='word_1_475' title='bbox 3403 2480 3613 2526; x_wconf 66' lang='lat' dir='ltr'><strong>naturae</strong></span> <span class='ocrx_word' id='word_1_476' title='bbox 3650 2472 3890 2541; x_wconf 84' lang='lat' dir='ltr'><strong>singula-</strong></span> 
     </span>
    </p>
   </div>
   <div class='ocr_carea' id='block_1_68' title="bbox 2322 2559 3890 2634">
    <p class='ocr_par' dir='ltr' id='par_1_68' title="bbox 2322 2559 3890 2634">
     <span class='ocr_line' id='line_1_68' title="bbox 2322 2559 3890 2634; baseline -0.001 -15"><span class='ocrx_word' id='word_1_477' title='bbox 2322 2565 2428 2629; x_wconf 90' lang='lat' dir='ltr'><strong>ris,</strong></span> <span class='ocrx_word' id='word_1_478' title='bbox 2487 2565 2566 2620; x_wconf 85' lang='lat' dir='ltr'><strong>sic</strong></span> <span class='ocrx_word' id='word_1_479' title='bbox 2615 2574 2670 2620; x_wconf 88' lang='lat' dir='ltr'><strong>et</strong></span> <span class='ocrx_word' id='word_1_480' title='bbox 2723 2579 2969 2634; x_wconf 72' lang='lat' dir='ltr'><strong>persona:</strong></span> <span class='ocrx_word' id='word_1_481' title='bbox 3013 2564 3407 2634; x_wconf 89' lang='lat' dir='ltr'><strong>proprietates,</strong></span> <span class='ocrx_word' id='word_1_482' title='bbox 3467 2559 3781 2617; x_wconf 72' lang='lat' dir='ltr'><strong>affectiones</strong></span> <span class='ocrx_word' id='word_1_483' title='bbox 3837 2569 3890 2618; x_wconf 86' lang='lat' dir='ltr'><strong>et</strong></span> 
     </span>
    </p>
   </div>
   <div class='ocr_carea' id='block_1_69' title="bbox 2319 2656 3893 2730">
    <p class='ocr_par' dir='ltr' id='par_1_69' title="bbox 2319 2656 3893 2730">
     <span class='ocr_line' id='line_1_69' title="bbox 2319 2656 3893 2730; baseline -0.003 -16"><span class='ocrx_word' id='word_1_484' title='bbox 2319 2659 2633 2730; x_wconf 78' lang='grc' dir='ltr'>ἐνεργείας,</span> <span class='ocrx_word' id='word_1_485' title='bbox 2693 2660 3148 2727; x_wconf 87' lang='lat' dir='ltr'><strong>quemadmodum</strong></span> <span class='ocrx_word' id='word_1_486' title='bbox 3204 2657 3468 2712; x_wconf 89' lang='lat' dir='ltr'><strong>Sabellius</strong></span> <span class='ocrx_word' id='word_1_487' title='bbox 3542 2656 3777 2712; x_wconf 90' lang='lat' dir='ltr'><strong>Verbum</strong></span> <span class='ocrx_word' id='word_1_488' title='bbox 3833 2665 3893 2712; x_wconf 90' lang='lat' dir='ltr'><strong>et</strong></span> 
     </span>
    </p>
   </div>
   <div class='ocr_carea' id='block_1_70' title="bbox 2335 2749 3888 2822">
    <p class='ocr_par' dir='ltr' id='par_1_70' title="bbox 2335 2749 3888 2822">
     <span class='ocr_line' id='line_1_70' title="bbox 2335 2749 3888 2822; baseline -0.001 -17"><span class='ocrx_word' id='word_1_489' title='bbox 2335 2752 2598 2822; x_wconf 89' lang='lat' dir='ltr'><strong>Spiritum</strong></span> <span class='ocrx_word' id='word_1_490' title='bbox 2646 2761 2891 2807; x_wconf 85' lang='lat' dir='ltr'><strong>sanctum</strong></span> <span class='ocrx_word' id='word_1_491' title='bbox 2943 2751 3079 2806; x_wconf 89' lang='lat' dir='ltr'><strong>duas</strong></span> <span class='ocrx_word' id='word_1_492' title='bbox 3129 2751 3394 2804; x_wconf 80' lang='lat' dir='ltr'><strong>duntaxat</strong></span> <span class='ocrx_word' id='word_1_493' title='bbox 3441 2765 3728 2820; x_wconf 89' lang='lat' dir='ltr'><strong>merasque</strong></span> <span class='ocrx_word' id='word_1_494' title='bbox 3766 2749 3888 2805; x_wconf 75' lang='lat' dir='ltr'><strong>elﬁ-</strong></span> 
     </span>
    </p>
   </div>
   <div class='ocr_carea' id='block_1_71' title="bbox 2327 2840 3887 2914">
    <p class='ocr_par' dir='ltr' id='par_1_71' title="bbox 2327 2840 3887 2914">
     <span class='ocr_line' id='line_1_71' title="bbox 2327 2840 3887 2914; baseline 0.001 -17"><span class='ocrx_word' id='word_1_495' title='bbox 2327 2844 2554 2899; x_wconf 85' lang='lat' dir='ltr'><strong>cientias</strong></span> <span class='ocrx_word' id='word_1_496' title='bbox 2605 2858 2725 2898; x_wconf 87' lang='lat' dir='ltr'><strong>esse</strong></span> <span class='ocrx_word' id='word_1_497' title='bbox 2758 2840 2977 2899; x_wconf 88' lang='lat' dir='ltr'><strong>dicebat</strong></span> <span class='ocrx_word' id='word_1_498' title='bbox 3027 2843 3186 2896; x_wconf 90' lang='lat' dir='ltr'><strong>unius</strong></span> <span class='ocrx_word' id='word_1_499' title='bbox 3237 2853 3290 2898; x_wconf 93' lang='lat' dir='ltr'><strong>et</strong></span> <span class='ocrx_word' id='word_1_500' title='bbox 3325 2843 3569 2914; x_wconf 86' lang='lat' dir='ltr'><strong>ejusdem</strong></span> <span class='ocrx_word' id='word_1_501' title='bbox 3617 2857 3887 2913; x_wconf 63' lang='lat' dir='ltr'><strong>personae.</strong></span> 
     </span>
    </p>
   </div>
   <div class='ocr_carea' id='block_1_72' title="bbox 2317 2935 3891 3005">
    <p class='ocr_par' dir='ltr' id='par_1_72' title="bbox 2317 2935 3891 3005">
     <span class='ocr_line' id='line_1_72' title="bbox 2317 2935 3891 3005; baseline -0.001 -15"><span class='ocrx_word' id='word_1_502' title='bbox 2317 2936 2407 2990; x_wconf 90' lang='lat' dir='ltr'><strong>cui</strong></span> <span class='ocrx_word' id='word_1_503' title='bbox 2448 2936 2656 2990; x_wconf 87' lang='lat' dir='ltr'><strong>diversa</strong></span> <span class='ocrx_word' id='word_1_504' title='bbox 2711 2945 2900 2990; x_wconf 87' lang='lat' dir='ltr'><strong>essent</strong></span> <span class='ocrx_word' id='word_1_505' title='bbox 2953 2949 3053 3003; x_wconf 86' lang='lat' dir='ltr'><strong>pro</strong></span> <span class='ocrx_word' id='word_1_506' title='bbox 3102 2935 3330 2991; x_wconf 83' lang='lat' dir='ltr'><strong>diversis</strong></span> <span class='ocrx_word' id='word_1_507' title='bbox 3387 2935 3791 3005; x_wconf 87' lang='lat' dir='ltr'><strong>operationibus</strong></span> <span class='ocrx_word' id='word_1_508' title='bbox 3832 2939 3891 2989; x_wconf 84' lang='lat' dir='ltr'><strong>et</strong></span> 
     </span>
    </p>
   </div>
   <div class='ocr_carea' id='block_1_73' title="bbox 2316 3023 3890 3098">
    <p class='ocr_par' dir='ltr' id='par_1_73' title="bbox 2316 3023 3890 3098">
     <span class='ocr_line' id='line_1_73' title="bbox 2316 3023 3890 3098; baseline -0.001 -17"><span class='ocrx_word' id='word_1_509' title='bbox 2316 3027 2738 3098; x_wconf 83' lang='lat' dir='ltr'><strong>proprietatibus</strong></span> <span class='ocrx_word' id='word_1_510' title='bbox 2772 3023 3011 3081; x_wconf 87' lang='lat' dir='ltr'><strong>nomina.</strong></span> <span class='ocrx_word' id='word_1_511' title='bbox 3044 3026 3109 3080; x_wconf 88' lang='lat' dir='ltr'><strong>Et</strong></span> <span class='ocrx_word' id='word_1_512' title='bbox 3139 3027 3378 3095; x_wconf 90' lang='lat' dir='ltr'><strong>quidem,</strong></span> <span class='ocrx_word' id='word_1_513' title='bbox 3417 3036 3478 3082; x_wconf 91' lang='lat' dir='ltr'><strong>ut</strong></span> <span class='ocrx_word' id='word_1_514' title='bbox 3524 3033 3668 3082; x_wconf 89' lang='lat' dir='ltr'><strong>certa</strong></span> <span class='ocrx_word' id='word_1_515' title='bbox 3699 3026 3766 3080; x_wconf 88' lang='lat' dir='ltr'><strong>ab</strong></span> <span class='ocrx_word' id='word_1_516' title='bbox 3801 3026 3890 3080; x_wconf 90' lang='lat' dir='ltr'><strong>in-</strong></span> 
     </span>
    </p>
   </div>
   <div class='ocr_carea' id='block_1_74' title="bbox 2316 3115 3886 3183">
    <p class='ocr_par' dir='ltr' id='par_1_74' title="bbox 2316 3115 3886 3183">
     <span class='ocr_line' id='line_1_74' title="bbox 2316 3115 3886 3183; baseline -0.001 -9"><span class='ocrx_word' id='word_1_517' title='bbox 2316 3119 2484 3174; x_wconf 90' lang='lat' dir='ltr'><strong>certis</strong></span> <span class='ocrx_word' id='word_1_518' title='bbox 2510 3132 2881 3181; x_wconf 88' lang='lat' dir='ltr'><strong>secernamus,</strong></span> <span class='ocrx_word' id='word_1_519' title='bbox 2900 3132 3084 3172; x_wconf 85' lang='lat' dir='ltr'><strong>vocem</strong></span> <span class='ocrx_word' id='word_1_520' title='bbox 3110 3117 3252 3170; x_wconf 79' lang='grc' dir='ltr'><strong>Αιων</strong></span> <span class='ocrx_word' id='word_1_521' title='bbox 3281 3132 3383 3172; x_wconf 86' lang='grc' dir='ltr'><strong>ηοη</strong></span> <span class='ocrx_word' id='word_1_522' title='bbox 3411 3115 3683 3174; x_wconf 88' lang='lat' dir='ltr'><strong>Gnosticis</strong></span> <span class='ocrx_word' id='word_1_523' title='bbox 3705 3117 3886 3183; x_wconf 88' lang='lat' dir='ltr'><strong>modo,</strong></span> 
     </span>
    </p>
   </div>
   <div class='ocr_carea' id='block_1_75' title="bbox 2317 3209 3884 3279">
    <p class='ocr_par' dir='ltr' id='par_1_75' title="bbox 2317 3209 3884 3279">
     <span class='ocr_line' id='line_1_75' title="bbox 2317 3209 3884 3279; baseline -0.003 -13"><span class='ocrx_word' id='word_1_524' title='bbox 2317 3211 2413 3266; x_wconf 89' lang='lat' dir='ltr'><strong>sed</strong></span> <span class='ocrx_word' id='word_1_525' title='bbox 2445 3221 2499 3264; x_wconf 92' lang='lat' dir='ltr'><strong>et</strong></span> <span class='ocrx_word' id='word_1_526' title='bbox 2529 3210 2805 3266; x_wconf 85' lang='lat' dir='ltr'><strong>veteribus</strong></span> <span class='ocrx_word' id='word_1_527' title='bbox 2836 3209 3111 3279; x_wconf 90' lang='lat' dir='ltr'><strong>plerisque</strong></span> <span class='ocrx_word' id='word_1_528' title='bbox 3138 3210 3306 3264; x_wconf 90' lang='lat' dir='ltr'><strong>Deum</strong></span> <span class='ocrx_word' id='word_1_529' title='bbox 3336 3210 3626 3265; x_wconf 88' lang='lat' dir='ltr'><strong>denotasse</strong></span> <span class='ocrx_word' id='word_1_530' title='bbox 3647 3219 3884 3264; x_wconf 85' lang='lat' dir='ltr'><strong>constat.</strong></span> 
     </span>
    </p>
   </div>
   <div class='ocr_carea' id='block_1_76' title="bbox 2313 3300 3891 3374">
    <p class='ocr_par' dir='ltr' id='par_1_76' title="bbox 2313 3300 3891 3374">
     <span class='ocr_line' id='line_1_76' title="bbox 2313 3300 3891 3374; baseline -0.002 -16"><span class='ocrx_word' id='word_1_531' title='bbox 2313 3305 2422 3358; x_wconf 72' lang='grc' dir='ltr'><strong>Καὶ</strong></span> <span class='ocrx_word' id='word_1_532' title='bbox 2453 3303 2561 3374; x_wconf 84' lang='grc' dir='ltr'><strong>γὰρ</strong></span> <span class='ocrx_word' id='word_1_533' title='bbox 2589 3302 2744 3355; x_wconf 72' lang='grc' dir='ltr'>τοῦτο</span> <span class='ocrx_word' id='word_1_534' title='bbox 2769 3300 3004 3371; x_wconf 72' lang='grc' dir='ltr'>τοῦνομα</span> <span class='ocrx_word' id='word_1_535' title='bbox 3051 3302 3209 3365; x_wconf 79' lang='grc' dir='ltr'><strong>θείως</strong></span> <span class='ocrx_word' id='word_1_536' title='bbox 3256 3301 3549 3371; x_wconf 77' lang='grc' dir='ltr'>ἔφθεγκται</span> <span class='ocrx_word' id='word_1_537' title='bbox 3595 3301 3741 3372; x_wconf 83' lang='grc' dir='ltr'>παρὰ</span> <span class='ocrx_word' id='word_1_538' title='bbox 3775 3302 3891 3358; x_wconf 74' lang='grc' dir='ltr'><strong>τῶν</strong></span> 
     </span>
    </p>
   </div>
   <div class='ocr_carea' id='block_1_77' title="bbox 2314 3394 3889 3469">
    <p class='ocr_par' dir='ltr' id='par_1_77' title="bbox 2314 3394 3889 3469">
     <span class='ocr_line' id='line_1_77' title="bbox 2314 3394 3889 3469; baseline -0.001 -19"><span class='ocrx_word' id='word_1_539' title='bbox 2314 3397 2576 3469; x_wconf 84' lang='grc' dir='ltr'><strong>ἀρχαιων.</strong></span> <span class='ocrx_word' id='word_1_540' title='bbox 2612 3395 2797 3450; x_wconf 87' lang='lat' dir='ltr'><strong>Divine</strong></span> <span class='ocrx_word' id='word_1_541' title='bbox 2838 3411 3062 3465; x_wconf 88' lang='lat' dir='ltr'><strong>namque</strong></span> <span class='ocrx_word' id='word_1_542' title='bbox 3104 3411 3294 3447; x_wconf 85' lang='lat' dir='ltr'><strong>nomen</strong></span> <span class='ocrx_word' id='word_1_543' title='bbox 3339 3394 3436 3448; x_wconf 79' lang='lat' dir='ltr'><strong>hoc</strong></span> <span class='ocrx_word' id='word_1_544' title='bbox 3483 3395 3889 3462; x_wconf 74' lang='lat' dir='ltr'><strong>pronuntiatum</strong></span> 
     </span>
    </p>
   </div>
   <div class='ocr_carea' id='block_1_78' title="bbox 2312 3483 3886 3554">
    <p class='ocr_par' dir='ltr' id='par_1_78' title="bbox 2312 3483 3886 3554">
     <span class='ocr_line' id='line_1_78' title="bbox 2312 3483 3886 3554; baseline -0.002 -11"><span class='ocrx_word' id='word_1_545' title='bbox 2312 3499 2386 3543; x_wconf 78' lang='lat' dir='ltr'><strong>est</strong></span> <span class='ocrx_word' id='word_1_546' title='bbox 2437 3505 2469 3541; x_wconf 83' lang='grc' dir='ltr'><strong>α</strong></span> <span class='ocrx_word' id='word_1_547' title='bbox 2517 3488 2798 3552; x_wconf 76' lang='lat' dir='ltr'><strong>veteribus,</strong></span> <span class='ocrx_word' id='word_1_548' title='bbox 2861 3489 2936 3541; x_wconf 88' lang='lat' dir='ltr'><strong>ait</strong></span> <span class='ocrx_word' id='word_1_549' title='bbox 3009 3486 3347 3551; x_wconf 86' lang='lat' dir='ltr'><strong>Aristotcles,</strong></span> <span class='ocrx_word' id='word_1_550' title='bbox 3403 3483 3492 3541; x_wconf 89' lang='lat' dir='ltr'><strong>lib.</strong></span> <span class='ocrx_word' id='word_1_551' title='bbox 3550 3503 3566 3541; x_wconf 90' lang='grc' dir='ltr'><strong>ι</strong></span> <span class='ocrx_word' id='word_1_552' title='bbox 3615 3487 3687 3541; x_wconf 89' lang='lat' dir='ltr'><strong>De</strong></span> <span class='ocrx_word' id='word_1_553' title='bbox 3732 3486 3886 3554; x_wconf 78' lang='lat' dir='ltr'><strong>ctelo,</strong></span> 
     </span>
    </p>
   </div>
   <div class='ocr_carea' id='block_1_79' title="bbox 2313 3577 3892 3647">
    <p class='ocr_par' dir='ltr' id='par_1_79' title="bbox 2313 3577 3892 3647">
     <span class='ocr_line' id='line_1_79' title="bbox 2313 3577 3892 3647; baseline -0.002 -11"><span class='ocrx_word' id='word_1_554' title='bbox 2313 3595 2434 3647; x_wconf 87' lang='lat' dir='ltr'><strong>cap.</strong></span> <span class='ocrx_word' id='word_1_555' title='bbox 2471 3579 2526 3634; x_wconf 89' lang='lat'><strong>9.</strong></span> <span class='ocrx_word' id='word_1_556' title='bbox 2555 3578 2689 3633; x_wconf 85' lang='lat' dir='ltr'><strong>llinc</strong></span> <span class='ocrx_word' id='word_1_557' title='bbox 2722 3577 3020 3647; x_wconf 79' lang='lat' dir='ltr'><strong>Epictetus,</strong></span> <span class='ocrx_word' id='word_1_558' title='bbox 3053 3578 3190 3644; x_wconf 86' lang='lat' dir='ltr'><strong>apud</strong></span> <span class='ocrx_word' id='word_1_559' title='bbox 3230 3577 3489 3630; x_wconf 85' lang='lat' dir='ltr'><strong>Arianum</strong></span> <span class='ocrx_word' id='word_1_560' title='bbox 3537 3578 3744 3644; x_wconf 90' lang='lat' dir='ltr'><strong>eadem,</strong></span> <span class='ocrx_word' id='word_1_561' title='bbox 3777 3593 3892 3646; x_wconf 83' lang='lat' dir='ltr'><strong>qua</strong></span> 
     </span>
    </p>
   </div>
   <div class='ocr_carea' id='block_1_80' title="bbox 2317 3669 3887 3740">
    <p class='ocr_par' dir='ltr' id='par_1_80' title="bbox 2317 3669 3887 3740">
     <span class='ocr_line' id='line_1_80' title="bbox 2317 3669 3887 3740; baseline -0.003 -11"><span class='ocrx_word' id='word_1_562' title='bbox 2317 3673 2639 3729; x_wconf 89' lang='lat' dir='ltr'><strong>Valentinus</strong></span> <span class='ocrx_word' id='word_1_563' title='bbox 2683 3670 2842 3734; x_wconf 80' lang='lat' dir='ltr'><strong>vixit,</strong></span> <span class='ocrx_word' id='word_1_564' title='bbox 2888 3679 3049 3724; x_wconf 81' lang='lat' dir='ltr'><strong>aetate</strong></span> <span class='ocrx_word' id='word_1_565' title='bbox 3093 3669 3398 3734; x_wconf 81' lang='lat' dir='ltr'><strong>ﬂorentem,</strong></span> <span class='ocrx_word' id='word_1_566' title='bbox 3437 3669 3529 3723; x_wconf 92' lang='lat' dir='ltr'><strong>lib.</strong></span> <span class='ocrx_word' id='word_1_567' title='bbox 3564 3680 3624 3736; x_wconf 86' lang='grc' dir='ltr'>ιι,</span> <span class='ocrx_word' id='word_1_568' title='bbox 3671 3684 3789 3740; x_wconf 88' lang='lat' dir='ltr'><strong>cap.</strong></span> <span class='ocrx_word' id='word_1_569' title='bbox 3823 3671 3887 3739; x_wconf 84' lang='lat'><strong>5,-</strong></span> 
     </span>
    </p>
   </div>
   <div class='ocr_carea' id='block_1_81' title="bbox 2323 3761 3887 3828">
    <p class='ocr_par' dir='ltr' id='par_1_81' title="bbox 2323 3761 3887 3828">
     <span class='ocr_line' id='line_1_81' title="bbox 2323 3761 3887 3828; baseline -0.001 -7"><span class='ocrx_word' id='word_1_570' title='bbox 2323 3777 2449 3821; x_wconf 89' lang='lat' dir='ltr'><strong>ante</strong></span> <span class='ocrx_word' id='word_1_571' title='bbox 2497 3767 2665 3828; x_wconf 90' lang='lat' dir='ltr'><strong>med.,</strong></span> <span class='ocrx_word' id='word_1_572' title='bbox 2700 3763 2893 3818; x_wconf 89' lang='lat' dir='ltr'><strong>mortis</strong></span> <span class='ocrx_word' id='word_1_573' title='bbox 2926 3761 3299 3817; x_wconf 88' lang='lat' dir='ltr'><strong>necessitatem</strong></span> <span class='ocrx_word' id='word_1_574' title='bbox 3348 3762 3722 3827; x_wconf 88' lang='lat' dir='ltr'><strong>considerans,</strong></span> <span class='ocrx_word' id='word_1_575' title='bbox 3755 3762 3826 3815; x_wconf 90' lang='lat' dir='ltr'><strong>ait</strong></span> <span class='ocrx_word' id='word_1_576' title='bbox 3866 3781 3887 3819; x_wconf 85' lang='lat'><strong>:</strong></span> 
     </span>
    </p>
   </div>
   <div class='ocr_carea' id='block_1_82' title="bbox 2317 3853 3890 3928">
    <p class='ocr_par' dir='ltr' id='par_1_82' title="bbox 2317 3853 3890 3928">
     <span class='ocr_line' id='line_1_82' title="bbox 2317 3853 3890 3928; baseline -0.003 -16"><span class='ocrx_word' id='word_1_577' title='bbox 2317 3861 2388 3913; x_wconf 81' lang='grc' dir='ltr'>υὺ</span> <span class='ocrx_word' id='word_1_578' title='bbox 2444 3859 2551 3928; x_wconf 78' lang='grc' dir='ltr'><strong>γάρ</strong></span> <span class='ocrx_word' id='word_1_579' title='bbox 2610 3858 2722 3926; x_wconf 79' lang='grc' dir='ltr'>εἰμι</span> <span class='ocrx_word' id='word_1_580' title='bbox 2775 3854 2949 3918; x_wconf 75' lang='grc' dir='ltr'>Αἰὼν,</span> <span class='ocrx_word' id='word_1_581' title='bbox 3006 3853 3446 3925; x_wconf 78' lang='grc' dir='ltr'><strong>ἀλλ’ἄνθρωπος.</strong></span> <span class='ocrx_word' id='word_1_582' title='bbox 3516 3853 3698 3926; x_wconf 86' lang='lat' dir='ltr'><strong>Neque</strong></span> <span class='ocrx_word' id='word_1_583' title='bbox 3741 3855 3890 3909; x_wconf 82' lang='lat' dir='ltr'><strong>enim</strong></span> 
     </span>
    </p>
   </div>
   <div class='ocr_carea' id='block_1_83' title="bbox 2322 3945 3892 4017">
    <p class='ocr_par' dir='ltr' id='par_1_83' title="bbox 2322 3945 3892 4017">
     <span class='ocr_line' id='line_1_83' title="bbox 2322 3945 3892 4017; baseline -0.002 -13"><span class='ocrx_word' id='word_1_584' title='bbox 2322 3952 2458 4004; x_wconf 75' lang='lat' dir='ltr'><strong>Deus</strong></span> <span class='ocrx_word' id='word_1_585' title='bbox 2493 3967 2630 4013; x_wconf 78' lang='lat' dir='ltr'><strong>sum,</strong></span> <span class='ocrx_word' id='word_1_586' title='bbox 2663 3950 2751 4002; x_wconf 78' lang='lat' dir='ltr'><strong>sed</strong></span> <span class='ocrx_word' id='word_1_587' title='bbox 2787 3950 2964 4001; x_wconf 79' lang='lat' dir='ltr'><strong>homo.</strong></span> <span class='ocrx_word' id='word_1_588' title='bbox 3009 3947 3208 4001; x_wconf 86' lang='lat' dir='ltr'><strong>Alludit</strong></span> <span class='ocrx_word' id='word_1_589' title='bbox 3259 3947 3466 4002; x_wconf 87' lang='lat' dir='ltr'><strong>scilicet</strong></span> <span class='ocrx_word' id='word_1_590' title='bbox 3513 3949 3579 4002; x_wconf 87' lang='lat' dir='ltr'><strong>ad</strong></span> <span class='ocrx_word' id='word_1_591' title='bbox 3627 3945 3892 4017; x_wconf 84' lang='lat' dir='ltr'><strong>etymolo-</strong></span> 
     </span>
    </p>
   </div>
   <div class='ocr_carea' id='block_1_84' title="bbox 2317 4039 3888 4112">
    <p class='ocr_par' dir='ltr' id='par_1_84' title="bbox 2317 4039 3888 4112">
     <span class='ocr_line' id='line_1_84' title="bbox 2317 4039 3888 4112; baseline 0 -16"><span class='ocrx_word' id='word_1_592' title='bbox 2317 4044 2456 4112; x_wconf 85' lang='lat' dir='ltr'><strong>giam</strong></span> <span class='ocrx_word' id='word_1_593' title='bbox 2487 4043 2635 4105; x_wconf 84' lang='lat' dir='ltr'><strong>vocis</strong></span> <span class='ocrx_word' id='word_1_594' title='bbox 2664 4039 2816 4094; x_wconf 79' lang='grc' dir='ltr'>αἰών.</span> <span class='ocrx_word' id='word_1_595' title='bbox 2843 4039 2985 4093; x_wconf 84' lang='grc' dir='ltr'><strong>Αξὼν</strong></span> <span class='ocrx_word' id='word_1_596' title='bbox 3010 4041 3178 4105; x_wconf 90' lang='lat' dir='ltr'><strong>enim,</strong></span> <span class='ocrx_word' id='word_1_597' title='bbox 3213 4041 3386 4110; x_wconf 91' lang='lat' dir='ltr'><strong>inquit</strong></span> <span class='ocrx_word' id='word_1_598' title='bbox 3410 4041 3728 4096; x_wconf 88' lang='lat' dir='ltr'><strong>Aristoteles</strong></span> <span class='ocrx_word' id='word_1_599' title='bbox 3759 4039 3888 4096; x_wconf 88' lang='lat' dir='ltr'><strong>loco</strong></span> 
     </span>
    </p>
   </div>
   <div class='ocr_carea' id='block_1_85' title="bbox 2314 4127 3884 4203">
    <p class='ocr_par' dir='ltr' id='par_1_85' title="bbox 2314 4127 3884 4203">
     <span class='ocr_line' id='line_1_85' title="bbox 2314 4127 3884 4203; baseline -0.002 -16"><span class='ocrx_word' id='word_1_600' title='bbox 2314 4135 2432 4198; x_wconf 87' lang='lat' dir='ltr'><strong>cit.,</strong></span> <span class='ocrx_word' id='word_1_601' title='bbox 2460 4133 2605 4186; x_wconf 74' lang='grc' dir='ltr'>ἔστιν</span> <span class='ocrx_word' id='word_1_602' title='bbox 2631 4132 2736 4185; x_wconf 84' lang='grc' dir='ltr'>ἀπὸ</span> <span class='ocrx_word' id='word_1_603' title='bbox 2757 4129 2849 4184; x_wconf 82' lang='grc' dir='ltr'><strong>τοῦ</strong></span> <span class='ocrx_word' id='word_1_604' title='bbox 2880 4132 2966 4184; x_wconf 74' lang='grc' dir='ltr'><strong>ἀεὶ</strong></span> <span class='ocrx_word' id='word_1_605' title='bbox 2995 4127 3131 4185; x_wconf 77' lang='grc' dir='ltr'>εἶναι</span> <span class='ocrx_word' id='word_1_606' title='bbox 3158 4131 3392 4203; x_wconf 81' lang='grc' dir='ltr'>εἰληφὼς</span> <span class='ocrx_word' id='word_1_607' title='bbox 3419 4132 3512 4203; x_wconf 82' lang='grc' dir='ltr'><strong>τὴν</strong></span> <span class='ocrx_word' id='word_1_608' title='bbox 3543 4133 3884 4202; x_wconf 74' lang='grc' dir='ltr'>ἐπωνυμίαν,</span> 
     </span>
    </p>
   </div>
   <div class='ocr_carea' id='block_1_86' title="bbox 2313 4224 3885 4295">
    <p class='ocr_par' dir='ltr' id='par_1_86' title="bbox 2313 4224 3885 4295">
     <span class='ocr_line' id='line_1_86' title="bbox 2313 4224 3885 4295; baseline -0.001 -15"><span class='ocrx_word' id='word_1_609' title='bbox 2313 4245 2343 4280; x_wconf 83' lang='grc' dir='ltr'><strong>ιι</strong></span> <span class='ocrx_word' id='word_1_610' title='bbox 2378 4242 2576 4293; x_wconf 81' lang='lat' dir='ltr'><strong>semper</strong></span> <span class='ocrx_word' id='word_1_611' title='bbox 2603 4227 2817 4280; x_wconf 81' lang='lat' dir='ltr'><strong>essendo</strong></span> <span class='ocrx_word' id='word_1_612' title='bbox 2853 4227 3256 4295; x_wconf 82' lang='lat' dir='ltr'><strong>appellationem</strong></span> <span class='ocrx_word' id='word_1_613' title='bbox 3303 4227 3539 4294; x_wconf 75' lang='lat' dir='ltr'><strong>sumpsit.</strong></span> <span class='ocrx_word' id='word_1_614' title='bbox 3575 4224 3686 4280; x_wconf 82' lang='lat' dir='ltr'><strong>Hoc</strong></span> <span class='ocrx_word' id='word_1_615' title='bbox 3713 4239 3885 4279; x_wconf 84' lang='lat' dir='ltr'><strong>sensu</strong></span> 
     </span>
    </p>
   </div>
   <div class='ocr_carea' id='block_1_87' title="bbox 2313 4315 3880 4389">
    <p class='ocr_par' dir='ltr' id='par_1_87' title="bbox 2313 4315 3880 4389">
     <span class='ocr_line' id='line_1_87' title="bbox 2313 4315 3880 4389; baseline -0.002 -17"><span class='ocrx_word' id='word_1_616' title='bbox 2313 4337 2340 4372; x_wconf 89' lang='lat' dir='ltr'><strong>a</strong></span> <span class='ocrx_word' id='word_1_617' title='bbox 2369 4319 2888 4389; x_wconf 84' lang='lat' dir='ltr'><strong>Pseudo-Dionysio,</strong></span> <span class='ocrx_word' id='word_1_618' title='bbox 2943 4319 3036 4371; x_wconf 91' lang='lat' dir='ltr'><strong>lib.</strong></span> <span class='ocrx_word' id='word_1_619' title='bbox 3079 4316 3153 4370; x_wconf 89' lang='lat' dir='ltr'><strong>De</strong></span> <span class='ocrx_word' id='word_1_620' title='bbox 3180 4318 3285 4372; x_wconf 87' lang='lat' dir='ltr'><strong>div.</strong></span> <span class='ocrx_word' id='word_1_621' title='bbox 3324 4334 3490 4382; x_wconf 90' lang='lat' dir='ltr'><strong>nom.,</strong></span> <span class='ocrx_word' id='word_1_622' title='bbox 3531 4332 3650 4386; x_wconf 88' lang='lat' dir='ltr'><strong>cap.</strong></span> <span class='ocrx_word' id='word_1_623' title='bbox 3689 4315 3880 4387; x_wconf 64' lang='lat'><strong>5,§&amp;,</strong></span> 
     </span>
    </p>
   </div>
   <div class='ocr_carea' id='block_1_88' title="bbox 2314 4407 3886 4482">
    <p class='ocr_par' dir='ltr' id='par_1_88' title="bbox 2314 4407 3886 4482">
     <span class='ocr_line' id='line_1_88' title="bbox 2314 4407 3886 4482; baseline -0.006 -13"><span class='ocrx_word' id='word_1_624' title='bbox 2314 4416 2455 4469; x_wconf 89' lang='lat' dir='ltr'><strong>Dens</strong></span> <span class='ocrx_word' id='word_1_625' title='bbox 2479 4414 2695 4479; x_wconf 90' lang='lat' dir='ltr'><strong>dicitur,</strong></span> <span class='ocrx_word' id='word_1_626' title='bbox 2721 4411 2863 4482; x_wconf 88' lang='grc' dir='ltr'>ἁρχὴ</span> <span class='ocrx_word' id='word_1_627' title='bbox 2897 4411 2990 4463; x_wconf 72' lang='grc' dir='ltr'><strong>καὶ</strong></span> <span class='ocrx_word' id='word_1_628' title='bbox 3019 4409 3217 4481; x_wconf 83' lang='grc' dir='ltr'>μέτρον</span> <span class='ocrx_word' id='word_1_629' title='bbox 3254 4407 3483 4474; x_wconf 83' lang='grc' dir='ltr'>αἰώνων,</span> <span class='ocrx_word' id='word_1_630' title='bbox 3537 4409 3630 4462; x_wconf 73' lang='grc' dir='ltr'>καὶ</span> <span class='ocrx_word' id='word_1_631' title='bbox 3669 4407 3886 4480; x_wconf 84' lang='grc' dir='ltr'>χρόνων</span> 
     </span>
    </p>
   </div>
   <div class='ocr_carea' id='block_1_89' title="bbox 641 4499 2216 4576">
    <p class='ocr_par' dir='ltr' id='par_1_89' title="bbox 641 4502 2206 4574">
     <span class='ocr_line' id='line_1_89' title="bbox 641 4502 2206 4574; baseline 0.001 -16"><span class='ocrx_word' id='word_1_632' title='bbox 641 4505 768 4559; x_wconf 63' lang='lat' dir='ltr'><strong>Haec</strong></span> <span class='ocrx_word' id='word_1_633' title='bbox 797 4504 1014 4572; x_wconf 89' lang='lat' dir='ltr'><strong>quidem</strong></span> <span class='ocrx_word' id='word_1_634' title='bbox 1046 4502 1286 4572; x_wconf 89' lang='lat' dir='ltr'><strong>Apostoli</strong></span> <span class='ocrx_word' id='word_1_635' title='bbox 1336 4505 1497 4558; x_wconf 90' lang='lat' dir='ltr'><strong>verba</strong></span> <span class='ocrx_word' id='word_1_636' title='bbox 1549 4521 1832 4574; x_wconf 91' lang='lat' dir='ltr'><strong>perperam</strong></span> <span class='ocrx_word' id='word_1_637' title='bbox 1883 4506 2206 4574; x_wconf 83' lang='lat' dir='ltr'><strong>interpreta-</strong></span> 
     </span>
    </p>
   </div>
   <div class='ocr_carea' id='block_1_90' title="bbox 2316 4499 3880 4576">
    <p class='ocr_par' dir='ltr' id='par_1_90' title="bbox 2316 4499 3880 4576">
     <span class='ocr_line' id='line_1_90' title="bbox 2316 4499 3880 4576; baseline -0.005 -16"><span class='ocrx_word' id='word_1_638' title='bbox 2316 4509 2548 4576; x_wconf 74' lang='grc' dir='ltr'><strong>ὀντότης,</strong></span> <span class='ocrx_word' id='word_1_639' title='bbox 2598 4506 2690 4559; x_wconf 81' lang='grc' dir='ltr'>καὶ</span> <span class='ocrx_word' id='word_1_640' title='bbox 2733 4503 2868 4556; x_wconf 85' lang='grc' dir='ltr'>αἰὼν</span> <span class='ocrx_word' id='word_1_641' title='bbox 2906 4505 3012 4556; x_wconf 83' lang='grc' dir='ltr'>τῶν</span> <span class='ocrx_word' id='word_1_642' title='bbox 3060 4503 3246 4565; x_wconf 72' lang='grc' dir='ltr'>ὄντων,</span> <span class='ocrx_word' id='word_1_643' title='bbox 3286 4499 3611 4570; x_wconf 84' lang='lat' dir='ltr'><strong>Principium</strong></span> <span class='ocrx_word' id='word_1_644' title='bbox 3647 4514 3692 4554; x_wconf 85' lang='lat' dir='ltr'><strong>et</strong></span> <span class='ocrx_word' id='word_1_645' title='bbox 3723 4515 3880 4553; x_wconf 86' lang='lat' dir='ltr'><strong>men-</strong></span> 
     </span>
    </p>
   </div>
   <div class='ocr_carea' id='block_1_91' title="bbox 639 4595 2202 4663">
    <p class='ocr_par' dir='ltr' id='par_1_91' title="bbox 639 4595 2202 4663">
     <span class='ocr_line' id='line_1_91' title="bbox 639 4595 2202 4663; baseline 0.003 -12"><span class='ocrx_word' id='word_1_646' title='bbox 639 4597 858 4661; x_wconf 87' lang='lat' dir='ltr'><strong>bantur,</strong></span> <span class='ocrx_word' id='word_1_647' title='bbox 905 4605 956 4648; x_wconf 93' lang='lat' dir='ltr'><strong>et</strong></span> <span class='ocrx_word' id='word_1_648' title='bbox 1006 4612 1032 4647; x_wconf 85' lang='lat' dir='ltr'><strong>a</strong></span> <span class='ocrx_word' id='word_1_649' title='bbox 1081 4595 1311 4663; x_wconf 88' lang='lat' dir='ltr'><strong>genuino</strong></span> <span class='ocrx_word' id='word_1_650' title='bbox 1350 4609 1510 4649; x_wconf 91' lang='lat' dir='ltr'><strong>sensu</strong></span> <span class='ocrx_word' id='word_1_651' title='bbox 1564 4597 1934 4662; x_wconf 87' lang='lat' dir='ltr'><strong>abducebant;</strong></span> <span class='ocrx_word' id='word_1_652' title='bbox 1993 4610 2048 4653; x_wconf 87' lang='lat' dir='ltr'><strong>at</strong></span> <span class='ocrx_word' id='word_1_653' title='bbox 2099 4616 2202 4656; x_wconf 89' lang='lat' dir='ltr'><strong>non</strong></span> 
     </span>
    </p>
   </div>
   <div class='ocr_carea' id='block_1_92' title="bbox 641 4688 2203 4762">
    <p class='ocr_par' dir='ltr' id='par_1_92' title="bbox 641 4688 2203 4762">
     <span class='ocr_line' id='line_1_92' title="bbox 641 4688 2203 4762; baseline 0.003 -17"><span class='ocrx_word' id='word_1_654' title='bbox 641 4693 779 4756; x_wconf 83' lang='lat' dir='ltr'><strong>soli;</strong></span> <span class='ocrx_word' id='word_1_655' title='bbox 818 4700 1005 4759; x_wconf 87' lang='lat' dir='ltr'><strong>postea</strong></span> <span class='ocrx_word' id='word_1_656' title='bbox 1041 4688 1308 4755; x_wconf 83' lang='lat' dir='ltr'><strong>siquidem</strong></span> <span class='ocrx_word' id='word_1_657' title='bbox 1351 4688 1635 4759; x_wconf 87' lang='lat' dir='ltr'><strong>Origenes,</strong></span> <span class='ocrx_word' id='word_1_658' title='bbox 1668 4703 1720 4745; x_wconf 91' lang='lat' dir='ltr'><strong>et</strong></span> <span class='ocrx_word' id='word_1_659' title='bbox 1753 4693 1866 4762; x_wconf 90' lang='lat' dir='ltr'><strong>ipse</strong></span> <span class='ocrx_word' id='word_1_660' title='bbox 1900 4693 2203 4749; x_wconf 51' lang='lat' dir='ltr'><strong>Platonico-</strong></span> 
     </span>
    </p>
   </div>
   <div class='ocr_carea' id='block_1_93' title="bbox 642 4779 2200 4848">
    <p class='ocr_par' dir='ltr' id='par_1_93' title="bbox 642 4779 2200 4848">
     <span class='ocr_line' id='line_1_93' title="bbox 642 4779 2200 4848; baseline 0.001 -12"><span class='ocrx_word' id='word_1_661' title='bbox 642 4800 760 4836; x_wconf 83' lang='lat' dir='ltr'><strong>rum</strong></span> <span class='ocrx_word' id='word_1_662' title='bbox 795 4781 1004 4848; x_wconf 85' lang='lat' dir='ltr'><strong>placitis</strong></span> <span class='ocrx_word' id='word_1_663' title='bbox 1037 4779 1247 4847; x_wconf 84' lang='lat' dir='ltr'><strong>longius</strong></span> <span class='ocrx_word' id='word_1_664' title='bbox 1272 4793 1431 4847; x_wconf 89' lang='lat' dir='ltr'><strong>quam</strong></span> <span class='ocrx_word' id='word_1_665' title='bbox 1463 4795 1560 4848; x_wconf 88' lang='lat' dir='ltr'><strong>par</strong></span> <span class='ocrx_word' id='word_1_666' title='bbox 1603 4780 1790 4835; x_wconf 83' lang='lat' dir='ltr'><strong>fuisset</strong></span> <span class='ocrx_word' id='word_1_667' title='bbox 1839 4783 2122 4847; x_wconf 86' lang='lat' dir='ltr'><strong>abductus,</strong></span> <span class='ocrx_word' id='word_1_668' title='bbox 2151 4785 2200 4837; x_wconf 91' lang='lat' dir='ltr'><strong>in</strong></span> 
     </span>
    </p>
   </div>
   <div class='ocr_carea' id='block_1_94' title="bbox 641 4871 2201 4947">
    <p class='ocr_par' dir='ltr' id='par_1_94' title="bbox 641 4871 2201 4947">
     <span class='ocr_line' id='line_1_94' title="bbox 641 4871 2201 4947; baseline 0.003 -19"><span class='ocrx_word' id='word_1_669' title='bbox 641 4873 890 4929; x_wconf 89' lang='lat' dir='ltr'><strong>eumdem</strong></span> <span class='ocrx_word' id='word_1_670' title='bbox 923 4886 1140 4926; x_wconf 89' lang='lat' dir='ltr'><strong>sensum</strong></span> <span class='ocrx_word' id='word_1_671' title='bbox 1172 4871 1445 4939; x_wconf 87' lang='lat' dir='ltr'><strong>accepisse</strong></span> <span class='ocrx_word' id='word_1_672' title='bbox 1478 4871 1710 4937; x_wconf 90' lang='lat' dir='ltr'><strong>videtur,</strong></span> <span class='ocrx_word' id='word_1_673' title='bbox 1765 4875 2201 4947; x_wconf 78' lang='lat' dir='ltr'><strong>instauratosque</strong></span> 
     </span>
    </p>
   </div>
   <div class='ocr_carea' id='block_1_95' title="bbox 641 4963 2196 5037">
    <p class='ocr_par' dir='ltr' id='par_1_95' title="bbox 641 4963 2196 5037">
     <span class='ocr_line' id='line_1_95' title="bbox 641 4963 2196 5037; baseline 0.001 -14"><span class='ocrx_word' id='word_1_674' title='bbox 641 4985 671 5023; x_wconf 88' lang='lat' dir='ltr'><strong>a</strong></span> <span class='ocrx_word' id='word_1_675' title='bbox 706 4967 925 5021; x_wconf 86' lang='lat' dir='ltr'><strong>Christo</strong></span> <span class='ocrx_word' id='word_1_676' title='bbox 960 4963 1177 5032; x_wconf 80' lang='lat' dir='ltr'><strong>angelos</strong></span> <span class='ocrx_word' id='word_1_677' title='bbox 1205 4964 1570 5020; x_wconf 80' lang='lat' dir='ltr'><strong>existimasse.</strong></span> <span class='ocrx_word' id='word_1_678' title='bbox 1606 4966 1873 5032; x_wconf 86' lang='lat' dir='ltr'><strong>Quorsum</strong></span> <span class='ocrx_word' id='word_1_679' title='bbox 1921 4983 2047 5022; x_wconf 89' lang='lat' dir='ltr'><strong>vero</strong></span> <span class='ocrx_word' id='word_1_680' title='bbox 2085 4971 2196 5037; x_wconf 86' lang='lat' dir='ltr'><strong>jam</strong></span> 
     </span>
    </p>
   </div>
   <div class='ocr_carea' id='block_1_96' title="bbox 641 5053 2201 5132">
    <p class='ocr_par' dir='ltr' id='par_1_96' title="bbox 641 5053 2201 5132">
     <span class='ocr_line' id='line_1_96' title="bbox 641 5053 2201 5132; baseline 0.004 -20"><span class='ocrx_word' id='word_1_681' title='bbox 641 5060 801 5113; x_wconf 86' lang='lat' dir='ltr'><strong>abeat</strong></span> <span class='ocrx_word' id='word_1_682' title='bbox 850 5053 1050 5117; x_wconf 78' lang='lat' dir='ltr'><strong>fabula,</strong></span> <span class='ocrx_word' id='word_1_683' title='bbox 1106 5057 1335 5125; x_wconf 86' lang='lat' dir='ltr'><strong>quisque</strong></span> <span class='ocrx_word' id='word_1_684' title='bbox 1380 5056 1540 5117; x_wconf 88' lang='lat' dir='ltr'><strong>videt,</strong></span> <span class='ocrx_word' id='word_1_685' title='bbox 1587 5068 1644 5110; x_wconf 88' lang='lat' dir='ltr'><strong>ut</strong></span> <span class='ocrx_word' id='word_1_686' title='bbox 1701 5059 1910 5112; x_wconf 87' lang='lat' dir='ltr'><strong>scilicet</strong></span> <span class='ocrx_word' id='word_1_687' title='bbox 1966 5076 2201 5132; x_wconf 83' lang='lat' dir='ltr'><strong>praeceps</strong></span> 
     </span>
    </p>
   </div>
   <div class='ocr_carea' id='block_1_97' title="bbox 643 5145 2203 5217">
    <p class='ocr_par' dir='ltr' id='par_1_97' title="bbox 643 5145 2203 5217">
     <span class='ocr_line' id='line_1_97' title="bbox 643 5145 2203 5217; baseline 0.001 -12"><span class='ocrx_word' id='word_1_688' title='bbox 643 5152 772 5205; x_wconf 90' lang='lat' dir='ltr'><strong>illud</strong></span> <span class='ocrx_word' id='word_1_689' title='bbox 821 5145 1282 5215; x_wconf 85' lang='lat' dir='ltr'><strong>temerariumque</strong></span> <span class='ocrx_word' id='word_1_690' title='bbox 1344 5145 1560 5214; x_wconf 74' lang='lat' dir='ltr'><strong>Sophia:</strong></span> <span class='ocrx_word' id='word_1_691' title='bbox 1613 5149 1966 5217; x_wconf 89' lang='lat' dir='ltr'><strong>desiderium,</strong></span> <span class='ocrx_word' id='word_1_692' title='bbox 2021 5162 2094 5217; x_wconf 88' lang='lat' dir='ltr'><strong>et,</strong></span> <span class='ocrx_word' id='word_1_693' title='bbox 2148 5164 2203 5206; x_wconf 90' lang='lat' dir='ltr'><strong>ut</strong></span> 
     </span>
    </p>
   </div>
   <div class='ocr_carea' id='block_1_98' title="bbox 641 5235 2204 5308">
    <p class='ocr_par' dir='ltr' id='par_1_98' title="bbox 641 5235 2204 5308">
     <span class='ocr_line' id='line_1_98' title="bbox 641 5235 2204 5308; baseline 0.001 -16"><span class='ocrx_word' id='word_1_694' title='bbox 641 5243 928 5303; x_wconf 80' lang='lat' dir='ltr'><strong>vocabant,</strong></span> <span class='ocrx_word' id='word_1_695' title='bbox 975 5235 1359 5308; x_wconf 76' lang='lat' dir='ltr'><strong>Enthymesin,</strong></span> <span class='ocrx_word' id='word_1_696' title='bbox 1401 5237 1454 5291; x_wconf 91' lang='lat' dir='ltr'><strong>in</strong></span> <span class='ocrx_word' id='word_1_697' title='bbox 1487 5236 1656 5292; x_wconf 78' lang='lat' dir='ltr'><strong>fetum</strong></span> <span class='ocrx_word' id='word_1_698' title='bbox 1701 5241 1982 5306; x_wconf 87' lang='lat' dir='ltr'><strong>quemdam</strong></span> <span class='ocrx_word' id='word_1_699' title='bbox 2033 5241 2204 5296; x_wconf 83' lang='lat' dir='ltr'><strong>infor-</strong></span> 
     </span>
    </p>
   </div>
   <div class='ocr_carea' id='block_1_99' title="bbox 642 5331 2201 5397">
    <p class='ocr_par' dir='ltr' id='par_1_99' title="bbox 642 5331 2201 5397">
     <span class='ocr_line' id='line_1_99' title="bbox 642 5331 2201 5397; baseline 0.001 -11"><span class='ocrx_word' id='word_1_700' title='bbox 642 5347 781 5386; x_wconf 86' lang='lat' dir='ltr'><strong>mem</strong></span> <span class='ocrx_word' id='word_1_701' title='bbox 827 5331 1304 5396; x_wconf 82' lang='lat' dir='ltr'><strong>transformarent,</strong></span> <span class='ocrx_word' id='word_1_702' title='bbox 1343 5344 1409 5384; x_wconf 86' lang='lat' dir='ltr'><strong>ex</strong></span> <span class='ocrx_word' id='word_1_703' title='bbox 1438 5345 1544 5397; x_wconf 85' lang='lat' dir='ltr'><strong>quo</strong></span> <span class='ocrx_word' id='word_1_704' title='bbox 1587 5331 1800 5384; x_wconf 90' lang='lat' dir='ltr'><strong>demum</strong></span> <span class='ocrx_word' id='word_1_705' title='bbox 1854 5347 2032 5386; x_wconf 89' lang='lat' dir='ltr'><strong>rerum</strong></span> <span class='ocrx_word' id='word_1_706' title='bbox 2086 5348 2201 5387; x_wconf 89' lang='lat' dir='ltr'><strong>om-</strong></span> 
     </span>
    </p>
   </div>
   <div class='ocr_carea' id='block_1_100' title="bbox 640 5423 2200 5492">
    <p class='ocr_par' dir='ltr' id='par_1_100' title="bbox 640 5423 2200 5492">
     <span class='ocr_line' id='line_1_100' title="bbox 640 5423 2200 5492; baseline 0.002 -14"><span class='ocrx_word' id='word_1_707' title='bbox 640 5427 790 5478; x_wconf 86' lang='lat' dir='ltr'><strong>nium</strong></span> <span class='ocrx_word' id='word_1_708' title='bbox 823 5423 1226 5477; x_wconf 88' lang='lat' dir='ltr'><strong>condendarum</strong></span> <span class='ocrx_word' id='word_1_709' title='bbox 1261 5423 1548 5476; x_wconf 89' lang='lat' dir='ltr'><strong>materiam</strong></span> <span class='ocrx_word' id='word_1_710' title='bbox 1596 5435 1888 5492; x_wconf 78' lang='lat' dir='ltr'><strong>eruerent;</strong></span> <span class='ocrx_word' id='word_1_711' title='bbox 1938 5425 2200 5481; x_wconf 88' lang='lat' dir='ltr'><strong>malorum</strong></span> 
     </span>
    </p>
   </div>
   <div class='ocr_carea' id='block_1_101' title="bbox 640 5513 2203 5585">
    <p class='ocr_par' dir='ltr' id='par_1_101' title="bbox 640 5513 2203 5585">
     <span class='ocr_line' id='line_1_101' title="bbox 640 5513 2203 5585; baseline 0.002 -16"><span class='ocrx_word' id='word_1_712' title='bbox 640 5516 879 5569; x_wconf 88' lang='lat' dir='ltr'><strong>omnium</strong></span> <span class='ocrx_word' id='word_1_713' title='bbox 913 5514 1030 5569; x_wconf 92' lang='lat' dir='ltr'><strong>ideo</strong></span> <span class='ocrx_word' id='word_1_714' title='bbox 1055 5513 1425 5575; x_wconf 84' lang='lat' dir='ltr'><strong>seminarium,</strong></span> <span class='ocrx_word' id='word_1_715' title='bbox 1453 5515 1594 5583; x_wconf 90' lang='lat' dir='ltr'><strong>quod</strong></span> <span class='ocrx_word' id='word_1_716' title='bbox 1623 5529 1762 5569; x_wconf 70' lang='lat' dir='ltr'><strong>caeco</strong></span> <span class='ocrx_word' id='word_1_717' title='bbox 1795 5516 1967 5585; x_wconf 87' lang='lat' dir='ltr'><strong>ignari</strong></span> <span class='ocrx_word' id='word_1_718' title='bbox 2015 5515 2203 5572; x_wconf 60' lang='lat' dir='ltr'><strong>JEonis</strong></span> 
     </span>
    </p>
   </div>
   <div class='ocr_carea' id='block_1_102' title="bbox 639 5605 2202 5675">
    <p class='ocr_par' dir='ltr' id='par_1_102' title="bbox 639 5605 2202 5675">
     <span class='ocr_line' id='line_1_102' title="bbox 639 5605 2202 5675; baseline 0.001 -13"><span class='ocrx_word' id='word_1_719' title='bbox 639 5607 906 5662; x_wconf 90' lang='lat' dir='ltr'><strong>desiderio</strong></span> <span class='ocrx_word' id='word_1_720' title='bbox 952 5607 1215 5675; x_wconf 90' lang='lat' dir='ltr'><strong>originem</strong></span> <span class='ocrx_word' id='word_1_721' title='bbox 1268 5615 1542 5674; x_wconf 87' lang='lat' dir='ltr'><strong>acceptam</strong></span> <span class='ocrx_word' id='word_1_722' title='bbox 1583 5605 1830 5664; x_wconf 84' lang='lat' dir='ltr'><strong>referret.</strong></span> <span class='ocrx_word' id='word_1_723' title='bbox 1889 5607 1980 5664; x_wconf 91' lang='lat' dir='ltr'><strong>Sic</strong></span> <span class='ocrx_word' id='word_1_724' title='bbox 2036 5609 2202 5664; x_wconf 89' lang='lat' dir='ltr'><strong>aniles</strong></span> 
     </span>
    </p>
   </div>
   <div class='ocr_carea' id='block_1_103' title="bbox 713 5788 1796 5858">
    <p class='ocr_par' dir='ltr' id='par_1_103' title="bbox 713 5788 1796 5858">
     <span class='ocr_line' id='line_1_103' title="bbox 713 5788 1796 5858; baseline -0.004 -13"><span class='ocrx_word' id='word_1_725' title='bbox 713 5788 934 5845; x_wconf 76' lang='lat' dir='ltr'><strong>&quot;Joan.</strong></span> <span class='ocrx_word' id='word_1_726' title='bbox 968 5807 1006 5857; x_wconf 82' lang='grc' dir='ltr'>ι,</span> <span class='ocrx_word' id='word_1_727' title='bbox 1046 5790 1095 5844; x_wconf 85' lang='grc'><strong>1.</strong></span> <span class='ocrx_word' id='word_1_728' title='bbox 1175 5789 1218 5822; x_wconf 77' lang='grc'>⁸⁸</span> <span class='ocrx_word' id='word_1_729' title='bbox 1251 5788 1452 5848; x_wconf 82' lang='lat' dir='ltr'><strong>Ezech.</strong></span> <span class='ocrx_word' id='word_1_730' title='bbox 1480 5803 1678 5858; x_wconf 86' lang='lat' dir='ltr'><strong>xxvnt,</strong></span> <span class='ocrx_word' id='word_1_731' title='bbox 1711 5789 1796 5844; x_wconf 79' lang='grc'><strong>17.</strong></span> 
     </span>
    </p>
   </div>
   <div class='ocr_carea' id='block_1_104' title="bbox 2312 4593 3880 4663">
    <p class='ocr_par' dir='ltr' id='par_1_104' title="bbox 2312 4593 3880 4663">
     <span class='ocr_line' id='line_1_104' title="bbox 2312 4593 3880 4663; baseline -0.008 -7"><span class='ocrx_word' id='word_1_732' title='bbox 2312 4619 2437 4657; x_wconf 75' lang='lat' dir='ltr'><strong>sura</strong></span> <span class='ocrx_word' id='word_1_733' title='bbox 2499 4599 2833 4661; x_wconf 72' lang='lat' dir='ltr'><strong>swoulorum,</strong></span> <span class='ocrx_word' id='word_1_734' title='bbox 2895 4606 2946 4651; x_wconf 86' lang='lat' dir='ltr'><strong>et</strong></span> <span class='ocrx_word' id='word_1_735' title='bbox 2999 4607 3288 4663; x_wconf 87' lang='lat' dir='ltr'><strong>temporum</strong></span> <span class='ocrx_word' id='word_1_736' title='bbox 3330 4593 3575 4656; x_wconf 76' lang='lat' dir='ltr'><strong>essentia,</strong></span> <span class='ocrx_word' id='word_1_737' title='bbox 3617 4601 3663 4646; x_wconf 83' lang='lat' dir='ltr'><strong>et</strong></span> <span class='ocrx_word' id='word_1_738' title='bbox 3706 4607 3880 4645; x_wconf 69' lang='lat' dir='ltr'><strong>rerum</strong></span> 
     </span>
    </p>
   </div>
   <div class='ocr_carea' id='block_1_105' title="bbox 2311 4683 3879 4762">
    <p class='ocr_par' dir='ltr' id='par_1_105' title="bbox 2311 4683 3879 4762">
     <span class='ocr_line' id='line_1_105' title="bbox 2311 4683 3879 4762; baseline -0.006 -14"><span class='ocrx_word' id='word_1_739' title='bbox 2311 4711 2489 4748; x_wconf 87' lang='lat' dir='ltr'><strong>eorum</strong></span> <span class='ocrx_word' id='word_1_740' title='bbox 2547 4708 2660 4762; x_wconf 67' lang='grc' dir='ltr'><strong>(μίας</strong></span> <span class='ocrx_word' id='word_1_741' title='bbox 2709 4691 2987 4744; x_wconf 68' lang='lat' dir='ltr'><strong>exsistunt.</strong></span> <span class='ocrx_word' id='word_1_742' title='bbox 3044 4688 3108 4740; x_wconf 82' lang='lat' dir='ltr'><strong>Et</strong></span> <span class='ocrx_word' id='word_1_743' title='bbox 3169 4687 3422 4740; x_wconf 81' lang='lat' dir='ltr'><strong>Clemens</strong></span> <span class='ocrx_word' id='word_1_744' title='bbox 3479 4685 3765 4751; x_wconf 80' lang='lat' dir='ltr'><strong>Alexand.,</strong></span> <span class='ocrx_word' id='word_1_745' title='bbox 3813 4683 3879 4738; x_wconf 88' lang='lat' dir='ltr'><strong>in</strong></span> 
     </span>
    </p>
   </div>
   <div class='ocr_carea' id='block_1_106' title="bbox 2310 4777 3877 4856">
    <p class='ocr_par' dir='ltr' id='par_1_106' title="bbox 2310 4777 3877 4856">
     <span class='ocr_line' id='line_1_106' title="bbox 2310 4777 3877 4856; baseline -0.006 -16"><span class='ocrx_word' id='word_1_746' title='bbox 2310 4789 2510 4856; x_wconf 83' lang='lat' dir='ltr'><strong>hymno</strong></span> <span class='ocrx_word' id='word_1_747' title='bbox 2563 4798 2722 4851; x_wconf 86' lang='lat' dir='ltr'><strong>quem</strong></span> <span class='ocrx_word' id='word_1_748' title='bbox 2771 4782 2989 4836; x_wconf 85' lang='lat' dir='ltr'><strong>Christo</strong></span> <span class='ocrx_word' id='word_1_749' title='bbox 3021 4779 3300 4833; x_wconf 81' lang='lat' dir='ltr'><strong>Servatori</strong></span> <span class='ocrx_word' id='word_1_750' title='bbox 3331 4778 3499 4843; x_wconf 88' lang='lat' dir='ltr'><strong>canit,</strong></span> <span class='ocrx_word' id='word_1_751' title='bbox 3552 4779 3615 4831; x_wconf 88' lang='lat' dir='ltr'><strong>ad</strong></span> <span class='ocrx_word' id='word_1_752' title='bbox 3667 4777 3877 4831; x_wconf 88' lang='lat' dir='ltr'><strong>calcem</strong></span> 
     </span>
    </p>
   </div>
   <div class='ocr_carea' id='block_1_107' title="bbox 2311 4867 3880 4940">
    <p class='ocr_par' dir='ltr' id='par_1_107' title="bbox 2311 4867 3880 4940">
     <span class='ocr_line' id='line_1_107' title="bbox 2311 4867 3880 4940; baseline -0.003 -14"><span class='ocrx_word' id='word_1_753' title='bbox 2311 4875 2404 4928; x_wconf 86' lang='lat' dir='ltr'><strong>lib.</strong></span> <span class='ocrx_word' id='word_1_754' title='bbox 2447 4890 2504 4926; x_wconf 90' lang='grc' dir='ltr'><strong>ιιι</strong></span> <span class='ocrx_word' id='word_1_755' title='bbox 2545 4871 2785 4940; x_wconf 73' lang='grc' dir='ltr'><strong>Ρωιιαθη</strong></span> <span class='ocrx_word' id='word_1_756' title='bbox 2811 4886 2932 4924; x_wconf 91' lang='lat' dir='ltr'><strong>eum</strong></span> <span class='ocrx_word' id='word_1_757' title='bbox 2969 4879 3145 4932; x_wconf 86' lang='lat' dir='ltr'><strong>vocat,</strong></span> <span class='ocrx_word' id='word_1_758' title='bbox 3180 4869 3358 4920; x_wconf 81' lang='grc' dir='ltr'>Αἰῶνα</span> <span class='ocrx_word' id='word_1_759' title='bbox 3391 4868 3638 4931; x_wconf 80' lang='grc' dir='ltr'>ἄπλετον,</span> <span class='ocrx_word' id='word_1_760' title='bbox 3675 4867 3880 4922; x_wconf 50' lang='lat' dir='ltr'><strong>[Erum</strong></span> 
     </span>
    </p>
   </div>
   <div class='ocr_carea' id='block_1_108' title="bbox 2306 4960 3881 5035">
    <p class='ocr_par' dir='ltr' id='par_1_108' title="bbox 2306 4960 3881 5035">
     <span class='ocr_line' id='line_1_108' title="bbox 2306 4960 3881 5035; baseline -0.002 -16"><span class='ocrx_word' id='word_1_761' title='bbox 2306 4967 2594 5035; x_wconf 83' lang='lat' dir='ltr'><strong>inﬁnitum.</strong></span> <span class='ocrx_word' id='word_1_762' title='bbox 2629 4963 2735 5018; x_wconf 89' lang='lat' dir='ltr'><strong>Sed</strong></span> <span class='ocrx_word' id='word_1_763' title='bbox 2764 4963 2942 5016; x_wconf 88' lang='lat' dir='ltr'><strong>nullus</strong></span> <span class='ocrx_word' id='word_1_764' title='bbox 2971 4965 3071 5016; x_wconf 89' lang='lat' dir='ltr'><strong>hac</strong></span> <span class='ocrx_word' id='word_1_765' title='bbox 3107 4977 3237 5015; x_wconf 87' lang='lat' dir='ltr'><strong>voce</strong></span> <span class='ocrx_word' id='word_1_766' title='bbox 3267 4963 3317 5015; x_wconf 91' lang='lat' dir='ltr'><strong>in</strong></span> <span class='ocrx_word' id='word_1_767' title='bbox 3353 4976 3417 5015; x_wconf 89' lang='lat' dir='ltr'><strong>eo</strong></span> <span class='ocrx_word' id='word_1_768' title='bbox 3459 4976 3617 5015; x_wconf 86' lang='lat' dir='ltr'><strong>sensu</strong></span> <span class='ocrx_word' id='word_1_769' title='bbox 3647 4960 3881 5016; x_wconf 87' lang='lat' dir='ltr'><strong>liberius</strong></span> 
     </span>
    </p>
   </div>
   <div class='ocr_carea' id='block_1_109' title="bbox 2306 5053 3876 5130">
    <p class='ocr_par' dir='ltr' id='par_1_109' title="bbox 2306 5053 3876 5130">
     <span class='ocr_line' id='line_1_109' title="bbox 2306 5053 3876 5130; baseline -0.004 -17"><span class='ocrx_word' id='word_1_770' title='bbox 2306 5071 2358 5113; x_wconf 90' lang='lat' dir='ltr'><strong>et</strong></span> <span class='ocrx_word' id='word_1_771' title='bbox 2382 5060 2714 5130; x_wconf 81' lang='lat' dir='ltr'><strong>frequentius</strong></span> <span class='ocrx_word' id='word_1_772' title='bbox 2738 5058 2909 5110; x_wconf 88' lang='lat' dir='ltr'><strong>utitur</strong></span> <span class='ocrx_word' id='word_1_773' title='bbox 2939 5056 3168 5125; x_wconf 83' lang='lat' dir='ltr'><strong>Synesio</strong></span> <span class='ocrx_word' id='word_1_774' title='bbox 3206 5055 3258 5107; x_wconf 90' lang='lat' dir='ltr'><strong>in</strong></span> <span class='ocrx_word' id='word_1_775' title='bbox 3298 5054 3534 5123; x_wconf 83' lang='lat' dir='ltr'><strong>Hymnis.</strong></span> <span class='ocrx_word' id='word_1_776' title='bbox 3574 5053 3696 5120; x_wconf 87' lang='lat' dir='ltr'><strong>Qui,</strong></span> <span class='ocrx_word' id='word_1_777' title='bbox 3727 5065 3784 5106; x_wconf 91' lang='lat' dir='ltr'><strong>ut</strong></span> <span class='ocrx_word' id='word_1_778' title='bbox 3813 5054 3876 5108; x_wconf 83' lang='lat' dir='ltr'><strong>id</strong></span> 
     </span>
    </p>
   </div>
   <div class='ocr_carea' id='block_1_110' title="bbox 2305 5145 3879 5217">
    <p class='ocr_par' dir='ltr' id='par_1_110' title="bbox 2305 5145 3879 5217">
     <span class='ocr_line' id='line_1_110' title="bbox 2305 5145 3879 5217; baseline -0.007 -8"><span class='ocrx_word' id='word_1_779' title='bbox 2305 5153 2482 5209; x_wconf 89' lang='lat' dir='ltr'><strong>obiter</strong></span> <span class='ocrx_word' id='word_1_780' title='bbox 2514 5153 2712 5217; x_wconf 89' lang='lat' dir='ltr'><strong>dicam,</strong></span> <span class='ocrx_word' id='word_1_781' title='bbox 2752 5151 2796 5204; x_wconf 89' lang='lat' dir='ltr'><strong>si</strong></span> <span class='ocrx_word' id='word_1_782' title='bbox 2839 5149 2890 5202; x_wconf 92' lang='lat' dir='ltr'><strong>in</strong></span> <span class='ocrx_word' id='word_1_783' title='bbox 2933 5150 3033 5203; x_wconf 92' lang='lat' dir='ltr'><strong>hoc</strong></span> <span class='ocrx_word' id='word_1_784' title='bbox 3057 5163 3160 5201; x_wconf 90' lang='lat' dir='ltr'><strong>non</strong></span> <span class='ocrx_word' id='word_1_785' title='bbox 3199 5149 3422 5200; x_wconf 88' lang='lat' dir='ltr'><strong>omnino</strong></span> <span class='ocrx_word' id='word_1_786' title='bbox 3450 5145 3879 5213; x_wconf 79' lang='lat' dir='ltr'><strong>vituperandus,</strong></span> 
     </span>
    </p>
   </div>
   <div class='ocr_carea' id='block_1_111' title="bbox 2309 5240 3882 5312">
    <p class='ocr_par' dir='ltr' id='par_1_111' title="bbox 2309 5240 3882 5312">
     <span class='ocr_line' id='line_1_111' title="bbox 2309 5240 3882 5312; baseline -0.002 -13"><span class='ocrx_word' id='word_1_787' title='bbox 2309 5249 2399 5301; x_wconf 72' lang='lat' dir='ltr'><strong>vix</strong></span> <span class='ocrx_word' id='word_1_788' title='bbox 2453 5245 2797 5300; x_wconf 84' lang='lat' dir='ltr'><strong>excusandus</strong></span> <span class='ocrx_word' id='word_1_789' title='bbox 2839 5244 2982 5312; x_wconf 92' lang='lat' dir='ltr'><strong>quod</strong></span> <span class='ocrx_word' id='word_1_790' title='bbox 3035 5240 3533 5297; x_wconf 79' lang='lat' dir='ltr'><strong>Valentinianorum</strong></span> <span class='ocrx_word' id='word_1_791' title='bbox 3591 5255 3882 5296; x_wconf 85' lang='lat' dir='ltr'><strong>sermones</strong></span> 
     </span>
    </p>
   </div>
   <div class='ocr_carea' id='block_1_112' title="bbox 2307 5330 3879 5400">
    <p class='ocr_par' dir='ltr' id='par_1_112' title="bbox 2307 5330 3879 5400">
     <span class='ocr_line' id='line_1_112' title="bbox 2307 5330 3879 5400; baseline -0.004 -8"><span class='ocrx_word' id='word_1_792' title='bbox 2307 5339 2577 5392; x_wconf 89' lang='lat' dir='ltr'><strong>incautius</strong></span> <span class='ocrx_word' id='word_1_793' title='bbox 2615 5337 2888 5398; x_wconf 88' lang='lat' dir='ltr'><strong>adhibeat,</strong></span> <span class='ocrx_word' id='word_1_794' title='bbox 2929 5349 3090 5389; x_wconf 88' lang='lat' dir='ltr'><strong>sensu</strong></span> <span class='ocrx_word' id='word_1_795' title='bbox 3140 5335 3356 5400; x_wconf 87' lang='lat' dir='ltr'><strong>quidem</strong></span> <span class='ocrx_word' id='word_1_796' title='bbox 3409 5330 3682 5386; x_wconf 81' lang='lat' dir='ltr'><strong>catholico</strong></span> <span class='ocrx_word' id='word_1_797' title='bbox 3717 5340 3765 5383; x_wconf 82' lang='lat' dir='ltr'><strong>et</strong></span> <span class='ocrx_word' id='word_1_798' title='bbox 3801 5332 3879 5385; x_wconf 82' lang='lat' dir='ltr'><strong>ab</strong></span> 
     </span>
    </p>
   </div>
   <div class='ocr_carea' id='block_1_113' title="bbox 2304 5424 3880 5495">
    <p class='ocr_par' dir='ltr' id='par_1_113' title="bbox 2304 5424 3880 5495">
     <span class='ocr_line' id='line_1_113' title="bbox 2304 5424 3880 5495; baseline -0.004 -11"><span class='ocrx_word' id='word_1_799' title='bbox 2304 5429 2690 5484; x_wconf 79' lang='lat' dir='ltr'><strong>haereticorum</strong></span> <span class='ocrx_word' id='word_1_800' title='bbox 2721 5428 2952 5481; x_wconf 89' lang='lat' dir='ltr'><strong>somniis</strong></span> <span class='ocrx_word' id='word_1_801' title='bbox 2983 5426 3170 5494; x_wconf 88' lang='lat' dir='ltr'><strong>procul</strong></span> <span class='ocrx_word' id='word_1_802' title='bbox 3204 5425 3422 5486; x_wconf 62' lang='lat' dir='ltr'><strong>dissito,</strong></span> <span class='ocrx_word' id='word_1_803' title='bbox 3455 5435 3508 5477; x_wconf 88' lang='lat' dir='ltr'><strong>at</strong></span> <span class='ocrx_word' id='word_1_804' title='bbox 3543 5424 3692 5478; x_wconf 88' lang='lat' dir='ltr'><strong>Musa</strong></span> <span class='ocrx_word' id='word_1_805' title='bbox 3719 5425 3880 5495; x_wconf 80' lang='lat' dir='ltr'><strong>justo</strong></span> 
     </span>
    </p>
   </div>
   <div class='ocr_carea' id='block_1_114' title="bbox 2304 5515 3879 5590">
    <p class='ocr_par' dir='ltr' id='par_1_114' title="bbox 2304 5515 3879 5590">
     <span class='ocr_line' id='line_1_114' title="bbox 2304 5515 3879 5590; baseline -0.003 -13"><span class='ocrx_word' id='word_1_806' title='bbox 2304 5522 2546 5578; x_wconf 91' lang='lat' dir='ltr'><strong>solutiori</strong></span> <span class='ocrx_word' id='word_1_807' title='bbox 2591 5530 2644 5575; x_wconf 90' lang='lat' dir='ltr'><strong>et</strong></span> <span class='ocrx_word' id='word_1_808' title='bbox 2676 5521 2792 5588; x_wconf 85' lang='lat' dir='ltr'><strong>plus</strong></span> <span class='ocrx_word' id='word_1_809' title='bbox 2819 5535 2971 5590; x_wconf 64' lang='grc' dir='ltr'><strong>ωειυο</strong></span> <span class='ocrx_word' id='word_1_810' title='bbox 3002 5515 3426 5588; x_wconf 75' lang='grc' dir='ltr'>πλατωνιζούσῃ.</span> <span class='ocrx_word' id='word_1_811' title='bbox 3480 5517 3679 5571; x_wconf 91' lang='lat' dir='ltr'><strong>Durum</strong></span> <span class='ocrx_word' id='word_1_812' title='bbox 3718 5530 3879 5572; x_wconf 83' lang='lat' dir='ltr'><strong>certe</strong></span> 
     </span>
    </p>
   </div>
   <div class='ocr_carea' id='block_1_115' title="bbox 2304 5605 3874 5676">
    <p class='ocr_par' dir='ltr' id='par_1_115' title="bbox 2304 5605 3874 5676">
     <span class='ocr_line' id='line_1_115' title="bbox 2304 5605 3874 5676; baseline -0.003 -12"><span class='ocrx_word' id='word_1_813' title='bbox 2304 5609 2587 5666; x_wconf 82' lang='lat' dir='ltr'><strong>catholicis</strong></span> <span class='ocrx_word' id='word_1_814' title='bbox 2635 5611 2853 5665; x_wconf 81' lang='lat' dir='ltr'><strong>auribus</strong></span> <span class='ocrx_word' id='word_1_815' title='bbox 2892 5620 3068 5673; x_wconf 76' lang='lat' dir='ltr'><strong>sonat,</strong></span> <span class='ocrx_word' id='word_1_816' title='bbox 3113 5610 3254 5676; x_wconf 85' lang='lat' dir='ltr'><strong>quod</strong></span> <span class='ocrx_word' id='word_1_817' title='bbox 3312 5607 3602 5660; x_wconf 85' lang='lat' dir='ltr'><strong>identidem</strong></span> <span class='ocrx_word' id='word_1_818' title='bbox 3649 5605 3874 5659; x_wconf 79' lang='lat' dir='ltr'><strong>Patrem</strong></span> 
     </span>
    </p>
   </div>
  </div>
