  <div class='ocr_page' id='page_1' title='image "/cluster/home/n/w/nwhite01/storage/ocr_20150623/7 pars.1/pst.000005711833/048.png"; bbox 0 0 4180 6332; ppageno 0'>
   <div class='ocr_carea' id='block_1_1' title="bbox 239 315 1863 417">
    <p class='ocr_par' dir='ltr' id='par_1_1' title="bbox 239 320 1863 417">
     <span class='ocr_line' id='line_1_1' title="bbox 239 320 1863 417; baseline -0.023 1"><span class='ocrx_word' id='word_1_1' title='bbox 239 354 312 417; x_wconf 73' lang='grc'>69</span> <span class='ocrx_word' id='word_1_2' title='bbox 1155 330 1614 395; x_wconf 77' lang='lat' dir='ltr'><strong>DlSSERTATlO</strong></span> <span class='ocrx_word' id='word_1_3' title='bbox 1652 330 1697 395; x_wconf 83' lang='grc' dir='ltr'><strong>Ι,</strong></span> <span class='ocrx_word' id='word_1_4' title='bbox 1731 320 1863 383; x_wconf 76' lang='lat' dir='ltr'><strong>AR&#39;I</strong></span> 
     </span>
    </p>
   </div>
   <div class='ocr_carea' id='block_1_2' title="bbox 1931 315 3510 417">
    <p class='ocr_par' dir='ltr' id='par_1_2' title="bbox 1934 315 3510 381">
     <span class='ocr_line' id='line_1_2' title="bbox 1934 315 3510 381; baseline -0.008 -2"><span class='ocrx_word' id='word_1_5' title='bbox 1934 325 1979 381; x_wconf 87' lang='grc' dir='ltr'>ι.</span> <span class='ocrx_word' id='word_1_6' title='bbox 2023 318 2112 376; x_wconf 83' lang='lat' dir='ltr'><strong>DE</strong></span> <span class='ocrx_word' id='word_1_7' title='bbox 2147 315 2567 377; x_wconf 73' lang='lat' dir='ltr'><strong>VALENTINO.</strong></span> <span class='ocrx_word' id='word_1_8' title='bbox 3437 315 3510 376; x_wconf 77' lang='lat'><strong>70</strong></span> 
     </span>
    </p>
   </div>
   <div class='ocr_carea' id='block_1_3' title="bbox 247 430 3511 531">
    <p class='ocr_par' dir='ltr' id='par_1_3' title="bbox 247 430 3511 531">
     <span class='ocr_line' id='line_1_3' title="bbox 247 430 3511 531; baseline -0.013 -1"><span class='ocrx_word' id='word_1_9' title='bbox 247 485 510 531; x_wconf 65' lang='lat' dir='ltr'><strong>aeternum</strong></span> <span class='ocrx_word' id='word_1_10' title='bbox 539 466 739 525; x_wconf 81' lang='grc' dir='ltr'><strong>Βυθὸν</strong></span> <span class='ocrx_word' id='word_1_11' title='bbox 764 461 1059 531; x_wconf 76' lang='grc' dir='ltr'><strong>πατρῷον,</strong></span> <span class='ocrx_word' id='word_1_12' title='bbox 1092 457 1321 528; x_wconf 78' lang='lat' dir='ltr'><strong><em>Bythum</em></strong></span> <span class='ocrx_word' id='word_1_13' title='bbox 1346 464 1620 524; x_wconf 84' lang='lat' dir='ltr'><strong><em>paternum</em></strong></span> <span class='ocrx_word' id='word_1_14' title='bbox 1651 452 1824 510; x_wconf 84' lang='lat' dir='ltr'><strong>vocat,</strong></span> <span class='ocrx_word' id='word_1_15' title='bbox 1856 447 1904 505; x_wconf 71' lang='grc' dir='ltr'>Α</span> <span class='ocrx_word' id='word_1_16' title='bbox 1928 438 2208 495; x_wconf 76' lang='lat' dir='ltr'><strong>Christum</strong></span> <span class='ocrx_word' id='word_1_17' title='bbox 2282 451 2344 494; x_wconf 90' lang='lat' dir='ltr'><strong>ac</strong></span> <span class='ocrx_word' id='word_1_18' title='bbox 2397 434 2666 531; x_wconf 35' lang='lat' dir='ltr'><strong>Spir-itum—</strong></span> <span class='ocrx_word' id='word_1_19' title='bbox 2709 433 2954 531; x_wconf 76' lang='lat' dir='ltr'><strong>sanc&#39;tum</strong></span> <span class='ocrx_word' id='word_1_20' title='bbox 2976 470 2993 498; x_wconf 91' lang='lat'><strong><em>,</em></strong></span> <span class='ocrx_word' id='word_1_21' title='bbox 3046 441 3100 489; x_wconf 91' lang='lat' dir='ltr'><strong>et</strong></span> <span class='ocrx_word' id='word_1_22' title='bbox 3147 430 3511 531; x_wconf 64' lang='lat' dir='ltr'><strong>Salvatorem.</strong></span> 
     </span>
    </p>
   </div>
   <div class='ocr_carea' id='block_1_4' title="bbox 249 520 3515 634">
    <p class='ocr_par' dir='ltr' id='par_1_4' title="bbox 249 520 3515 634">
     <span class='ocr_line' id='line_1_4' title="bbox 249 520 3515 634; baseline -0.015 -13"><span class='ocrx_word' id='word_1_23' title='bbox 730 520 978 615; x_wconf 75' lang='lat' dir='ltr'><strong>secundi.</strong></span> <span class='ocrx_word' id='word_1_24' title='bbox 1012 520 1214 607; x_wconf 49' lang='lat' dir='ltr'><strong>buri&#39;us</strong></span> <span class='ocrx_word' id='word_1_25' title='bbox 1240 520 1383 619; x_wconf 82' lang='lat' dir='ltr'><strong>quod</strong></span> <span class='ocrx_word' id='word_1_26' title='bbox 1411 545 1600 601; x_wconf 87' lang='lat' dir='ltr'><strong>eodem</strong></span> <span class='ocrx_word' id='word_1_27' title='bbox 1627 541 1830 611; x_wconf 75' lang='lat' dir='ltr'><strong>hymno</strong></span> <span class='ocrx_word' id='word_1_28' title='bbox 1933 543 2072 634; x_wconf 56' lang='lat' dir='ltr'><strong>quos</strong></span> <span class='ocrx_word' id='word_1_29' title='bbox 2094 536 2296 634; x_wconf 36' lang='lat' dir='ltr'><strong>el‘cutn</strong></span> <span class='ocrx_word' id='word_1_30' title='bbox 2341 520 3349 634; x_wconf 11' lang='lat' dir='ltr'><strong>:e‘liauiifognibttshagnnumﬂer‘andcs</strong></span> 
     </span>
    </p>
   </div>
   <div class='ocr_carea' id='block_1_5' title="bbox 252 657 508 727">
    <p class='ocr_par' dir='ltr' id='par_1_5' title="bbox 252 657 508 727">
     <span class='ocr_line' id='line_1_5' title="bbox 252 657 508 727; baseline -0.016 -14"><span class='ocrx_word' id='word_1_31' title='bbox 252 657 454 727; x_wconf 64' lang='lat' dir='ltr'><strong>legitur</strong></span> <span class='ocrx_word' id='word_1_32' title='bbox 493 672 508 708; x_wconf 88' lang='lat'><strong>:</strong></span> 
     </span>
    </p>
   </div>
   <div class='ocr_carea' id='block_1_6' title="bbox 474 1287 1170 1371">
    <p class='ocr_par' dir='ltr' id='par_1_6' title="bbox 474 1287 1170 1371">
     <span class='ocr_line' id='line_1_6' title="bbox 474 1287 1170 1371; baseline -0.029 -14"><span class='ocrx_word' id='word_1_33' title='bbox 474 1287 557 1356; x_wconf 71' lang='grc' dir='ltr'>Τῖι</span> <span class='ocrx_word' id='word_1_34' title='bbox 587 1299 773 1361; x_wconf 84' lang='lat' dir='ltr'><strong>Pater,</strong></span> <span class='ocrx_word' id='word_1_35' title='bbox 806 1305 874 1371; x_wconf 87' lang='lat' dir='ltr'><strong>tu_</strong></span> <span class='ocrx_word' id='word_1_36' title='bbox 893 1287 1170 1371; x_wconf 65' lang='lat' dir='ltr'><strong>esuater,</strong></span> 
     </span>
    </p>
   </div>
   <div class='ocr_carea' id='block_1_7' title="bbox 483 1363 1067 1441">
    <p class='ocr_par' dir='ltr' id='par_1_7' title="bbox 483 1363 1067 1441">
     <span class='ocr_line' id='line_1_7' title="bbox 483 1363 1067 1441; baseline -0.017 -21"><span class='ocrx_word' id='word_1_37' title='bbox 483 1371 561 1441; x_wconf 70' lang='lat' dir='ltr'><strong><em>Tu</em></strong></span> <span class='ocrx_word' id='word_1_38' title='bbox 590 1385 727 1432; x_wconf 88' lang='lat' dir='ltr'><strong><em>mas,</em></strong></span> <span class='ocrx_word' id='word_1_39' title='bbox 763 1376 818 1418; x_wconf 87' lang='lat' dir='ltr'><strong><em>tu</em></strong></span> <span class='ocrx_word' id='word_1_40' title='bbox 841 1363 1067 1441; x_wconf 65' lang='lat' dir='ltr'><strong><em>femina,</em></strong></span> 
     </span>
    </p>
   </div>
   <div class='ocr_carea' id='block_1_8' title="bbox 480 1433 1101 1502">
    <p class='ocr_par' dir='ltr' id='par_1_8' title="bbox 480 1433 1101 1502">
     <span class='ocr_line' id='line_1_8' title="bbox 480 1433 1101 1502; baseline -0.026 -7"><span class='ocrx_word' id='word_1_41' title='bbox 480 1439 554 1494; x_wconf 84' lang='lat' dir='ltr'><strong><em>Tu</em></strong></span> <span class='ocrx_word' id='word_1_42' title='bbox 582 1453 700 1502; x_wconf 73' lang='lat' dir='ltr'><strong>vox,</strong></span> <span class='ocrx_word' id='word_1_43' title='bbox 731 1447 786 1488; x_wconf 88' lang='lat' dir='ltr'><strong><em>tu</em></strong></span> <span class='ocrx_word' id='word_1_44' title='bbox 807 1433 1101 1502; x_wconf 75' lang='lat' dir='ltr'><strong><em>silentium,</em></strong></span> 
     </span>
    </p>
   </div>
   <div class='ocr_carea' id='block_1_9' title="bbox 487 1497 1204 1568">
    <p class='ocr_par' dir='ltr' id='par_1_9' title="bbox 487 1497 1204 1568">
     <span class='ocr_line' id='line_1_9' title="bbox 487 1497 1204 1568; baseline -0.018 -3"><span class='ocrx_word' id='word_1_45' title='bbox 487 1497 706 1564; x_wconf 75' lang='lat' dir='ltr'><strong><em>Natura:</em></strong></span> <span class='ocrx_word' id='word_1_46' title='bbox 736 1515 926 1558; x_wconf 88' lang='lat' dir='ltr'><strong><em>natura</em></strong></span> <span class='ocrx_word' id='word_1_47' title='bbox 958 1497 1204 1568; x_wconf 66' lang='lat' dir='ltr'><strong><em>fecunda.</em></strong></span> 
     </span>
    </p>
   </div>
   <div class='ocr_carea' id='block_1_10' title="bbox 488 1567 1612 1644">
    <p class='ocr_par' dir='ltr' id='par_1_10' title="bbox 488 1567 1612 1644">
     <span class='ocr_line' id='line_1_10' title="bbox 488 1567 1612 1644; baseline -0.015 -11"><span class='ocrx_word' id='word_1_48' title='bbox 488 1579 581 1644; x_wconf 84' lang='lat' dir='ltr'><strong>Tu,</strong></span> <span class='ocrx_word' id='word_1_49' title='bbox 603 1595 631 1631; x_wconf 89' lang='grc' dir='ltr'>ο</span> <span class='ocrx_word' id='word_1_50' title='bbox 657 1592 771 1638; x_wconf 70' lang='lat' dir='ltr'><strong><em>rex,</em></strong></span> <span class='ocrx_word' id='word_1_51' title='bbox 797 1567 1274 1644; x_wconf 72' lang='lat' dir='ltr'><strong><em>steculismculum,</em></strong></span> <span class='ocrx_word' id='word_1_52' title='bbox 1435 1639 1447 1644; x_wconf 83' lang='lat'>_</span> <span class='ocrx_word' id='word_1_53' title='bbox 1514 1637 1525 1644; x_wconf 32' lang='grc' dir='ltr'><strong>Δ</strong></span> <span class='ocrx_word' id='word_1_54' title='bbox 1601 1628 1612 1644; x_wconf 38' lang='grc'><em>9</em></span> 
     </span>
    </p>
   </div>
   <div class='ocr_carea' id='block_1_11' title="bbox 485 1637 1634 1715">
    <p class='ocr_par' dir='ltr' id='par_1_11' title="bbox 485 1637 1634 1715">
     <span class='ocr_line' id='line_1_11' title="bbox 485 1637 1634 1715; baseline -0.02 -12"><span class='ocrx_word' id='word_1_55' title='bbox 485 1637 830 1715; x_wconf 78' lang='lat' dir='ltr'><strong><em>Quantnmid</em></strong></span> <span class='ocrx_word' id='word_1_56' title='bbox 844 1640 1064 1715; x_wconf 74' lang='lat' dir='ltr'><strong><em>quidem</em></strong></span> <span class='ocrx_word' id='word_1_57' title='bbox 1091 1637 1174 1706; x_wconf 82' lang='lat' dir='ltr'><strong>[as</strong></span> <span class='ocrx_word' id='word_1_58' title='bbox 1200 1643 1277 1688; x_wconf 77' lang='lat' dir='ltr'><strong>est</strong></span> <span class='ocrx_word' id='word_1_59' title='bbox 1295 1647 1412 1685; x_wconf 79' lang='lat' dir='ltr'><strong>voce</strong></span> <span class='ocrx_word' id='word_1_60' title='bbox 1429 1637 1634 1684; x_wconf 73' lang='lat' dir='ltr'><strong><em>testari.</em></strong></span> 
     </span>
    </p>
   </div>
   <div class='ocr_carea' id='block_1_12' title="bbox 484 1713 1428 1787">
    <p class='ocr_par' dir='ltr' id='par_1_12' title="bbox 484 1713 1428 1787">
     <span class='ocr_line' id='line_1_12' title="bbox 484 1713 1428 1787; baseline -0.023 -13"><span class='ocrx_word' id='word_1_61' title='bbox 484 1713 740 1787; x_wconf 83' lang='lat' dir='ltr'><strong><em>Longum,</em></strong></span> <span class='ocrx_word' id='word_1_62' title='bbox 772 1713 935 1787; x_wconf 78' lang='lat' dir='ltr'><strong><em>salve,</em></strong></span> <span class='ocrx_word' id='word_1_63' title='bbox 963 1717 1201 1762; x_wconf 85' lang='lat' dir='ltr'><strong><em>centrum</em></strong></span> <span class='ocrx_word' id='word_1_64' title='bbox 1231 1717 1428 1764; x_wconf 89' lang='lat' dir='ltr'><strong><em>rerum,</em></strong></span> 
     </span>
    </p>
   </div>
   <div class='ocr_carea' id='block_1_13' title="bbox 489 1786 1398 1844">
    <p class='ocr_par' dir='ltr' id='par_1_13' title="bbox 489 1786 1398 1844">
     <span class='ocr_line' id='line_1_13' title="bbox 489 1786 1398 1844; baseline -0.022 0"><span class='ocrx_word' id='word_1_65' title='bbox 489 1786 673 1844; x_wconf 83' lang='lat' dir='ltr'><strong>Unitas</strong></span> <span class='ocrx_word' id='word_1_66' title='bbox 706 1786 1006 1838; x_wconf 82' lang='lat' dir='ltr'><strong><em>divinorum</em></strong></span> <span class='ocrx_word' id='word_1_67' title='bbox 1034 1790 1280 1830; x_wconf 87' lang='lat' dir='ltr'><strong><em>numeror</em></strong></span> <span class='ocrx_word' id='word_1_68' title='bbox 1295 1789 1398 1826; x_wconf 83' lang='lat' dir='ltr'><strong><em>um.</em></strong></span> 
     </span>
    </p>
   </div>
   <div class='ocr_carea' id='block_1_14' title="bbox 486 1858 1165 1928">
    <p class='ocr_par' dir='ltr' id='par_1_14' title="bbox 486 1858 1165 1928">
     <span class='ocr_line' id='line_1_14' title="bbox 486 1858 1165 1928; baseline -0.024 -13"><span class='ocrx_word' id='word_1_69' title='bbox 486 1858 930 1928; x_wconf 82' lang='lat' dir='ltr'><strong><em>Sempiternorum</em></strong></span> <span class='ocrx_word' id='word_1_70' title='bbox 963 1863 1165 1918; x_wconf 86' lang='lat' dir='ltr'><strong><em>regum.</em></strong></span> 
     </span>
    </p>
   </div>
   <div class='ocr_carea' id='block_1_15' title="bbox 277 1929 1243 2009">
    <p class='ocr_par' dir='ltr' id='par_1_15' title="bbox 277 1929 1243 2009">
     <span class='ocr_line' id='line_1_15' title="bbox 277 1929 1243 2009; baseline -0.012 -14"><span class='ocrx_word' id='word_1_71' title='bbox 277 1939 347 1996; x_wconf 74' lang='lat' dir='ltr'><strong>Et</strong></span> <span class='ocrx_word' id='word_1_72' title='bbox 368 1940 563 2009; x_wconf 80' lang='lat' dir='ltr'><strong>hymno</strong></span> <span class='ocrx_word' id='word_1_73' title='bbox 594 1951 677 2002; x_wconf 86' lang='lat' dir='ltr'><strong>nt,</strong></span> <span class='ocrx_word' id='word_1_74' title='bbox 708 1936 776 1990; x_wconf 90' lang='lat' dir='ltr'><strong>de</strong></span> <span class='ocrx_word' id='word_1_75' title='bbox 812 1935 1004 1988; x_wconf 89' lang='lat' dir='ltr'><strong>eodem</strong></span> <span class='ocrx_word' id='word_1_76' title='bbox 1033 1929 1195 1985; x_wconf 87' lang='lat' dir='ltr'><strong>Patre</strong></span> <span class='ocrx_word' id='word_1_77' title='bbox 1227 1945 1243 1983; x_wconf 91' lang='lat'><strong>:</strong></span> 
     </span>
    </p>
   </div>
   <div class='ocr_carea' id='block_1_16' title="bbox 486 2024 1036 2097">
    <p class='ocr_par' dir='ltr' id='par_1_16' title="bbox 486 2024 1036 2097">
     <span class='ocr_line' id='line_1_16' title="bbox 486 2024 1036 2097; baseline -0.011 -13"><span class='ocrx_word' id='word_1_78' title='bbox 486 2028 768 2097; x_wconf 81' lang='grc' dir='ltr'><strong>Πατέρων</strong></span> <span class='ocrx_word' id='word_1_79' title='bbox 795 2024 1036 2097; x_wconf 51' lang='grc' dir='ltr'><em>πάντων</em></span> 
     </span>
    </p>
   </div>
   <div class='ocr_carea' id='block_1_17' title="bbox 488 2093 1097 2166">
    <p class='ocr_par' dir='ltr' id='par_1_17' title="bbox 488 2093 1097 2166">
     <span class='ocr_line' id='line_1_17' title="bbox 488 2093 1097 2166; baseline -0.016 -13"><span class='ocrx_word' id='word_1_80' title='bbox 488 2093 698 2166; x_wconf 68' lang='grc' dir='ltr'><strong>Πάτεῤ,</strong></span> <span class='ocrx_word' id='word_1_81' title='bbox 728 2093 1097 2166; x_wconf 59' lang='grc' dir='ltr'><strong>αὐτοπάτωρ,</strong></span> 
     </span>
    </p>
   </div>
   <div class='ocr_carea' id='block_1_18' title="bbox 491 2163 1096 2237">
    <p class='ocr_par' dir='ltr' id='par_1_18' title="bbox 491 2163 1096 2237">
     <span class='ocr_line' id='line_1_18' title="bbox 491 2163 1096 2237; baseline -0.015 -14"><span class='ocrx_word' id='word_1_82' title='bbox 491 2163 835 2237; x_wconf 67' lang='grc' dir='ltr'><strong>Προαὲὰτωρ,</strong></span> <span class='ocrx_word' id='word_1_83' title='bbox 860 2163 1096 2237; x_wconf 71' lang='grc' dir='ltr'><strong>ἀπάτωρ</strong></span> 
     </span>
    </p>
   </div>
   <div class='ocr_carea' id='block_1_19' title="bbox 505 2236 901 2293">
    <p class='ocr_par' dir='ltr' id='par_1_19' title="bbox 505 2236 901 2293">
     <span class='ocr_line' id='line_1_19' title="bbox 505 2236 901 2293; baseline -0.013 0"><span class='ocrx_word' id='word_1_84' title='bbox 505 2236 596 2293; x_wconf 73' lang='grc' dir='ltr'><strong>Υἱὲ</strong></span> <span class='ocrx_word' id='word_1_85' title='bbox 620 2236 901 2292; x_wconf 81' lang='grc' dir='ltr'><strong>σεαυτοῦ.</strong></span> 
     </span>
    </p>
   </div>
   <div class='ocr_carea' id='block_1_20' title="bbox 498 2316 1000 2373">
    <p class='ocr_par' dir='ltr' id='par_1_20' title="bbox 498 2316 1000 2373">
     <span class='ocr_line' id='line_1_20' title="bbox 498 2316 1000 2373; baseline -0.004 -2"><span class='ocrx_word' id='word_1_86' title='bbox 498 2316 721 2373; x_wconf 80' lang='lat' dir='ltr'><strong>Patrum</strong></span> <span class='ocrx_word' id='word_1_87' title='bbox 762 2318 1000 2371; x_wconf 85' lang='lat' dir='ltr'><strong><em>omnium</em></strong></span> 
     </span>
    </p>
   </div>
   <div class='ocr_carea' id='block_1_21' title="bbox 498 2384 1208 2453">
    <p class='ocr_par' dir='ltr' id='par_1_21' title="bbox 498 2384 1208 2453">
     <span class='ocr_line' id='line_1_21' title="bbox 498 2384 1208 2453; baseline -0.004 -13"><span class='ocrx_word' id='word_1_88' title='bbox 498 2385 677 2453; x_wconf 78' lang='lat' dir='ltr'><strong><em>Pater,</em></strong></span> <span class='ocrx_word' id='word_1_89' title='bbox 714 2384 880 2440; x_wconf 89' lang='lat' dir='ltr'><strong><em>Pater</em></strong></span> <span class='ocrx_word' id='word_1_90' title='bbox 909 2387 986 2438; x_wconf 90' lang='lat' dir='ltr'><strong>tui</strong></span> <span class='ocrx_word' id='word_1_91' title='bbox 1018 2386 1208 2453; x_wconf 77' lang='lat' dir='ltr'><strong>ipsius,</strong></span> 
     </span>
    </p>
   </div>
   <div class='ocr_carea' id='block_1_22' title="bbox 497 2449 1540 2520">
    <p class='ocr_par' dir='ltr' id='par_1_22' title="bbox 497 2449 1540 2520">
     <span class='ocr_line' id='line_1_22' title="bbox 497 2449 1540 2520; baseline -0.007 -9"><span class='ocrx_word' id='word_1_92' title='bbox 497 2449 714 2511; x_wconf 81' lang='lat' dir='ltr'><strong><em>Primus</em></strong></span> <span class='ocrx_word' id='word_1_93' title='bbox 742 2457 976 2509; x_wconf 87' lang='lat' dir='ltr'><strong><em>omnium</em></strong></span> <span class='ocrx_word' id='word_1_94' title='bbox 1007 2449 1189 2520; x_wconf 88' lang='lat' dir='ltr'><strong><em>Pater,</em></strong></span> <span class='ocrx_word' id='word_1_95' title='bbox 1216 2455 1327 2508; x_wconf 83' lang='lat' dir='ltr'><strong><em>sine</em></strong></span> <span class='ocrx_word' id='word_1_96' title='bbox 1362 2449 1540 2515; x_wconf 78' lang='lat' dir='ltr'><strong><em>Putre,</em></strong></span> 
     </span>
    </p>
   </div>
   <div class='ocr_carea' id='block_1_23' title="bbox 501 2526 933 2591">
    <p class='ocr_par' dir='ltr' id='par_1_23' title="bbox 501 2526 933 2591">
     <span class='ocr_line' id='line_1_23' title="bbox 501 2526 933 2591; baseline 0.002 -12"><span class='ocrx_word' id='word_1_97' title='bbox 501 2526 609 2582; x_wconf 85' lang='lat' dir='ltr'><strong><em>Fili</em></strong></span> <span class='ocrx_word' id='word_1_98' title='bbox 639 2527 718 2581; x_wconf 77' lang='lat' dir='ltr'><strong><em>tui</em></strong></span> <span class='ocrx_word' id='word_1_99' title='bbox 748 2527 933 2591; x_wconf 86' lang='lat' dir='ltr'><strong><em>ipsius.</em></strong></span> 
     </span>
    </p>
   </div>
   <div class='ocr_carea' id='block_1_24' title="bbox 287 2621 605 2687">
    <p class='ocr_par' dir='ltr' id='par_1_24' title="bbox 287 2621 605 2687">
     <span class='ocr_line' id='line_1_24' title="bbox 287 2621 605 2687; baseline -0.009 -10"><span class='ocrx_word' id='word_1_100' title='bbox 287 2621 360 2677; x_wconf 77' lang='lat' dir='ltr'><strong>Et</strong></span> <span class='ocrx_word' id='word_1_101' title='bbox 385 2630 562 2687; x_wconf 81' lang='lat' dir='ltr'><strong>postea</strong></span> <span class='ocrx_word' id='word_1_102' title='bbox 591 2638 605 2674; x_wconf 90' lang='lat'>:</span> 
     </span>
    </p>
   </div>
   <div class='ocr_carea' id='block_1_25' title="bbox 499 2707 1116 2780">
    <p class='ocr_par' dir='ltr' id='par_1_25' title="bbox 499 2707 1116 2780">
     <span class='ocr_line' id='line_1_25' title="bbox 499 2707 1116 2780; baseline -0.005 -15"><span class='ocrx_word' id='word_1_103' title='bbox 499 2712 740 2780; x_wconf 78' lang='grc' dir='ltr'><strong>Σπέρμα</strong></span> <span class='ocrx_word' id='word_1_104' title='bbox 767 2710 832 2764; x_wconf 84' lang='grc' dir='ltr'><strong>τὸ</strong></span> <span class='ocrx_word' id='word_1_105' title='bbox 859 2707 1116 2774; x_wconf 80' lang='grc' dir='ltr'><em>πάντων,</em></span> 
     </span>
    </p>
   </div>
   <div class='ocr_carea' id='block_1_26' title="bbox 509 2780 1022 2850">
    <p class='ocr_par' dir='ltr' id='par_1_26' title="bbox 509 2780 1022 2850">
     <span class='ocr_line' id='line_1_26' title="bbox 509 2780 1022 2850; baseline -0.006 -14"><span class='ocrx_word' id='word_1_106' title='bbox 509 2782 660 2843; x_wconf 76' lang='grc' dir='ltr'><strong>Ῥίζα</strong></span> <span class='ocrx_word' id='word_1_107' title='bbox 689 2782 790 2835; x_wconf 71' lang='grc' dir='ltr'><strong>καὶ</strong></span> <span class='ocrx_word' id='word_1_108' title='bbox 813 2780 1022 2850; x_wconf 82' lang='grc' dir='ltr'><strong>ὅρπαξ,</strong></span> 
     </span>
    </p>
   </div>
   <div class='ocr_carea' id='block_1_27' title="bbox 501 2852 1076 2920">
    <p class='ocr_par' dir='ltr' id='par_1_27' title="bbox 501 2852 1076 2920">
     <span class='ocr_line' id='line_1_27' title="bbox 501 2852 1076 2920; baseline -0.002 -15"><span class='ocrx_word' id='word_1_109' title='bbox 501 2854 688 2920; x_wconf 79' lang='grc' dir='ltr'><strong>Φύσις</strong></span> <span class='ocrx_word' id='word_1_110' title='bbox 721 2852 794 2905; x_wconf 73' lang='grc' dir='ltr'><em>ἐν</em></span> <span class='ocrx_word' id='word_1_111' title='bbox 826 2853 1076 2918; x_wconf 80' lang='grc' dir='ltr'><strong>νοεροῖς,</strong></span> 
     </span>
    </p>
   </div>
   <div class='ocr_carea' id='block_1_28' title="bbox 505 2921 1018 2989">
    <p class='ocr_par' dir='ltr' id='par_1_28' title="bbox 505 2921 1018 2989">
     <span class='ocr_line' id='line_1_28' title="bbox 505 2921 1018 2989; baseline -0.008 -13"><span class='ocrx_word' id='word_1_112' title='bbox 505 2921 665 2988; x_wconf 77' lang='grc' dir='ltr'><strong>Θῆλυ</strong></span> <span class='ocrx_word' id='word_1_113' title='bbox 689 2921 789 2976; x_wconf 78' lang='grc' dir='ltr'><strong>καὶ</strong></span> <span class='ocrx_word' id='word_1_114' title='bbox 819 2921 1018 2989; x_wconf 69' lang='lat' dir='ltr'><strong>appar,</strong></span> 
     </span>
    </p>
   </div>
   <div class='ocr_carea' id='block_1_29' title="bbox 500 2990 992 3056">
    <p class='ocr_par' dir='ltr' id='par_1_29' title="bbox 500 2990 992 3056">
     <span class='ocr_line' id='line_1_29' title="bbox 500 2990 992 3056; baseline -0.006 -11"><span class='ocrx_word' id='word_1_115' title='bbox 500 2993 746 3056; x_wconf 71' lang='grc' dir='ltr'><em>Μύστας</em></span> <span class='ocrx_word' id='word_1_116' title='bbox 764 2990 832 3056; x_wconf 77' lang='grc' dir='ltr'><strong>δὲ</strong></span> <span class='ocrx_word' id='word_1_117' title='bbox 851 2992 992 3056; x_wconf 74' lang='grc' dir='ltr'><em>νόος</em></span> 
     </span>
    </p>
   </div>
   <div class='ocr_carea' id='block_1_30' title="bbox 502 3053 1084 3124">
    <p class='ocr_par' dir='ltr' id='par_1_30' title="bbox 502 3053 1084 3124">
     <span class='ocr_line' id='line_1_30' title="bbox 502 3053 1084 3124; baseline -0.002 -16"><span class='ocrx_word' id='word_1_118' title='bbox 502 3053 574 3108; x_wconf 79' lang='grc' dir='ltr'><em>Τά</em></span> <span class='ocrx_word' id='word_1_119' title='bbox 594 3072 658 3108; x_wconf 83' lang='grc' dir='ltr'><strong>τε</strong></span> <span class='ocrx_word' id='word_1_120' title='bbox 687 3053 788 3108; x_wconf 55' lang='lat' dir='ltr'><strong><em>aceti</em></strong></span> <span class='ocrx_word' id='word_1_121' title='bbox 813 3055 885 3107; x_wconf 84' lang='grc' dir='ltr'><em>τὰ</em></span> <span class='ocrx_word' id='word_1_122' title='bbox 904 3054 1084 3124; x_wconf 67' lang='grc' dir='ltr'><strong>λέγει,</strong></span> 
     </span>
    </p>
   </div>
   <div class='ocr_carea' id='block_1_31' title="bbox 495 3126 973 3195">
    <p class='ocr_par' dir='ltr' id='par_1_31' title="bbox 495 3126 973 3195">
     <span class='ocr_line' id='line_1_31' title="bbox 495 3126 973 3195; baseline -0.015 -13"><span class='ocrx_word' id='word_1_123' title='bbox 495 3127 690 3185; x_wconf 80' lang='grc' dir='ltr'><em>Βυθὸν</em></span> <span class='ocrx_word' id='word_1_124' title='bbox 712 3126 973 3195; x_wconf 76' lang='grc' dir='ltr'><strong>ἄῤῥητον</strong></span> 
     </span>
    </p>
   </div>
   <div class='ocr_carea' id='block_1_32' title="bbox 505 3197 965 3268">
    <p class='ocr_par' dir='ltr' id='par_1_32' title="bbox 505 3197 965 3268">
     <span class='ocr_line' id='line_1_32' title="bbox 505 3197 965 3268; baseline -0.013 -15"><span class='ocrx_word' id='word_1_125' title='bbox 505 3197 965 3268; x_wconf 74' lang='grc' dir='ltr'><strong>Ἀμςοιχορεύων.</strong></span> 
     </span>
    </p>
   </div>
   <div class='ocr_carea' id='block_1_33' title="bbox 492 3280 967 3344">
    <p class='ocr_par' dir='ltr' id='par_1_33' title="bbox 492 3280 967 3344">
     <span class='ocr_line' id='line_1_33' title="bbox 492 3280 967 3344; baseline -0.004 -9"><span class='ocrx_word' id='word_1_126' title='bbox 492 3284 678 3335; x_wconf 83' lang='lat' dir='ltr'><strong><em>Semen</em></strong></span> <span class='ocrx_word' id='word_1_127' title='bbox 712 3280 967 3344; x_wconf 89' lang='lat' dir='ltr'><strong><em>omnium,</em></strong></span> 
     </span>
    </p>
   </div>
   <div class='ocr_carea' id='block_1_34' title="bbox 487 3350 1222 3413">
    <p class='ocr_par' dir='ltr' id='par_1_34' title="bbox 487 3350 1222 3413">
     <span class='ocr_line' id='line_1_34' title="bbox 487 3350 1222 3413; baseline 0 -11"><span class='ocrx_word' id='word_1_128' title='bbox 487 3350 669 3411; x_wconf 61' lang='lat' dir='ltr'><strong>Radix~</strong></span> <span class='ocrx_word' id='word_1_129' title='bbox 684 3360 734 3405; x_wconf 86' lang='lat' dir='ltr'><strong>et</strong></span> <span class='ocrx_word' id='word_1_130' title='bbox 762 3365 994 3403; x_wconf 84' lang='lat' dir='ltr'><strong><em>summus</em></strong></span> <span class='ocrx_word' id='word_1_131' title='bbox 1022 3365 1222 3413; x_wconf 82' lang='lat' dir='ltr'><strong><em>ramus,</em></strong></span> 
     </span>
    </p>
   </div>
   <div class='ocr_carea' id='block_1_35' title="bbox 496 3418 1286 3482">
    <p class='ocr_par' dir='ltr' id='par_1_35' title="bbox 496 3418 1286 3482">
     <span class='ocr_line' id='line_1_35' title="bbox 496 3418 1286 3482; baseline 0.001 -10"><span class='ocrx_word' id='word_1_132' title='bbox 496 3418 708 3474; x_wconf 82' lang='lat' dir='ltr'><strong><em>Natura</em></strong></span> <span class='ocrx_word' id='word_1_133' title='bbox 740 3421 794 3472; x_wconf 89' lang='lat' dir='ltr'><strong>in</strong></span> <span class='ocrx_word' id='word_1_134' title='bbox 825 3421 1286 3482; x_wconf 73' lang='lat' dir='ltr'><strong><em>intellectualibus,</em></strong></span> 
     </span>
    </p>
   </div>
   <div class='ocr_carea' id='block_1_36' title="bbox 496 3488 965 3545">
    <p class='ocr_par' dir='ltr' id='par_1_36' title="bbox 496 3488 965 3545">
     <span class='ocr_line' id='line_1_36' title="bbox 496 3488 965 3545; baseline 0 -3"><span class='ocrx_word' id='word_1_135' title='bbox 496 3488 725 3545; x_wconf 83' lang='lat' dir='ltr'><strong><em>Femina</em></strong></span> <span class='ocrx_word' id='word_1_136' title='bbox 752 3500 801 3544; x_wconf 91' lang='lat' dir='ltr'><strong><em>et</em></strong></span> <span class='ocrx_word' id='word_1_137' title='bbox 831 3507 965 3544; x_wconf 86' lang='lat' dir='ltr'><strong><em>mas.</em></strong></span> 
     </span>
    </p>
   </div>
   <div class='ocr_carea' id='block_1_37' title="bbox 500 3559 1120 3630">
    <p class='ocr_par' dir='ltr' id='par_1_37' title="bbox 500 3559 1120 3630">
     <span class='ocr_line' id='line_1_37' title="bbox 500 3559 1120 3630; baseline 0.002 -17"><span class='ocrx_word' id='word_1_138' title='bbox 500 3559 729 3630; x_wconf 57' lang='lat' dir='ltr'><strong>Hystica</strong></span> <span class='ocrx_word' id='word_1_139' title='bbox 755 3571 931 3614; x_wconf 86' lang='lat' dir='ltr'><strong><em>autem</em></strong></span> <span class='ocrx_word' id='word_1_140' title='bbox 955 3576 1120 3615; x_wconf 87' lang='lat' dir='ltr'><strong><em>mens.</em></strong></span> 
     </span>
    </p>
   </div>
   <div class='ocr_carea' id='block_1_38' title="bbox 497 3629 1111 3696">
    <p class='ocr_par' dir='ltr' id='par_1_38' title="bbox 497 3629 1111 3696">
     <span class='ocr_line' id='line_1_38' title="bbox 497 3629 1111 3696; baseline -0.002 -14"><span class='ocrx_word' id='word_1_141' title='bbox 497 3629 626 3684; x_wconf 67' lang='lat' dir='ltr'><strong><em>Hinc</em></strong></span> <span class='ocrx_word' id='word_1_142' title='bbox 655 3640 810 3696; x_wconf 86' lang='lat' dir='ltr'><strong><em>atque</em></strong></span> <span class='ocrx_word' id='word_1_143' title='bbox 838 3631 930 3683; x_wconf 83' lang='lat' dir='ltr'><strong><em>illa</em></strong></span> <span class='ocrx_word' id='word_1_144' title='bbox 961 3633 1111 3692; x_wconf 80' lang='lat' dir='ltr'><strong>dicit,</strong></span> 
     </span>
    </p>
   </div>
   <div class='ocr_carea' id='block_1_39' title="bbox 503 3698 1276 3769">
    <p class='ocr_par' dir='ltr' id='par_1_39' title="bbox 503 3698 1276 3769">
     <span class='ocr_line' id='line_1_39' title="bbox 503 3698 1276 3769; baseline 0.005 -18"><span class='ocrx_word' id='word_1_145' title='bbox 503 3698 928 3768; x_wconf 76' lang='lat' dir='ltr'><strong><em>Profunditatem</em></strong></span> <span class='ocrx_word' id='word_1_146' title='bbox 957 3701 1276 3769; x_wconf 71' lang='lat' dir='ltr'><strong><em>ine/fabilem</em></strong></span> 
     </span>
    </p>
   </div>
   <div class='ocr_carea' id='block_1_40' title="bbox 497 3769 1140 3824">
    <p class='ocr_par' dir='ltr' id='par_1_40' title="bbox 497 3769 1140 3824">
     <span class='ocr_line' id='line_1_40' title="bbox 497 3769 1140 3824; baseline 0 0"><span class='ocrx_word' id='word_1_147' title='bbox 497 3769 650 3824; x_wconf 85' lang='lat' dir='ltr'><strong><em>Circa</em></strong></span> <span class='ocrx_word' id='word_1_148' title='bbox 683 3771 880 3824; x_wconf 83' lang='lat' dir='ltr'><strong>ducens</strong></span> <span class='ocrx_word' id='word_1_149' title='bbox 903 3773 1140 3824; x_wconf 85' lang='lat' dir='ltr'><strong><em>choreas.</em></strong></span> 
     </span>
    </p>
   </div>
   <div class='ocr_carea' id='block_1_41' title="bbox 280 3856 1850 3932">
    <p class='ocr_par' dir='ltr' id='par_1_41' title="bbox 280 3856 1850 3932">
     <span class='ocr_line' id='line_1_41' title="bbox 280 3856 1850 3932; baseline -0.001 -12"><span class='ocrx_word' id='word_1_150' title='bbox 280 3863 357 3920; x_wconf 86' lang='lat' dir='ltr'><strong>Ut</strong></span> <span class='ocrx_word' id='word_1_151' title='bbox 384 3864 630 3919; x_wconf 90' lang='lat' dir='ltr'><strong>omittam</strong></span> <span class='ocrx_word' id='word_1_152' title='bbox 682 3862 783 3917; x_wconf 92' lang='lat' dir='ltr'><strong>alia</strong></span> <span class='ocrx_word' id='word_1_153' title='bbox 829 3864 1059 3932; x_wconf 88' lang='lat' dir='ltr'><strong>plurima</strong></span> <span class='ocrx_word' id='word_1_154' title='bbox 1105 3879 1133 3916; x_wconf 90' lang='lat' dir='ltr'><strong>a</strong></span> <span class='ocrx_word' id='word_1_155' title='bbox 1173 3863 1371 3932; x_wconf 85' lang='lat' dir='ltr'><strong>quibus</strong></span> <span class='ocrx_word' id='word_1_156' title='bbox 1418 3856 1564 3917; x_wconf 81' lang='lat' dir='ltr'><strong>Musa</strong></span> <span class='ocrx_word' id='word_1_157' title='bbox 1607 3862 1850 3920; x_wconf 77' lang='lat' dir='ltr'><strong>severior</strong></span> 
     </span>
    </p>
   </div>
   <div class='ocr_carea' id='block_1_42' title="bbox 277 3954 913 4024">
    <p class='ocr_par' dir='ltr' id='par_1_42' title="bbox 277 3954 913 4024">
     <span class='ocr_line' id='line_1_42' title="bbox 277 3954 913 4024; baseline -0.003 -13"><span class='ocrx_word' id='word_1_158' title='bbox 277 3965 591 4024; x_wconf 85' lang='lat' dir='ltr'><strong>temperare</strong></span> <span class='ocrx_word' id='word_1_159' title='bbox 613 3954 913 4009; x_wconf 84' lang='lat' dir='ltr'><strong>debuisset.</strong></span> 
     </span>
    </p>
   </div>
   <div class='ocr_carea' id='block_1_43' title="bbox 357 4046 1848 4111">
    <p class='ocr_par' dir='ltr' id='par_1_43' title="bbox 357 4046 1848 4111">
     <span class='ocr_line' id='line_1_43' title="bbox 357 4046 1848 4111; baseline 0.002 -11"><span class='ocrx_word' id='word_1_160' title='bbox 357 4047 447 4101; x_wconf 86' lang='lat'><strong>50.</strong></span> <span class='ocrx_word' id='word_1_161' title='bbox 503 4047 636 4101; x_wconf 89' lang='lat' dir='ltr'><strong>Illud</strong></span> <span class='ocrx_word' id='word_1_162' title='bbox 691 4048 854 4101; x_wconf 89' lang='lat' dir='ltr'><strong>etiam</strong></span> <span class='ocrx_word' id='word_1_163' title='bbox 897 4055 1129 4111; x_wconf 89' lang='lat' dir='ltr'><strong>certum,</strong></span> <span class='ocrx_word' id='word_1_164' title='bbox 1184 4062 1214 4102; x_wconf 87' lang='lat' dir='ltr'><strong>e</strong></span> <span class='ocrx_word' id='word_1_165' title='bbox 1271 4047 1370 4102; x_wconf 89' lang='lat' dir='ltr'><strong>SS.</strong></span> <span class='ocrx_word' id='word_1_166' title='bbox 1426 4046 1682 4103; x_wconf 88' lang='lat' dir='ltr'><strong>Patribus</strong></span> <span class='ocrx_word' id='word_1_167' title='bbox 1743 4064 1848 4103; x_wconf 87' lang='lat' dir='ltr'><strong>non</strong></span> 
     </span>
    </p>
   </div>
   <div class='ocr_carea' id='block_1_44' title="bbox 277 4137 1854 4210">
    <p class='ocr_par' dir='ltr' id='par_1_44' title="bbox 277 4137 1854 4210">
     <span class='ocr_line' id='line_1_44' title="bbox 277 4137 1854 4210; baseline 0.003 -18"><span class='ocrx_word' id='word_1_168' title='bbox 277 4155 491 4210; x_wconf 86' lang='lat' dir='ltr'><strong>paucos</strong></span> <span class='ocrx_word' id='word_1_169' title='bbox 532 4139 876 4194; x_wconf 83' lang='lat' dir='ltr'><strong><em>existimasse</em></strong></span> <span class='ocrx_word' id='word_1_170' title='bbox 926 4137 1265 4194; x_wconf 74' lang='lat' dir='ltr'><strong>Valentinum</strong></span> <span class='ocrx_word' id='word_1_171' title='bbox 1327 4140 1546 4210; x_wconf 76' lang='lat' dir='ltr'><strong>triginta</strong></span> <span class='ocrx_word' id='word_1_172' title='bbox 1595 4141 1724 4196; x_wconf 90' lang='lat' dir='ltr'><strong>deos</strong></span> <span class='ocrx_word' id='word_1_173' title='bbox 1775 4143 1854 4196; x_wconf 89' lang='lat' dir='ltr'><strong>in-</strong></span> 
     </span>
    </p>
   </div>
   <div class='ocr_carea' id='block_1_45' title="bbox 280 4229 1848 4302">
    <p class='ocr_par' dir='ltr' id='par_1_45' title="bbox 280 4229 1848 4302">
     <span class='ocr_line' id='line_1_45' title="bbox 280 4229 1848 4302; baseline 0.004 -20"><span class='ocrx_word' id='word_1_174' title='bbox 280 4231 522 4285; x_wconf 69' lang='lat' dir='ltr'><strong>vexisse.</strong></span> <span class='ocrx_word' id='word_1_175' title='bbox 561 4229 653 4284; x_wconf 90' lang='lat' dir='ltr'><strong>Sic</strong></span> <span class='ocrx_word' id='word_1_176' title='bbox 690 4230 1034 4299; x_wconf 74' lang='lat' dir='ltr'><strong>Epiphanius</strong></span> <span class='ocrx_word' id='word_1_177' title='bbox 1059 4272 1074 4298; x_wconf 90' lang='lat'><strong>,</strong></span> <span class='ocrx_word' id='word_1_178' title='bbox 1115 4232 1248 4287; x_wconf 69' lang='lat' dir='ltr'><strong>liter.</strong></span> <span class='ocrx_word' id='word_1_179' title='bbox 1299 4231 1396 4296; x_wconf 78' lang='grc'><strong>51,</strong></span> <span class='ocrx_word' id='word_1_180' title='bbox 1431 4231 1458 4302; x_wconf 64' lang='grc' dir='ltr'><strong>ς</strong></span> <span class='ocrx_word' id='word_1_181' title='bbox 1508 4232 1564 4298; x_wconf 71' lang='grc'><strong>2,</strong></span> <span class='ocrx_word' id='word_1_182' title='bbox 1614 4235 1702 4288; x_wconf 91' lang='lat' dir='ltr'><strong>ubi</strong></span> <span class='ocrx_word' id='word_1_183' title='bbox 1753 4237 1848 4288; x_wconf 90' lang='lat' dir='ltr'><strong>tri-</strong></span> 
     </span>
    </p>
   </div>
   <div class='ocr_carea' id='block_1_46' title="bbox 281 4320 1852 4394">
    <p class='ocr_par' dir='ltr' id='par_1_46' title="bbox 281 4320 1852 4394">
     <span class='ocr_line' id='line_1_46' title="bbox 281 4320 1852 4394; baseline 0.001 -19"><span class='ocrx_word' id='word_1_184' title='bbox 281 4323 438 4394; x_wconf 72' lang='lat' dir='ltr'><strong>ginta</strong></span> <span class='ocrx_word' id='word_1_185' title='bbox 493 4321 696 4376; x_wconf 62' lang='lat' dir='ltr'><strong>IEones</strong></span> <span class='ocrx_word' id='word_1_186' title='bbox 733 4320 1128 4385; x_wconf 80' lang='lat' dir='ltr'><strong>recensuisset,</strong></span> <span class='ocrx_word' id='word_1_187' title='bbox 1185 4322 1336 4375; x_wconf 82' lang='lat' dir='ltr'><strong>addit</strong></span> <span class='ocrx_word' id='word_1_188' title='bbox 1381 4337 1475 4377; x_wconf 90' lang='lat' dir='ltr'><strong>eos</strong></span> <span class='ocrx_word' id='word_1_189' title='bbox 1504 4338 1532 4375; x_wconf 90' lang='lat' dir='ltr'><strong>a</strong></span> <span class='ocrx_word' id='word_1_190' title='bbox 1573 4323 1852 4378; x_wconf 84' lang='lat' dir='ltr'><strong>Valentino</strong></span> 
     </span>
    </p>
   </div>
   <div class='ocr_carea' id='block_1_47' title="bbox 283 4411 1853 4484">
    <p class='ocr_par' dir='ltr' id='par_1_47' title="bbox 283 4411 1853 4484">
     <span class='ocr_line' id='line_1_47' title="bbox 283 4411 1853 4484; baseline -0.001 -15"><span class='ocrx_word' id='word_1_191' title='bbox 283 4417 418 4469; x_wconf 86' lang='lat' dir='ltr'><strong>deos</strong></span> <span class='ocrx_word' id='word_1_192' title='bbox 442 4413 772 4474; x_wconf 80' lang='lat' dir='ltr'><strong>nominatos,</strong></span> <span class='ocrx_word' id='word_1_193' title='bbox 801 4411 896 4476; x_wconf 82' lang='grc' dir='ltr'><strong>οὓς</strong></span> <span class='ocrx_word' id='word_1_194' title='bbox 924 4413 1016 4465; x_wconf 76' lang='grc' dir='ltr'><strong>καὶ</strong></span> <span class='ocrx_word' id='word_1_195' title='bbox 1041 4411 1196 4474; x_wconf 87' lang='grc' dir='ltr'>θεοὺς</span> <span class='ocrx_word' id='word_1_196' title='bbox 1229 4411 1500 4482; x_wconf 76' lang='grc' dir='ltr'><strong>ὀνομάζει.</strong></span> <span class='ocrx_word' id='word_1_197' title='bbox 1533 4413 1624 4469; x_wconf 90' lang='lat' dir='ltr'><strong>Sic</strong></span> <span class='ocrx_word' id='word_1_198' title='bbox 1651 4417 1853 4484; x_wconf 87' lang='lat' dir='ltr'><strong>pariter</strong></span> 
     </span>
    </p>
   </div>
   <div class='ocr_carea' id='block_1_48' title="bbox 283 4492 1930 4577">
    <p class='ocr_par' dir='ltr' id='par_1_48' title="bbox 283 4492 1930 4577">
     <span class='ocr_line' id='line_1_48' title="bbox 283 4492 1930 4577; baseline -0.001 -13"><span class='ocrx_word' id='word_1_199' title='bbox 283 4507 550 4577; x_wconf 74' lang='lat' dir='ltr'><strong>Origenes</strong></span> <span class='ocrx_word' id='word_1_200' title='bbox 598 4505 746 4557; x_wconf 89' lang='lat' dir='ltr'><strong>hom.</strong></span> <span class='ocrx_word' id='word_1_201' title='bbox 793 4505 816 4557; x_wconf 88' lang='lat' dir='ltr'><strong>I</strong></span> <span class='ocrx_word' id='word_1_202' title='bbox 860 4505 916 4556; x_wconf 87' lang='lat' dir='ltr'><strong>in</strong></span> <span class='ocrx_word' id='word_1_203' title='bbox 965 4504 1058 4560; x_wconf 84' lang='lat' dir='ltr'><strong><em>tib.</em></strong></span> <span class='ocrx_word' id='word_1_204' title='bbox 1110 4504 1260 4576; x_wconf 82' lang='lat' dir='ltr'><strong><em>Reg.,</em></strong></span> <span class='ocrx_word' id='word_1_205' title='bbox 1313 4522 1436 4562; x_wconf 90' lang='lat' dir='ltr'><strong>cum</strong></span> <span class='ocrx_word' id='word_1_206' title='bbox 1484 4507 1709 4561; x_wconf 81' lang='lat' dir='ltr'><strong>Tertull.</strong></span> <span class='ocrx_word' id='word_1_207' title='bbox 1758 4510 1852 4564; x_wconf 74' lang='grc' dir='ltr'>ιιι».</span> <span class='ocrx_word' id='word_1_208' title='bbox 1887 4492 1930 4545; x_wconf 81' lang='grc' dir='ltr'>ι)</span> 
     </span>
    </p>
   </div>
   <div class='ocr_carea' id='block_1_49' title="bbox 286 4595 1854 4668">
    <p class='ocr_par' dir='ltr' id='par_1_49' title="bbox 286 4595 1854 4668">
     <span class='ocr_line' id='line_1_49' title="bbox 286 4595 1854 4668; baseline 0 -14"><span class='ocrx_word' id='word_1_209' title='bbox 286 4603 500 4654; x_wconf 82' lang='lat' dir='ltr'><strong>advers.</strong></span> <span class='ocrx_word' id='word_1_210' title='bbox 543 4595 782 4658; x_wconf 84' lang='lat' dir='ltr'><strong><em>Valent.,</em></strong></span> <span class='ocrx_word' id='word_1_211' title='bbox 837 4611 956 4664; x_wconf 82' lang='lat' dir='ltr'><strong>cap.</strong></span> <span class='ocrx_word' id='word_1_212' title='bbox 986 4597 1042 4664; x_wconf 91' lang='lat'><strong>8,</strong></span> <span class='ocrx_word' id='word_1_213' title='bbox 1076 4599 1276 4668; x_wconf 79' lang='lat' dir='ltr'><strong>Cyrillo</strong></span> <span class='ocrx_word' id='word_1_214' title='bbox 1309 4598 1522 4654; x_wconf 77' lang='lat' dir='ltr'><strong>Hiems.</strong></span> <span class='ocrx_word' id='word_1_215' title='bbox 1553 4598 1771 4654; x_wconf 84' lang='lat' dir='ltr'><strong><em>Caleclt.</em></strong></span> <span class='ocrx_word' id='word_1_216' title='bbox 1801 4603 1854 4666; x_wconf 80' lang='lat'><strong>6,</strong></span> 
     </span>
    </p>
   </div>
   <div class='ocr_carea' id='block_1_50' title="bbox 285 4687 1862 4749">
    <p class='ocr_par' dir='ltr' id='par_1_50' title="bbox 285 4687 1862 4749">
     <span class='ocr_line' id='line_1_50' title="bbox 285 4687 1862 4749; baseline 0.002 -7"><span class='ocrx_word' id='word_1_217' title='bbox 285 4698 346 4742; x_wconf 92' lang='lat' dir='ltr'><strong><em>et</em></strong></span> <span class='ocrx_word' id='word_1_218' title='bbox 389 4687 636 4749; x_wconf 86' lang='lat' dir='ltr'><strong>Pauiino,</strong></span> <span class='ocrx_word' id='word_1_219' title='bbox 668 4690 718 4741; x_wconf 93' lang='lat' dir='ltr'><strong>in</strong></span> <span class='ocrx_word' id='word_1_220' title='bbox 761 4687 877 4740; x_wconf 79' lang='grc' dir='ltr'>νιια</span> <span class='ocrx_word' id='word_1_221' title='bbox 909 4687 965 4743; x_wconf 82' lang='grc'><strong>8.</strong></span> <span class='ocrx_word' id='word_1_222' title='bbox 999 4691 1286 4744; x_wconf 76' lang='lat' dir='ltr'><strong><em>Ambrosii.</em></strong></span> <span class='ocrx_word' id='word_1_223' title='bbox 1341 4694 1410 4743; x_wconf 83' lang='lat' dir='ltr'><strong>At</strong></span> <span class='ocrx_word' id='word_1_224' title='bbox 1452 4706 1581 4745; x_wconf 87' lang='lat' dir='ltr'><strong>vero</strong></span> <span class='ocrx_word' id='word_1_225' title='bbox 1629 4692 1862 4745; x_wconf 84' lang='lat' dir='ltr'><strong>Ambro-</strong></span> 
     </span>
    </p>
   </div>
   <div class='ocr_carea' id='block_1_51' title="bbox 287 4778 1861 4846">
    <p class='ocr_par' dir='ltr' id='par_1_51' title="bbox 287 4778 1861 4846">
     <span class='ocr_line' id='line_1_51' title="bbox 287 4778 1861 4846; baseline 0.003 -15"><span class='ocrx_word' id='word_1_226' title='bbox 287 4779 409 4831; x_wconf 89' lang='lat' dir='ltr'><strong>sius</strong></span> <span class='ocrx_word' id='word_1_227' title='bbox 435 4779 544 4846; x_wconf 66' lang='lat' dir='ltr'><strong>ipse</strong></span> <span class='ocrx_word' id='word_1_228' title='bbox 576 4779 733 4843; x_wconf 84' lang='lat' dir='ltr'><strong><em>epist.</em></strong></span> <span class='ocrx_word' id='word_1_229' title='bbox 774 4778 842 4830; x_wconf 81' lang='grc'><strong>40</strong></span> <span class='ocrx_word' id='word_1_230' title='bbox 906 4794 1030 4832; x_wconf 85' lang='lat' dir='ltr'><strong>nov.</strong></span> <span class='ocrx_word' id='word_1_231' title='bbox 1068 4779 1303 4840; x_wconf 84' lang='lat' dir='ltr'><strong>edit.,ad</strong></span> <span class='ocrx_word' id='word_1_232' title='bbox 1352 4778 1714 4835; x_wconf 90' lang='lat' dir='ltr'><strong>Theodosium</strong></span> <span class='ocrx_word' id='word_1_233' title='bbox 1763 4783 1861 4835; x_wconf 89' lang='lat' dir='ltr'><strong>im-</strong></span> 
     </span>
    </p>
   </div>
   <div class='ocr_carea' id='block_1_52' title="bbox 289 4872 1860 4941">
    <p class='ocr_par' dir='ltr' id='par_1_52' title="bbox 289 4872 1860 4941">
     <span class='ocr_line' id='line_1_52' title="bbox 289 4872 1860 4941; baseline 0.001 -17"><span class='ocrx_word' id='word_1_234' title='bbox 289 4885 411 4940; x_wconf 87' lang='lat' dir='ltr'><strong><em>per.</em></strong></span> <span class='ocrx_word' id='word_1_235' title='bbox 445 4881 673 4937; x_wconf 87' lang='lat' dir='ltr'><strong>scrtpta,</strong></span> <span class='ocrx_word' id='word_1_236' title='bbox 719 4888 771 4923; x_wconf 82' lang='grc' dir='ltr'>ιι.</span> <span class='ocrx_word' id='word_1_237' title='bbox 811 4872 900 4934; x_wconf 85' lang='grc'><strong>16,</strong></span> <span class='ocrx_word' id='word_1_238' title='bbox 947 4872 1014 4925; x_wconf 89' lang='lat' dir='ltr'><strong>de</strong></span> <span class='ocrx_word' id='word_1_239' title='bbox 1055 4872 1275 4925; x_wconf 78' lang='lat' dir='ltr'><strong>nomine</strong></span> <span class='ocrx_word' id='word_1_240' title='bbox 1316 4873 1584 4926; x_wconf 83' lang='lat' dir='ltr'><strong>consentit</strong></span> <span class='ocrx_word' id='word_1_241' title='bbox 1620 4874 1860 4941; x_wconf 84' lang='lat' dir='ltr'><strong>quidem,</strong></span> 
     </span>
    </p>
   </div>
   <div class='ocr_carea' id='block_1_53' title="bbox 291 4960 1861 5035">
    <p class='ocr_par' dir='ltr' id='par_1_53' title="bbox 291 4960 1861 5035">
     <span class='ocr_line' id='line_1_53' title="bbox 291 4960 1861 5035; baseline 0.002 -19"><span class='ocrx_word' id='word_1_242' title='bbox 291 4961 364 5016; x_wconf 84' lang='lat' dir='ltr'><strong>de</strong></span> <span class='ocrx_word' id='word_1_243' title='bbox 395 4976 620 5014; x_wconf 87' lang='lat' dir='ltr'><strong>numero</strong></span> <span class='ocrx_word' id='word_1_244' title='bbox 654 4960 942 5016; x_wconf 85' lang='lat' dir='ltr'><strong><em>dissentire</em></strong></span> <span class='ocrx_word' id='word_1_245' title='bbox 993 4963 1232 5016; x_wconf 82' lang='lat' dir='ltr'><strong>videtur.</strong></span> <span class='ocrx_word' id='word_1_246' title='bbox 1277 4961 1439 5028; x_wconf 80' lang='lat' dir='ltr'><strong>Licet,</strong></span> <span class='ocrx_word' id='word_1_247' title='bbox 1489 4964 1685 5034; x_wconf 86' lang='lat' dir='ltr'><strong>inquit,</strong></span> <span class='ocrx_word' id='word_1_248' title='bbox 1738 4980 1861 5035; x_wconf 85' lang='lat' dir='ltr'><strong><em>gen-</em></strong></span> 
     </span>
    </p>
   </div>
   <div class='ocr_carea' id='block_1_54' title="bbox 292 5052 1862 5123">
    <p class='ocr_par' dir='ltr' id='par_1_54' title="bbox 292 5052 1862 5123">
     <span class='ocr_line' id='line_1_54' title="bbox 292 5052 1862 5123; baseline 0.002 -18"><span class='ocrx_word' id='word_1_249' title='bbox 292 5053 417 5105; x_wconf 87' lang='lat' dir='ltr'><strong><em>tites</em></strong></span> <span class='ocrx_word' id='word_1_250' title='bbox 470 5052 747 5104; x_wconf 81' lang='lat' dir='ltr'><strong>duodecim</strong></span> <span class='ocrx_word' id='word_1_251' title='bbox 798 5053 922 5106; x_wconf 77' lang='lat' dir='ltr'><strong><em>deos</em></strong></span> <span class='ocrx_word' id='word_1_252' title='bbox 971 5053 1253 5116; x_wconf 77' lang='lat' dir='ltr'><strong>appellent,</strong></span> <span class='ocrx_word' id='word_1_253' title='bbox 1311 5054 1401 5106; x_wconf 89' lang='lat' dir='ltr'><strong><em>isti</em></strong></span> <span class='ocrx_word' id='word_1_254' title='bbox 1446 5053 1862 5123; x_wconf 76' lang='lat' dir='ltr'><strong>(Valentiniani)</strong></span> 
     </span>
    </p>
   </div>
   <div class='ocr_carea' id='block_1_55' title="bbox 294 5143 1859 5213">
    <p class='ocr_par' dir='ltr' id='par_1_55' title="bbox 294 5143 1859 5213">
     <span class='ocr_line' id='line_1_55' title="bbox 294 5143 1859 5213; baseline 0.001 -17"><span class='ocrx_word' id='word_1_255' title='bbox 294 5145 516 5212; x_wconf 81' lang='lat' dir='ltr'><strong><em>triginta</em></strong></span> <span class='ocrx_word' id='word_1_256' title='bbox 556 5159 603 5196; x_wconf 86' lang='lat' dir='ltr'><strong>et</strong></span> <span class='ocrx_word' id='word_1_257' title='bbox 633 5145 766 5196; x_wconf 82' lang='lat' dir='ltr'><strong>duos</strong></span> <span class='ocrx_word' id='word_1_258' title='bbox 794 5143 1002 5197; x_wconf 71' lang='lat' dir='ltr'><strong><em>AEonas</em></strong></span> <span class='ocrx_word' id='word_1_259' title='bbox 1033 5144 1232 5209; x_wconf 87' lang='lat' dir='ltr'><strong>colunt,</strong></span> <span class='ocrx_word' id='word_1_260' title='bbox 1259 5161 1387 5213; x_wconf 88' lang='lat' dir='ltr'><strong>quos</strong></span> <span class='ocrx_word' id='word_1_261' title='bbox 1419 5146 1685 5213; x_wconf 86' lang='lat' dir='ltr'><strong><em>appellunt</em></strong></span> <span class='ocrx_word' id='word_1_262' title='bbox 1715 5149 1859 5200; x_wconf 87' lang='lat' dir='ltr'><strong>deos.</strong></span> 
     </span>
    </p>
   </div>
   <div class='ocr_carea' id='block_1_56' title="bbox 296 5237 1868 5308">
    <p class='ocr_par' dir='ltr' id='par_1_56' title="bbox 296 5237 1868 5308">
     <span class='ocr_line' id='line_1_56' title="bbox 296 5237 1868 5308; baseline 0.002 -18"><span class='ocrx_word' id='word_1_263' title='bbox 296 5237 396 5290; x_wconf 75' lang='lat' dir='ltr'><strong>Sic</strong></span> <span class='ocrx_word' id='word_1_264' title='bbox 439 5253 583 5290; x_wconf 78' lang='lat' dir='ltr'><strong>enim</strong></span> <span class='ocrx_word' id='word_1_265' title='bbox 634 5238 914 5307; x_wconf 81' lang='lat' dir='ltr'><strong>legendum</strong></span> <span class='ocrx_word' id='word_1_266' title='bbox 947 5253 1086 5301; x_wconf 83' lang='lat' dir='ltr'><strong>esse,</strong></span> <span class='ocrx_word' id='word_1_267' title='bbox 1133 5254 1238 5292; x_wconf 92' lang='lat' dir='ltr'><strong>non</strong></span> <span class='ocrx_word' id='word_1_268' title='bbox 1289 5241 1508 5308; x_wconf 84' lang='lat' dir='ltr'><strong><em>triginta</em></strong></span> <span class='ocrx_word' id='word_1_269' title='bbox 1554 5238 1778 5303; x_wconf 74' lang='lat' dir='ltr'><strong>AEones,</strong></span> <span class='ocrx_word' id='word_1_270' title='bbox 1810 5248 1868 5293; x_wconf 89' lang='lat' dir='ltr'><strong>ut</strong></span> 
     </span>
    </p>
   </div>
   <div class='ocr_carea' id='block_1_57' title="bbox 297 5329 1867 5397">
    <p class='ocr_par' dir='ltr' id='par_1_57' title="bbox 297 5329 1867 5397">
     <span class='ocr_line' id='line_1_57' title="bbox 297 5329 1867 5397; baseline 0.001 -15"><span class='ocrx_word' id='word_1_271' title='bbox 297 5330 550 5397; x_wconf 73' lang='lat' dir='ltr'><strong>legerunt</strong></span> <span class='ocrx_word' id='word_1_272' title='bbox 578 5330 813 5384; x_wconf 81' lang='lat' dir='ltr'><strong><em>editores</em></strong></span> <span class='ocrx_word' id='word_1_273' title='bbox 847 5329 1103 5394; x_wconf 83' lang='lat' dir='ltr'><strong>Romani,</strong></span> <span class='ocrx_word' id='word_1_274' title='bbox 1143 5331 1526 5384; x_wconf 87' lang='lat' dir='ltr'><strong>demonstrant</strong></span> <span class='ocrx_word' id='word_1_275' title='bbox 1568 5346 1719 5384; x_wconf 71' lang='lat' dir='ltr'><strong>nova:</strong></span> <span class='ocrx_word' id='word_1_276' title='bbox 1755 5332 1867 5386; x_wconf 89' lang='lat' dir='ltr'><strong>edi-</strong></span> 
     </span>
    </p>
   </div>
   <div class='ocr_carea' id='block_1_58' title="bbox 299 5423 1866 5479">
    <p class='ocr_par' dir='ltr' id='par_1_58' title="bbox 299 5423 1866 5479">
     <span class='ocr_line' id='line_1_58' title="bbox 299 5423 1866 5479; baseline 0.003 -5"><span class='ocrx_word' id='word_1_277' title='bbox 299 5425 466 5474; x_wconf 79' lang='grc' dir='ltr'>ιιοιιιε</span> <span class='ocrx_word' id='word_1_278' title='bbox 493 5431 740 5476; x_wconf 86' lang='lat' dir='ltr'><strong>auctores</strong></span> <span class='ocrx_word' id='word_1_279' title='bbox 765 5438 828 5474; x_wconf 83' lang='lat' dir='ltr'><strong>ex</strong></span> <span class='ocrx_word' id='word_1_280' title='bbox 861 5423 1108 5477; x_wconf 85' lang='lat' dir='ltr'><strong>unanimi</strong></span> <span class='ocrx_word' id='word_1_281' title='bbox 1140 5432 1379 5477; x_wconf 84' lang='lat' dir='ltr'><strong>veterum</strong></span> <span class='ocrx_word' id='word_1_282' title='bbox 1417 5439 1539 5477; x_wconf 90' lang='lat' dir='ltr'><strong>cum</strong></span> <span class='ocrx_word' id='word_1_283' title='bbox 1576 5438 1706 5479; x_wconf 87' lang='lat' dir='ltr'><strong>mss.</strong></span> <span class='ocrx_word' id='word_1_284' title='bbox 1751 5434 1866 5478; x_wconf 91' lang='lat' dir='ltr'><strong>tum</strong></span> 
     </span>
    </p>
   </div>
   <div class='ocr_carea' id='block_1_59' title="bbox 296 5515 1865 5584">
    <p class='ocr_par' dir='ltr' id='par_1_59' title="bbox 296 5515 1865 5584">
     <span class='ocr_line' id='line_1_59' title="bbox 296 5515 1865 5584; baseline 0.001 -16"><span class='ocrx_word' id='word_1_285' title='bbox 296 5515 459 5568; x_wconf 87' lang='lat' dir='ltr'><strong>editt.</strong></span> <span class='ocrx_word' id='word_1_286' title='bbox 485 5530 780 5568; x_wconf 80' lang='lat' dir='ltr'><strong>Consensu.</strong></span> <span class='ocrx_word' id='word_1_287' title='bbox 808 5515 914 5569; x_wconf 85' lang='lat' dir='ltr'><strong>Sed</strong></span> <span class='ocrx_word' id='word_1_288' title='bbox 948 5532 1070 5569; x_wconf 87' lang='lat' dir='ltr'><strong>cum</strong></span> <span class='ocrx_word' id='word_1_289' title='bbox 1102 5516 1358 5579; x_wconf 74' lang='lat' dir='ltr'><strong>Irenzeus,</strong></span> <span class='ocrx_word' id='word_1_290' title='bbox 1393 5516 1487 5570; x_wconf 89' lang='lat' dir='ltr'><strong>lib.</strong></span> <span class='ocrx_word' id='word_1_291' title='bbox 1534 5532 1595 5580; x_wconf 91' lang='lat' dir='ltr'><strong>II,</strong></span> <span class='ocrx_word' id='word_1_292' title='bbox 1629 5531 1748 5584; x_wconf 87' lang='lat' dir='ltr'><strong>cap.</strong></span> <span class='ocrx_word' id='word_1_293' title='bbox 1780 5517 1865 5580; x_wconf 74' lang='lat' dir='ltr'><strong>I2,</strong></span> 
     </span>
    </p>
   </div>
   <div class='ocr_carea' id='block_1_60' title="bbox 301 5606 1867 5676">
    <p class='ocr_par' dir='ltr' id='par_1_60' title="bbox 301 5606 1867 5676">
     <span class='ocr_line' id='line_1_60' title="bbox 301 5606 1867 5676; baseline 0.001 -17"><span class='ocrx_word' id='word_1_294' title='bbox 301 5624 358 5660; x_wconf 85' lang='grc' dir='ltr'>ιι.</span> <span class='ocrx_word' id='word_1_295' title='bbox 401 5606 450 5674; x_wconf 86' lang='lat'><strong>7,</strong></span> <span class='ocrx_word' id='word_1_296' title='bbox 488 5622 552 5660; x_wconf 81' lang='lat' dir='ltr'><strong>ex</strong></span> <span class='ocrx_word' id='word_1_297' title='bbox 605 5606 1108 5660; x_wconf 78' lang='lat' dir='ltr'><strong>Valentinianorum</strong></span> <span class='ocrx_word' id='word_1_298' title='bbox 1164 5608 1442 5676; x_wconf 86' lang='lat' dir='ltr'><strong>principiis</strong></span> <span class='ocrx_word' id='word_1_299' title='bbox 1485 5608 1709 5676; x_wconf 90' lang='lat' dir='ltr'><strong>probet,</strong></span> <span class='ocrx_word' id='word_1_300' title='bbox 1763 5624 1867 5661; x_wconf 86' lang='lat' dir='ltr'><strong><em>non</em></strong></span> 
     </span>
    </p>
   </div>
   <div class='ocr_carea' id='block_1_61' title="bbox 298 5697 1868 5767">
    <p class='ocr_par' dir='ltr' id='par_1_61' title="bbox 298 5697 1868 5767">
     <span class='ocr_line' id='line_1_61' title="bbox 298 5697 1868 5767; baseline 0 -17"><span class='ocrx_word' id='word_1_301' title='bbox 298 5697 472 5750; x_wconf 84' lang='lat' dir='ltr'><strong><em>solum</em></strong></span> <span class='ocrx_word' id='word_1_302' title='bbox 514 5700 730 5767; x_wconf 82' lang='lat' dir='ltr'><strong><em>triginta</em></strong></span> <span class='ocrx_word' id='word_1_303' title='bbox 781 5701 1087 5753; x_wconf 85' lang='lat' dir='ltr'><strong><em>emissiones</em></strong></span> <span class='ocrx_word' id='word_1_304' title='bbox 1145 5702 1427 5752; x_wconf 76' lang='lat' dir='ltr'><strong><em>secundum</em></strong></span> <span class='ocrx_word' id='word_1_305' title='bbox 1478 5699 1596 5751; x_wconf 86' lang='lat' dir='ltr'><strong><em>illos</em></strong></span> <span class='ocrx_word' id='word_1_306' title='bbox 1649 5698 1868 5752; x_wconf 83' lang='lat' dir='ltr'><strong><em>emissas</em></strong></span> 
     </span>
    </p>
   </div>
   <div class='ocr_carea' id='block_1_62' title="bbox 301 5789 1864 5860">
    <p class='ocr_par' dir='ltr' id='par_1_62' title="bbox 301 5789 1864 5860">
     <span class='ocr_line' id='line_1_62' title="bbox 301 5789 1864 5860; baseline -0.003 -14"><span class='ocrx_word' id='word_1_307' title='bbox 301 5807 435 5858; x_wconf 77' lang='lat' dir='ltr'><strong><em>esse,</em></strong></span> <span class='ocrx_word' id='word_1_308' title='bbox 487 5794 576 5845; x_wconf 78' lang='lat' dir='ltr'><strong>sed</strong></span> <span class='ocrx_word' id='word_1_309' title='bbox 607 5805 833 5860; x_wconf 76' lang='lat' dir='ltr'><strong>quatuor</strong></span> <span class='ocrx_word' id='word_1_310' title='bbox 866 5810 980 5845; x_wconf 70' lang='lat' dir='ltr'><strong>cum</strong></span> <span class='ocrx_word' id='word_1_311' title='bbox 1022 5792 1138 5845; x_wconf 82' lang='lat' dir='ltr'><strong><em>istis</em></strong></span> <span class='ocrx_word' id='word_1_312' title='bbox 1188 5807 1312 5854; x_wconf 78' lang='lat' dir='ltr'><strong>xxx,</strong></span> <span class='ocrx_word' id='word_1_313' title='bbox 1364 5789 1541 5842; x_wconf 82' lang='lat' dir='ltr'><strong>Iloron</strong></span> <span class='ocrx_word' id='word_1_314' title='bbox 1595 5789 1864 5855; x_wconf 75' lang='lat' dir='ltr'><strong>videlicet,</strong></span> 
     </span>
    </p>
   </div>
   <div class='ocr_carea' id='block_1_63' title="bbox 1934 611 3515 685">
    <p class='ocr_par' dir='ltr' id='par_1_63' title="bbox 1934 611 3515 685">
     <span class='ocr_line' id='line_1_63' title="bbox 1934 611 3515 685; baseline -0.006 -7"><span class='ocrx_word' id='word_1_315' title='bbox 1934 624 2302 685; x_wconf 78' lang='lat' dir='ltr'><strong>demonstrat;</strong></span> <span class='ocrx_word' id='word_1_316' title='bbox 2339 617 2475 671; x_wconf 86' lang='lat' dir='ltr'><strong>duos</strong></span> <span class='ocrx_word' id='word_1_317' title='bbox 2518 630 2585 670; x_wconf 83' lang='lat' dir='ltr'><strong>ex</strong></span> <span class='ocrx_word' id='word_1_318' title='bbox 2629 613 2748 671; x_wconf 86' lang='lat' dir='ltr'><strong><em>istis</em></strong></span> <span class='ocrx_word' id='word_1_319' title='bbox 2793 613 2970 684; x_wconf 87' lang='lat' dir='ltr'><strong>potuit</strong></span> <span class='ocrx_word' id='word_1_320' title='bbox 3019 611 3343 668; x_wconf 78' lang='lat' dir='ltr'><strong>Ambrosius</strong></span> <span class='ocrx_word' id='word_1_321' title='bbox 3389 611 3515 669; x_wconf 83' lang='lat' dir='ltr'><strong>aliis</strong></span> 
     </span>
    </p>
   </div>
   <div class='ocr_carea' id='block_1_64' title="bbox 1931 701 3514 782">
    <p class='ocr_par' dir='ltr' id='par_1_64' title="bbox 1931 701 3514 782">
     <span class='ocr_line' id='line_1_64' title="bbox 1931 701 3514 782; baseline -0.004 -17"><span class='ocrx_word' id='word_1_322' title='bbox 1931 710 2159 782; x_wconf 79' lang='lat' dir='ltr'><strong>triginta</strong></span> <span class='ocrx_word' id='word_1_323' title='bbox 2192 719 2501 762; x_wconf 84' lang='lat' dir='ltr'><strong>aceensere.</strong></span> <span class='ocrx_word' id='word_1_324' title='bbox 2534 701 2603 758; x_wconf 80' lang='lat' dir='ltr'><strong>At</strong></span> <span class='ocrx_word' id='word_1_325' title='bbox 2639 710 2699 757; x_wconf 86' lang='lat' dir='ltr'><strong>ut</strong></span> <span class='ocrx_word' id='word_1_326' title='bbox 2745 703 2813 760; x_wconf 88' lang='lat' dir='ltr'><strong>de</strong></span> <span class='ocrx_word' id='word_1_327' title='bbox 2849 701 3084 758; x_wconf 66' lang='lat' dir='ltr'><strong>Eanum</strong></span> <span class='ocrx_word' id='word_1_328' title='bbox 3137 712 3388 768; x_wconf 87' lang='lat' dir='ltr'><strong>numer‘o,</strong></span> <span class='ocrx_word' id='word_1_329' title='bbox 3419 703 3514 774; x_wconf 89' lang='lat' dir='ltr'><strong>qui</strong></span> 
     </span>
    </p>
   </div>
   <div class='ocr_carea' id='block_1_65' title="bbox 1933 791 3517 864">
    <p class='ocr_par' dir='ltr' id='par_1_65' title="bbox 1933 791 3517 864">
     <span class='ocr_line' id='line_1_65' title="bbox 1933 791 3517 864; baseline -0.004 -8"><span class='ocrx_word' id='word_1_330' title='bbox 1933 798 2154 856; x_wconf 89' lang='lat' dir='ltr'><strong>aliunde</strong></span> <span class='ocrx_word' id='word_1_331' title='bbox 2208 813 2276 853; x_wconf 80' lang='lat' dir='ltr'><strong>ex</strong></span> <span class='ocrx_word' id='word_1_332' title='bbox 2344 795 2587 861; x_wconf 67' lang='lat' dir='ltr'><strong>Irenaeo,</strong></span> <span class='ocrx_word' id='word_1_333' title='bbox 2660 791 3000 849; x_wconf 88' lang='lat' dir='ltr'><strong>Tertulliano</strong></span> <span class='ocrx_word' id='word_1_334' title='bbox 3069 794 3307 864; x_wconf 86' lang='lat' dir='ltr'><strong>aliisque</strong></span> <span class='ocrx_word' id='word_1_335' title='bbox 3381 793 3517 850; x_wconf 85' lang='lat' dir='ltr'><strong>satis</strong></span> 
     </span>
    </p>
   </div>
   <div class='ocr_carea' id='block_1_66' title="bbox 1935 882 3507 956">
    <p class='ocr_par' dir='ltr' id='par_1_66' title="bbox 1935 882 3507 956">
     <span class='ocr_line' id='line_1_66' title="bbox 1935 882 3507 956; baseline -0.006 -9"><span class='ocrx_word' id='word_1_336' title='bbox 1935 899 2173 956; x_wconf 86' lang='lat' dir='ltr'><strong>constat,</strong></span> <span class='ocrx_word' id='word_1_337' title='bbox 2237 887 2523 944; x_wconf 86' lang='lat' dir='ltr'><strong>dissentiat</strong></span> <span class='ocrx_word' id='word_1_338' title='bbox 2586 883 2947 948; x_wconf 85' lang='lat' dir='ltr'><strong>Ambrosius,</strong></span> <span class='ocrx_word' id='word_1_339' title='bbox 3002 882 3070 939; x_wconf 86' lang='lat' dir='ltr'><strong>de</strong></span> <span class='ocrx_word' id='word_1_340' title='bbox 3137 885 3312 938; x_wconf 90' lang='lat' dir='ltr'><strong>indito</strong></span> <span class='ocrx_word' id='word_1_341' title='bbox 3368 883 3507 952; x_wconf 82' lang='lat' dir='ltr'><strong><em>ipsis</em></strong></span> 
     </span>
    </p>
   </div>
   <div class='ocr_carea' id='block_1_67' title="bbox 1935 975 3519 1046">
    <p class='ocr_par' dir='ltr' id='par_1_67' title="bbox 1935 975 3519 1046">
     <span class='ocr_line' id='line_1_67' title="bbox 1935 975 3519 1046; baseline -0.005 -8"><span class='ocrx_word' id='word_1_342' title='bbox 1935 983 2164 1038; x_wconf 83' lang='lat' dir='ltr'><strong>deorum</strong></span> <span class='ocrx_word' id='word_1_343' title='bbox 2197 979 2421 1036; x_wconf 84' lang='lat' dir='ltr'><strong>nomine</strong></span> <span class='ocrx_word' id='word_1_344' title='bbox 2452 993 2576 1033; x_wconf 86' lang='lat' dir='ltr'><strong>cunt</strong></span> <span class='ocrx_word' id='word_1_345' title='bbox 2618 986 2783 1046; x_wconf 87' lang='lat' dir='ltr'><strong>supra</strong></span> <span class='ocrx_word' id='word_1_346' title='bbox 2821 975 3057 1035; x_wconf 83' lang='lat' dir='ltr'><strong>laudatis</strong></span> <span class='ocrx_word' id='word_1_347' title='bbox 3095 975 3354 1032; x_wconf 82' lang='lat' dir='ltr'><strong>Patribus</strong></span> <span class='ocrx_word' id='word_1_348' title='bbox 3385 990 3519 1031; x_wconf 88' lang='lat' dir='ltr'><strong>con-</strong></span> 
     </span>
    </p>
   </div>
   <div class='ocr_carea' id='block_1_68' title="bbox 1935 1077 2124 1130">
    <p class='ocr_par' dir='ltr' id='par_1_68' title="bbox 1935 1077 2124 1130">
     <span class='ocr_line' id='line_1_68' title="bbox 1935 1077 2124 1130; baseline -0.016 0"><span class='ocrx_word' id='word_1_349' title='bbox 1935 1077 2124 1130; x_wconf 86' lang='lat' dir='ltr'><strong>sentit.</strong></span> 
     </span>
    </p>
   </div>
   <div class='ocr_carea' id='block_1_69' title="bbox 2021 1153 3517 1219">
    <p class='ocr_par' dir='ltr' id='par_1_69' title="bbox 2021 1153 3517 1219">
     <span class='ocr_line' id='line_1_69' title="bbox 2021 1153 3517 1219; baseline -0.005 0"><span class='ocrx_word' id='word_1_350' title='bbox 2021 1165 2108 1219; x_wconf 85' lang='lat' dir='ltr'><strong>5l.</strong></span> <span class='ocrx_word' id='word_1_351' title='bbox 2136 1163 2206 1218; x_wconf 86' lang='lat' dir='ltr'><strong>At</strong></span> <span class='ocrx_word' id='word_1_352' title='bbox 2235 1159 2606 1218; x_wconf 78' lang='lat' dir='ltr'><strong>Valentiniani</strong></span> <span class='ocrx_word' id='word_1_353' title='bbox 2636 1153 2906 1215; x_wconf 58' lang='lat' dir='ltr'><strong>monibus</strong></span> <span class='ocrx_word' id='word_1_354' title='bbox 2929 1158 3042 1214; x_wconf 90' lang='lat' dir='ltr'><strong>suis</strong></span> <span class='ocrx_word' id='word_1_355' title='bbox 3074 1158 3297 1214; x_wconf 88' lang='lat' dir='ltr'><strong>deorum</strong></span> <span class='ocrx_word' id='word_1_356' title='bbox 3320 1170 3517 1212; x_wconf 88' lang='lat' dir='ltr'><strong>nomen</strong></span> 
     </span>
    </p>
   </div>
   <div class='ocr_carea' id='block_1_70' title="bbox 1937 1246 3517 1318">
    <p class='ocr_par' dir='ltr' id='par_1_70' title="bbox 1937 1246 3517 1318">
     <span class='ocr_line' id='line_1_70' title="bbox 1937 1246 3517 1318; baseline -0.006 -7"><span class='ocrx_word' id='word_1_357' title='bbox 1937 1255 2249 1318; x_wconf 86' lang='lat' dir='ltr'><strong>tribuerint,</strong></span> <span class='ocrx_word' id='word_1_358' title='bbox 2308 1267 2418 1308; x_wconf 88' lang='lat' dir='ltr'><strong>non</strong></span> <span class='ocrx_word' id='word_1_359' title='bbox 2480 1252 2612 1306; x_wconf 90' lang='lat' dir='ltr'><strong>inde</strong></span> <span class='ocrx_word' id='word_1_360' title='bbox 2678 1259 2861 1305; x_wconf 87' lang='lat' dir='ltr'><strong>tamen</strong></span> <span class='ocrx_word' id='word_1_361' title='bbox 2911 1246 3206 1304; x_wconf 81' lang='lat' dir='ltr'><strong>eﬂlcaciter</strong></span> <span class='ocrx_word' id='word_1_362' title='bbox 3259 1247 3517 1303; x_wconf 87' lang='lat' dir='ltr'><strong>concludi</strong></span> 
     </span>
    </p>
   </div>
   <div class='ocr_carea' id='block_1_71' title="bbox 1933 1333 3521 1419">
    <p class='ocr_par' dir='ltr' id='par_1_71' title="bbox 1933 1333 3521 1419">
     <span class='ocr_line' id='line_1_71' title="bbox 1933 1333 3521 1419; baseline -0.005 -16"><span class='ocrx_word' id='word_1_363' title='bbox 1933 1360 2094 1419; x_wconf 87' lang='lat' dir='ltr'><strong>posse</strong></span> <span class='ocrx_word' id='word_1_364' title='bbox 2123 1354 2331 1417; x_wconf 89' lang='lat' dir='ltr'><strong>putem,</strong></span> <span class='ocrx_word' id='word_1_365' title='bbox 2361 1359 2463 1401; x_wconf 90' lang='lat' dir='ltr'><strong>ceu</strong></span> <span class='ocrx_word' id='word_1_366' title='bbox 2502 1343 2725 1398; x_wconf 90' lang='lat' dir='ltr'><strong>totidem</strong></span> <span class='ocrx_word' id='word_1_367' title='bbox 2755 1333 2852 1396; x_wconf 86' lang='lat' dir='ltr'><strong>aut</strong></span> <span class='ocrx_word' id='word_1_368' title='bbox 2888 1350 3111 1396; x_wconf 87' lang='lat' dir='ltr'><strong>naturas</strong></span> <span class='ocrx_word' id='word_1_369' title='bbox 3143 1341 3382 1404; x_wconf 83' lang='lat' dir='ltr'><strong>divinas,</strong></span> <span class='ocrx_word' id='word_1_370' title='bbox 3424 1349 3521 1395; x_wconf 87' lang='lat' dir='ltr'><strong>aut</strong></span> 
     </span>
    </p>
   </div>
   <div class='ocr_carea' id='block_1_72' title="bbox 1935 1428 3518 1505">
    <p class='ocr_par' dir='ltr' id='par_1_72' title="bbox 1935 1428 3518 1505">
     <span class='ocr_line' id='line_1_72' title="bbox 1935 1428 3518 1505; baseline -0.003 -13"><span class='ocrx_word' id='word_1_371' title='bbox 1935 1439 2098 1493; x_wconf 86' lang='lat' dir='ltr'><strong>unius</strong></span> <span class='ocrx_word' id='word_1_372' title='bbox 2143 1447 2349 1492; x_wconf 87' lang='lat' dir='ltr'><strong>naturae</strong></span> <span class='ocrx_word' id='word_1_373' title='bbox 2395 1435 2594 1491; x_wconf 72' lang='lat' dir='ltr'><strong>divinae</strong></span> <span class='ocrx_word' id='word_1_374' title='bbox 2642 1445 2903 1504; x_wconf 80' lang='lat' dir='ltr'><strong>personas</strong></span> <span class='ocrx_word' id='word_1_375' title='bbox 2951 1434 3020 1487; x_wconf 87' lang='lat' dir='ltr'><strong>ab</strong></span> <span class='ocrx_word' id='word_1_376' title='bbox 3065 1428 3336 1505; x_wconf 78' lang='lat' dir='ltr'><strong>[XXXIII]</strong></span> <span class='ocrx_word' id='word_1_377' title='bbox 3386 1431 3518 1502; x_wconf 82' lang='lat' dir='ltr'><strong><em>ipsis</em></strong></span> 
     </span>
    </p>
   </div>
   <div class='ocr_carea' id='block_1_73' title="bbox 1935 1524 3517 1594">
    <p class='ocr_par' dir='ltr' id='par_1_73' title="bbox 1935 1524 3517 1594">
     <span class='ocr_line' id='line_1_73' title="bbox 1935 1524 3517 1594; baseline -0.004 -9"><span class='ocrx_word' id='word_1_378' title='bbox 1935 1530 2155 1586; x_wconf 86' lang='lat' dir='ltr'><strong>habitos</strong></span> <span class='ocrx_word' id='word_1_379' title='bbox 2185 1528 2372 1584; x_wconf 80' lang='lat' dir='ltr'><strong>fuisse.</strong></span> <span class='ocrx_word' id='word_1_380' title='bbox 2427 1527 2483 1583; x_wconf 93' lang='lat' dir='ltr'><strong>Si</strong></span> <span class='ocrx_word' id='word_1_381' title='bbox 2531 1528 2676 1582; x_wconf 83' lang='lat' dir='ltr'><strong>enim</strong></span> <span class='ocrx_word' id='word_1_382' title='bbox 2723 1525 3033 1582; x_wconf 91' lang='lat' dir='ltr'><strong>hominibus</strong></span> <span class='ocrx_word' id='word_1_383' title='bbox 3065 1525 3230 1593; x_wconf 88' lang='lat' dir='ltr'><strong>jnstis</strong></span> <span class='ocrx_word' id='word_1_384' title='bbox 3277 1540 3339 1578; x_wconf 90' lang='lat' dir='ltr'><strong>ac</strong></span> <span class='ocrx_word' id='word_1_385' title='bbox 3389 1524 3517 1594; x_wconf 82' lang='lat' dir='ltr'><strong>piis,</strong></span> 
     </span>
    </p>
   </div>
   <div class='ocr_carea' id='block_1_74' title="bbox 1939 1615 3518 1692">
    <p class='ocr_par' dir='ltr' id='par_1_74' title="bbox 1939 1615 3518 1692">
     <span class='ocr_line' id='line_1_74' title="bbox 1939 1615 3518 1692; baseline -0.005 -16"><span class='ocrx_word' id='word_1_386' title='bbox 1939 1620 2286 1692; x_wconf 88' lang='lat' dir='ltr'><strong>principibus</strong></span> <span class='ocrx_word' id='word_1_387' title='bbox 2314 1634 2379 1673; x_wconf 92' lang='lat' dir='ltr'><strong>ac</strong></span> <span class='ocrx_word' id='word_1_388' title='bbox 2403 1616 2813 1690; x_wconf 81' lang='lat' dir='ltr'><strong>magistratibus</strong></span> <span class='ocrx_word' id='word_1_389' title='bbox 2841 1617 3143 1684; x_wconf 82' lang='lat' dir='ltr'><strong>ascriptum</strong></span> <span class='ocrx_word' id='word_1_390' title='bbox 3173 1617 3226 1669; x_wconf 90' lang='lat' dir='ltr'><strong>in</strong></span> <span class='ocrx_word' id='word_1_391' title='bbox 3264 1615 3518 1684; x_wconf 82' lang='lat' dir='ltr'><strong>Scriptu-</strong></span> 
     </span>
    </p>
   </div>
   <div class='ocr_carea' id='block_1_75' title="bbox 1937 1702 3520 1781">
    <p class='ocr_par' dir='ltr' id='par_1_75' title="bbox 1937 1702 3520 1781">
     <span class='ocr_line' id='line_1_75' title="bbox 1937 1702 3520 1781; baseline -0.004 -16"><span class='ocrx_word' id='word_1_392' title='bbox 1937 1710 2017 1766; x_wconf 88' lang='lat' dir='ltr'><strong><em>ris</em></strong></span> <span class='ocrx_word' id='word_1_393' title='bbox 2051 1707 2384 1781; x_wconf 78' lang='lat' dir='ltr'><strong>quandbque</strong></span> <span class='ocrx_word' id='word_1_394' title='bbox 2432 1708 2526 1762; x_wconf 88' lang='lat' dir='ltr'><strong>Dei</strong></span> <span class='ocrx_word' id='word_1_395' title='bbox 2585 1720 2815 1773; x_wconf 91' lang='lat' dir='ltr'><strong>nomen;</strong></span> <span class='ocrx_word' id='word_1_396' title='bbox 2865 1715 3096 1775; x_wconf 80' lang='lat' dir='ltr'><strong>powere</strong></span> <span class='ocrx_word' id='word_1_397' title='bbox 3142 1702 3520 1760; x_wconf 86' lang='lat' dir='ltr'><strong>Valentiniani</strong></span> 
     </span>
    </p>
   </div>
   <div class='ocr_carea' id='block_1_76' title="bbox 1866 1795 3518 1873">
    <p class='ocr_par' dir='ltr' id='par_1_76' title="bbox 1866 1795 3518 1873">
     <span class='ocr_line' id='line_1_76' title="bbox 1866 1795 3518 1873; baseline -0.004 -16"><span class='ocrx_word' id='word_1_398' title='bbox 1866 1815 1913 1873; x_wconf 75' lang='grc' dir='ltr'><strong>Β</strong></span> <span class='ocrx_word' id='word_1_399' title='bbox 1940 1800 2264 1857; x_wconf 82' lang='lat' dir='ltr'><strong>substantiis</strong></span> <span class='ocrx_word' id='word_1_400' title='bbox 2301 1800 2662 1870; x_wconf 85' lang='lat' dir='ltr'><strong>quibusdam,</strong></span> <span class='ocrx_word' id='word_1_401' title='bbox 2706 1800 2818 1855; x_wconf 91' lang='lat' dir='ltr'><strong>Deo</strong></span> <span class='ocrx_word' id='word_1_402' title='bbox 2867 1798 3090 1867; x_wconf 82' lang='lat' dir='ltr'><strong>quidem</strong></span> <span class='ocrx_word' id='word_1_403' title='bbox 3137 1795 3518 1862; x_wconf 78' lang='lat' dir='ltr'><strong>interioribus,</strong></span> 
     </span>
    </p>
   </div>
   <div class='ocr_carea' id='block_1_77' title="bbox 1940 1886 3522 1963">
    <p class='ocr_par' dir='ltr' id='par_1_77' title="bbox 1940 1886 3522 1963">
     <span class='ocr_line' id='line_1_77' title="bbox 1940 1886 3522 1963; baseline -0.008 -11"><span class='ocrx_word' id='word_1_404' title='bbox 1940 1895 2036 1952; x_wconf 88' lang='lat' dir='ltr'><strong><em>sed</em></strong></span> <span class='ocrx_word' id='word_1_405' title='bbox 2066 1893 2278 1950; x_wconf 66' lang='lat' dir='ltr'><strong>caneris</strong></span> <span class='ocrx_word' id='word_1_406' title='bbox 2303 1892 2720 1963; x_wconf 88' lang='lat' dir='ltr'><strong>quibuscunque</strong></span> <span class='ocrx_word' id='word_1_407' title='bbox 2767 1891 2933 1946; x_wconf 88' lang='lat' dir='ltr'><strong>rebus</strong></span> <span class='ocrx_word' id='word_1_408' title='bbox 2976 1888 3179 1943; x_wconf 85' lang='lat' dir='ltr'><strong>creatis</strong></span> <span class='ocrx_word' id='word_1_409' title='bbox 3217 1886 3522 1957; x_wconf 86' lang='lat' dir='ltr'><strong>superiori-</strong></span> 
     </span>
    </p>
   </div>
   <div class='ocr_carea' id='block_1_78' title="bbox 1937 1977 3519 2054">
    <p class='ocr_par' dir='ltr' id='par_1_78' title="bbox 1937 1977 3519 2054">
     <span class='ocr_line' id='line_1_78' title="bbox 1937 1977 3519 2054; baseline -0.004 -13"><span class='ocrx_word' id='word_1_410' title='bbox 1937 1987 2064 2054; x_wconf 84' lang='lat' dir='ltr'><strong>bus,</strong></span> <span class='ocrx_word' id='word_1_411' title='bbox 2100 1988 2290 2041; x_wconf 85' lang='lat' dir='ltr'><strong>eodem</strong></span> <span class='ocrx_word' id='word_1_412' title='bbox 2316 1984 2491 2039; x_wconf 78' lang='lat' dir='ltr'><strong>ferme</strong></span> <span class='ocrx_word' id='word_1_413' title='bbox 2517 1997 2680 2039; x_wconf 90' lang='lat' dir='ltr'><strong>sensu</strong></span> <span class='ocrx_word' id='word_1_414' title='bbox 2706 1981 3005 2038; x_wconf 88' lang='lat' dir='ltr'><strong>ascribere.</strong></span> <span class='ocrx_word' id='word_1_415' title='bbox 3034 1979 3198 2035; x_wconf 88' lang='lat' dir='ltr'><strong>Certe</strong></span> <span class='ocrx_word' id='word_1_416' title='bbox 3231 1977 3519 2048; x_wconf 86' lang='lat' dir='ltr'><strong>Synesius,</strong></span> 
     </span>
    </p>
   </div>
   <div class='ocr_carea' id='block_1_79' title="bbox 1940 2067 3523 2146">
    <p class='ocr_par' dir='ltr' id='par_1_79' title="bbox 1940 2067 3523 2146">
     <span class='ocr_line' id='line_1_79' title="bbox 1940 2067 3523 2146; baseline -0.005 -16"><span class='ocrx_word' id='word_1_417' title='bbox 1940 2075 2144 2146; x_wconf 78' lang='lat' dir='ltr'><strong>hymno</strong></span> <span class='ocrx_word' id='word_1_418' title='bbox 2181 2089 2246 2129; x_wconf 88' lang='grc' dir='ltr'><strong>ιιι</strong></span> <span class='ocrx_word' id='word_1_419' title='bbox 2293 2074 2406 2144; x_wconf 87' lang='lat' dir='ltr'><strong>jam</strong></span> <span class='ocrx_word' id='word_1_420' title='bbox 2429 2075 2620 2140; x_wconf 89' lang='lat' dir='ltr'><strong>citato,</strong></span> <span class='ocrx_word' id='word_1_421' title='bbox 2643 2071 2866 2142; x_wconf 77' lang='lat' dir='ltr'><strong>angelos</strong></span> <span class='ocrx_word' id='word_1_422' title='bbox 2907 2069 3028 2140; x_wconf 88' lang='lat' dir='ltr'><strong>plus</strong></span> <span class='ocrx_word' id='word_1_423' title='bbox 3055 2067 3221 2122; x_wconf 88' lang='lat' dir='ltr'><strong>semel</strong></span> <span class='ocrx_word' id='word_1_424' title='bbox 3260 2081 3325 2123; x_wconf 89' lang='lat' dir='ltr'><strong>eo</strong></span> <span class='ocrx_word' id='word_1_425' title='bbox 3360 2081 3523 2123; x_wconf 87' lang='lat' dir='ltr'><strong>sensu</strong></span> 
     </span>
    </p>
   </div>
   <div class='ocr_carea' id='block_1_80' title="bbox 1941 2161 3308 2224">
    <p class='ocr_par' dir='ltr' id='par_1_80' title="bbox 1941 2161 3308 2224">
     <span class='ocr_line' id='line_1_80' title="bbox 1941 2161 3308 2224; baseline -0.01 0"><span class='ocrx_word' id='word_1_426' title='bbox 1941 2167 2074 2224; x_wconf 87' lang='lat' dir='ltr'><strong>deos</strong></span> <span class='ocrx_word' id='word_1_427' title='bbox 2095 2177 2274 2224; x_wconf 85' lang='lat' dir='ltr'><strong>vocat.</strong></span> <span class='ocrx_word' id='word_1_428' title='bbox 2304 2166 2396 2222; x_wconf 88' lang='lat' dir='ltr'><strong>Sic</strong></span> <span class='ocrx_word' id='word_1_429' title='bbox 2426 2165 2574 2220; x_wconf 88' lang='lat' dir='ltr'><strong>enim</strong></span> <span class='ocrx_word' id='word_1_430' title='bbox 2607 2164 2775 2221; x_wconf 88' lang='lat' dir='ltr'><strong>Deum</strong></span> <span class='ocrx_word' id='word_1_431' title='bbox 2805 2161 3022 2218; x_wconf 87' lang='lat' dir='ltr'><strong>Patrem</strong></span> <span class='ocrx_word' id='word_1_432' title='bbox 3056 2161 3257 2215; x_wconf 69' lang='lat' dir='ltr'><strong>aﬂatur</strong></span> <span class='ocrx_word' id='word_1_433' title='bbox 3291 2192 3308 2211; x_wconf 92' lang='lat'><strong>.</strong></span> 
     </span>
    </p>
   </div>
   <div class='ocr_carea' id='block_1_81' title="bbox 2288 2279 2638 2347">
    <p class='ocr_par' dir='ltr' id='par_1_81' title="bbox 2288 2279 2638 2347">
     <span class='ocr_line' id='line_1_81' title="bbox 2288 2279 2638 2347; baseline -0.009 -13"><span class='ocrx_word' id='word_1_434' title='bbox 2288 2279 2638 2347; x_wconf 75' lang='grc' dir='ltr'><strong>Αιωνοτόκε,</strong></span> 
     </span>
    </p>
   </div>
   <div class='ocr_carea' id='block_1_82' title="bbox 2293 2349 2589 2403">
    <p class='ocr_par' dir='ltr' id='par_1_82' title="bbox 2293 2349 2589 2403">
     <span class='ocr_line' id='line_1_82' title="bbox 2293 2349 2589 2403; baseline -0.003 0"><span class='ocrx_word' id='word_1_435' title='bbox 2293 2349 2589 2403; x_wconf 75' lang='grc' dir='ltr'><strong>Λεωνόϐιε.</strong></span> 
     </span>
    </p>
   </div>
   <div class='ocr_carea' id='block_1_83' title="bbox 2279 2414 2784 2474">
    <p class='ocr_par' dir='ltr' id='par_1_83' title="bbox 2279 2414 2784 2474">
     <span class='ocr_line' id='line_1_83' title="bbox 2279 2414 2784 2474; baseline -0.01 0"><span class='ocrx_word' id='word_1_436' title='bbox 2279 2417 2592 2474; x_wconf 80' lang='grc' dir='ltr'><strong>Ἐπέκεινα</strong></span> <span class='ocrx_word' id='word_1_437' title='bbox 2616 2414 2784 2471; x_wconf 86' lang='grc' dir='ltr'><strong>θεῶν.</strong></span> 
     </span>
    </p>
   </div>
   <div class='ocr_carea' id='block_1_84' title="bbox 2312 2487 2866 2545">
    <p class='ocr_par' dir='ltr' id='par_1_84' title="bbox 2312 2487 2866 2545">
     <span class='ocr_line' id='line_1_84' title="bbox 2312 2487 2866 2545; baseline -0.009 -2"><span class='ocrx_word' id='word_1_438' title='bbox 2312 2488 2623 2543; x_wconf 82' lang='grc' dir='ltr'><strong>Ἐπέκεινα</strong></span> <span class='ocrx_word' id='word_1_439' title='bbox 2643 2487 2866 2545; x_wconf 72' lang='grc' dir='ltr'><strong>γόων...</strong></span> 
     </span>
    </p>
   </div>
   <div class='ocr_carea' id='block_1_85' title="bbox 2310 2554 2753 2628">
    <p class='ocr_par' dir='ltr' id='par_1_85' title="bbox 2310 2554 2753 2628">
     <span class='ocr_line' id='line_1_85' title="bbox 2310 2554 2753 2628; baseline 0.007 -3"><span class='ocrx_word' id='word_1_440' title='bbox 2310 2558 2552 2628; x_wconf 77' lang='grc' dir='ltr'><strong>Ἀρχητὲ</strong></span> <span class='ocrx_word' id='word_1_441' title='bbox 2585 2554 2753 2628; x_wconf 62' lang='grc' dir='ltr'><strong>θεῶκν</strong></span> 
     </span>
    </p>
   </div>
   <div class='ocr_carea' id='block_1_86' title="bbox 2296 2625 2763 2695">
    <p class='ocr_par' dir='ltr' id='par_1_86' title="bbox 2296 2625 2763 2695">
     <span class='ocr_line' id='line_1_86' title="bbox 2296 2625 2763 2695; baseline -0.006 -14"><span class='ocrx_word' id='word_1_442' title='bbox 2296 2625 2763 2695; x_wconf 70' lang='grc' dir='ltr'><strong>Πνὲυματοεργὲ,</strong></span> 
     </span>
    </p>
   </div>
   <div class='ocr_carea' id='block_1_87' title="bbox 2296 2697 2794 2766">
    <p class='ocr_par' dir='ltr' id='par_1_87' title="bbox 2296 2697 2794 2766">
     <span class='ocr_line' id='line_1_87' title="bbox 2296 2697 2794 2766; baseline -0.008 -15"><span class='ocrx_word' id='word_1_443' title='bbox 2296 2698 2404 2751; x_wconf 78' lang='grc' dir='ltr'><strong>Καὶ</strong></span> <span class='ocrx_word' id='word_1_444' title='bbox 2430 2697 2794 2766; x_wconf 61' lang='grc' dir='ltr'><strong>ψυχοτρόφε.</strong></span> 
     </span>
    </p>
   </div>
   <div class='ocr_carea' id='block_1_88' title="bbox 2303 2788 2870 2856">
    <p class='ocr_par' dir='ltr' id='par_1_88' title="bbox 2303 2788 2870 2856">
     <span class='ocr_line' id='line_1_88' title="bbox 2303 2788 2870 2856; baseline -0.005 -11"><span class='ocrx_word' id='word_1_445' title='bbox 2303 2788 2630 2844; x_wconf 75' lang='lat' dir='ltr'><strong><em>chntorum</em></strong></span> <span class='ocrx_word' id='word_1_446' title='bbox 2659 2804 2870 2856; x_wconf 84' lang='lat' dir='ltr'><strong><em>parens,</em></strong></span> 
     </span>
    </p>
   </div>
   <div class='ocr_carea' id='block_1_89' title="bbox 2303 2859 2789 2924">
    <p class='ocr_par' dir='ltr' id='par_1_89' title="bbox 2303 2859 2789 2924">
     <span class='ocr_line' id='line_1_89' title="bbox 2303 2859 2789 2924; baseline -0.006 -11"><span class='ocrx_word' id='word_1_447' title='bbox 2303 2859 2630 2914; x_wconf 75' lang='lat' dir='ltr'><strong>Saeculorum</strong></span> <span class='ocrx_word' id='word_1_448' title='bbox 2660 2859 2789 2924; x_wconf 78' lang='lat' dir='ltr'><strong><em>vita,</em></strong></span> 
     </span>
    </p>
   </div>
   <div class='ocr_carea' id='block_1_90' title="bbox 2312 2929 2755 2997">
    <p class='ocr_par' dir='ltr' id='par_1_90' title="bbox 2312 2929 2755 2997">
     <span class='ocr_line' id='line_1_90' title="bbox 2312 2929 2755 2997; baseline -0.002 -15"><span class='ocrx_word' id='word_1_449' title='bbox 2312 2932 2580 2997; x_wconf 83' lang='lat' dir='ltr'><strong><em>Superans</em></strong></span> <span class='ocrx_word' id='word_1_450' title='bbox 2610 2929 2755 2989; x_wconf 85' lang='lat' dir='ltr'><strong>deos,</strong></span> 
     </span>
    </p>
   </div>
   <div class='ocr_carea' id='block_1_91' title="bbox 2308 2998 2962 3067">
    <p class='ocr_par' dir='ltr' id='par_1_91' title="bbox 2308 2998 2962 3067">
     <span class='ocr_line' id='line_1_91' title="bbox 2308 2998 2962 3067; baseline -0.002 -14"><span class='ocrx_word' id='word_1_451' title='bbox 2308 2998 2574 3067; x_wconf 76' lang='lat' dir='ltr'><strong><em>Superatis</em></strong></span> <span class='ocrx_word' id='word_1_452' title='bbox 2610 3009 2962 3055; x_wconf 86' lang='lat' dir='ltr'><strong><em>mentes.......</em></strong></span> 
     </span>
    </p>
   </div>
   <div class='ocr_carea' id='block_1_92' title="bbox 2313 3067 3019 3138">
    <p class='ocr_par' dir='ltr' id='par_1_92' title="bbox 2313 3067 3019 3138">
     <span class='ocr_line' id='line_1_92' title="bbox 2313 3067 3019 3138; baseline 0.004 -18"><span class='ocrx_word' id='word_1_453' title='bbox 2313 3067 2581 3138; x_wconf 81' lang='lat' dir='ltr'><strong><em>Originem</em></strong></span> <span class='ocrx_word' id='word_1_454' title='bbox 2618 3071 2852 3137; x_wconf 71' lang='lat' dir='ltr'><strong><em>praebens</em></strong></span> <span class='ocrx_word' id='word_1_455' title='bbox 2893 3070 3019 3137; x_wconf 78' lang='lat' dir='ltr'><strong><em>diis,</em></strong></span> 
     </span>
    </p>
   </div>
   <div class='ocr_carea' id='block_1_93' title="bbox 2307 3137 2826 3208">
    <p class='ocr_par' dir='ltr' id='par_1_93' title="bbox 2307 3137 2826 3208">
     <span class='ocr_line' id='line_1_93' title="bbox 2307 3137 2826 3208; baseline 0.004 -18"><span class='ocrx_word' id='word_1_456' title='bbox 2307 3137 2600 3208; x_wconf 70' lang='lat' dir='ltr'><strong><em>Spiriluum</em></strong></span> <span class='ocrx_word' id='word_1_457' title='bbox 2629 3139 2826 3208; x_wconf 75' lang='lat' dir='ltr'><strong>opifex,</strong></span> 
     </span>
    </p>
   </div>
   <div class='ocr_carea' id='block_1_94' title="bbox 2305 3207 2909 3262">
    <p class='ocr_par' dir='ltr' id='par_1_94' title="bbox 2305 3207 2909 3262">
     <span class='ocr_line' id='line_1_94' title="bbox 2305 3207 2909 3262; baseline -0.003 -1"><span class='ocrx_word' id='word_1_458' title='bbox 2305 3207 2374 3261; x_wconf 90' lang='lat' dir='ltr'><strong><em>Et</em></strong></span> <span class='ocrx_word' id='word_1_459' title='bbox 2397 3207 2694 3262; x_wconf 82' lang='lat' dir='ltr'><strong><em>animarum</em></strong></span> <span class='ocrx_word' id='word_1_460' title='bbox 2729 3208 2909 3262; x_wconf 85' lang='lat' dir='ltr'><strong><em>alitor.</em></strong></span> 
     </span>
    </p>
   </div>
   <div class='ocr_carea' id='block_1_95' title="bbox 1951 3324 2278 3392">
    <p class='ocr_par' dir='ltr' id='par_1_95' title="bbox 1951 3324 2278 3392">
     <span class='ocr_line' id='line_1_95' title="bbox 1951 3324 2278 3392; baseline -0.003 -14"><span class='ocrx_word' id='word_1_461' title='bbox 1951 3324 2016 3378; x_wconf 88' lang='lat' dir='ltr'><strong>Et</strong></span> <span class='ocrx_word' id='word_1_462' title='bbox 2046 3335 2228 3392; x_wconf 69' lang='lat' dir='ltr'><strong>po~tea</strong></span> <span class='ocrx_word' id='word_1_463' title='bbox 2264 3339 2278 3377; x_wconf 88' lang='lat'><strong>:</strong></span> 
     </span>
    </p>
   </div>
   <div class='ocr_carea' id='block_1_96' title="bbox 2300 3413 2920 3482">
    <p class='ocr_par' dir='ltr' id='par_1_96' title="bbox 2300 3413 2920 3482">
     <span class='ocr_line' id='line_1_96' title="bbox 2300 3413 2920 3482; baseline -0.006 -14"><span class='ocrx_word' id='word_1_464' title='bbox 2300 3416 2394 3472; x_wconf 84' lang='grc' dir='ltr'><strong>Σὲ,</strong></span> <span class='ocrx_word' id='word_1_465' title='bbox 2439 3414 2620 3480; x_wconf 80' lang='grc' dir='ltr'><em>πάτερ</em></span> <span class='ocrx_word' id='word_1_466' title='bbox 2658 3413 2920 3482; x_wconf 81' lang='grc' dir='ltr'><em>κόσμων,</em></span> 
     </span>
    </p>
   </div>
   <div class='ocr_carea' id='block_1_97' title="bbox 2302 3483 2764 3551">
    <p class='ocr_par' dir='ltr' id='par_1_97' title="bbox 2302 3483 2764 3551">
     <span class='ocr_line' id='line_1_97' title="bbox 2302 3483 2764 3551; baseline -0.004 -14"><span class='ocrx_word' id='word_1_467' title='bbox 2302 3486 2493 3551; x_wconf 75' lang='grc' dir='ltr'><strong>Πάτερ</strong></span> <span class='ocrx_word' id='word_1_468' title='bbox 2517 3483 2764 3546; x_wconf 73' lang='grc' dir='ltr'><strong>αἰώνων,</strong></span> 
     </span>
    </p>
   </div>
   <div class='ocr_carea' id='block_1_98' title="bbox 2299 3551 2795 3623">
    <p class='ocr_par' dir='ltr' id='par_1_98' title="bbox 2299 3551 2795 3623">
     <span class='ocr_line' id='line_1_98' title="bbox 2299 3551 2795 3623; baseline -0.006 -16"><span class='ocrx_word' id='word_1_469' title='bbox 2299 3562 2338 3607; x_wconf 82' lang='grc' dir='ltr'><em>Α</em></span> <span class='ocrx_word' id='word_1_470' title='bbox 2350 3553 2602 3623; x_wconf 73' lang='grc' dir='ltr'><strong>ὑτουργὲ</strong></span> <span class='ocrx_word' id='word_1_471' title='bbox 2626 3551 2795 3615; x_wconf 83' lang='grc' dir='ltr'><em>θεῶν,</em></span> 
     </span>
    </p>
   </div>
   <div class='ocr_carea' id='block_1_99' title="bbox 2302 3623 2774 3690">
    <p class='ocr_par' dir='ltr' id='par_1_99' title="bbox 2302 3623 2774 3690">
     <span class='ocr_line' id='line_1_99' title="bbox 2302 3623 2774 3690; baseline -0.002 -14"><span class='ocrx_word' id='word_1_472' title='bbox 2302 3623 2532 3690; x_wconf 75' lang='grc' dir='ltr'><strong>Εὺαγὲς</strong></span> <span class='ocrx_word' id='word_1_473' title='bbox 2565 3623 2774 3676; x_wconf 66' lang='grc' dir='ltr'><strong>αἰνεῖν.</strong></span> 
     </span>
    </p>
   </div>
   <div class='ocr_carea' id='block_1_100' title="bbox 2301 3692 2796 3760">
    <p class='ocr_par' dir='ltr' id='par_1_100' title="bbox 2301 3692 2796 3760">
     <span class='ocr_line' id='line_1_100' title="bbox 2301 3692 2796 3760; baseline -0.002 -13"><span class='ocrx_word' id='word_1_474' title='bbox 2301 3694 2377 3747; x_wconf 83' lang='grc' dir='ltr'><strong>Σὲ</strong></span> <span class='ocrx_word' id='word_1_475' title='bbox 2397 3694 2512 3760; x_wconf 80' lang='grc' dir='ltr'><strong>μὲν</strong></span> <span class='ocrx_word' id='word_1_476' title='bbox 2532 3696 2583 3746; x_wconf 77' lang='lat' dir='ltr'><strong>cl</strong></span> <span class='ocrx_word' id='word_1_477' title='bbox 2604 3692 2796 3760; x_wconf 78' lang='grc' dir='ltr'><em>νοεροὶ</em></span> 
     </span>
    </p>
   </div>
   <div class='ocr_carea' id='block_1_101' title="bbox 2306 3761 2890 3827">
    <p class='ocr_par' dir='ltr' id='par_1_101' title="bbox 2306 3761 2890 3827">
     <span class='ocr_line' id='line_1_101' title="bbox 2306 3761 2890 3827; baseline -0.002 -12"><span class='ocrx_word' id='word_1_478' title='bbox 2306 3765 2675 3827; x_wconf 71' lang='grc' dir='ltr'><strong>Μέλπουσιν,</strong></span> <span class='ocrx_word' id='word_1_479' title='bbox 2717 3761 2890 3827; x_wconf 76' lang='grc' dir='ltr'><em>ἅναξ.</em></span> 
     </span>
    </p>
   </div>
   <div class='ocr_carea' id='block_1_102' title="bbox 2303 3831 2800 3902">
    <p class='ocr_par' dir='ltr' id='par_1_102' title="bbox 2303 3831 2800 3902">
     <span class='ocr_line' id='line_1_102' title="bbox 2303 3831 2800 3902; baseline -0.002 -16"><span class='ocrx_word' id='word_1_480' title='bbox 2303 3833 2382 3886; x_wconf 84' lang='grc' dir='ltr'><strong>Σὲ·</strong></span> <span class='ocrx_word' id='word_1_481' title='bbox 2407 3831 2474 3884; x_wconf 82' lang='grc' dir='ltr'><strong>δὲ</strong></span> <span class='ocrx_word' id='word_1_482' title='bbox 2511 3833 2800 3902; x_wconf 73' lang='grc' dir='ltr'><strong>κοσμαγοὶ</strong></span> 
     </span>
    </p>
   </div>
   <div class='ocr_carea' id='block_1_103' title="bbox 2315 3903 2856 3972">
    <p class='ocr_par' dir='ltr' id='par_1_103' title="bbox 2315 3903 2856 3972">
     <span class='ocr_line' id='line_1_103' title="bbox 2315 3903 2856 3972; baseline 0.004 -18"><span class='ocrx_word' id='word_1_483' title='bbox 2315 3903 2826 3972; x_wconf 30' lang='grc' dir='ltr'><strong>Ὀὶμματολαμπεῖς</strong></span> <span class='ocrx_word' id='word_1_484' title='bbox 2842 3941 2856 3968; x_wconf 88' lang='grc'><em>,</em></span> 
     </span>
    </p>
   </div>
   <div class='ocr_carea' id='block_1_104' title="bbox 2303 3974 2737 4041">
    <p class='ocr_par' dir='ltr' id='par_1_104' title="bbox 2303 3974 2737 4041">
     <span class='ocr_line' id='line_1_104' title="bbox 2303 3974 2737 4041; baseline 0 -15"><span class='ocrx_word' id='word_1_485' title='bbox 2303 3975 2454 4038; x_wconf 86' lang='grc' dir='ltr'><strong>Νόες</strong></span> <span class='ocrx_word' id='word_1_486' title='bbox 2471 3974 2504 4025; x_wconf 88' lang='lat' dir='ltr'><strong>d</strong></span> <span class='ocrx_word' id='word_1_487' title='bbox 2514 3974 2737 4041; x_wconf 82' lang='grc' dir='ltr'><strong>στέριοι</strong></span> 
     </span>
    </p>
   </div>
   <div class='ocr_carea' id='block_1_105' title="bbox 2316 4043 3003 4111">
    <p class='ocr_par' dir='ltr' id='par_1_105' title="bbox 2316 4043 3003 4111">
     <span class='ocr_line' id='line_1_105' title="bbox 2316 4043 3003 4111; baseline 0.007 -17"><span class='ocrx_word' id='word_1_488' title='bbox 2316 4044 2328 4061; x_wconf 72' lang='grc'><strong>⁸</strong></span> <span class='ocrx_word' id='word_1_489' title='bbox 2343 4043 2621 4111; x_wconf 80' lang='grc' dir='ltr'><strong>Υμνοῦσι,</strong></span> <span class='ocrx_word' id='word_1_490' title='bbox 2654 4043 2873 4111; x_wconf 79' lang='grc' dir='ltr'><strong>μάκαρ,</strong></span> <span class='ocrx_word' id='word_1_491' title='bbox 2901 4052 3003 4103; x_wconf 84' lang='lat' dir='ltr'><strong>etc.</strong></span> 
     </span>
    </p>
   </div>
   <div class='ocr_carea' id='block_1_106' title="bbox 2310 4131 2941 4200">
    <p class='ocr_par' dir='ltr' id='par_1_106' title="bbox 2310 4131 2941 4200">
     <span class='ocr_line' id='line_1_106' title="bbox 2310 4131 2941 4200; baseline 0.005 -16"><span class='ocrx_word' id='word_1_492' title='bbox 2310 4131 2400 4196; x_wconf 88' lang='lat' dir='ltr'><strong>Te,</strong></span> <span class='ocrx_word' id='word_1_493' title='bbox 2429 4144 2577 4200; x_wconf 89' lang='lat' dir='ltr'><strong><em>pater</em></strong></span> <span class='ocrx_word' id='word_1_494' title='bbox 2603 4133 2941 4199; x_wconf 84' lang='lat' dir='ltr'><strong><em>mundorum,</em></strong></span> 
     </span>
    </p>
   </div>
   <div class='ocr_carea' id='block_1_107' title="bbox 2307 4201 2834 4268">
    <p class='ocr_par' dir='ltr' id='par_1_107' title="bbox 2307 4201 2834 4268">
     <span class='ocr_line' id='line_1_107' title="bbox 2307 4201 2834 4268; baseline 0.009 -16"><span class='ocrx_word' id='word_1_495' title='bbox 2307 4201 2469 4254; x_wconf 86' lang='lat' dir='ltr'><strong><em>Pater</em></strong></span> <span class='ocrx_word' id='word_1_496' title='bbox 2499 4202 2834 4268; x_wconf 60' lang='lat' dir='ltr'><strong><em>saeculorum,</em></strong></span> 
     </span>
    </p>
   </div>
   <div class='ocr_carea' id='block_1_108' title="bbox 2308 4271 2778 4340">
    <p class='ocr_par' dir='ltr' id='par_1_108' title="bbox 2308 4271 2778 4340">
     <span class='ocr_line' id='line_1_108' title="bbox 2308 4271 2778 4340; baseline 0.002 -17"><span class='ocrx_word' id='word_1_497' title='bbox 2308 4271 2500 4340; x_wconf 75' lang='lat' dir='ltr'><strong>Opifea:</strong></span> <span class='ocrx_word' id='word_1_498' title='bbox 2537 4274 2778 4331; x_wconf 87' lang='lat' dir='ltr'><strong>deorum,</strong></span> 
     </span>
    </p>
   </div>
   <div class='ocr_carea' id='block_1_109' title="bbox 2306 4340 2799 4395">
    <p class='ocr_par' dir='ltr' id='par_1_109' title="bbox 2306 4340 2799 4395">
     <span class='ocr_line' id='line_1_109' title="bbox 2306 4340 2799 4395; baseline 0.002 -3"><span class='ocrx_word' id='word_1_499' title='bbox 2306 4340 2415 4394; x_wconf 86' lang='lat' dir='ltr'><strong><em>Fas</em></strong></span> <span class='ocrx_word' id='word_1_500' title='bbox 2445 4354 2522 4395; x_wconf 83' lang='lat' dir='ltr'><strong><em>est</em></strong></span> <span class='ocrx_word' id='word_1_501' title='bbox 2556 4343 2799 4394; x_wconf 85' lang='lat' dir='ltr'><strong><em>laudare.</em></strong></span> 
     </span>
    </p>
   </div>
   <div class='ocr_carea' id='block_1_110' title="bbox 2316 4411 3019 4482">
    <p class='ocr_par' dir='ltr' id='par_1_110' title="bbox 2316 4411 3019 4482">
     <span class='ocr_line' id='line_1_110' title="bbox 2316 4411 3019 4482; baseline 0.004 -17"><span class='ocrx_word' id='word_1_502' title='bbox 2316 4411 2386 4482; x_wconf 78' lang='lat' dir='ltr'><strong>Te</strong></span> <span class='ocrx_word' id='word_1_503' title='bbox 2422 4413 2634 4480; x_wconf 86' lang='lat' dir='ltr'><strong>quidem</strong></span> <span class='ocrx_word' id='word_1_504' title='bbox 2660 4411 3019 4482; x_wconf 72' lang='lat' dir='ltr'><strong>intelligentia</strong></span> 
     </span>
    </p>
   </div>
   <div class='ocr_carea' id='block_1_111' title="bbox 2309 4480 2752 4546">
    <p class='ocr_par' dir='ltr' id='par_1_111' title="bbox 2309 4480 2752 4546">
     <span class='ocr_line' id='line_1_111' title="bbox 2309 4480 2752 4546; baseline -0.005 -11"><span class='ocrx_word' id='word_1_505' title='bbox 2309 4480 2541 4544; x_wconf 87' lang='lat' dir='ltr'><strong><em>Canunt,</em></strong></span> <span class='ocrx_word' id='word_1_506' title='bbox 2576 4500 2604 4535; x_wconf 93' lang='grc' dir='ltr'><em>ο</em></span> <span class='ocrx_word' id='word_1_507' title='bbox 2641 4496 2752 4546; x_wconf 75' lang='lat' dir='ltr'><strong><em>rex,</em></strong></span> 
     </span>
    </p>
   </div>
   <div class='ocr_carea' id='block_1_112' title="bbox 2313 4551 2864 4618">
    <p class='ocr_par' dir='ltr' id='par_1_112' title="bbox 2313 4551 2864 4618">
     <span class='ocr_line' id='line_1_112' title="bbox 2313 4551 2864 4618; baseline 0.005 -15"><span class='ocrx_word' id='word_1_508' title='bbox 2313 4551 2384 4604; x_wconf 85' lang='lat' dir='ltr'><strong>Te</strong></span> <span class='ocrx_word' id='word_1_509' title='bbox 2412 4553 2592 4604; x_wconf 87' lang='lat' dir='ltr'><strong><em>mundi</em></strong></span> <span class='ocrx_word' id='word_1_510' title='bbox 2619 4561 2864 4618; x_wconf 75' lang='lat' dir='ltr'><strong><em>rectores,</em></strong></span> 
     </span>
    </p>
   </div>
   <div class='ocr_carea' id='block_1_113' title="bbox 2314 4622 2783 4690">
    <p class='ocr_par' dir='ltr' id='par_1_113' title="bbox 2314 4622 2783 4690">
     <span class='ocr_line' id='line_1_113' title="bbox 2314 4622 2783 4690; baseline -0.002 -15"><span class='ocrx_word' id='word_1_511' title='bbox 2314 4622 2466 4675; x_wconf 80' lang='lat' dir='ltr'><strong><em>Oculi</em></strong></span> <span class='ocrx_word' id='word_1_512' title='bbox 2505 4622 2783 4690; x_wconf 81' lang='lat' dir='ltr'><strong><em>fulgentes,</em></strong></span> 
     </span>
    </p>
   </div>
   <div class='ocr_carea' id='block_1_114' title="bbox 2311 4691 2761 4744">
    <p class='ocr_par' dir='ltr' id='par_1_114' title="bbox 2311 4691 2761 4744">
     <span class='ocr_line' id='line_1_114' title="bbox 2311 4691 2761 4744; baseline 0.004 -2"><span class='ocrx_word' id='word_1_513' title='bbox 2311 4691 2511 4744; x_wconf 86' lang='lat' dir='ltr'><strong>Menles</strong></span> <span class='ocrx_word' id='word_1_514' title='bbox 2545 4695 2761 4744; x_wconf 75' lang='lat' dir='ltr'><strong><em>siderea:</em></strong></span> 
     </span>
    </p>
   </div>
   <div class='ocr_carea' id='block_1_115' title="bbox 2315 4761 2866 4825">
    <p class='ocr_par' dir='ltr' id='par_1_115' title="bbox 2315 4761 2866 4825">
     <span class='ocr_line' id='line_1_115' title="bbox 2315 4761 2866 4825; baseline 0.004 -12"><span class='ocrx_word' id='word_1_515' title='bbox 2315 4761 2609 4825; x_wconf 73' lang='lat' dir='ltr'><strong><em>Celebrant,</em></strong></span> <span class='ocrx_word' id='word_1_516' title='bbox 2645 4780 2671 4815; x_wconf 93' lang='grc' dir='ltr'>ο</span> <span class='ocrx_word' id='word_1_517' title='bbox 2702 4763 2866 4816; x_wconf 64' lang='lat' dir='ltr'><strong><em>beate.</em></strong></span> 
     </span>
    </p>
   </div>
   <div class='ocr_carea' id='block_1_116' title="bbox 1965 4874 3529 4946">
    <p class='ocr_par' dir='ltr' id='par_1_116' title="bbox 1965 4874 3529 4946">
     <span class='ocr_line' id='line_1_116' title="bbox 1965 4874 3529 4946; baseline 0.004 -19"><span class='ocrx_word' id='word_1_518' title='bbox 1965 4875 2092 4941; x_wconf 76' lang='lat' dir='ltr'><strong>Quae</strong></span> <span class='ocrx_word' id='word_1_519' title='bbox 2125 4890 2229 4927; x_wconf 88' lang='lat' dir='ltr'><strong>non</strong></span> <span class='ocrx_word' id='word_1_520' title='bbox 2275 4875 2375 4926; x_wconf 84' lang='lat' dir='ltr'><strong>nisi</strong></span> <span class='ocrx_word' id='word_1_521' title='bbox 2429 4875 2493 4926; x_wconf 89' lang='lat' dir='ltr'><strong>de</strong></span> <span class='ocrx_word' id='word_1_522' title='bbox 2533 4874 2771 4941; x_wconf 81' lang='lat' dir='ltr'><strong>angelis,</strong></span> <span class='ocrx_word' id='word_1_523' title='bbox 2810 4890 2945 4943; x_wconf 77' lang='lat' dir='ltr'><strong>quos</strong></span> <span class='ocrx_word' id='word_1_524' title='bbox 2993 4890 3100 4929; x_wconf 84' lang='lat' dir='ltr'><strong>non</strong></span> <span class='ocrx_word' id='word_1_525' title='bbox 3152 4877 3313 4930; x_wconf 86' lang='lat' dir='ltr'><strong>modo</strong></span> <span class='ocrx_word' id='word_1_526' title='bbox 3368 4878 3529 4946; x_wconf 79' lang='lat' dir='ltr'><strong>deos,</strong></span> 
     </span>
    </p>
   </div>
   <div class='ocr_carea' id='block_1_117' title="bbox 1974 4963 3530 5037">
    <p class='ocr_par' dir='ltr' id='par_1_117' title="bbox 1974 4963 3530 5037">
     <span class='ocr_line' id='line_1_117' title="bbox 1974 4963 3530 5037; baseline 0.002 -18"><span class='ocrx_word' id='word_1_527' title='bbox 1974 4966 2070 5020; x_wconf 88' lang='lat' dir='ltr'><strong>sed</strong></span> <span class='ocrx_word' id='word_1_528' title='bbox 2096 4976 2149 5020; x_wconf 89' lang='lat' dir='ltr'><strong>et</strong></span> <span class='ocrx_word' id='word_1_529' title='bbox 2178 4963 2408 5028; x_wconf 58' lang='lat' dir='ltr'><strong>(Bonas,</strong></span> <span class='ocrx_word' id='word_1_530' title='bbox 2439 4966 2533 5018; x_wconf 85' lang='lat' dir='ltr'><strong>sed</strong></span> <span class='ocrx_word' id='word_1_531' title='bbox 2569 4966 2766 5020; x_wconf 67' lang='lat' dir='ltr'><strong>szecula</strong></span> <span class='ocrx_word' id='word_1_532' title='bbox 2793 4980 2972 5031; x_wconf 83' lang='lat' dir='ltr'><strong>vocat,</strong></span> <span class='ocrx_word' id='word_1_533' title='bbox 3017 4968 3240 5037; x_wconf 83' lang='lat' dir='ltr'><strong>intelligi</strong></span> <span class='ocrx_word' id='word_1_534' title='bbox 3284 4981 3530 5036; x_wconf 87' lang='lat' dir='ltr'><strong>possunt,</strong></span> 
     </span>
    </p>
   </div>
   <div class='ocr_carea' id='block_1_118' title="bbox 1967 5057 3532 5124">
    <p class='ocr_par' dir='ltr' id='par_1_118' title="bbox 1967 5057 3532 5124">
     <span class='ocr_line' id='line_1_118' title="bbox 1967 5057 3532 5124; baseline 0.003 -15"><span class='ocrx_word' id='word_1_535' title='bbox 1967 5066 2023 5110; x_wconf 93' lang='lat' dir='ltr'><strong>ul</strong></span> <span class='ocrx_word' id='word_1_536' title='bbox 2053 5066 2198 5110; x_wconf 89' lang='lat' dir='ltr'><strong>totus</strong></span> <span class='ocrx_word' id='word_1_537' title='bbox 2227 5065 2513 5110; x_wconf 80' lang='lat' dir='ltr'><strong>contextus</strong></span> <span class='ocrx_word' id='word_1_538' title='bbox 2546 5069 2734 5124; x_wconf 86' lang='lat' dir='ltr'><strong>aperte</strong></span> <span class='ocrx_word' id='word_1_539' title='bbox 2776 5057 3040 5112; x_wconf 87' lang='lat' dir='ltr'><strong>declarat.</strong></span> <span class='ocrx_word' id='word_1_540' title='bbox 3101 5057 3239 5122; x_wconf 89' lang='lat' dir='ltr'><strong>Quin</strong></span> <span class='ocrx_word' id='word_1_541' title='bbox 3266 5069 3319 5113; x_wconf 88' lang='lat' dir='ltr'><strong><em>et</em></strong></span> <span class='ocrx_word' id='word_1_542' title='bbox 3347 5059 3532 5114; x_wconf 86' lang='lat' dir='ltr'><strong>Plato-</strong></span> 
     </span>
    </p>
   </div>
   <div class='ocr_carea' id='block_1_119' title="bbox 1969 5146 3531 5214">
    <p class='ocr_par' dir='ltr' id='par_1_119' title="bbox 1969 5146 3531 5214">
     <span class='ocr_line' id='line_1_119' title="bbox 1969 5146 3531 5214; baseline 0.002 -14"><span class='ocrx_word' id='word_1_543' title='bbox 1969 5148 2102 5212; x_wconf 91' lang='lat' dir='ltr'><strong>nici,</strong></span> <span class='ocrx_word' id='word_1_544' title='bbox 2143 5162 2374 5214; x_wconf 83' lang='lat' dir='ltr'><strong>quorum</strong></span> <span class='ocrx_word' id='word_1_545' title='bbox 2427 5147 2665 5212; x_wconf 76' lang='lat' dir='ltr'><strong>vestigiis</strong></span> <span class='ocrx_word' id='word_1_546' title='bbox 2699 5146 3019 5200; x_wconf 85' lang='lat' dir='ltr'><strong>insistebant</strong></span> <span class='ocrx_word' id='word_1_547' title='bbox 3053 5147 3294 5202; x_wconf 89' lang='lat' dir='ltr'><strong>Gnostici</strong></span> <span class='ocrx_word' id='word_1_548' title='bbox 3323 5164 3531 5213; x_wconf 82' lang='lat' dir='ltr'><strong>omnes,</strong></span> 
     </span>
    </p>
   </div>
   <div class='ocr_carea' id='block_1_120' title="bbox 1971 5236 3535 5308">
    <p class='ocr_par' dir='ltr' id='par_1_120' title="bbox 1971 5236 3535 5308">
     <span class='ocr_line' id='line_1_120' title="bbox 1971 5236 3535 5308; baseline 0.002 -16"><span class='ocrx_word' id='word_1_549' title='bbox 1971 5241 2197 5292; x_wconf 90' lang='lat' dir='ltr'><strong>deorum</strong></span> <span class='ocrx_word' id='word_1_550' title='bbox 2239 5239 2425 5304; x_wconf 83' lang='lat' dir='ltr'><strong>triplex</strong></span> <span class='ocrx_word' id='word_1_551' title='bbox 2465 5253 2636 5306; x_wconf 83' lang='lat' dir='ltr'><strong>genus</strong></span> <span class='ocrx_word' id='word_1_552' title='bbox 2670 5236 3101 5305; x_wconf 81' lang='lat' dir='ltr'><strong>distinguebant,</strong></span> <span class='ocrx_word' id='word_1_553' title='bbox 3137 5252 3193 5292; x_wconf 94' lang='lat' dir='ltr'><strong>ut</strong></span> <span class='ocrx_word' id='word_1_554' title='bbox 3227 5242 3365 5308; x_wconf 90' lang='lat' dir='ltr'><strong>apud</strong></span> <span class='ocrx_word' id='word_1_555' title='bbox 3396 5240 3535 5295; x_wconf 62' lang='lat' dir='ltr'><strong>Pro-</strong></span> 
     </span>
    </p>
   </div>
   <div class='ocr_carea' id='block_1_121' title="bbox 1970 5327 3532 5400">
    <p class='ocr_par' dir='ltr' id='par_1_121' title="bbox 1970 5327 3532 5400">
     <span class='ocr_line' id='line_1_121' title="bbox 1970 5327 3532 5400; baseline -0.001 -15"><span class='ocrx_word' id='word_1_556' title='bbox 1970 5331 2135 5395; x_wconf 90' lang='lat' dir='ltr'><strong>clum,</strong></span> <span class='ocrx_word' id='word_1_557' title='bbox 2161 5328 2545 5390; x_wconf 87' lang='lat' dir='ltr'><strong>Jamblichum,</strong></span> <span class='ocrx_word' id='word_1_558' title='bbox 2570 5327 2934 5393; x_wconf 89' lang='lat' dir='ltr'><strong>Damascium,</strong></span> <span class='ocrx_word' id='word_1_559' title='bbox 2960 5329 3205 5397; x_wconf 80' lang='lat' dir='ltr'><strong>aliosque</strong></span> <span class='ocrx_word' id='word_1_560' title='bbox 3227 5329 3408 5400; x_wconf 79' lang='lat' dir='ltr'><strong>legere</strong></span> <span class='ocrx_word' id='word_1_561' title='bbox 3430 5339 3532 5395; x_wconf 82' lang='lat' dir='ltr'><strong>est,</strong></span> 
     </span>
    </p>
   </div>
   <div class='ocr_carea' id='block_1_122' title="bbox 1973 5418 3533 5486">
    <p class='ocr_par' dir='ltr' id='par_1_122' title="bbox 1973 5418 3533 5486">
     <span class='ocr_line' id='line_1_122' title="bbox 1973 5418 3533 5486; baseline 0.001 -11"><span class='ocrx_word' id='word_1_562' title='bbox 1973 5422 2108 5476; x_wconf 89' lang='lat' dir='ltr'><strong>alios</strong></span> <span class='ocrx_word' id='word_1_563' title='bbox 2155 5420 2410 5472; x_wconf 87' lang='lat' dir='ltr'><strong>nimirum</strong></span> <span class='ocrx_word' id='word_1_564' title='bbox 2457 5418 2895 5484; x_wconf 72' lang='lat' dir='ltr'><strong>supercmlestes,</strong></span> <span class='ocrx_word' id='word_1_565' title='bbox 2924 5419 3059 5473; x_wconf 88' lang='lat' dir='ltr'><strong>alios</strong></span> <span class='ocrx_word' id='word_1_566' title='bbox 3094 5420 3368 5486; x_wconf 66' lang='lat' dir='ltr'><strong>caelestes,</strong></span> <span class='ocrx_word' id='word_1_567' title='bbox 3399 5421 3533 5476; x_wconf 87' lang='lat' dir='ltr'><strong>alios</strong></span> 
     </span>
    </p>
   </div>
   <div class='ocr_carea' id='block_1_123' title="bbox 1971 5510 3530 5578">
    <p class='ocr_par' dir='ltr' id='par_1_123' title="bbox 1971 5510 3530 5578">
     <span class='ocr_line' id='line_1_123' title="bbox 1971 5510 3530 5578; baseline -0.004 -11"><span class='ocrx_word' id='word_1_568' title='bbox 1971 5511 2356 5570; x_wconf 75' lang='lat' dir='ltr'><strong>subctelestes;</strong></span> <span class='ocrx_word' id='word_1_569' title='bbox 2391 5510 2597 5578; x_wconf 89' lang='lat' dir='ltr'><strong>primos</strong></span> <span class='ocrx_word' id='word_1_570' title='bbox 2628 5510 2958 5577; x_wconf 82' lang='lat' dir='ltr'><strong>superiores,</strong></span> <span class='ocrx_word' id='word_1_571' title='bbox 2998 5512 3274 5566; x_wconf 90' lang='lat' dir='ltr'><strong>secundos</strong></span> <span class='ocrx_word' id='word_1_572' title='bbox 3305 5514 3530 5573; x_wconf 72' lang='grc' dir='ltr'>ιιιειιὶυε,</span> 
     </span>
    </p>
   </div>
   <div class='ocr_carea' id='block_1_124' title="bbox 1974 5602 3534 5670">
    <p class='ocr_par' dir='ltr' id='par_1_124' title="bbox 1974 5602 3534 5670">
     <span class='ocr_line' id='line_1_124' title="bbox 1974 5602 3534 5670; baseline 0.002 -14"><span class='ocrx_word' id='word_1_573' title='bbox 1974 5605 2161 5657; x_wconf 85' lang='lat' dir='ltr'><strong>tertios</strong></span> <span class='ocrx_word' id='word_1_574' title='bbox 2186 5602 2471 5655; x_wconf 76' lang='lat' dir='ltr'><strong>inferiores</strong></span> <span class='ocrx_word' id='word_1_575' title='bbox 2502 5619 2514 5654; x_wconf 92' lang='lat'><strong>:</strong></span> <span class='ocrx_word' id='word_1_576' title='bbox 2541 5616 2674 5668; x_wconf 83' lang='lat' dir='ltr'><strong>quos</strong></span> <span class='ocrx_word' id='word_1_577' title='bbox 2696 5616 2884 5656; x_wconf 89' lang='lat' dir='ltr'><strong>omnes</strong></span> <span class='ocrx_word' id='word_1_578' title='bbox 2909 5613 3016 5656; x_wconf 91' lang='lat' dir='ltr'><strong>tota</strong></span> <span class='ocrx_word' id='word_1_579' title='bbox 3036 5605 3294 5667; x_wconf 75' lang='lat' dir='ltr'><strong>chcntia,</strong></span> <span class='ocrx_word' id='word_1_580' title='bbox 3316 5614 3534 5670; x_wconf 76' lang='lat' dir='ltr'><strong>totoque</strong></span> 
     </span>
    </p>
   </div>
   <div class='ocr_carea' id='block_1_125' title="bbox 1974 5694 3532 5767">
    <p class='ocr_par' dir='ltr' id='par_1_125' title="bbox 1974 5694 3532 5767">
     <span class='ocr_line' id='line_1_125' title="bbox 1974 5694 3532 5767; baseline -0.003 -15"><span class='ocrx_word' id='word_1_581' title='bbox 1974 5711 2169 5767; x_wconf 83' lang='lat' dir='ltr'><strong>genere</strong></span> <span class='ocrx_word' id='word_1_582' title='bbox 2220 5696 2533 5763; x_wconf 85' lang='lat' dir='ltr'><strong>discrepare</strong></span> <span class='ocrx_word' id='word_1_583' title='bbox 2581 5694 3012 5758; x_wconf 84' lang='lat' dir='ltr'><strong>contendebant,</strong></span> <span class='ocrx_word' id='word_1_584' title='bbox 3071 5696 3190 5748; x_wconf 77' lang='grc' dir='ltr'><strong>κατ’</strong></span> <span class='ocrx_word' id='word_1_585' title='bbox 3242 5696 3424 5748; x_wconf 74' lang='grc' dir='ltr'><strong>οὐσίαν</strong></span> <span class='ocrx_word' id='word_1_586' title='bbox 3474 5713 3532 5748; x_wconf 80' lang='grc' dir='ltr'><strong>τε</strong></span> 
     </span>
    </p>
   </div>
   <div class='ocr_carea' id='block_1_126' title="bbox 1975 5784 3538 5859">
    <p class='ocr_par' dir='ltr' id='par_1_126' title="bbox 1975 5784 3538 5859">
     <span class='ocr_line' id='line_1_126' title="bbox 1975 5784 3538 5859; baseline 0.001 -19"><span class='ocrx_word' id='word_1_587' title='bbox 1975 5788 2120 5858; x_wconf 76' lang='grc' dir='ltr'>ὅλην,</span> <span class='ocrx_word' id='word_1_588' title='bbox 2166 5788 2257 5840; x_wconf 67' lang='grc' dir='ltr'><strong>καὶ</strong></span> <span class='ocrx_word' id='word_1_589' title='bbox 2309 5789 2468 5839; x_wconf 74' lang='grc' dir='ltr'>παντὶ</span> <span class='ocrx_word' id='word_1_590' title='bbox 2508 5784 2581 5854; x_wconf 81' lang='grc' dir='ltr'><strong>τῷ</strong></span> <span class='ocrx_word' id='word_1_591' title='bbox 2629 5787 2774 5852; x_wconf 74' lang='grc' dir='ltr'><strong>γένει</strong></span> <span class='ocrx_word' id='word_1_592' title='bbox 2814 5785 3312 5856; x_wconf 68' lang='grc' dir='ltr'><strong>ἐξαλλαττομένοις,</strong></span> <span class='ocrx_word' id='word_1_593' title='bbox 3358 5786 3538 5859; x_wconf 69' lang='lat' dir='ltr'><strong>inquit</strong></span> 
     </span>
    </p>
   </div>
  </div>
