4180 6332
723 392 782 444 7i
1529 360 2115 430 DISSERTATIONES
2151 354 2454 424 ΡΒᾸΞἮᾹΞ
2491 361 2559 421 IN
2594 356 2856 421 IBENEI
2890 358 3161 418 LIBROS.
3892 356 3963 413 72

722 494 1081 571 )ambllebus,
1109 505 1244 555 sect.
1275 490 1329 560 l,
1358 511 1478 566 cap.
1511 495 1567 560 4.
1634 510 1663 549 a
1689 491 2069 562 superioribus
2088 490 2288 560 quippe
2316 494 2363 552 Α
2388 502 2549 560 posse
2563 488 2745 557 plures
2757 483 3577 557 autsubstantiasautpersonas
3592 472 3803 536 divinas
3822 494 3963 534 esse.

724 588 1032 666 pendebant
1062 589 1255 657 medii,
1314 590 1382 644 ab
1413 588 1499 644 his
1551 586 1748 642 intimi.
1792 583 2064 640 Omnibus
2106 594 2288 637 tamen

726 688 819 744 Del
851 700 1048 744 nomen
1098 682 1434 746 tribuebant;
1482 678 1737 749 quamvis
1766 677 1965 732 mediis
1997 685 2053 731 et
2084 674 2293 730 inlimis

724 778 910 836 inesse
934 788 1121 831 veram
1156 772 1254 829 Dei
1298 770 1596 827 essentiam
1620 778 1674 825 et
1698 778 1948 823 naturam
1979 766 2295 822 existimare

724 885 835 926 non
861 863 1159 939 poluerint;
1189 878 1310 920 cum
1334 861 1499 916 insita
1522 860 1765 915 omnium
1803 858 2002 914 animis
2035 856 2294 913 Deinotlo

724 974 889 1028 omne
919 955 1277 1028 subiectionis
1314 968 1485 1023 genus
1532 950 1722 1021 procul
1769 949 2003 1021 ableget.
2059 948 2201 1018 Quin
2242 956 2296 1003 et

725 1054 858 1110 deos
896 1049 1207 1107 invisibiles
1262 1062 1358 1101 seu
1423 1044 1855 1116 supercmlestes,
1889 1043 2137 1113 quamvis
2173 1055 2295 1096 cum

724 1147 885 1219 vulgo
916 1146 1204 1218 loquentes
1232 1142 1487 1198 ell‘errent
1530 1153 1762 1194 numero
1805 1135 2033 1207 plurali,
2089 1149 2293 1189 revera

729 1254 893 1295 unum
926 1239 1118 1302 Deum,
1168 1236 1329 1291 unius
1360 1242 1595 1297 naturae,
1640 1229 1894 1287 essentize
1940 1237 1995 1283 et
2038 1240 2297 1297 persona:

716 1344 851 1407 esse
915 1329 1233 1386 censebant.
1317 1324 1616 1381 Sallustius
1661 1322 2039 1392 philosophus,
2082 1318 2177 1373 lib.
2222 1317 2299 1372 De

736 1423 841 1475 dlis
866 1430 910 1475 et
938 1418 1156 1481 mundo,
1186 1430 1306 1487 cap.
1332 1414 1389 1481 2,
1427 1413 1528 1477 ait,
1558 1413 1782 1466 deorum
1809 1421 2039 1465 naturas
2071 1421 2247 1479 neque
2270 1421 2299 1461 a

729 1514 903 1584 prima
932 1527 1116 1578 causa,
1149 1524 1327 1580 neque
1354 1522 1383 1561 a
1420 1522 1478 1562 se
1520 1504 1757 1559 invicem
1789 1501 2026 1571 separari
2053 1518 2068 1567 ;
2096 1515 2289 1571 quem-s

729 1606 1021 1662 admodum
1054 1618 1273 1671 nequea
1302 1609 1485 1655 mente
1511 1600 1792 1662 notiones,
1822 1611 1998 1665 neque
2025 1597 2092 1649 ab
2121 1595 2301 1648 animo

728 1697 1058 1767 disciplinas.
1100 1695 1167 1747 Ai
1200 1693 1311 1747 τῶν
1347 1691 1495 1747 Θεῶν
1540 1688 1737 1753 οὐσίαι,
1782 1689 1904 1742 οὐδὲ
1947 1687 2046 1758 τῆς
2078 1686 2299 1757 πρώτης

729 1787 973 1858 αἱτίας,ἧ
996 1786 1239 1859 ἀλλήλων
1264 1784 1606 1859 χωρίζονται,
1625 1782 1814 1854 ὥσπερ
1840 1780 1957 1835 οὐδὲ
1981 1778 2071 1859 νοῦ
2095 1780 2151 1834 αἱ
2172 1780 2300 1849 νοήι

731 1900 863 1947 σεες,
884 1881 1006 1935 οὐδὲ
1029 1858 1203 1951 ψυχῆς
1220 1879 1273 1930 αἱ
1297 1858 1617 1946 ἐπιστῆμαι.
1643 1874 1952 1941 Omnesque
1974 1858 2302 1943 philosophi,

728 1978 774 2030 si
802 1969 1399 2035 Damasciolides,robq
1440 1966 1595 2031 θεοὺς
1621 1968 1745 2031 τοὺς
1774 1964 2022 2029 πολλοὺς,
2070 1955 2162 2018 τοῦ
2186 1962 2303 2027 ἑνὸς

728 2065 862 2121 Θεοῦ
882 2063 1201 2138 ὑπερουσίου
1220 2056 1659 2135 ὲλλάμψειςεῖναι
1674 2058 1942 2128 λέγουσιν,
1962 2056 2061 2111 οὐκ
2081 2055 2305 2109 αὐτοτε-

726 2158 839 2223 λεῖς
852 2154 1201 2219 ὑποστάσεις,
1225 2153 1360 2217 Deos
1383 2154 1504 2205 illos
1534 2152 1706 2219 plures
1733 2149 1888 2203 unius
1917 2146 2304 2217 Deisupersub-

730 2250 993 2316 stantialis
1014 2248 1242 2317 fulgores
1258 2261 1367 2298 esse
1380 2243 1643 2308 dicebant,
1664 2258 1769 2295 non
1787 2242 2056 2295 absolutas
2075 2257 2136 2293 ac
2149 2257 2239 2308 per
2250 2256 2304 2294 se

728 2345 1067 2401 subsistentes
1096 2339 1372 2395 essentias.
1400 2335 1532 2403 Quae
1556 2351 1679 2389 cum
1704 2332 1995 2389 Jamblichi
2026 2334 2302 2388 sententia

732 2434 979 2503 apprime
1022 2430 1397 2494 consentiunt,
1432 2429 1523 2498 qui
1555 2428 1686 2482 deos
1715 2424 2017 2480 invisibiles
2042 2424 2305 2493 ipsaémet

731 2524 886 2580 ideas
918 2538 1040 2578 esse
1073 2530 1250 2592 putat,
1284 2534 1420 2589 quas
1456 2531 1648 2571 omnes
1677 2516 1843 2569 unius
1870 2528 1996 2569 esse
2018 2511 2295 2577 essentiae,
2344 2558 2349 2567 ,

736 2631 1016 2685 unumque
1049 2615 1191 2669 inter
1228 2628 1286 2667 se
1313 2626 1434 2666 esse
1462 2608 1575 2663 vult
1612 2623 1627 2662 :
1666 2608 1791 2677 quia
1846 2623 1953 2661 una
1997 2605 2303 2661 communis

729 2712 910 2765 unitas
938 2708 1196 2763 dilatatur
1239 2707 1291 2759 in
1326 2718 1542 2767 omnes,
1575 2710 1631 2756 et
1677 2716 1776 2771 per
1806 2715 2148 2757 communem
2178 2699 2297 2753 uni-

732 2811 920 2866 tatem,
954 2800 1213 2854 videlicet
1242 2814 1338 2868 per
1357 2798 1587 2866 primam
1618 2805 1854 2848 mentem
1880 2832 1895 2857 ,
1919 2804 2129 2848 cunctae
2158 2791 2305 2847 exsi-

732 2902 921 2961 stunt;
959 2893 1025 2947 ad
1060 2907 1249 2962 quam,
1282 2899 1341 2945 ut
1364 2895 1428 2943 ad
1463 2905 1627 2943 unum
1656 2886 1949 2955 nbjectnm,
1978 2885 2301 2954 principium

728 2995 785 3043 et
821 2986 1007 3050 linem,
1037 3000 1230 3040 omnes
1266 2984 1451 3049 simul,
1489 2981 1821 3052 absque'ulla
1855 2979 2124 3048 temporis
2148 2976 2303 3033 dilic-

731 3079 937 3142 rentia,
969 3077 1024 3141 in
1067 3078 1256 3131 eodem
1293 3085 1573 3131 momento
1598 3074 1928 3129 referuntur.
1969 3071 2156 3141 Neque
2186 3085 2305 3126 om-

733 3170 891 3225 nibus
929 3170 1061 3239 ipsis
1097 3168 1283 3233 simul,
1308 3170 1435 3239 quia
1473 3170 1699 3239 singulte
1731 3182 1820 3220 res
1854 3167 2099 3220 diversas
2127 3162 2300 3232 respi-

731 3263 901 3326 ciant,
956 3262 1223 3315 unitatem
1285 3272 1599 3329 competere
1645 3256 1951 3327 negandum
2002 3265 2106 3312 est.
2160 3253 2296 3308 Nam

730 3368 921 3408 earum
951 3352 1261 3407 essentialis
1293 3355 1477 3406 unitas
1508 3367 1687 3406 rerutn
1711 3348 2114 3405 multitudinem
2146 3356 2301 3401 ante-

732 3444 899 3511 cedit;
933 3459 1108 3512 neque
1143 3454 1375 3512 possunt
1404 3459 1494 3498 res
1526 3454 1719 3497 natura
1762 3440 2125 3513 posteriores,
2175 3439 2301 3493 uni-

731 3544 900 3592 tatem
934 3536 1094 3599 ideis,
1129 3546 1319 3589 natura
1344 3524 1901 3604 prioribiis,.attlerre.
1942 3531 2006 3585 Et
2037 3530 2299 3585 hinccum

730 3628 1075 3692 Aristoteles,
1102 3636 1160 3683 ut
1194 3627 1451 3682 invidiam
1485 3626 1697 3681 Platoni
1728 3625 1955 3689 faceret,
1982 3624 2139 3693 hujus
2174 3638 2301 3678 sen-

735 3718 959 3772 tentiam
992 3719 1071 3772 sic
1092 3717 1451 3787 exposuisset,
1484 3716 1640 3785 quasi
1672 3715 1823 3770 ideas
1856 3731 1883 3770 a
1910 3722 2091 3769 mente
2118 3713 2301 3769 divina

733 3821 1014 3880 separatas
1048 3811 1314 3865 exsistere
1338 3810 1687 3874 allirmasset;
1716 3808 2045 3863 calumniam
2078 3806 2299 3878 propul-

734 3912 917 3956 santes
946 3900 1189 3956 Platonis
1212 3900 1484 3971 discipuli,
1510 3916 1618 3955 uno
1639 3915 1734 3955 ore
1762 3909 2027 3970 negarunt
2071 3914 2299 3969 usquam

732 3994 936 4049 dixisse
988 3994 1291 4059 Platonem,
1338 3995 1482 4064 quod
1540 3994 1695 4063 tingit
1746 3991 2099 4057 Aristoteles,
2143 3993 2293 4047 ideas

732 4076 1029 4154 separatas
1068 4088 1338 4139 exsistere
1383 4101 1412 4139 a
1467 4096 1649 4139 mente
1693 4084 1900 4149 divina,
1946 4085 2042 4138 sed
2090 4092 2301 4139 tantum

732 4188 1013 4248 separatas
1040 4192 1161 4232 esse
1192 4192 1221 4230 a
1257 4177 1583 4240 substantia,
1606 4191 1727 4247 quae
1757 4176 1837 4231 eis
1864 4175 2095 4231 inferior
2130 4162 2298 4233 esset.

732 4268 958 4325 Proclus
1002 4270 1175 4338 primo
1214 4270 1267 4323 in
1312 4267 1679 4324 Parmenidem
1724 4266 2160 4334 Commentario,
2205 4269 2301 4323 ad-

734 4360 910 4415 ductis
946 4359 1111 4414 variis
1138 4375 1204 4413 ex
1237 4357 1454 4427 Orpheo
1480 4368 1532 4413 et
1562 4356 1812 4413 Oraculis
1834 4360 2175 4414 testimoniis
2205 4375 2302 4429 pro

735 4450 891 4515 ideis,
928 4450 1204 4505 concludit
1230 4450 1442 4520 longam
1475 4450 1902 4519 disputationem
1945 4459 2133 4506 contra
2169 4452 2299 4506 Ari-

732 4542 1028 4603 stotelicos,
1063 4542 1147 4595 his
1179 4540 1387 4595 verbis:
1411 4540 1626 4612 Σμικρὰ
1646 4542 1991 4614 φροντιστέον
2014 4543 2120 4596 τῶν
2154 4560 2304 4611 σοφι-
2335 4527 2379 4582 Ῑ)

735 4632 934 4687 στικῶν
962 4633 1133 4701 λόγων
1164 4631 1338 4685 αὐτῶν
1358 4632 1446 4701 ὑφ’
1477 4632 1680 4687 ἑαυτῶν
1722 4633 2098 4705 ἐληλεγμένων
2118 4676 2132 4701 ,
2154 4635 2302 4688 οὐδὲν

735 4710 1175 4795 ὲπιστήμονικὸν,
1230 4725 1336 4778 οὐδ’
1388 4726 1537 4793 ὑγιὲς
1577 4725 1859 4794 λεγόντων.
1893 4727 2087 4796 Σαφὼς
2116 4728 2220 4800 γὰρ
2254 4730 2303 4782 οἱ

735 4816 847 4871 θεοὶ
873 4818 1140 4888 εἰρήκασι,
1172 4816 1245 4881 ὡς
1286 4816 1483 4871 ἔννοιαι
1526 4818 1620 4870 τοῦ
1654 4820 1867 4890 Πατρός
1900 4822 2039 4884 εἰσι,
2079 4820 2303 4892 μένουσι

734 4908 842 4981 γὰρ
871 4909 929 4962 ὲν
958 4911 1077 4972 ταῖς
1107 4911 1322 4981 νοήσεσι
1362 4908 1456 4962 τοῦ
1495 4910 1727 4982 Πατρὸς,
1774 4913 1867 4965 καὶ
1906 4912 2077 4976 οὕτως
2110 4914 2305 4986 προὲρο

734 4998 1039 5073 χονταιάπὸ
1060 4999 1152 5053 τοῦ
1172 5000 1382 5072 Πατρὸς
1412 5000 1547 5073 πρὸς
1572 5002 1671 5072 τὴν
1704 5001 1797 5055 τοῦ
1825 5003 2029 5074 κόσμου
2057 5004 2306 5076 δημιουρ-

735 5093 881 5162 γίαν.
917 5091 1121 5147 Parum
1160 5094 1535 5147 attendendum
1561 5096 1627 5145 ad
1652 5110 1831 5147 eorum
1856 5112 2146 5162 sermones,
2172 5113 2302 5167 quos

738 5200 907 5237 meras
938 5200 1047 5238 esse
1077 5185 1436 5239 cavillationes
1462 5201 1526 5240 ex
1570 5186 1813 5255 ipsismet
1855 5188 2181 5253 ostenditur,
2214 5204 2304 5241 nec

737 5265 1022 5347 quidquam
1048 5278 1281 5339 doctum,
1309 5287 1397 5330 aut
1423 5293 1609 5331 sanum
1632 5295 1741 5349 pra:
1766 5295 1818 5333 se
1840 5278 2086 5349 ferentes.
2117 5282 2304 5350 Aperte

738 5372 874 5424 enim
913 5371 1157 5425 dixerunt
1205 5372 1306 5437 dii,
1363 5370 1546 5425 Patris
1599 5373 1838 5427 notiones
1876 5389 1987 5427 esse
2022 5388 2042 5428 :
2084 5385 2303 5429 manent

736 5479 925 5533 quippe
962 5465 1015 5517 in
1051 5462 1224 5518 Patris
1269 5463 1697 5533 cogitationibus,
1731 5474 1780 5519 et
1835 5467 1909 5519 sic
1959 5466 2220 5534 prodeunt
2267 5483 2300 5522 α

739 5554 903 5610 Patre
920 5555 973 5609 in
994 5554 1178 5608 mundi
1192 5554 1480 5624 opiﬁcium.
1500 5554 1611 5610 Has
1629 5564 1807 5610 tamen
1826 5570 1919 5611 seu
1940 5556 2192 5611 notiones
2208 5571 2304 5611 seu

740 5647 886 5702 ideas
906 5646 1128 5703 deorum
1153 5647 1371 5702 nomine
1394 5648 1797 5717 nuncupabant;
1820 5648 2126 5705 certissimo
2144 5664 2305 5719 argu-

738 5747 941 5806 mento,
965 5754 1031 5796 ex
1054 5740 1226 5800 indito
1259 5740 1504 5815 pluribus
1526 5740 1621 5800 Dei
1650 5741 1893 5810 nomine,
1923 5741 2172 5798 concludi
2194 5756 2300 5797 non

2463 581 2551 635 52.
2593 580 2696 635 Sed
2722 578 2864 647 quod
2889 576 3063 645 majus
3082 585 3186 643 est,
3220 583 3272 630 et
3304 590 3482 631 causa:
3501 572 3753 646 jugulum
3778 581 3969 642 petere

2396 673 2631 737 videtur,
2666 678 2874 725 tantum
2909 669 3061 723 abest
3103 678 3163 723 ut
3193 666 3516 733 Valentinus
3555 664 3649 720 Dei
3676 654 3958 719 [unitatem

2395 770 2648 833 negaret;
2681 762 2811 832 quin
2842 762 3043 829 potius,
3070 760 3273 815 Irenaeo
3300 767 3457 826 teste,
3495 764 3684 827 aperte
3738 753 3967 826 prolite-e

2397 866 2566 911 retur.
2617 854 2809 909 Omnes
2862 854 3036 918 enim,
3080 851 3256 920 inquit
3300 851 3392 905 lib.
3426 868 3480 913 ι,
3536 864 3656 917 cap.
3694 847 3791 916 22,
3820 863 3877 902 ιι.
3911 846 3964 912 I,

2396 948 2504 1020 fere
2520 958 2766 1019 quotquot
2784 957 2902 1001 sunt
2923 948 3142 1001 ltwrescs
3164 944 3329 998 Deum
3348 942 3555 1012 quidem
3574 956 3735 995 unum
3758 940 3964 1004 dicunt,

2396 1042 2484 1095 sed
2513 1056 2603 1109 per
2624 1038 2929 1094 sententiam
2955 1038 3255 1090 immutata.
3290 1033 3408 1087 Non
3440 1033 3535 1098 ait,
3580 1030 3961 1100 multiplicant,

2398 1133 2490 1188 sed
2537 1132 2869 1195 immutant;
2928 1138 3197 1198 quatenus
3255 1140 3283 1181 a
3350 1124 3445 1180 Dei
3511 1124 3632 1179 idea
3684 1122 3968 1177 rationem

2399 1222 2840 1291 omnipotentis,
2906 1228 2963 1274 et
3015 1233 3198 1273 rerum
3272 1217 3519 1272 omnium
3586 1214 3800 1285 Opiﬁcis
3878 1226 3971 1268 se-

2399 1316 2661 1386 parabant
2687 1355 2702 1381 ,
2755 1313 2917 1367 alium
2949 1326 2978 1365 a
3007 1324 3260 1379 supremo
3319 1310 3561 1386 omnium
3589 1308 3750 1362 Patre
3777 1305 3967 1363 mitndi

2402 1408 2739 1463 conditorem
2797 1390 3216 1467 constituentes,
3274 1416 3437 1470 quem
3496 1411 3554 1456 et
3624 1402 3803 1471 ipsum
3870 1400 3969 1455 Dei

2401 1499 2618 1555 nomine
2658 1497 2967 1558 vocabant;
3000 1486 3250 1563 quamvis
3287 1494 3513 1560 factum,
3536 1503 3592 1549 et
3639 1492 3965 1563 ignorantia

2402 1590 2698 1644 obnoxium
2736 1602 2856 1645 esse
2905 1589 3171 1651 dicerent,
3208 1602 3309 1641 nec
3338 1586 3568 1655 proinde
3608 1596 3738 1637 vere
3776 1584 3968 1647 Deum,

2404 1681 2506 1734 nisi
2548 1696 2701 1735 mens
2728 1697 2824 1735 eos
2846 1684 3072 1736 omnino
3102 1679 3469 1740 destituisset,
3501 1689 3623 1732 esse
3651 1676 3966 1733 crederent.

2402 1774 2468 1831 Et
2491 1777 2595 1830 hoc
2627 1776 2800 1845 ipsum
2826 1774 3316 1844 explicatlrenteus
3346 1771 3441 1825 lib.
3465 1786 3540 1832 ιν.
3564 1785 3686 1838 cap.
3715 1769 3880 1835 55m.
3900 1769 3969 1825 5:

2338 1844 2378 1898 Β
2404 1844 2671 1923 Judicabit
2702 1881 2876 1922 autem
2918 1876 2965 1921 et
2992 1883 3078 1922 eos
3109 1866 3199 1937 qui
3234 1875 3354 1919 sunt
3386 1882 3418 1919 a
3453 1863 3732 1918 Valentino
3765 1879 3969 1929 omnes,

2404 1962 2528 2030 quia
2557 1959 2737 2027 lingua
2764 1960 2973 2029 quidem
2999 1960 3309 2025 conﬁtentur
3335 1972 3499 2010 unum
3535 1955 3701 2010 Deum
3731 1954 3972 2023 Putrem,

2404 2063 2450 2108 et
2499 2070 2563 2107 ea:
2610 2053 2706 2106 hoc
2736 2052 3155 2119 omnia;ipsum
3185 2061 3363 2103 autem
3416 2048 3508 2118 qui
3551 2047 3729 2117 fecerit
3770 2047 3972 2113 omnia,

2405 2145 2717 2215 defectionis
2770 2143 2874 2197 sive
2926 2142 3059 2197 labis
3108 2140 3339 2212 fructum
3389 2158 3501 2196 esse
3538 2142 3742 2196 dicunt.
3772 2142 3977 2199 Aperte

2406 2238 2575 2308 igitur
2612 2238 2889 2307 professus
2922 2244 3006 2291 est
3046 2236 3371 2291 Valentinus
3412 2250 3580 2289 unum
3634 2249 3756 2289 esse
3780 2233 3975 2289 Deum.

2404 2332 2471 2386 Et
2502 2342 2652 2391 certe
2677 2331 2939 2384 abhorret
2971 2344 2998 2382 a
3026 2328 3356 2392 verosimili,
3392 2338 3486 2380 aut
3512 2329 3723 2397 priores
3755 2324 3981 2380 Gnosti-

2406 2438 2520 2489 cos,
2547 2437 2776 2492 quorum
2802 2421 3045 2491 plerique
3085 2435 3116 2475 e
3155 2418 3462 2474 Iudaeorum
3488 2422 3783 2491 propagine
3804 2421 3977 2490 legem

2404 2514 2721 2580 Mosaicam,
2765 2511 3133 2583 Iudaicosque
3183 2512 3324 2566 ritus
3352 2528 3474 2567 cum
3508 2511 3818 2568 Christiana
3852 2528 3980 2580 ρι’οά

2405 2607 2646 2663 fessione
2708 2604 3137 2675 conjungebant,
3194 2606 3393 2675 quibus
3445 2620 3545 2659 nec
3597 2605 3978 2660 venerandum

2405 2698 2508 2753 SS.
2539 2698 2830 2752 Trinitatis
2862 2697 3207 2769 mysterium,
3237 2698 3381 2767 quod
3410 2697 3507 2752 Dei
3552 2699 3818 2751 unitatem
3862 2699 3982 2752 vio-

2405 2790 2517 2845 lare
2550 2790 2855 2845 huminibus
2881 2798 3096 2844 terrena
3126 2790 3395 2844 duntaxat
3436 2789 3780 2859 sapientibus
3825 2789 3981 2845 vide-

2407 2893 2574 2949 retur,
2620 2882 2937 2951 persuaderi
2984 2897 3089 2945 non
3128 2889 3417 2952 potuerat;
3451 2894 3545 2937 aut
3590 2883 3979 2950 Valentinum,

2404 2989 2606 3045 eosque
2636 2991 2851 3039 omnes,
2909 2976 2997 3044 qui
3036 2983 3217 3045 spreta
3260 2976 3545 3044 gentilium
3586 2977 3980 3046 superstitione

2404 3067 2769 3124 Christianam
2820 3066 3139 3137 religionem
3187 3066 3421 3136 amplexi
3475 3066 3737 3135 fuerant,
3779 3084 3975 3125 omnes

2328 3187 2370 3245 α
2406 3160 2643 3229 aliquam
2692 3159 2887 3214 saltem
2936 3160 3231 3229 Evangelio
3265 3159 3423 3214 {idem
3475 3159 3682 3215 habere
3726 3175 3787 3215 se
3830 3177 3970 3216 con—

2402 3250 2597 3319 fessos,
2635 3251 2921 3323 profanum
2953 3254 3465 3323 exsecrandnmque
3492 3252 3823 3308 Christianis
3856 3269 3978 3309 om-

2402 3344 2561 3399 nibus
2606 3345 3027 3416 polytheismutn
3072 3348 3137 3401 ab
3168 3347 3394 3401 interitu
3438 3345 3697 3410 excitare,
3732 3353 3829 3399 aut
3878 3346 3981 3400 itn-

2402 3452 2651 3492 mensum
2675 3453 3031 3509 personarum
3060 3440 3367 3494 divinarum
3399 3453 3687 3495 numerum
3727 3439 3982 3508 proﬁteri

2399 3528 2656 3584 voluisse.
2682 3531 2737 3585 ld
2759 3530 2971 3585 scilicet
2988 3532 3401 3586 exhorruissent
3429 3530 3727 3592 Christiani
3765 3546 3981 3599 omnes,

2400 3620 2907 3691 veteratoribusque
2933 3626 3105 3691 ivanae
3137 3622 3293 3680 fama:
3314 3633 3367 3681 et
3400 3622 3731 3679 asseclarum
3766 3623 3986 3694 cupidis

2406 3712 2551 3767 male
2584 3714 2858 3771 cessisset.
2887 3714 2998 3771 Nec
3028 3726 3236 3771 tantum
3279 3718 3434 3772 nefas
3464 3715 3694 3769 inultum
3718 3715 3875 3771 abire
3913 3716 3986 3772 si.

2403 3812 2571 3867 visset
2596 3810 2852 3871 Irenazus,
2884 3807 2974 3876 qui
2995 3807 3274 3861 hominum
3301 3807 3503 3876 ﬂagitia
3531 3806 3713 3859 omnia
3742 3814 3795 3860 et
3824 3819 3985 3861 erro-

2403 3916 2521 3956 rum
2547 3909 2793 3971 portenta
2832 3899 3153 3969 detegenda,
3193 3909 3246 3952 et
3291 3912 3389 3967 pio
3418 3898 3611 3953 merito
3656 3897 3979 3968 castiganda

2404 3994 2507 4050 sibi
2540 4002 2881 4061 susceperat.
2916 3991 2967 4046 ls
3005 4005 3156 4056 vero,
3201 3990 3329 4045 licet
3374 4004 3516 4060 saepe
3546 3989 3748 4058 saepius
3778 4000 3984 4060 arguat

2404 4086 2543 4157 quod
2574 4085 2757 4140 mundi
2779 4083 3117 4139 conditorem
3142 4097 3169 4135 a
3190 4095 3445 4152 supremo
3467 4082 3630 4137 Patre
3650 4083 3979 4147 dividerent,

2403 4192 2675 4246 unumque
2700 4186 2753 4231 et
2779 4176 3027 4232 eumdem
3052 4190 3173 4230 esse
3195 4190 3377 4230 rerum
3413 4175 3661 4243 opificem
3689 4190 3754 4229 ac
3788 4191 3986 4246 συρτει-

2404 4286 2548 4325 mum
2580 4269 2796 4324 Patrem
2820 4271 3189 4335 demonstret;
3220 4268 3345 4324 licet
3372 4268 3438 4324 de
3459 4269 3569 4323 Deo
3598 4269 3815 4339 indigne
3837 4285 3974 4325 sen-

2404 4364 2561 4431 sisse,
2592 4351 2982 4432 huminutuque
3028 4360 3278 4428 aﬂ'eetus,
3306 4361 3743 4430 imperfectiones
3767 4362 3980 4417 etvitia

2404 4457 2459 4509 in
2493 4470 2615 4510 eum
2666 4454 2806 4509 male
2844 4452 3188 4509 transtulisse
3245 4450 3514 4526 [XXXIV]
3547 4454 3761 4525 probet;
3826 4468 3977 4507 nun-

2405 4563 2567 4617 quam
2613 4557 2799 4602 tamen
2834 4555 2894 4601 ut
2922 4545 3234 4612 πολυθέους,
3290 4557 3386 4601 aut
3430 4546 3741 4601 divinarum
3782 4561 3983 4616 perso-

2406 4655 2597 4694 narum
2642 4652 2928 4695 numerum
2974 4653 3138 4708 supra
3171 4638 3385 4693 modum
3431 4647 3689 4709 augentes
3718 4638 3978 4705 traducit,

2406 4740 2793 4802 argumentave
2818 4730 3097 4800 conquirit
3123 4730 3319 4800 quibus
3357 4729 3549 4784 Patres
3580 4730 3677 4785 Dei
3707 4729 3981 4787 unitatem

2404 4825 2739 4895 persuadere
2762 4822 3065 4887 solebant;
3099 4838 3128 4877 a
3162 4822 3360 4893 quibus
3393 4822 3774 4887 nihilominus,
3820 4829 3877 4897 ut
3903 4823 3983 4878 ab

2406 4918 2530 4973 imis
2560 4915 2835 4971 radicibus
2868 4914 3067 4968 malum
3101 4915 3283 4969 statim
3328 4914 3681 4981 convelleret,
3723 4914 3977 4984 disputa-

2409 5007 2569 5063 tionis
2595 5007 2750 5062 initia
2776 5006 2979 5061 ducere
3002 5005 3299 5060 debuisset.
3334 5006 3487 5072 Quod
3515 5019 3638 5060 cum
3670 5018 3775 5059 non
3825 5020 3976 5074 prae-

2414 5101 2623 5158 stiterit
2653 5100 2737 5155 vir
2764 5097 3096 5168 caeteroquiu
3120 5096 3586 5162 accuratissimus,
3610 5105 3665 5152 et
3689 5097 3776 5151 cui
3800 5098 3978 5166 probe

2405 5200 2531 5246 nota
2561 5199 2717 5246 erant
2748 5188 3131 5246 Gnosticorum
3154 5186 3404 5242 omnium
3430 5189 3702 5257 dogmata;
3730 5200 3823 5241 eos
3858 5202 3978 5245 non

2405 5282 2641 5339 sensisse
2686 5297 2813 5338 suos
2840 5280 3045 5337 [Eones
3091 5280 3318 5335 totidem
3349 5293 3507 5333 veros
3539 5279 3689 5343 deos,
3723 5288 3815 5332 aut
3844 5292 3981 5348 per-

2406 5390 2572 5431 sonas
2591 5374 2809 5428 divinas
2834 5372 3019 5439 fuisse,
3050 5387 3149 5443 pro
3180 5379 3331 5426 certo
3358 5370 3629 5425 afﬁrmare
3660 5385 3981 5441 possumus,

2406 5465 2654 5536 quamvis
2685 5466 2814 5521 deos
2844 5468 3131 5520 nominare
3156 5466 3416 5520 solerent.
3456 5462 3560 5517 Sed
3586 5477 3706 5533 qua:
3735 5465 3979 5532 genuina

2404 5558 2567 5614 fuerit
2598 5558 2978 5613 hatreticorum
3011 5558 3225 5611 illorum
3260 5558 3326 5613 de
3356 5556 3621 5613 [Eonibus
3652 5556 3766 5610 suis
3791 5570 3979 5623 mens,

2405 5650 2602 5720 quidve
2631 5658 2710 5704 tot
2730 5648 2969 5704 1Eonum
3000 5664 3065 5703 ac
3090 5650 3533 5720 conjugationum
3559 5648 3778 5702 nomine
3810 5647 3979 5705 intel-

2408 5742 2666 5812 lexerint,
2696 5756 2767 5797 ει
2809 5740 3111 5798 tutioribus
3155 5750 3270 5797 tum
3320 5738 3531 5808 lrcntei,
3562 5751 3675 5795 tum
3723 5748 3978 5798 veterum
