4180 6332
213 395 284 454 73
1141 390 1592 458 DlSSERTATlO
1623 403 1665 467 l,
1705 400 1867 458 ΛΚΤ.
1907 403 1946 469 l,
1983 403 2071 457 DE
2102 393 2523 460 VALENTINO.
3401 406 3467 465 7L

217 517 441 597 aliorum
463 519 776 591 principiis,
809 530 1074 593 quantum
1104 522 1156 576 in
1194 538 1254 577 re
1281 521 1676 579 obscurissima
1705 520 1786 576 fas
1817 523 1862 580 Α
1888 525 2066 578 seant.
2097 521 2222 577 Haec
2253 536 2383 594 ergo
2437 521 2949 579 Valentinianorum
2996 515 3272 581 sententia
3324 536 3469 587 erat,

217 619 315 672 est,
345 610 810 681 investigandum.

181 764 184 766 γ
291 703 378 761 53.
413 706 509 762 Sic
535 722 566 760 a
602 705 1000 763 Valentinianis
1027 706 1236 764 Eones
1264 708 1451 774 dividi,
1485 717 1544 763 ut
1570 708 1794 763 aliisint

220 799 466 864 masculi,
507 799 598 853 alii
632 799 868 866 feminae,
899 801 1238 870 musculique
1261 817 1385 857 cum
1414 799 1633 856 feminis
1659 816 1794 855 con-

214 885 516 957 jugentur,
568 891 682 959 jam
758 889 1018 946 diximus.
1078 890 1251 947 Porro
1313 891 1544 947 feminas
1588 891 1793 946 onnes

220 995 401 1037 meras
449 997 572 1039 esse
627 984 995 1040 masculorum
1043 984 1386 1054 affectiones,
1442 987 1679 1042 virtutes
1740 996 1794 1042 et

220 1079 608 1148 proprietates,
647 1093 755 1133 non
789 1079 1126 1134 substantias
1177 1088 1564 1149 autpersonas
1614 1083 1683 1135 ab
1723 1082 1792 1136 iis

218 1171 466 1228 diversas
498 1182 592 1228 aut
619 1173 926 1238 distinctas,
961 1181 1172 1228 certum
1204 1173 1442 1228 videtur.
1481 1171 1546 1227 Et
1570 1175 1790 1243 quidem

217 1261 296 1317 ita
357 1265 599 1320 sensisse
653 1263 934 1321 Ptolemaei
997 1264 1296 1337 discipulos
1349 1276 1502 1321 extra
1565 1267 1790 1322 dubium

215 1363 322 1411 est.
355 1356 500 1413 Duas
528 1358 676 1412 enim
704 1371 841 1426 quas
889 1355 1063 1427 Bytho
1106 1357 1456 1428 assignabant
1511 1359 1789 1427 conjuges,

217 1449 491 1505 vocabant
542 1450 666 1520 ipsi,
720 1451 924 1506 Irenaeo
954 1460 1115 1516 teste,
1149 1451 1240 1506 lib.
1279 1468 1320 1514 ι,
1351 1466 1473 1520 cap.
1511 1451 1600 1515 l2,
1650 1470 1705 1507 η.
1739 1453 1789 1518 1,

214 1540 378 1612 Bythi
407 1540 673 1606 διαθέσεις
703 1543 795 1595 καὶ
820 1541 1103 1614 δυνάμεις,
1124 1539 1439 1612 a/fectiones
1468 1552 1515 1597 et
1549 1546 1790 1600 virtutes.

214 1631 329 1690 Nec
359 1651 521 1692 secus
545 1636 783 1692 sensisse
811 1645 1039 1691 caeteros
1078 1636 1484 1692 Valentinianos
1508 1651 1576 1692 ex
1602 1640 1791 1693 eodem

217 1723 422 1780 Irenaeo
462 1727 760 1781 manifeste
804 1727 1100 1799 colligitur.
1153 1725 1204 1781 Is
1235 1728 1553 1798 quippelib.
1580 1745 1641 1793 ιι,
1668 1745 1788 1799 cap.

216 1815 308 1881 12,
334 1818 426 1872 ubi
456 1819 795 1888 probandum
828 1820 930 1875 sibi
952 1823 1143 1884 sumit,
1177 1820 1582 1876 triacontadem
1612 1823 1790 1878 haere-

217 1908 451 1962 ticorum
501 1917 557 1963 et
600 1908 836 1964 deiicere
875 1918 932 1964 et
977 1909 1288 1963 redundare
1320 1925 1334 1963 :
1371 1909 1607 1964 deiicere
1628 1923 1695 1964 ex
1728 1926 1793 1964 eo

216 2000 412 2068 probat
443 2001 586 2070 quod
614 2000 821 2056 Enncea
851 2017 971 2056 cum
999 2000 1174 2073 Bytbo
1207 2001 1481 2059 indivulse
1502 2003 1791 2072 conjuncta

215 2090 310 2155 sit,
364 2106 467 2144 nec
525 2093 750 2160 proinde
792 2093 859 2147 ab
897 2108 962 2148 eo
1013 2093 1224 2148 diversa
1286 2103 1380 2148 aut
1412 2108 1469 2148 re
1501 2093 1788 2149 distincta.

216 2177 554 2246 Impossibile
573 2191 648 2236 est
675 2185 838 2248 enim,
871 2185 1067 2256 inquit,
1118 2186 1377 2242 Eunaeum
1408 2187 1664 2257 alicujus,
1702 2199 1794 2241 aut

216 2271 504 2332 Silentium
535 2280 819 2345 separatim
852 2279 1100 2350 intelligi,
1136 2290 1184 2334 et
1210 2292 1358 2334 eastra
1384 2298 1502 2335 eum
1547 2284 1794 2337 emissum

213 2371 490 2439 prapriam
541 2370 732 2425 habere
779 2370 1178 2441 ﬁgurationem,
1227 2374 1277 2429 id
1336 2384 1420 2428 est
1470 2374 1698 2430 formam
1741 2384 1797 2430 et

217 2471 491 2516 naturam.
537 2462 642 2515 Sed
688 2463 840 2532 quia,
883 2464 1026 2532 quod
1081 2466 1250 2534 probe
1278 2465 1537 2531 callebat,
1584 2482 1646 2522 ea
1691 2484 1793 2523 non

216 2563 338 2607 erat
366 2553 884 2608 Valentinianorunt
918 2558 1215 2620 sententia,
1254 2558 1520 2615 Ennceam
1550 2576 1578 2613 a
1610 2561 1787 2631 Bytbo

215 2650 514 2716 separatim
546 2647 792 2717 intelligi,
823 2664 921 2702 nec
943 2647 1198 2702 dicebant
1227 2667 1340 2704 esse
1369 2653 1615 2706 emissam
1643 2654 1792 2706 illam

213 2756 392 2809 extra,
433 2743 524 2796 sed
575 2743 756 2812 potius
807 2745 1098 2797 adunatam
1144 2760 1254 2798 esse
1305 2744 1635 2816 l’ropatori;
1692 2750 1796 2805 hac

215 2852 412 2893 eorum
459 2837 622 2891 allata
675 2838 1029 2906 responsione
1081 2839 1267 2892 statim
1300 2837 1487 2905 infert,
1527 2841 1794 2900 Ennoeam

216 2945 335 2982 cum
367 2929 584 2998 reliquis
607 2928 893 2996 Eonibus,
922 2929 1000 2984 Itis
1022 2931 1113 2999 qui
1139 2947 1242 2984 non
1270 2939 1392 2984 sunt
1415 2934 1657 3000 adunati,
1693 2952 1794 2990 an-

219 3023 617 3076 nnmerandam
651 3037 757 3077 non
793 3037 936 3085 esse,
975 3034 1161 3094 utpote
1209 3039 1332 3094 quae
1361 3041 1389 3078 a
1418 3025 1590 3097 Bytbo
1620 3027 1691 3082 sit
1714 3029 1796 3082 in-

217 3116 497 3171 distincta.
547 3115 708 3180 Tum,
751 3117 1110 3171 necessitatem
1150 3136 1262 3172 esse
1294 3135 1495 3174 omnem
1540 3121 1604 3174 ab
1646 3126 1793 3174 unita

1895 615 2109 685 hacque
2136 615 2449 669 dicebantur
2483 618 2546 670 ab
2572 617 2732 686 ipsis,
2776 615 3033 672 feminam
3073 609 3305 674 Eonem
3342 635 3468 676 cum

1895 707 2142 762 masculo
2169 707 2451 764 individue
2475 708 2742 779 copulari,
2775 711 2900 779 quia
2926 718 3050 766 erat
3088 711 3237 766 velut
3260 710 3473 768 aﬂectio

1895 798 2036 866 ejus.
2080 798 2235 866 Quod
2269 800 2404 855 adeo
2437 813 2676 859 certum.
2712 810 2773 856 ut
2802 802 2927 858 inde
2977 803 3181 860 invicte
3214 803 3474 861 conliciat

1894 888 2131 944 Irenzeus
2160 900 2345 945 secum
2391 890 2526 960 ipsis
2552 906 2818 962 pugnare,
2853 893 3288 963 manifestissime
3328 896 3466 950 duas

1894 982 2192 1036 contrarias
2223 984 2287 1034 de
2313 983 2495 1036 eodem
2516 985 2803 1039 sententias
2831 995 3141 1052 censentes;
3169 988 3297 1043 hinc
3321 987 3472 1043 scilla

1894 1081 1982 1128 cet
2034 1072 2293 1142 Sophiam
2353 1073 2473 1128 sine
2535 1076 2893 1144 permistione
2943 1075 3197 1146 conjugis
3252 1074 3468 1131 Tlteleti

1895 1178 2111 1234 passam
2137 1177 2260 1218 esse
2286 1164 2618 1233 passionem,
2648 1177 2703 1221 et
2741 1169 3047 1234 separatim;
3077 1167 3199 1222 sine
3224 1179 3292 1221 eo
3317 1164 3472 1224 femi«

1895 1272 2019 1311 nam
2055 1272 2344 1327 generasse
2370 1277 2406 1314 :.
2427 1258 2578 1314 illinc
2606 1274 2734 1314 vero
2764 1259 3023 1329 Sophiam
3070 1275 3195 1315 cum
3225 1261 3460 1332 conjuge

1901 1358 2010 1402 tam
2042 1357 2196 1404 arcte
2230 1351 2601 1422 conjunctam,
2633 1362 2692 1406 ut
2714 1362 2861 1406 esset
2883 1352 3099 1408 affectio
3125 1345 3263 1422 ejus.
3311 1348 3468 1422 Quod

1894 1442 2109 1512 quidem
2140 1454 2520 1516 argumentum
2566 1443 2723 1498 futile
2770 1455 2940 1512 esset,
2989 1447 3034 1500 si
3074 1461 3233 1503 secus
3261 1448 3467 1503 sensisJ

1894 1546 2014 1590 sent
2041 1535 2310 1603 haeretici,
2347 1545 2399 1591 et
2435 1537 2663 1592 feminas
2687 1536 2894 1593 Eones
2925 1555 2952 1593 a
2987 1540 3235 1594 maribus
3261 1555 3319 1596 re
3351 1541 3466 1596 dis-

1897 1628 2209 1686 tinxissent.
2241 1630 2311 1685 Et
2339 1630 2467 1684 hinc
2488 1630 2601 1701 jam
2627 1641 2876 1701 apparet,
2907 1647 3006 1686 cur
3035 1632 3129 1687 lib.
3169 1641 3209 1699 ι,
3235 1648 3354 1705 cap.
3404 1633 3460 1700 1,

1894 1736 2338 1792 unumquemque
2361 1721 2592 1778 tEunem
2624 1723 3157 1780 masculo-feminam
3180 1739 3303 1781 esse
3326 1727 3473 1782 dice-

1895 1823 2037 1881 rent,
2072 1825 2126 1870 et
2174 1815 2537 1887 primigenum
2595 1818 2838 1888 ogtloada
2889 1828 3126 1888 quatuor
3159 1820 3471 1875 nominibus

1897 1911 2162 1964 duntaxat
2212 1920 2606 1980 nuncuparent,
2657 1911 2877 1966 omissis
2924 1911 3248 1965 feminarum
3283 1912 3468 1981 appel-

1898 2002 2212 2057 lationibus.
2255 2003 2392 2058 Cum
2423 2004 2567 2058 enim
2616 2003 2698 2058 ha:
2730 2003 3097 2060 masculorum
3145 2005 3466 2061 all‘ectiones

1895 2103 2097 2156 essent,
2123 2096 2486 2166 proprietates
2528 2105 2594 2149 ac
2629 2096 2856 2151 virtutes
2874 2097 3084 2162 activae,
3113 2111 3220 2151 non
3262 2095 3462 2162 mirum

1896 2191 1942 2244 si
1969 2190 2023 2244 in
2066 2204 2376 2256 numerum,
2413 2191 2504 2260 qui
2547 2202 2614 2245 ex
2651 2191 2924 2246 distinctis
2975 2192 3282 2248 unitatibus
3338 2207 3468 2248 coa-

1900 2281 2080 2345 lescit,
2103 2284 2325 2350 proprie
2349 2294 2458 2336 non
2499 2283 2768 2348 venirent,
2822 2294 2878 2339 et
2916 2284 3294 2354 unusquisque
3323 2283 3470 2340 tEon

1899 2371 2371 2426 masculo-femina
2417 2373 2715 2442 diceretur,
2754 2376 2846 2444 qui
2881 2377 3081 2431 virtute
3118 2377 3296 2432 activa
3329 2394 3466 2448 gau-

1897 2461 2082 2525 debat,
2110 2477 2232 2532 quae
2260 2464 2310 2517 ei
2331 2464 2505 2518 instar
2535 2464 2748 2520 feminae
2779 2475 2946 2521 esset.
2981 2467 3114 2527 Cum
3146 2468 3328 2538 itaque
3348 2470 3466 2538 jam

1897 2563 2110 2609 constet
2134 2554 2338 2610 onnes
2376 2555 2605 2612 feminas
2630 2571 2658 2610 a
2690 2558 2934 2614 maribus
2960 2559 3303 2616 iudistinctas
3327 2576 3470 2626 esse,

1897 2646 2120 2713 .Eones,
2161 2648 2205 2702 si
2249 2649 2473 2719 proprie
2516 2659 2570 2703 et
2601 2664 2670 2703 ex
2732 2651 2812 2704 rei
2867 2651 3104 2708 veritate
3155 2652 3302 2729 loqui
3333 2653 3472 2708 veliJ

1899 2756 2040 2806 mus,
2072 2754 2194 2795 esse
2221 2754 2327 2795 non
2361 2740 2724 2811 possuntplus
2741 2757 2901 2811 quam
2931 2743 3272 2813 quindecim,
3299 2755 3394 2799 aut
3424 2744 3471 2799 si

1900 2833 1964 2889 iis
1987 2831 2291 2903 adjungere
2335 2831 2506 2886 libeat
2549 2832 2757 2900 Horon,
2804 2835 3085 2890 Christum
3114 2844 3170 2890 et
3199 2833 3468 2907 Spiritum

1901 2937 2177 2996 sanctum,
2229 2943 2294 2984 ac
2344 2927 2711 2995 Salvatorem,
2772 2929 2892 2998 plus
2943 2944 3106 2998 quam
3165 2929 3356 2984 decem
3416 2941 3472 2985 et

1900 3036 2113 3086 novem,
2143 3020 2200 3076 in
2247 3035 2480 3092 quorum
2529 3021 2798 3076 duntaxat
2842 3021 3220 3091 investiganda
3269 3031 3470 3078 natura

1901 3125 2045 3170 totus
2075 3116 2309 3170 vertitur
2342 3116 2672 3171 diliicultatis
2704 3115 2891 3170 cardo.

216 3209 616 3280 conjugatione,
667 3220 715 3263 et
766 3209 1127 3278 inseparabili,
1173 3220 1222 3264 et
1273 3228 1439 3266 unum
1487 3215 1789 3280 easistente,
1821 3217 1863 3276 ϐ
1965 3210 2057 3267 54.
2084 3211 2340 3267 Eamdem
2363 3225 2472 3265 non
2502 3211 2675 3266 fuisse
2698 3209 3200 3266 Valentinianorum
3228 3211 3472 3267 omnium

214 3307 582 3370 indiscretum,
617 3315 664 3361 et
705 3307 907 3359 unitum
939 3321 1055 3359 eam
1092 3321 1210 3375 qua:
1233 3321 1296 3358 ea:
1326 3323 1386 3360 ea
1425 3317 1518 3372 est,
1545 3310 1791 3364 emissio-

217 3415 337 3453 nem
357 3398 498 3466 ﬁeri,
532 3408 587 3450 ut
615 3413 719 3450 non
749 3398 815 3450 sit.
840 3396 1119 3450 dissimilis
1163 3396 1225 3448 ab
1255 3412 1313 3449 eo
1345 3398 1437 3466 qui
1482 3400 1672 3454 emisit.
1707 3405 1790 3457 Ac

215 3490 469 3562 proinde,
501 3506 663 3543 unum
704 3500 750 3544 et
779 3490 916 3543 idem
939 3489 1078 3557 ﬁeri,
1111 3490 1794 3563 quemadmodumByt/mm

216 3596 264 3640 et
299 3583 480 3654 Sigen,
522 3586 599 3637 sic
624 3594 669 3637 et
696 3582 822 3636 Nun
852 3593 899 3637 et
923 3583 1191 3647 Aletltian,
1239 3600 1438 3653 semper
1467 3586 1794 3642 adhwrentes

217 3677 441 3731 invicem
471 3692 490 3730 :
520 3687 567 3730 et
599 3676 740 3746 quod
775 3692 876 3729 non
905 3676 1066 3744 possit
1099 3681 1323 3729 alterum
1358 3678 1470 3730 sine
1514 3679 1680 3732 altero
1713 3680 1795 3732 it;-

216 3768 404 3838 telligi,
440 3767 885 3837 quemadmodum
909 3783 1070 3838 neque
1095 3778 1230 3838 aqua
1254 3769 1362 3822 sine
1386 3770 1794 3839 ltuntectatione,

218 3875 382 3929 neque
400 3859 540 3929 ignis
564 3859 674 3912 sine
692 3859 886 3923 calore,
917 3875 1077 3929 neque
1099 3858 1234 3926 lapis
1261 3861 1371 3913 sine
1396 3861 1622 3926 duritia;
1646 3864 1795 3917 unita

215 3963 341 4008 sunt
365 3954 504 4006 enim
529 3953 747 4004 invicem
772 3952 904 4013 hwc,
930 3961 976 4004 et
1009 3951 1234 4004 alterunt
1263 3954 1327 4006 ab
1360 3954 1527 4007 altero
1559 3959 1797 4023 separari

219 4061 322 4100 non
347 4055 538 4113 potest,
569 4045 658 4098 sed
687 4060 890 4108 semper
914 4045 1230 4098 coexsistere
1262 4046 1328 4098 ei.
1362 4047 1514 4113 Quod
1544 4058 1596 4101 et
1618 4049 1793 4117 ipsum

218 4137 286 4188 de
313 4136 457 4209 ιοεο
485 4147 542 4191 et
590 4137 720 4200 Zoe,
759 4135 989 4189 Homine
1037 4146 1094 4189 et
1141 4137 1412 4204 Ecclesia,
1467 4149 1522 4193 et
1567 4140 1793 4210 reliquis

217 4229 457 4284 Bonum
491 4228 978 4297 conjugationibus
1019 4227 1275 4283 similiter
1301 4232 1595 4289 concludit.
1637 4233 1793 4288 Clara

219 4331 348 4377 sunt
393 4324 511 4376 inec
555 4332 718 4388 atque
762 4321 1072 4390 perspicua.
1117 4321 1225 4376 Sed
1259 4338 1328 4377 ne
1369 4326 1646 4380 videretur
1682 4328 1796 4394 bare

219 4415 388 4484 gratis
417 4423 471 4468 et
497 4429 527 4465 ει
555 4413 737 4480 seipso
785 4414 1136 4483 supposuisse
1165 4416 1545 4472 sanctissimus
1569 4428 1796 4492 martyr,

221 4507 515 4575 ipsummet
551 4505 1059 4560 Valentinianorum
1136 4505 1464 4577 principium
1519 4511 1707 4574 refert,
1737 4523 1797 4567 ut

219 4597 450 4652 subinde
472 4598 701 4650 alteram
719 4596 1087 4665 liypotheseos
1102 4612 1292 4653 eorum
1310 4607 1518 4667 partem
1545 4600 1791 4657 funditus

218 4699 447 4755 evertat,
483 4689 699 4743 scilicet
729 4689 990 4759 Sopltiam
1024 4691 1140 4745 sine
1171 4693 1526 4761 permistione
1548 4695 1793 4765 conjugis

219 4785 430 4839 Theleti
462 4797 677 4852 passam
722 4797 842 4836 esse
872 4783 1212 4850 passionem,
1249 4793 1303 4838 et
1343 4787 1642 4855 separatim
1675 4790 1792 4842 sine

218 4891 283 4931 eo
317 4870 556 4930 fructum
589 4888 904 4944 generasse.
939 4874 1219 4929 Feminam
1251 4878 1390 4929 enim
1415 4877 1666 4943 .Eonem,
1695 4880 1791 4945 ait,

220 4972 419 5042 pariter
438 4987 551 5024 esse
575 4976 776 5036 oportet
804 4983 921 5019 cum
951 4968 1207 5030 masculo,
1232 4972 1519 5022 secundum
1550 4986 1656 5033 eos,
1675 4987 1790 5024 cum

223 5066 285 5117 sit
315 5057 448 5117 velut
474 5062 684 5130 aﬁ'ectio
716 5060 855 5130 ejus.
881 5057 946 5110 Et
973 5075 1090 5112 cum
1120 5058 1229 5111 haec
1269 5059 1346 5111 ita
1369 5075 1422 5112 se
1458 5060 1708 5126 habeant,
1744 5071 1793 5115 et

221 5172 344 5209 eum
369 5158 476 5210 licet:
509 5156 758 5206 dicantur
782 5153 845 5205 ab
874 5151 1023 5218 ipsis,
1045 5167 1227 5203 rursus
1244 5151 1575 5218 impudorate
1600 5155 1796 5207 audent

223 5249 431 5314 docere,
465 5246 739 5316 juniorem
782 5243 1105 5296 duodecadis
1135 5240 1388 5311 Aionem,
1417 5260 1570 5312 quem
1610 5255 1655 5297 et
1692 5245 1796 5299 So-

221 5343 401 5412 phiam
449 5340 742 5410 appellant,
788 5342 905 5394 sine
947 5341 1281 5408 permistione
1330 5329 1592 5409 conjugis,
1639 5357 1792 5408 quem

227 5432 495 5486 Theletum
516 5443 727 5496 vocant,
750 5449 956 5498 passam
975 5448 1084 5486 esse
1103 5435 1418 5501 passionem,
1438 5442 1483 5486 ct
1510 5434 1791 5499 separatim

223 5526 334 5578 sine
356 5524 650 5587 eolructum
696 5538 990 5592 generasse,
1021 5540 1172 5594 quem
1193 5533 1240 5576 et
1265 5522 1514 5592 feminam
1538 5539 1568 5575 a
1592 5521 1790 5594 femina

228 5619 517 5679 nominant;
543 5617 600 5668 in
630 5625 833 5668 tantum
859 5615 1133 5669 dementire
1167 5618 1449 5684 progressi,
1486 5616 1562 5669 ita
1582 5625 1638 5668 ut
1674 5632 1791 5667 ma—

228 5709 555 5776 nq'estissime
579 5709 712 5759 duas
731 5710 1028 5760 contrarias
1059 5709 1121 5761 de
1143 5708 1319 5761 eodem
1349 5709 1631 5762 sententias
1666 5724 1792 5762 cen-

297 5871 338 5900 "’
379 5865 488 5919 Lib.
531 5866 650 5914 adv.
687 5861 920 5926 Valent.,
953 5878 999 5915 (ε.
1038 5863 1088 5914 Ii.

551 5965 661 6019 νει-ι
682 5976 818 6018 ιιοι..
868 5959 985 6019 Gtt.
1033 5959 1165 6019 VII.

1899 3303 1965 3357 de
2022 3302 2288 3358 Eonibus
2341 3303 2687 3368 sententiam,
2743 3318 2810 3357 ex
2853 3303 3077 3366 Irenzco,
3108 3301 3466 3366 Tcrtulliana,

1900 3393 2247 3450 Theodoreto
2274 3402 2325 3448 et
2353 3394 2477 3449 aliis
2505 3394 2851 3464 exploratum
2873 3402 2980 3449 est.
3004 3394 3060 3449 In
3091 3405 3301 3450 tantum
3326 3383 3472 3450 enim

1901 3488 2232 3544 Tertulliani
2271 3488 2313 3520 ⁸⁷
2353 3498 2518 3544 aetate
2545 3489 2932 3544 abscesserant
2961 3502 2989 3542 a
3019 3491 3279 3559 magistro
3309 3490 3476 3545 disci-t

1900 3583 2038 3653 puli,
2081 3592 2140 3638 ut
2172 3599 2434 3653 nusquam
2465 3582 2580 3652 jam
2616 3579 2954 3644 Valentinus,
2998 3581 3240 3651 solusque
3269 3583 3337 3635 ad
3370 3584 3468 3636 Ito-

1898 3674 2139 3727 diernum
2198 3675 2496 3728 Antiochiw
2535 3675 2824 3727 Axiom'cus
2861 3675 3167 3728 memoriam
3207 3673 3472 3728 Valentini

1899 3766 2099 3838 integra
2145 3767 2384 3821 custodia
2423 3767 2730 3833 regularum.
2771 3766 2889 3836 ejus
2938 3765 3320 3821 consolaretur.
3354 3768 3470 3822 lmo

1898 3874 2000 3914 nec
2053 3859 2380 3929 nugivendis
2439 3857 2562 3913 istis
2613 3858 2869 3914 omnibus
2929 3859 3065 3914 satis
3125 3867 3472 3929 perspectum

1899 3953 2076 4008 fuisse
2106 3954 2235 4022 quid
2263 3953 2368 4008 sibi
2393 3953 2618 4018 vellent,
2638 3967 2818 4021 quove
2852 3951 3161 4019 tenderent,
3190 3968 3289 4007 nec
3316 3953 3471 4008 invo-

1900 4046 2028 4100 luta:
2062 4048 2140 4101 rei
2181 4046 2358 4101 ideam
2407 4045 2721 4101 definiendo
2766 4060 2996 4115 usquam
3051 4046 3328 4117 explicare
3377 4064 3474 4121 pna

1902 4141 2090 4206 tuisse,
2128 4149 2360 4195 testatur
2384 4139 2618 4194 Irenaeus
2659 4138 2755 4194 lib.
2790 4154 2850 4204 ιι,
2883 4153 3003 4209 cap.
3029 4139 3115 4204 16,
3150 4155 3207 4194 ιι.
3243 4141 3298 4194 9.
3329 4137 3471 4195 Nam

1899 4235 2185 4304 proposita
2237 4232 2341 4287 sibi
2393 4233 2712 4300 quaestione,
2755 4246 2918 4300 quam
2967 4246 3115 4287 nunc
3160 4245 3470 4294 versamus.

1903 4325 2195 4392 allatisque
2220 4325 2395 4378 variis
2421 4324 2869 4392 explicandarum
2888 4325 3242 4381 emissionum
3271 4327 3474 4392 modis,

1902 4416 2184 4473 concludit
2209 4434 2221 4470 :
2255 4409 2459 4470 Prteter
2487 4416 2580 4469 has
2605 4425 2778 4469 autem
2808 4417 3111 4472 emissiones
3139 4432 3231 4486 ego
3256 4419 3466 4487 quidem

1893 4510 2012 4578 jam
2055 4524 2156 4562 non
2202 4508 2440 4577 intelligo
2477 4508 2699 4560 alteram
2730 4525 2879 4576 posse
2909 4525 2996 4562 eos
3033 4510 3227 4575 dicere;
3257 4512 3350 4565 sed
3404 4526 3471 4567 ne

1827 4575 1874 4633 ι)
1894 4575 1997 4673 ipsi
2021 4602 2234 4672 quidem
2275 4575 2494 4654 alteram
2518 4601 2798 4671 quamdam
2831 4604 3199 4670 proprietatem
3223 4603 3468 4658 emissam

1904 4695 2179 4748 reddentes
2212 4693 2498 4762 aliquando
2525 4692 2717 4760 cogniti
2766 4703 2888 4746 sunt
2922 4694 3092 4758 nobis,
3146 4694 3264 4747 licet
3317 4696 3473 4748 ualde

1899 4788 2119 4842 multant
2152 4787 2216 4840 de
2245 4784 2551 4855 ltujusmodi
2587 4784 2848 4852 speciebus
2876 4787 3214 4854 qutestionem
3254 4786 3456 4841 imbue-

1904 4883 2068 4934 rimus
2112 4895 2229 4932 cum
2269 4879 2368 4932 eis:
2391 4879 2488 4930 hoc
2530 4884 2705 4927 autem
2749 4876 2920 4930 solum
2965 4878 3167 4944 dicunt,
3210 4881 3460 4948 quoniam

1900 4974 2079 5028 emissi
2124 4980 2246 5026 sunt
2295 4970 2651 5040 unusquisque
2697 4969 2932 5036 illorum,
2981 4981 3028 5024 et
3066 4971 3214 5026 illum
3262 4981 3470 5026 tantum

1903 5064 2204 5134 cognovisse
2253 5062 2342 5131 qui
2370 5077 2424 5114 se
2471 5062 2670 5126 emisit,
2710 5061 2968 5130 ignorans
2991 5071 3166 5115 autem
3212 5078 3328 5116 cum
3378 5065 3468 5134 qui

1901 5166 2023 5210 ante
2047 5156 2198 5208 illum
2225 5163 2323 5208 est.
2352 5151 2476 5205 Jam
2515 5170 2620 5206 non
2654 5163 2826 5206 autent
2873 5168 2989 5205 cum
3036 5152 3330 5206 ostensione
3350 5148 3472 5222 pro-

1899 5247 2235 5314 grediuntur,
2263 5242 2708 5313 quemadmodum
2731 5244 2907 5296 emissi
2929 5251 3069 5307 sunt,
3096 5251 3187 5294 aut
3210 5245 3472 5312 quomodo

1899 5341 2034 5407 capit
2063 5338 2167 5391 tale
2200 5338 2328 5408 quid
2351 5338 2406 5390 in
2435 5335 2760 5406 spiritalibus
2784 5335 2921 5404 ﬁeri.
2955 5336 3021 5388 Et
3050 5351 3174 5404 cap.
3201 5335 3289 5403 Η,
3325 5351 3378 5390 n.
3398 5334 3466 5391 8:

1900 5427 1972 5482 lli
2024 5430 2289 5499 paulatim
2338 5426 2569 5481 assuetis
2606 5426 2690 5480 Itis
2738 5427 3015 5480 suadentes
3045 5427 3146 5496 (sic
3193 5425 3335 5498 lego)
3379 5441 3475 5495 per

1897 5521 2312 5590 pithanologiam
2335 5536 2601 5576 assumere
2629 5520 2934 5588 prwdietam
2963 5520 3294 5573 emissionem
3351 5522 3472 5590 (sex

1898 5614 2139 5684 priorum
2166 5614 2443 5686 Eanum),
2462 5617 2696 5684 inferunt
2727 5630 2887 5683 neque
2907 5613 3284 5682 congruentia,
3311 5627 3474 5680 neque

1902 5708 2141 5777 Opinutas
2178 5708 2496 5779 reliquarum
2547 5707 2885 5762 emissionum
2946 5705 3166 5776 species,
3217 5720 3281 5759 ex
3326 5702 3470 5772 Lago

3123 5965 3159 6023 3
