4180 6332
754 390 824 447 ’Ῑδ
1564 368 2146 430 DlSSERTATlONES
2176 364 2336 424 PlUE

2427 364 2479 419 Ε
2518 364 2582 419 ΙΝ
2616 362 2872 418 ΙΒΕΝΕῘ
2909 359 3171 416 LIBROS.
3911 355 3982 412 76

748 506 958 579 quidem
980 510 1026 557 et
1048 499 1152 554 Zae
1175 498 1347 551 decem
1372 495 1602 548 dicentes
1625 491 1831 546 λΕοηιιε
1854 490 2094 550 emissos,
2113 492 2175 540 de
2199 486 2301 537 An-
2340 485 2386 540 Α
2416 491 2588 550 taxat,
2619 496 2724 534 non
2762 480 2945 548 plures
2968 478 3098 531 deos
3121 473 3448 536 admitteret,
3481 472 3661 529 addit:
3696 471 3983 527 Hanestior

748 603 932 665 thropa
948 605 1123 648 autem
1138 601 1180 644 et
1197 587 1433 644 Ecclesia
1449 586 1755 650 duodecim;
1774 592 1820 636 et
1840 583 2024 636 horum
2047 595 2135 632 nec
2149 589 2314 631 osten-

747 691 968 752 sionem,
991 681 1421 744 nectestimonia,
1447 694 1537 731 nec
1557 673 2093 735 verisimilitudinem,
2136 685 2225 722 nec
2258 668 2314 719 iu

748 790 917 835 totum
939 777 1138 848 aliquid
1156 774 1344 827 talium
1367 770 1636 834 habentes,
1657 767 1855 837 frustra
1873 773 2072 826 autem,
2091 770 2138 814 et
2160 767 2313 829 prattt

747 873 934 939 euenit,
955 866 1315 930 crediaolunt,
1363 879 1428 916 ex
1472 862 1609 931 Lago
1635 871 1682 912 et
1708 859 1814 913 Zoe
1834 857 2026 912 Αῖοηξε
2063 854 2314 909 exsistet:-

750 970 889 1023 tibus
906 969 1151 1020 emissum
1173 977 1282 1015 esse
1300 959 1549 1029 Bythi'nm
1564 965 1610 1008 et
1635 953 1830 1019 Mixin,
1845 961 1950 1005 etc.
1970 949 2174 1016 Quibus
2195 963 2316 1001 vcr-

751 1054 1087 1131 bis[XXXV]
1103 1052 1369 1122 signiﬁcat
1389 1043 1790 1102 Valentinianos
1810 1040 2021 1110 quidem
2061 1036 2318 1091 afﬁrmas-

753 1169 811 1208 se
828 1152 1030 1208 }Eones
1047 1149 1112 1202 ab
1136 1141 1401 1199 Eonibus
1432 1138 1602 1193 emitti
1622 1152 1636 1200 ;
1655 1135 1750 1190 sed
1770 1133 1857 1188 ubi
1878 1133 1943 1187 ad
1967 1132 2314 1185 emissionum

753 1240 1190 1312 explicationem,
1222 1245 1278 1290 et
1308 1235 1372 1288 ad
1405 1229 1765 1286 deliniendam
1798 1224 2033 1279 )Eonum
2060 1230 2315 1276 naturam

755 1345 972 1390 ventum
1000 1340 1145 1396 erat,
1171 1328 1396 1383 iussisse
1418 1337 1659 1394 prorsus,
1693 1335 1792 1375 nec
1819 1320 1952 1374 satis
1978 1317 2316 1388 perspicuum

755 1428 839 1482 vel
868 1426 981 1481 suis
1006 1423 1091 1478 vel
1123 1421 1349 1475 aliorum
1379 1415 1578 1471 animis
1610 1427 1797 1467 earum
1826 1426 2004 1466 rerum
2037 1411 2211 1464 ideam
2240 1408 2319 1460 in-

757 1520 994 1574 formare
1021 1515 1282 1585 poluisse.
1324 1511 1380 1564 Si
1415 1510 1761 1565 Colorbasum
1799 1506 2104 1569 audiamus,
2131 1501 2318 1570 primae

754 1612 944 1667 saltem
977 1605 1238 1678 ogdoadis
1260 1603 1462 1659 onnes
1491 1602 1624 1656 nihil
1648 1600 1794 1654 aliud
1826 1607 2139 1667 suntquam
2166 1596 2317 1665 plura

756 1701 923 1754 variis
957 1699 1117 1752 unius
1141 1705 1196 1751 et
1226 1694 1465 1764 ejusdem
1495 1693 1571 1745 rei
1603 1687 1999 1750 aﬂectionibus,
2030 1685 2239 1739 actibus
2268 1694 2320 1737 et

2417 586 2463 630 et
2498 574 2767 628 liberalior
2808 570 3118 625 Valentinus
3146 608 3160 631 ,
3196 569 3283 638 qui
3316 566 3472 621 simul
3516 583 3679 621 ausus
3713 575 3792 620 est
3849 569 3983 620 duos

2419 668 2704 734 concipere,
2744 664 2970 733 Bytltunt
3008 671 3054 714 et
3091 659 3268 730 Sigen,
3303 675 3420 712 cum
3452 675 3612 729 usque
3667 659 3736 711 ad
3768 657 3987 726 triginta

2418 758 2653 812 fEanum
2691 757 2845 819 fetus,
2893 765 3143 823 tanquam
3189 751 3405 805 xEonite
3442 750 3711 816 scropltte,
3765 763 3987 801 examen

2418 850 2716 904 divinitatis
2765 848 2968 917 eﬂudit.
3007 846 3109 901 Ubi
3147 860 3250 898 non
3301 844 3461 897 modo
3506 843 3726 911 triginta
3778 840 3985 897 Eones

2420 943 2550 996 deos
2580 939 2830 1010 appellat,
2879 940 2975 993 sed
3012 953 3161 1006 aeque
3208 935 3276 989 ab
3309 934 3544 988 invicem
3592 943 3646 986 et
3682 932 3987 988 substantia

2419 1045 2471 1087 et
2509 1048 2738 1103 persona
2788 1033 3074 1084 distinctos
3116 1041 3362 1082 asserere
3406 1026 3618 1080 videtur
3652 1033 3815 1094 atque
3847 1026 3987 1078 duos

2421 1125 2715 1180 Marcionis
2751 1124 2908 1190 deos;
2941 1123 3074 1177 alias
3137 1121 3334 1174 nullam
3359 1121 3500 1174 inter
3534 1130 3799 1187 utrosque
3830 1133 3986 1172 com-

2421 1218 2762 1286 parationem
2809 1216 3092 1269 instituere
3147 1214 3433 1284 potuisset.
3483 1211 3586 1266 Vix
3634 1211 3798 1280 igitur
3829 1208 3988 1279 quid-

2423 1324 2586 1381 quam
2619 1309 2755 1362 certi
2791 1309 2894 1361 hac
2946 1307 3000 1360 in
3035 1323 3091 1360 re
3130 1307 3182 1359 in
3218 1303 3539 1358 Tertulliani
3603 1302 3708 1357 ﬁde
3745 1311 3991 1356 statuere

2421 1416 2728 1472 possumus.
2779 1399 3012 1452 Irenazus
3046 1397 3297 1461 vero,cui
3329 1395 3505 1464 patior
3547 1392 3792 1447 habenda
3826 1391 3988 1456 ﬁdes,

2422 1501 2606 1562 utpote
2632 1508 2659 1545 a
2681 1506 2786 1560 quo
2813 1490 2996 1545 caeteri
3020 1490 3340 1550 hauserunt,
3367 1487 3458 1540 lib.
3488 1502 3526 1553 ι,
3549 1499 3667 1554 cap.
3695 1485 3723 1539 1
3748 1492 3804 1539 et
3827 1497 4003 1555 seqq.,

2421 1586 2694 1641 Ptolemaei
2717 1624 2732 1650 ,
2768 1594 2819 1639 et
2867 1600 2988 1654 cap.
3025 1584 3084 1637 ll
3123 1582 3394 1638 Valentini
3422 1579 3741 1636 sententiam
3773 1577 3990 1633 descri-

2424 1685 2580 1745 bens,
2613 1681 2666 1734 in
2697 1696 2761 1735 eo
2796 1681 3061 1734 duntaxat
3115 1677 3346 1732 alterum
3381 1677 3450 1730 ab
3481 1675 3653 1730 altera
3676 1675 3992 1743 discrepare

757 1789 1184 1862 perfectionibus
1211 1786 1380 1841 indita
1408 1785 1656 1848 non-tina;
1691 1796 1798 1836 non
1821 1794 1976 1835 secus
2002 1795 2065 1833 ac
2087 1776 2316 1843 theologi
2350 1822 2393 1877 Β
2423 1774 2577 1827 docet
2599 1773 2740 1841 quod
2766 1770 2849 1825 hic
2873 1772 3030 1841 ὅρους
3061 1771 3218 1836 duos,
3247 1769 3481 1822 alterum
3505 1767 3648 1821 inter
3676 1764 3909 1834 Bytbum
3933 1773 3992 1818 et

756 1886 1007 1942 catholici
1039 1884 1198 1954 vulgo
1221 1881 1408 1936 dicunt
1435 1877 1725 1947 justitiam,
1750 1875 2075 1934 bonitatem,
2105 1871 2319 1939 sapien-

758 1981 908 2046 tiam,
940 1987 1071 2041 etc.,
1107 1991 1135 2029 a
1169 1975 1278 2029 Deo
1323 1988 1428 2027 non
1473 1984 1551 2034 re,
1581 1969 1674 2023 sed
1714 1966 2038 2038 cogitatione
2064 1963 2176 2018 sola
2209 1963 2320 2016 dis-

759 2071 971 2142 tingui,
1016 2082 1241 2136 esseque
1274 2081 1439 2120 unum
1469 2072 1524 2118 et
1563 2060 1808 2117 eumdem
1852 2058 2042 2121 Deum,
2082 2054 2176 2124 qui
2223 2070 2319 2123 pro

759 2165 971 2218 diversa
1013 2160 1226 2214 ratione
1256 2158 1416 2211 modo
1444 2155 1644 2224 justus,
1677 2151 1836 2206 modo
1864 2151 2057 2212 bonus,
2084 2148 2319 2217 sapiens,

757 2269 892 2325 etc.,
924 2263 1148 2310 vocetur
1167 2268 1196 2306 a
1223 2251 1398 2306 nobis.
1435 2248 1658 2314 Quando
1682 2243 2031 2317 (inquitapud
2060 2242 2322 2296 Irenteum

759 2351 856 2404 lib.
884 2365 924 2413 l,
951 2363 1072 2416 cap.
1096 2345 1183 2413 12,
1213 2360 1267 2397 n.
1291 2341 1344 2413 ὅ)
1373 2341 1610 2410 cogitavit
1637 2339 1836 2409 aliquid
1866 2336 2099 2390 emittere
2121 2331 2324 2403 Propa-

760 2450 866 2505 tar,
907 2439 1003 2492 hoc
1038 2437 1198 2492 Pater
1229 2445 1438 2491 vocatus
1471 2445 1577 2494 est:
1620 2444 1673 2487 at
1713 2433 1801 2487 ubi
1825 2447 1940 2502 qute
1967 2433 2160 2496 emisit,
2205 2446 2323 2483 vera

759 2533 994 2602 fuerunt,
1025 2532 1120 2584 hoc
1150 2527 1356 2581 Alethia
1379 2538 1613 2581 vocatum
1639 2537 1737 2580 est.
1763 2524 1892 2578 Cum
1916 2540 2035 2592 ergo
2061 2522 2222 2577 valuit
2246 2537 2326 2574 se-

759 2626 1036 2692 metipsum
1070 2622 1353 2682 ostendere,
1390 2621 1483 2672 hac
1516 2620 1809 2685 Anthropos
1838 2618 2035 2670 dictum
2062 2626 2155 2668 est.
2184 2615 2325 2680 Quas

759 2727 935 2776 autem
953 2715 1400 2785 priet-agitaverat,
1422 2722 1757 2779 posteaquam
1770 2710 2068 2773 emisit,hac
2090 2709 2324 2762 Ecclesia

762 2821 944 2864 uocata
979 2817 1074 2863 est.
1093 2807 1320 2861 Locutus
1358 2815 1431 2857 est
1471 2801 1764 2871 Anthrapos
1785 2799 1992 2870 Logon;
2020 2803 2102 2853 hic
2122 2810 2194 2854 est
2219 2803 2326 2867 pri-

763 2904 1050 2974 magenitus
1082 2899 1280 2953 Filius.
1316 2897 1667 2967 Subsequitur
1694 2907 1868 2948 autem
1904 2895 2083 2965 Lagan
2123 2893 2245 2956 Zoe,
2277 2903 2325 2947 et

761 2998 840 3052 sic
872 2997 1043 3064 prima
1076 2995 1335 3047 actonatio
1377 2989 1629 3058 completa
1668 2999 1764 3042 est.
1800 2987 1943 3041 Idem
1975 3002 2104 3057 ergo
2134 3001 2326 3056 supre-

767 3103 889 3143 mus
932 3087 1092 3141 Pater
1134 3095 1238 3150 est,
1279 3085 1369 3152 qui
1416 3083 1629 3137 diversa
1676 3079 1872 3144 Patris,
1923 3079 2170 3144 Alethiae,
2219 3082 2328 3130 An-

767 3179 972 3248 thropi,
1002 3187 1135 3243 etc.,
1166 3190 1265 3244 pro
1299 3175 1529 3228 diversis
1553 3170 1849 3242 ὲνεργείαις
1869 3180 1922 3224 et
1951 3169 2139 3225 ciliciis
2165 3170 2328 3224 sorti-

767 3280 860 3325 tur
919 3269 1174 3332 nomina;
1237 3281 1335 3320 nec
1400 3266 1622 3334 proinde
1683 3267 1942 3317 censebat
2004 3262 2330 3317 Colorbasus

769 3362 975 3418 Eoues
998 3360 1184 3430 primae
1215 3358 1405 3413 saltem
1437 3356 1694 3427 ogrloadis
1722 3356 2058 3411 substantias
2089 3371 2208 3410 esse
2238 3367 2330 3412 aut

769 3470 1034 3524 personas
1085 3468 1114 3506 a
1165 3448 1325 3504 Patre
1379 3448 1680 3503 distinctas.
1727 3447 1835 3502 Nec
1888 3449 2046 3502 aliter
2097 3450 2332 3504 sensisse

771 3548 1104 3618 Epiphanem
1153 3554 1304 3614 puto,
1354 3543 1468 3612 qui,
1514 3551 1572 3595 ut
1621 3543 1869 3611 superius
1926 3544 2177 3607 vidimus,
2224 3558 2330 3597 non

773 3640 933 3695 modo
968 3638 1230 3692 llenotela
1265 3645 1318 3690 et
1345 3635 1648 3701 Monoteta,
1679 3634 1731 3688 id
1776 3644 1860 3690 est
1890 3635 2120 3706 Bythutn
2159 3648 2211 3692 et
2245 3636 2329 3690 Si-

771 3751 896 3806 gen,
963 3747 1126 3786 unum
1187 3744 1308 3785 esse
1361 3727 1593 3790 volebat,
1653 3730 1748 3782 sed
1798 3738 1851 3783 et
1905 3731 2170 3795 emisisse,
2222 3746 2330 3785 non

773 3828 1104 3888 emittentes,
1139 3821 1367 3878 Monada
1395 3831 1447 3876 et
1481 3819 1595 3874 Heu
1628 3838 1640 3873 :
1681 3821 1734 3876 id
1763 3829 1865 3889 est,
1898 3831 2064 3877 totum
2090 3825 2329 3893 priorum

773 3921 966 3973 saltem
1012 3917 1365 3972 emissionutn
1417 3915 1733 3985 mysterium
1782 3928 1985 3969 meram
2036 3919 2330 3973 emittentis

773 4013 1052 4084 ἐνέργειαν
1101 4024 1250 4074 esse,
1301 4022 1405 4062 non
1457 4015 1659 4060 motum
1698 4008 2064 4078 generationis
2120 4014 2334 4079 proprie

772 4100 1012 4168 dictum;
1042 4100 1197 4169 cujus
1237 4097 1499 4151 terminus
1535 4096 1698 4152 fuerit
1737 4100 2010 4169 quidpiam
2062 4103 2128 4155 ab
2173 4102 2330 4155 emit-

778 4204 946 4260 tente,
985 4207 1090 4247 non
1125 4207 1203 4258 re,
1231 4191 1324 4244 sed
1351 4191 1569 4246 nomine
1601 4200 1754 4246 tenus
1786 4193 2119 4248 distinctum.

843 4288 933 4344 55.
966 4285 1330 4342 Tertullianus
1381 4284 1425 4315 ⁸⁸
1476 4283 1527 4336 id
1583 4283 1913 4338 discriminis
1959 4285 2098 4338 inter
2147 4285 2331 4341 Ptole-

774 4395 968 4436 meum
1013 4387 1067 4433 et
1101 4376 1448 4432 Valentinum
1481 4377 1782 4441 constituit,
1840 4379 1982 4445 quod
2011 4377 2097 4431 hic
2133 4377 2333 4432 IEoncs

774 4488 883 4528 non
920 4470 1055 4524 alias
1086 4486 1114 4522 a
1141 4465 1432 4524 divinitate
1477 4468 1835 4534 distinxisset,
1870 4483 2031 4538 quam
2061 4479 2117 4522 ut
2153 4472 2332 4526 natio-

772 4577 891 4626 nes,
925 4559 1241 4614 affectiones
1299 4566 1352 4611 et
1381 4562 1561 4610 motus
1598 4571 1627 4609 a
1665 4570 1764 4622 re;
1825 4555 1915 4610 ille
1963 4571 2089 4612 vero
2128 4555 2334 4612 Eones

774 4658 830 4712 in
859 4653 1173 4725 personales
1199 4649 1534 4706 substantias
1567 4663 1596 4701 a
1626 4648 1736 4701 Deo
1762 4656 2041 4716 separatas
2072 4649 2333 4703 transfor-

775 4757 1002 4805 masset.
1038 4745 1170 4799 Eam
1198 4745 1402 4816 (viam),
1428 4743 1624 4810 inquit,
1646 4741 1978 4810 postmodum
2014 4741 2332 4796 Ptolemazus

753 4841 1016 4906 intravit,
1050 4838 1352 4892 nominibus
1380 4845 1426 4888 et
1455 4835 1682 4889 numeris
1713 4832 1947 4887 AEonum
1978 4835 2234 4889 distinctis
2279 4836 2336 4888 in

776 4937 1076 5012 personal‘es
1099 4935 1436 4997 substantias,
1453 4933 1542 4984 sed
1565 4937 1715 4984 extra
1735 4930 1900 4983 Deum
1929 4931 2331 4985 determinatus:

779 5050 907 5101 quas
956 5029 1257 5085 Valentinus
1287 5029 1338 5080 in
1362 5028 1475 5094 ipsa
1504 5041 1706 5077 summa
1737 5022 2051 5088 divinitatis,
2078 5035 2132 5076 ut
2156 5041 2334 5077 sensus

780 5135 827 5178 et
860 5124 1080 5191 affectus
1105 5130 1153 5174 et
1182 5126 1352 5171 motus
1381 5116 1684 5170 incluserat.
1721 5117 1788 5169 At
1823 5131 1983 5185 quam
2010 5131 2198 5185 parum
2226 5119 2332 5171 sibi

779 5220 1090 5277 constiterit
1135 5215 1501 5270 Tertullianus
1575 5214 1812 5269 ostendit
1866 5215 2009 5283 quod
2066 5213 2158 5268 lib.
2213 5215 2332 5269 adv.

779 5315 974 5379 Praua,
1025 5326 1142 5380 cap.
1198 5309 1250 5376 8,
1292 5307 1518 5362 scribit:
1556 5305 1866 5360 Valentinus
1912 5306 2154 5374 probalas
2209 5326 2332 5362 suas

783 5406 1034 5462 discernit
1058 5411 1106 5455 et
1136 5411 1339 5470 separat
1360 5400 1424 5452 ab
1456 5409 1694 5463 auctore,
1715 5409 1760 5451 et
1795 5399 1868 5450 ita
1892 5398 2038 5471 longe
2065 5401 2126 5453 ab
2158 5417 2216 5453 eo
2242 5417 2337 5468 pa-

781 5502 876 5564 nit,
912 5507 964 5550 ut
1001 5495 1148 5549 Αῖοη
1185 5505 1383 5562 patrem
1437 5493 1652 5546 nesciat.
1705 5493 1769 5547 Et
1799 5494 1891 5548 lib.
1928 5510 1943 5548 ι
1977 5505 2156 5548 contra
2200 5494 2341 5547 Mar-

780 5595 922 5648 cion.
949 5605 1067 5658 cap.
1106 5587 1159 5653 5,
1199 5586 1565 5641 adversarium
1604 5602 1838 5656 urgens,
1888 5605 1981 5643 cur
2030 5589 2163 5645 duos
2204 5593 2333 5645 dun-

852 5823 898 5855 ⁸⁸
928 5821 1043 5877 Lib.
1085 5819 1204 5875 adv.
1239 5817 1473 5881 Valcnt.,
1503 5826 1598 5887 cap
1665 5821 1714 5872 ι.

2420 1864 2645 1929 tEones,
2672 1864 2901 1918 alterum
2940 1864 3082 1918 inter
3115 1863 3359 1918 Pleroma
3392 1869 3447 1914 et
3478 1859 3864 1929 Enthymesin;
3895 1856 3993 1911 ille

2424 1969 2551 2010 vero
2585 1970 2750 2009 unum
2785 1953 2959 2009 solum
2996 1953 3242 2024 lingeret.
3293 1950 3517 2013 Cretera,
3569 1950 3711 2018 quod
3751 1948 3819 2002 ad
3863 1946 3992 2001 Ple-

2424 2047 2650 2101 romatis
2671 2055 2917 2100 naturam
2936 2053 2989 2099 et
3010 2045 3255 2099 ordinem
3280 2042 3496 2106 attinet,
3514 2038 3812 2094 concordes
3833 2037 3994 2092 exhi-

2423 2141 2536 2202 bet,
2559 2153 2657 2192 nec
2680 2136 3009 2191 discriminis
3032 2150 3060 2188 a
3090 2132 3423 2188 Tertulliano
3455 2129 3735 2186 memorati
3761 2142 3994 2199 usquam

2425 2230 2689 2285 meminit.
2711 2227 2871 2282 Plura
2888 2227 3102 2295 quidem
3117 2225 3400 2294 utriusque
3415 2221 3701 2294 hypothesi
3714 2220 3996 2276 addidisse

2427 2320 2745 2390 discipulos,
2773 2319 2924 2387 plura
2960 2315 3264 2372 detraxisse
3299 2332 3403 2370 non
3441 2330 3524 2370 me
3550 2315 3713 2380 latet;
3741 2313 3834 2368 sed
3865 2312 3998 2381 Epic

2425 2416 2602 2483 phane
2650 2421 2705 2464 et
2731 2411 3024 2466 Colorbaso
3047 2448 3062 2474 ,
3097 2408 3165 2463 de
3198 2409 3396 2478 quibus
3442 2407 3693 2476 superius
3743 2405 3997 2475 egimus,

2426 2504 2693 2572 exceptis,
2728 2501 2866 2554 alios
2900 2499 2967 2554 de
3011 2498 3247 2554 IEonum
3301 2507 3496 2552 natura
3542 2512 3699 2553 secus
3751 2512 3815 2552 ac
3870 2495 3995 2553 illos

2426 2598 2680 2660 sensisse,
2705 2592 2889 2647 nullibi
2925 2591 3150 2661 legimus
3177 2609 3190 2643 :
3224 2606 3287 2643 ac
3308 2588 3534 2658 proinde
3559 2587 3611 2642 in
3635 2602 3696 2643 ea
3725 2601 3784 2642 re
3801 2599 3998 2641 omnes

2427 2691 2538 2745 fere
2572 2690 2813 2743 omnium
2864 2685 3160 2739 sententias
3213 2681 3530 2744 convenire,
3567 2694 3666 2747 pro
3695 2686 3846 2734 certo
3877 2686 3996 2732 sta-

2433 2797 2586 2836 tuere
2619 2793 2931 2850 possumus.
2987 2777 3125 2842 Quid
3175 2790 3302 2829 vero
3337 2772 3402 2828 de
3455 2770 3852 2833 iissenserint,
3881 2767 3998 2841 jam

2428 2875 2629 2942 aperio.

2501 2963 2591 3019 56.
2646 2961 2763 3017 Non
2795 2962 3036 3016 eamdem
3066 2958 3255 3020 fuisse,
3289 2957 3340 3012 in
3369 2955 3868 3012 Valentiuianorum
3896 2954 4001 3026 hy-

2429 3056 2662 3127 potltesi,
2699 3053 2934 3109 Eanum
2967 3053 3207 3107 omnium
3254 3051 3655 3113 conditionem,
3679 3062 3746 3102 ex
3781 3047 3846 3102 iis
3876 3061 4002 3116 quae

2353 3161 2396 3220 ο
2429 3148 2663 3204 lrenaeus
2692 3146 2881 3216 primis
2915 3144 3036 3198 libri
3073 3159 3087 3197 ι
3120 3143 3390 3210 capitibus
3417 3150 3473 3196 et
3507 3139 3635 3194 alibi
3671 3139 3875 3209 passim
3914 3154 4003 3192 re-

2431 3238 2555 3302 fert,
2593 3236 2797 3306 liquido
2827 3244 3081 3289 constare
3115 3234 3348 3288 videtur.
3399 3230 3726 3284 Immensum
3783 3229 3932 3283 enim
3971 3242 4003 3281 a

2436 3326 2655 3384 caeteris
2685 3325 2951 3381 Eonibus
2977 3324 3312 3392 discrepasse
3345 3319 3461 3374 Non
3489 3334 3586 3374 seu
3617 3317 4003 3389 Monogenem,

2431 3418 2797 3475 certissimum
2833 3425 2936 3471 est.
2974 3414 3112 3468 lluic
3158 3413 3260 3468 soli
3295 3412 3544 3483 cognitus
3578 3424 3869 3480 supremus
3896 3409 4009 3462 Pa-

2432 3524 2552 3576 ter;
2606 3509 2835 3578 reliquis
2887 3521 3018 3561 vero
3043 3505 3292 3560 omnibus
3351 3502 3640 3558 invisibilis
3694 3511 3750 3555 et
3789 3501 4010 3555 incom-

2432 3598 2812 3673 prebensibilis
2834 3605 2970 3651 erat.
2991 3593 3144 3649 Salus
3164 3593 3618 3659 Nus,'secundum
3639 3607 3749 3656 eos,
3773 3590 4011 3645 delecta-

2433 3695 2586 3745 batur
2607 3689 2780 3745 videns
2805 3687 3042 3751 Patrem,
3065 3695 3108 3738 et
3127 3684 3542 3755 magnitudinem
3555 3683 3669 3752 ejus
3691 3683 4008 3736 immensam

2434 3785 2778 3838 considerans
2806 3777 3127 3842 exsultabat,
3151 3787 3255 3833 etc.
3275 3775 3478 3846 Reliqui
3497 3775 3701 3829 ΑΞοηεε
3722 3791 3902 3828 omnes
3923 3783 4011 3827 ta-

2435 3879 2532 3930 cite
2548 3873 2931 3946 quadammodo
2955 3869 3325 3924 desiderabant
3349 3867 3662 3937 pralatorem
3682 3865 3897 3919 seminis
3920 3867 4010 3920 sui

2434 3969 2628 4030 videre,
2652 3972 2699 4019 et
2722 3981 2836 4018 eam
2851 3980 2967 4033 quae
2986 3963 3094 4016 sine
3121 3961 3272 4014 initia
3291 3968 3366 4012 est
3391 3958 3618 4011 radicem
3634 3957 4011 4026 contemplari.

2437 4060 2555 4115 Uno
2601 4058 2768 4113 verba
2803 4054 2915 4110 Nus
2935 4053 3120 4126 ὅμοιός
3155 4070 3214 4105 τε
3245 4053 3339 4104 καὶ
3371 4047 3487 4114 ἶσος
3511 4049 3588 4120 τῷ
3622 4049 4011 4122 προϐάλλοντι,

2434 4152 2623 4206 similis
2651 4161 2697 4203 et
2729 4146 2944 4216 arqualis
2993 4146 3040 4199 ei
3086 4143 3175 4213 qui
3215 4144 3482 4206 emiserat,
3515 4149 3565 4195 et
3605 4142 3748 4195 salus
3786 4142 4015 4209 capiens

2437 4240 2850 4312 magnitudinem
2879 4237 3062 4290 Patris
3087 4273 3101 4299 ,
3147 4233 3673 4303 periectissimaeque
3706 4232 4015 4303 agnitionis

2436 4333 2557 4386 luce
2599 4331 2983 4392 collustralus;
3036 4323 3219 4380 caeteri
3259 4332 3368 4377 tam
3417 4321 3606 4392 procul
3657 4336 3685 4374 a
3715 4320 3879 4376 Patre
3922 4321 4016 4376 di-

2436 4432 2663 4487 stantes,
2695 4429 2750 4475 ut
2786 4420 2851 4474 iis
2886 4431 3112 4487 prorsus
3162 4411 3701 4483 incomprehensibilis
3754 4420 3933 4479 esset,
3960 4422 4014 4465 et

2371 4517 2413 4570 D
2441 4532 2542 4569 non
2576 4523 2706 4569 esset
2736 4527 2898 4579 neque
2922 4509 3114 4572 videre,
3140 4523 3300 4577 neque
3325 4494 3508 4559 audire
3534 4521 3651 4558 eum
3678 4504 3778 4558 nisi
3803 4520 3898 4573 per
3920 4520 4017 4558 so-

2439 4607 2547 4661 lum
2613 4605 2992 4673 Manogenem;
3073 4598 3391 4669 ignorantia
3464 4594 3691 4665 proinde
3760 4596 4018 4649 tenebris

2438 4708 2627 4769 suapte
2668 4705 2858 4750 natura
2910 4692 3169 4747 obvoluti.
3207 4689 3390 4757 Longe
3423 4687 3591 4758 igitur
3623 4685 3856 4740 alterius
3915 4702 4018 4742 su-

2443 4790 2715 4846 blimioris
2749 4801 2813 4842 ac
2847 4785 3188 4857 perfectioris
3215 4792 3420 4835 natura:
3462 4777 3594 4847 Nus,
3618 4793 3779 4848 quam
3815 4783 4017 4836 caeteri

2440 4880 2659 4935 Eones.
2697 4876 2762 4929 Et
2784 4876 3029 4944 quamvis
3056 4888 3247 4927 omnes
3275 4873 3327 4927 in
3356 4870 3595 4926 )Eonum
3627 4870 3852 4924 nomine
3880 4885 4022 4927 eon-

2438 4973 2707 5032 venirent,
2746 4979 2938 5021 natura
2974 4965 3270 5020 dissimiles
3302 4963 3472 5019 fuisse
3502 4963 3692 5031 liquet.
3729 4961 3908 5020 Porro
3945 4966 4020 5021 de

2440 5065 2707 5132 utrisque,
2725 5069 2982 5129 quantum
3009 5074 3076 5113 ex
3095 5059 3301 5112 lrentco
3324 5056 3442 5127 conj
3452 5056 3592 5110 icere
3615 5055 3763 5120 licet,
3784 5056 3863 5110 sic
3892 5068 4005 5112 sta-

2442 5154 2698 5209 tuendum
2732 5153 2964 5205 videtur.

2509 5245 2595 5300 57.
2641 5242 2952 5312 Monogenis
2983 5240 3197 5310 quidem
3239 5247 3489 5293 naturam
3531 5236 3767 5292 divinam
3801 5235 4019 5305 fuisse,

2438 5351 2589 5395 extra
2616 5338 2834 5392 dubium
2870 5346 2973 5389 est.
3029 5335 3129 5401 Qui
3163 5335 3306 5388 enim
3339 5329 3533 5386 similis
3564 5337 3618 5383 et
3647 5328 3872 5396 aequalis
3912 5345 4019 5384 su--

2439 5445 2626 5501 premo
2657 5430 2799 5483 Patri
2832 5426 3109 5493 statuitur,
3135 5422 3481 5494 perfectaque
3535 5420 3753 5488 capiens
3785 5420 4015 5490 magni-

2445 5522 2686 5577 tudinem
2721 5522 2857 5590 ejus,
2904 5527 3097 5572 natura
3133 5515 3356 5570 inferior
3389 5526 3507 5567 esse
3543 5525 3647 5563 non
3691 5518 3894 5577 potest.
3949 5511 4026 5570 Et

2447 5616 2706 5684 quidquid
2741 5616 2804 5670 de
2833 5616 2938 5670 Deo
2975 5611 3133 5667 Patre
3165 5606 3433 5663 senserint
3470 5601 3741 5669 haeretici,
3773 5601 3878 5657 nisi
3913 5616 4023 5673 pe-
