4180 6332
190 403 242 457 77
1063 402 1524 460 DISSERTATIO
1558 404 1598 468 1,
1637 402 1796 458 ART.
1833 402 1872 466 ι,
1906 401 1991 456 DE
2025 400 2438 457 VALENTINO.
3321 401 3388 462 78

189 520 310 574 nitus
332 518 667 585 insanierint,
703 519 829 574 huic
851 518 968 574 Nun
1021 535 1117 574 seu
1149 520 1379 576 Mentem
1410 524 1526 593 ejus
1545 541 1722 594 aequa-
1753 531 1796 583 Α
1828 522 1999 583 nium,
2057 521 2169 575 sive
2196 522 2339 589 apud
2386 521 2524 576 alios
2559 521 2798 589 praebent
2848 534 3168 593 argumenta
3227 540 3285 580 se
3322 528 3388 580 de

187 613 334 666 verint
366 625 582 665 necesse
617 619 722 666 est.
757 612 838 666 An
870 627 1024 676 vero,
1069 614 1213 681 quod
1271 616 1539 671 catholica
1584 617 1715 671 fides

187 703 240 758 de
287 701 371 756 Dei
403 701 539 757 Filio
575 704 755 770 docet,
803 702 919 758 Nun
954 706 1388 762 cxistimaverint
1432 725 1713 778 personam

185 799 568 864 subsistentem,
602 815 630 856 a
668 799 833 854 Patre
876 801 1218 870 distinctam,
1257 802 1499 871 ejusdem
1537 818 1712 859 tamen

184 906 284 945 cum
337 891 446 960 ipso
477 892 843 959 substantiae,
881 894 1092 962 ipsique
1147 897 1715 951 consubstantialem?

183 979 318 1034 Plura
351 989 472 1035 sunt
505 996 629 1050 quae
681 983 1014 1036 contrarium
1065 985 1328 1049 suadere,
1402 1003 1714 1056 merumque

183 1070 335 1126 Patris
358 1071 716 1141 affeCtionem,
752 1075 1032 1146 ἐνέργειαν
1067 1084 1157 1130 aut
1180 1079 1561 1146 proprietatem
1588 1080 1715 1132 ἀνυ-

182 1165 432 1230 πόστατον,
457 1181 564 1221 non
596 1166 976 1222 subsistentem
1009 1183 1130 1223 esse
1151 1172 1385 1239 probare
1412 1173 1710 1227 videantur.

182 1259 228 1313 1ο
269 1260 403 1324 Quod
439 1260 571 1315 huic
631 1260 832 1314 nullam
870 1263 1138 1316 actionem
1189 1274 1282 1318 aut
1330 1269 1713 1335 proprietatem

182 1349 410 1415 tribuant,
440 1367 560 1421 quae
593 1365 876 1420 personam
911 1369 940 1406 a
964 1351 1129 1408 Patre
1157 1355 1468 1411 distinctam
1498 1366 1712 1426 arguat.

178 1440 304 1512 Lago
346 1442 580 1511 quidem,
618 1443 859 1512 Sophice,
914 1444 1082 1512 Horo,
1118 1446 1337 1502 Christo
1385 1458 1440 1502 et
1488 1450 1713 1518 Spiritui

182 1543 344 1589 sancto
363 1574 379 1602 ,
401 1549 465 1590 ac
499 1535 796 1598 Salvatori,
821 1552 946 1592 suas
983 1538 1210 1594 cuilibet
1235 1540 1480 1595 actiones
1498 1551 1549 1596 et
1580 1540 1712 1596 aﬂ‘e-

177 1629 359 1682 ctiones
378 1629 679 1695 ascribunt,
711 1644 828 1698 quae
850 1631 1136 1699 personale
1164 1633 1438 1703 quidpiam
1467 1635 1710 1701 inunant;

177 1731 220 1775 at
243 1720 507 1794 Monogeni
560 1721 788 1786 nullam,
820 1738 939 1791 qua:
973 1739 1135 1779 mera:
1163 1727 1481 1795 proprietati
1518 1743 1608 1782 seu
1643 1729 1714 1782 af-

174 1812 366 1869 fectioni
443 1833 550 1871 non
611 1817 922 1871 subsistenti
985 1818 1279 1873 convenire
1360 1836 1461 1873 non
1519 1823 1708 1890 possit.

1822 611 2088 666 Trinitate
2113 624 2470 680 personarum
2499 613 2768 667 eatltolit-e
2791 615 3051 669 sensisse.
3102 616 3167 669 Et
3194 630 3390 686 capro-I-

1817 713 1938 770 pter
1968 701 2300 756 Athanasius
2325 702 2380 756 in
2412 701 2505 757 lib.
2543 702 2618 756 De
2647 703 2874 757 satutari
2900 705 3097 759 Christi
3139 712 3387 771 adrentn,

1820 793 2164 849 Valentinum
2222 794 2752 865 Patripassianorutn
2790 798 2996 852 erroris
3036 814 3184 853 reum
3221 800 3384 856 facit:

1819 901 1927 939 non
1955 887 2098 955 quod
2137 885 2354 939 Patrem
2382 901 2510 940 vere
2539 903 2755 955 passum
2779 886 2949 942 fuisse
2973 888 3257 946 allirtnarit
3289 907 3385 945 una

1818 994 2004 1046 quam,
2044 987 2137 1032 aut
2165 977 2440 1032 aliirmare
2474 980 2730 1047 potuerit,
2762 981 2852 1048 qui
2889 982 3091 1035 nullam
3129 983 3386 1038 divinita-

1821 1068 1892 1120 tis
1947 1083 2067 1121 cum
2150 1068 2387 1120 humana
2437 1068 2639 1120 Christi
2708 1079 2903 1122 natura
2975 1070 3385 1128 substantialetu

1820 1160 2074 1213 unionem
2111 1160 2367 1230 agnovit;
2400 1161 2493 1214 sed
2527 1162 2667 1229 quod
2704 1160 2746 1214 si
2784 1160 2982 1216 Filium
3037 1165 3129 1220 Dei
3176 1165 3388 1235 aliqua-

1821 1260 1979 1305 tenus
2011 1267 2228 1321 passum
2258 1267 2377 1306 esse
2404 1253 2627 1318 dixerit,
2662 1253 2785 1309 hinc
2814 1266 2866 1309 et
2895 1256 3137 1323 Patrem,
3173 1260 3264 1328 qui
3297 1275 3387 1314 θε-

1819 1344 1938 1397 dem
1969 1360 2091 1397 eum
2125 1358 2188 1398 eo
2219 1358 2452 1412 persona
2486 1355 2626 1410 erat,
2661 1360 2876 1413 passum
2909 1362 3029 1401 esse
3056 1349 3204 1418 sequi
3238 1350 3388 1404 vide-

1819 1447 1991 1491 retur.
2032 1439 2088 1490 5ο
2124 1436 2379 1501 lrenaeus,
2416 1437 2508 1491 lib.
2539 1453 2601 1503 lt,
2637 1453 2758 1506 cap.
2804 1439 2971 1504 15,;ut
3013 1441 3250 1510 prlmum
3292 1456 3387 1496 ομ

1818 1530 2001 1585 dinem
2038 1531 2365 1595 emissionis,
2408 1545 2568 1599 quem
2615 1529 2890 1600 ﬁngebant
2945 1531 3205 1600 ha'retici,
3239 1532 3389 1588 nulla

1822 1625 2035 1678 ratione
2074 1623 2284 1678 defendi
2325 1638 2483 1692 posse
2509 1623 2721 1692 probet,
2759 1633 2816 1677 ut
2840 1624 2967 1693 quid
2993 1626 3387 1689 certissimum,

1816 1728 1870 1770 et
1907 1717 1970 1770 de
1996 1732 2101 1786 quo
2135 1716 2451 1786 ambigebat
2506 1717 2708 1783 nullus,
2748 1718 3042 1787 supponit,
3103 1716 3235 1771 Nun
3274 1736 3388 1773 esse

1817 1811 1986 1878 ipsum
2017 1810 2155 1879 quod
2188 1820 2264 1863 est
2295 1811 2587 1879 principale
2613 1821 2658 1864 et
2687 1827 2968 1873 summum,
3002 1820 3050 1864 et
3082 1814 3217 1865 velut
3242 1813 3388 1878 prin-

172 1901 220 1957 Ξ·
269 1905 660 1960 Valentinianus
720 1922 750 1960 a
803 1906 1075 1976 prioribus
1118 1907 1390 1964 Gnosticis
1438 1913 1712 1979 accepisse
1749 1881 1823 1957 Bt

1749 1881 1788 1934 Β
1815 1904 2008 1970 cipium
2053 1912 2102 1955 et
2130 1901 2248 1970 fans
2305 1903 2537 1955 universi
2593 1919 2808 1968 sensus;
2847 1904 3292 1974 principalemque
3337 1917 3386 1959 et

173 1996 374 2062 primam
422 1997 666 2066 ogdoada
724 1995 973 2064 superius
1030 1998 1382 2051 ostendimus.
1422 1999 1492 2053 At
1526 1999 1710 2053 Simon

171 2086 356 2158 Magus,
381 2098 435 2144 et
466 2089 784 2154 Menander,
817 2090 1195 2146 Gnosticorum
1221 2092 1497 2160 principes
1530 2101 1584 2145 et
1622 2108 1714 2147 co-

170 2181 369 2252 ryplnei,
395 2197 692 2251 eorumque
717 2182 967 2252 discipuli
996 2182 1325 2237 Saturninus
1349 2193 1401 2237 et
1425 2185 1708 2251 Basilides,

167 2269 314 2327 ιυόωί
345 2251 484 2328 ἐυιη
528 2274 752 2339 fuerint,
808 2251 892 2328 vel
922 2273 1229 2330 Iudaeorum
1277 2276 1586 2344 anticipatis
1612 2278 1709 2329 ad-

166 2379 333 2420 versus
386 2382 604 2421 sacrum
658 2364 943 2420 Trinitatis
992 2367 1312 2436 mysterium
1366 2367 1710 2436 opinionibus

166 2457 353 2523 imbuti,
376 2475 645 2529 nusquam
707 2474 836 2513 vere
858 2457 1179 2521 Christiani,
1212 2459 1246 2512 ii
1280 2475 1557 2527 nunquam
1590 2442 1710 2511 fue-

166 2559 275 2604 runt
303 2552 389 2621 qui
439 2551 623 2621 plures
659 2551 712 2604 in
759 2565 863 2604 una
904 2550 1116 2605 Deitate
1157 2566 1417 2619 personas
1478 2552 1706 2606 conﬁte-

161 2653 354 2699 rentur:
394 2646 497 2700 rati
530 2645 803 2710 videlicet,
827 2661 948 2699 cum
978 2643 1284 2698 Judaeorutn
1311 2646 1485 2716 vulgo,
1519 2661 1708 2716 perso-

164 2753 329 2792 narum
371 2739 686 2794 divinarum
739 2755 970 2795 numero
1033 2739 1450 2810 polytlreismum
1501 2741 1704 2798 induci.

163 2823 281 2898 Quid
314 2832 375 2887 de
407 2833 681 2888 Trinitate
724 2831 954 2888 sentiret
989 2831 1293 2905 [XXXVI]
1321 2833 1534 2895 Simon,
1570 2834 1704 2887 satis

161 2921 468 2989 exploratum
498 2938 566 2977 ex
606 2923 673 2977 iis
699 2938 816 2992 quae
846 2923 910 2976 de
940 2937 1005 2976 eo
1037 2922 1202 2977 refert
1255 2923 1487 2976 lrenaeus
1519 2923 1612 2976 lib.
1664 2938 1700 2989 t,

161 3026 260 3081 cap.
287 3013 368 3068 2‘2.
405 3015 604 3070 Aiebat
631 3030 824 3084 nempe
855 3014 1210 3084 impiissimus
1247 3014 1356 3081 ille,
1389 3031 1503 3069 esse
1540 3031 1592 3068 se
1615 3031 1706 3068 su-

160 3105 496 3160 blimissimam
534 3107 814 3169 Virtutem,
844 3120 958 3177 quia
989 3109 1044 3160 in
1079 3105 1327 3161 Samaria
1357 3108 1508 3177 quasi
1541 3105 1703 3160 Pater

1813 1995 2042 2062 primum
2075 1993 2188 2062 ejus
2217 2009 2335 2061 qua:
2362 2002 2436 2046 est
2464 1994 2627 2059 intus,
2663 1994 2985 2048 abscondin
3017 2006 3063 2048 et
3105 1997 3386 2050 invisibilis

1812 2086 2108 2156 affectionis
2140 2085 2312 2138 locum
2336 2085 2621 2151 continere,
2655 2102 2685 2137 a
2713 2104 2816 2156 qtta
2848 2105 3031 2142 sensus
3059 2101 3384 2160 generatur;

1814 2191 1874 2233 ut
1919 2179 2044 2233 inde
2080 2177 2286 2232 inferat
2319 2178 2540 2233 nonnisi
2588 2179 2821 2234 absurde
2848 2182 3071 2236 omnino
3095 2182 3224 2247 dici,
3265 2181 3384 2236 Nun

1813 2275 2010 2327 emitti.
2048 2273 2103 2328 1d
2132 2275 2277 2328 enim
2310 2275 2656 2340 compositum
2687 2286 2733 2328 et
2762 2276 3087 2342 corporalem
3113 2276 3276 2331 Deum
3308 2277 3387 2331 fa-

1812 2380 1937 2420 cere
1965 2375 2082 2419 est:
2125 2377 2180 2419 ut
2212 2369 2277 2419 sit
2321 2367 2604 2427 separatim
2629 2368 2841 2435 quidem
2869 2368 2958 2438 qui
2986 2368 3154 2422 emisit
3207 2369 3385 2432 Deus;-

1809 2459 2096 2528 separatim
2122 2469 2295 2512 autem
2328 2461 2418 2528 qui
2451 2460 2670 2527 emissus
2723 2469 2820 2523 est,
2881 2477 3085 2516 sensus.
3119 2460 3224 2516 Sed
3258 2463 3386 2530 quin

1810 2551 1981 2620 probe
2009 2546 2238 2613 sciebat,
2275 2553 2602 2622 respondere
2623 2552 2929 2618 lat-retices,
2957 2553 3075 2607 Nun
3104 2571 3206 2607 non
3227 2557 3385 2610 entis-

1808 2659 1924 2697 sum
1955 2652 2102 2697 extra
2135 2642 2369 2708 Patrem,
2399 2647 2488 2697 sed
2518 2649 2569 2696 in
2594 2646 2705 2712 ipso
2733 2642 2937 2711 Patre;
2966 2646 3150 2700 statim
3181 2645 3380 2700 infert:

1807 2737 1980 2806 printo
2009 2738 2220 2808 quidem
2247 2739 2572 2808 superﬂuum
2601 2755 2711 2791 esse
2729 2739 2888 2792 etiam
2933 2741 3107 2793 dicere
3136 2741 3384 2793 emissum

1809 2846 1920 2883 esse
1952 2846 2089 2882 eum.
2127 2829 2586 2894 Quemadmodum
2616 2831 2754 2883 enim
2781 2830 3001 2884 emissus
3028 2840 3126 2896 est,
3165 2832 3210 2884 si
3240 2832 3383 2884 intrat

1809 2914 2023 2974 Patrem
2064 2921 2220 2974 erat?
2243 2921 2474 2974 Emissio
2503 2923 2638 2974 enim
2665 2934 2740 2975 est
2769 2924 2905 2990 eius,
2931 2923 3071 2991 quod
3100 2924 3388 2988 emittitur,

1808 3020 1960 3067 extra
2011 3015 2331 3067 emittentem
2396 3013 2779 3081 manifestntio.
2860 3013 2991 3068 Post
3043 3014 3233 3068 deinde
3284 3015 3382 3067 Itoc

1807 3108 2020 3170 emisso,
2052 3117 2103 3161 et
2131 3109 2174 3161 is
2205 3109 2294 3178 qui
2324 3118 2398 3161 est
2425 3108 2489 3161 ab
2521 3125 2579 3162 eo
2614 3107 2802 3178 Logos,
2828 3110 2926 3162 erit
2971 3109 3112 3164 intra
3147 3108 3379 3176 Patrem,

159 3197 479 3265 descenderit,
521 3201 661 3253 inter
706 3197 923 3251 Judwos
969 3199 1123 3267 quasi
1163 3195 1340 3252 Filius
1373 3199 1697 3268 apparuerit,
1729 3232 1771 3288 ο
1810 3210 1917 3255 etc.
1952 3198 2083 3266 Quae
2113 3200 2329 3269 quidem
2379 3197 2565 3254 Irentei
2619 3199 3028 3269 argumentatio
3083 3199 3386 3256 manifeste

156 3289 203 3340 in
225 3290 426 3359 reliquis
456 3309 576 3346 uero
604 3291 843 3360 gentibus
871 3292 1026 3362 quasi
1058 3291 1292 3361 Spiritus
1346 3302 1558 3346 sanctus
1601 3293 1701 3345 ad-

155 3385 434 3438 rentuverit.
471 3383 603 3451 Quae
648 3384 1046 3448 demonstrant,
1083 3383 1357 3437 Simonem
1411 3400 1513 3437 non
1558 3386 1699 3437 aliud

155 3475 209 3527 de
245 3473 504 3532 Trinitatc
538 3475 798 3540 sensisse,
831 3491 990 3546 quam
1016 3476 1158 3545 quod
1197 3484 1381 3544 postea
1413 3485 1698 3530 senserunt

153 3561 333 3619 Noetus
364 3575 418 3619 et
454 3564 749 3631 Sabellius,
794 3567 1014 3619 unicam
1051 3566 1310 3620 videlicet
1358 3565 1410 3619 in
1451 3566 1558 3619 Deo
1583 3580 1700 3621 esse

152 3667 434 3724 personam,
454 3674 576 3728 quae
600 3673 696 3728 pro
714 3658 940 3713 diversis
966 3658 1155 3722 oﬂiciis
1182 3661 1392 3713 diversa
1415 3659 1700 3712 sortiretur

152 3749 365 3802 nomina.
423 3740 497 3804 Ut
546 3763 676 3819 ergo
720 3749 996 3804 censuerit
1031 3746 1150 3802 Nun
1203 3763 1299 3802 seu
1357 3747 1699 3818 Unigenitum

153 3836 285 3895 Patri
318 3841 551 3895 similem
592 3855 710 3895 esse
758 3852 813 3896 et
845 3841 1105 3910 aqualem
1138 3852 1359 3906 natura;
1404 3851 1552 3896 certe
1600 3855 1700 3895 nec

154 3935 377 4002 censuit,
438 3950 542 3989 nec
594 3949 823 3990 censere
882 3935 1058 4005 potuit
1114 3950 1346 4003 persona
1379 3935 1696 3990 distinctum

152 4036 270 4081 esse.
307 4029 416 4084 Etsi
452 4043 640 4100 postea
695 4029 900 4085 dixerit
952 4029 1244 4095 Basilides,
1270 4032 1506 4085 Simonis
1536 4030 1698 4085 disci-

151 4118 303 4184 pulus,
339 4123 482 4191 apud
518 4114 780 4176 Irenteum
815 4123 909 4177 lib.
944 4138 984 4186 ι,
1016 4137 1134 4191 cap.
1165 4123 1255 4186 24,
1288 4139 1342 4178 n.
1372 4125 1424 4187 4,
1453 4125 1695 4176 innatum

150 4218 192 4261 et
220 4212 599 4267 innominatum
635 4213 853 4268 Patrem
884 4216 1093 4269 misisse
1128 4217 1534 4286 primogenitum
1567 4215 1695 4270 Nun

149 4317 301 4368 suum,
335 4321 498 4374 quem
541 4296 800 4360 Virtutem
849 4307 1234 4374 incorporalem
1269 4320 1316 4363 et
1368 4307 1494 4362 Nun
1525 4309 1696 4362 innati

154 4388 306 4450 Patris
335 4408 516 4465 vocat,
551 4399 616 4452 ad
647 4399 878 4454 salutem
913 4401 1195 4468 gentium;
1245 4403 1336 4471 qui
1384 4401 1695 4470 apparuerit

148 4483 190 4536 in
225 4498 357 4542 terra
385 4491 575 4554 homo,
606 4500 658 4545 et
685 4492 914 4546 virtutes
940 4493 1252 4562 perfecerit,
1274 4493 1472 4562 quique
1501 4509 1529 4548 ρ
1567 4509 1694 4547 cru-

1809 3295 2026 3365 probat,
2045 3293 2150 3347 duo
2168 3293 2282 3346 haec
2301 3291 2367 3345 ab
2385 3291 2652 3346 luereticis
2695 3300 2890 3360 negata
2916 3307 3023 3346 non
3045 3292 3237 3357 fuisse,
3256 3291 3385 3346 Nutr

1803 3387 2148 3459 principalem
2177 3397 2223 3438 et
2250 3387 2476 3456 primum
2505 3378 2640 3456 ejus,
2679 3403 2795 3456 qua:
2817 3396 2893 3441 est
2920 3389 3064 3443 intus
3091 3390 3380 3444 invisibilis

1805 3479 2103 3549 aﬂ'ectionis
2127 3478 2300 3532 locum
2326 3479 2625 3539 continere;
2655 3488 2710 3533 et
2728 3477 2847 3533 Nun
2868 3495 2971 3533 non
2998 3481 3245 3534 emissum
3269 3498 3382 3536 esse

1803 3580 1954 3623 extra
1978 3568 2217 3632 Patrem,
2241 3568 2330 3620 sed
2358 3568 2412 3619 in
2435 3568 2546 3637 ipso
2567 3565 2765 3633 Patre;
2795 3584 2858 3623 ac
2889 3569 3114 3639 proinde
3134 3569 3276 3639 Nun,
3309 3585 3380 3627 ex.

1804 3676 1990 3714 eorum
2038 3658 2361 3731 hypotltesi,
2410 3672 2613 3713 meram
2643 3659 2817 3716 Patris
2860 3660 3202 3717 aﬂ‘ectionem
3253 3678 3381 3718 esse

1803 3750 2192 3815 ἀνυπόστατον,
2212 3738 2319 3804 non
2338 3749 2742 3806 subsistentem.
2765 3751 2900 3806 Nam
2919 3765 3206 3824 utrumque
3224 3758 3266 3812 si
3289 3773 3380 3811 ne-

1803 3854 2024 3913 gassent
2054 3842 2318 3908 haeretici,
2352 3843 2396 3897 si
2426 3842 2546 3896 Nun
2580 3859 2607 3896 a
2639 3844 2800 3901 Patre
2835 3861 3062 3916 persona
3089 3850 3379 3905 distinxis-t

1801 3944 1943 4000 sent,
1979 3950 2172 3988 vanum
2214 3944 2435 3988 essetet
2476 3934 2634 3990 futile
2677 3951 2905 4006 prorsus
2956 3939 3143 3996 lrenaci
3206 3956 3374 4013 argu-

1802 4041 2076 4096 mentum;
2111 4038 2282 4084 tolum
2331 4029 2475 4082 enim
2511 4042 2774 4098 quantum
2824 4041 2929 4097 est,
2965 4034 3065 4088 hoc
3101 4035 3380 4104 princip-io

1801 4124 2026 4178 nititur:
2061 4122 2179 4177 Nus
2215 4140 2358 4178 mera
2384 4123 2568 4178 Patris
2593 4123 2804 4192 aﬂ'ectio
2833 4135 2932 4190 est,
2958 4124 3077 4179 Nus
3103 4128 3248 4180 intra
3272 4127 3376 4182 Pa-

1799 4227 1930 4272 trem
1969 4219 2248 4285 emittitur,
2296 4220 2348 4272 id
2385 4219 2576 4273 estsic
2608 4234 2637 4271 a
2683 4205 2844 4273 Patre
2897 4221 3188 4285 emittitur,
3235 4231 3295 4275 ut
3342 4237 3374 4276 tt

1797 4309 1961 4366 Patre
2029 4326 2134 4365 non
2187 4311 2592 4381 distinguatur,
2649 4325 2716 4364 ne
2784 4311 3114 4381 compositus
3161 4313 3378 4368 dicatur

1797 4399 1996 4463 Pater:
2051 4399 2193 4477 Ergo
2237 4425 2367 4462 vane
2421 4409 2642 4461 emissus
2695 4408 2918 4462 dicitur.
2954 4409 3186 4464 Emissio
3225 4411 3373 4465 enim

1797 4513 1872 4555 est
1896 4502 2010 4572 ejus
2033 4541 2048 4564 ,
2079 4501 2218 4571 quod
2260 4501 2516 4554 emittitur
2540 4539 2556 4566 ,
2587 4511 2737 4553 extra
2772 4501 3090 4555 emittentem
3143 4503 3369 4573 manife—

148 4579 342 4652 ciﬁgere
375 4585 672 4638 volentium
711 4585 967 4640 manibus
999 4586 1237 4655 elapsus,
1274 4589 1582 4672 ascenderit
1626 4589 1691 4641 ad
1724 4606 1774 4664 ι)
1797 4593 1980 4646 statio.
2013 4590 2168 4657 Quod
2209 4591 2374 4660 igitur
2416 4591 2561 4644 intra
2595 4591 2806 4645 Patrem
2834 4600 3034 4656 manet,
3074 4608 3174 4648 nec
3201 4595 3270 4649 ab
3303 4611 3374 4649 eo

145 4689 246 4730 eum
285 4682 372 4748 qui
407 4682 633 4733 miserat
665 4696 833 4745 eum,
892 4681 1144 4736 deridens
1194 4697 1288 4737 eos
1314 4721 1329 4746 ,
1362 4699 1482 4737 cum
1522 4683 1694 4737 teneri

147 4781 235 4820 non
262 4782 480 4838 posset:
538 4772 728 4826 eodem
759 4787 982 4841 prorsus
1016 4788 1175 4828 sensu
1213 4774 1349 4828 dixit
1375 4790 1482 4844 quo
1506 4784 1692 4843 postea

147 4859 392 4920 Sabell-ius
444 4867 686 4920 asseruit
721 4867 982 4941 emissum
1019 4882 1139 4923 esse
1173 4866 1370 4930 Filium
1430 4879 1689 4940 tanquam

146 4950 329 5005 radium
387 4955 732 5021 divinitatis,
767 4956 857 5023 qui
892 4958 1075 5011 omnia
1128 4957 1216 5011 illa
1258 4958 1522 5028 perfecit,
1573 4974 1692 5027 quae

145 5044 200 5096 ad
229 5044 495 5116 Evangelii
521 5048 960 5117 procurationem
997 5060 1050 5103 et
1085 5049 1307 5104 humani
1337 5052 1552 5120 generis
1601 5067 1688 5105 re-

145 5133 488 5205 demptionem
525 5142 800 5195 attinent:
838 5157 944 5209 quo
991 5157 1214 5197 munere
1239 5143 1544 5208 defunctus,
1571 5159 1692 5198 rure

144 5242 220 5283 sus
245 5233 308 5284 ad
339 5234 542 5286 coelum
577 5246 893 5303 assumptus
927 5245 1047 5298 est;
1110 5235 1567 5304 quemadmodum
1600 5251 1688 5288 ra-

146 5318 244 5373 dius
274 5323 509 5378 emissu's
538 5338 568 5376 a
602 5323 739 5388 sole,
783 5325 976 5380 iterum
1013 5326 1245 5379 recurrit
1273 5328 1338 5378 ad
1382 5325 1546 5379 solem
1574 5332 1596 5381 :5
1625 5342 1690 5381 ac

142 5415 341 5481 proinde
363 5417 414 5470 in
439 5409 629 5472 Iesum
664 5434 869 5473 meram
896 5419 1196 5474 divinitatis
1226 5417 1593 5485 eﬁicientiam,
1624 5435 1687 5474 ac

144 5504 280 5560 veluti
337 5511 698 5565 radiationem
739 5514 1028 5580 quamdam
1060 5551 1077 5577 ,
1127 5526 1225 5566 nec
1279 5512 1544 5576 solidam,
1587 5527 1686 5566 nec

140 5599 535 5665 substantivam,
575 5617 849 5656 manasse.
895 5596 1093 5658 Eadem
1129 5604 1310 5671 itaque
1365 5601 1463 5656 fuit
1493 5612 1544 5657 et
1581 5590 1686 5656 Va-

140 5684 543 5747 lentinianorum
599 5693 889 5756 sententia,
941 5694 1030 5762 qui
1091 5694 1156 5746 de
1215 5688 1384 5760 prima
1443 5692 1683 5761 ogdoade

139 5795 238 5837 cum
270 5787 494 5844 Simone
521 5788 974 5843 consentiebant:
1003 5802 1101 5842 nec
1131 5787 1234 5840 ulla
1267 5791 1377 5842 sive
1401 5788 1541 5855 apud
1574 5786 1683 5839 lre-

140 5888 310 5948 meum,
349 5882 464 5936 sive
491 5879 630 5951 apud
662 5876 1077 5945 Tertulliauum,
1126 5879 1241 5934 sive
1272 5879 1406 5948 apud
1446 5874 1679 5948 Epipha~

1797 4682 2170 4750 distinguitur,
2204 4668 2406 4735 frustra
2449 4680 2708 4735 emissum
2752 4671 2972 4735 dicitur.
3001 4681 3209 4753 Negato
3238 4698 3369 4754 pro—

1797 4775 1922 4829 inde
1955 4759 2244 4844 principio,
2276 4783 2445 4826 totum
2479 4773 2622 4840 quod
2656 4773 2759 4827 hoc
2791 4773 3044 4828 innititur
3073 4776 3371 4832 aedilicium

1796 4873 1916 4918 ruat
1949 4879 2172 4919 necesse
2215 4873 2321 4918 est.
2351 4864 2416 4918 Et
2454 4871 2604 4917 certe
2638 4864 2682 4917 si
2736 4865 2922 4918 eadem
2958 4864 3148 4921 fuisset
3189 4869 3364 4921 tuere-

1796 4957 1920 5012 ticis
1953 4958 2020 5011 de
2071 4956 2368 5026 Monogene
2414 4971 2511 5011 suo
2561 4956 2868 5019 sententia,
2921 4972 3042 5025 quae
3079 4958 3368 5014 catholicis

1794 5049 1971 5103 estde
2011 5047 2294 5118 unigenito
2355 5045 2449 5100 Dei
2496 5045 2675 5111 Filio;
2737 5047 2780 5101 si
2832 5047 2979 5100 illum
3029 5063 3057 5100 a
3091 5039 3253 5103 Patre
3285 5050 3368 5104 sic

1792 5141 1968 5195 etnitti
1999 5139 2332 5203 docuissent,
2361 5147 2418 5191 ut
2447 5153 2678 5207 persona
2716 5147 2950 5202 tantum,
2971 5154 3077 5193 non
3111 5140 3362 5193 substan-

1795 5233 1870 5285 tia
1916 5233 1982 5284 ab
2032 5245 2096 5285 eo
2131 5229 2578 5298 distingueretur,
2632 5244 2751 5282 eam
2788 5218 3036 5283 refellere
3091 5245 3359 5298 nusquam

1793 5325 1844 5378 in
1887 5324 2129 5377 animum
2163 5321 2264 5376 sibi
2300 5321 2606 5375 induxisset
2637 5320 2890 5382 Irenteu‘s,
2925 5321 3208 5374 catholicze
3232 5319 3358 5374 ﬁdei

1789 5424 2158 5486 propugnator
2175 5415 2495 5468 acerrimus.
2511 5413 2622 5466 Nec
2639 5412 2806 5478 enim,
2825 5422 2972 5481 puto,
2989 5413 3357 5481 displicuisset

1788 5512 1929 5578 quod
1965 5493 2233 5580 προϐολῆς
2276 5521 2368 5560 seu
2411 5501 2720 5559 emissioni‘s
2747 5505 2968 5559 nomine
2992 5545 3006 5568 ,
3059 5505 3123 5557 de
3151 5516 3355 5557 aeterna

1788 5601 1905 5656 Filii
1946 5602 2036 5654 Dei
2074 5597 2426 5668 generatione
2459 5586 2776 5664 loquentes,
2812 5596 2892 5649 usi
2935 5593 3201 5648 fuissent:
3245 5595 3354 5648 hoc

1786 5697 1987 5764 quippe
2023 5694 2297 5746 veteribus
2350 5688 2632 5744 catholicis
2692 5689 2964 5757 ingratum
3001 5703 3106 5741 non
3153 5685 3353 5750 fuisse,

1786 5789 1954 5856 liquet.
1974 5802 2040 5841 ex
2064 5780 2418 5846 Tertulliano,
2446 5784 2539 5837 lib.
2565 5784 2682 5837 adv.
2713 5775 2879 5835 Prax.
2907 5797 3030 5849 cap.
3061 5782 3120 5844 8,.
3148 5782 3253 5833 imo
3281 5795 3348 5834 ex

1789 5882 1903 5949 ipso
1937 5871 2162 5945 lt'enteo,
2195 5877 2287 5931 lib.
2316 5891 2375 5940 tt,
2408 5890 2523 5944 cap.
2558 5873 2650 5939 28,
2680 5889 2734 5926 n.
2762 5872 2813 5928 6.
2837 5872 3009 5928 Minus
3048 5872 3219 5925 adhuc
3245 5870 3348 5924 dis-
