4180 6332
763 409 832 468 79
1565 405 2159 464 DISSERTATIONES
2190 405 2492 466 PREVIE
2526 406 2592 462 IN
2633 405 2890 462 IBENA‘SI
2929 405 3174 466 LIBROS
3943 409 4018 468 80

762 531 965 604 plicere
1007 531 1225 604 potuit,
1280 529 1424 602 quod
1475 543 1582 584 non
1636 530 1883 586 eamdem
1947 529 2222 602 Unigenili
2280 539 2335 586 et
2364 534 2410 591 Α
2439 533 2680 598 credam,
2711 543 2769 588 ut
2808 549 2944 605 quos
2974 531 3201 596 Ennes,
3238 541 3502 600 personas
3537 535 3630 582 aut
3653 527 4018 600 perfectiones

763 624 946 682 Patris
969 640 1257 696 personam
1305 639 1426 681 esse
1464 623 1770 679 voluerint:
1805 625 1922 680 haec
1959 626 2106 679 enim
2141 625 2334 680 catho-

765 720 869 776 lica
900 720 1035 775 fides
1077 728 1182 775 est.
1241 718 1297 774 Id
1358 718 1522 789 igitur
1569 718 1742 775 solum
1790 715 2142 772 offensionem
2195 716 2334 785 apud

765 813 1025 868 lrenatum
1059 813 1261 869 habere
1294 814 1492 883 potuit,
1528 813 1672 883 quod
1700 809 1826 866 Nun
1858 826 1950 867 seu
1985 810 2341 882 Unigenitum'

764 921 794 958 a
823 905 984 964 Patre
1009 920 1109 962 nec
1131 916 1325 962 natura
1351 920 1450 961 nec
1471 920 1703 975 persona
1727 904 2148 977 distinguentes,
2172 904 2334 958 emis-

765 1014 883 1054 sum
921 1008 1100 1055 tamen
1131 999 1370 1054 vellent:
1404 996 1548 1068 quod
1585 1011 1773 1052 revera
1807 996 2104 1051 absurdum
2130 1004 2234 1052 est.
2267 993 2333 1049 Et

762 1091 894 1148 hinc
939 1107 1007 1148 ex
1059 1092 1440 1147 haereticorum
1489 1089 1776 1161 bypothesi
1807 1089 1904 1144 tria
1951 1089 2067 1144 haec
2097 1086 2331 1142 absurda

761 1187 1079 1244 necessario
1096 1187 1353 1257 consequi
1374 1188 1719 1242 demonstrat
1739 1194 1852 1240 toto
1870 1200 1991 1255 cap.
2014 1183 2103 1241 l5.
2126 1181 2212 1238 Pri
2222 1199 2327 1246 mo,

761 1281 904 1353 quod
934 1281 1248 1337 nominibus
1284 1279 1459 1346 abusi,
1495 1280 1756 1334 emissum
1793 1279 1846 1334 id
1875 1280 2140 1344 dicerent,
2187 1278 2331 1349 quod

760 1390 831 1430 ne
878 1373 1099 1446 quidem
1148 1373 1202 1428 in
1238 1372 1554 1428 hominibus
1609 1371 1777 1441 ipsis,
1820 1370 1946 1426 licet
1992 1371 2331 1440 compositis,

759 1466 935 1523 emitti
971 1473 1174 1535 potest.
1209 1466 1273 1520 2°
1301 1465 1450 1533 Quod
1486 1463 1604 1518 Nun
1639 1463 1706 1519 ab
1728 1463 1935 1518 Ennoia
1963 1463 2140 1518 Patris
2166 1464 2333 1519 emis-

759 1580 879 1620 sum
918 1565 1162 1620 dicentes
1184 1601 1199 1626 ,
1239 1568 1293 1614 et
1349 1575 1376 1614 a
1411 1557 1489 1612 Nu
1521 1557 1742 1624 Logon;
1778 1557 2053 1613 hominum
2086 1560 2330 1630 ipsorum

757 1657 1091 1728 affectiones,
1131 1662 1177 1707 et
1211 1652 1508 1722 passiones,
1536 1660 1583 1705 et
1608 1651 1920 1706 intentiones
1961 1652 2176 1717 mentis,
2201 1651 2328 1706 dum

758 1747 961 1818 cogitat
1002 1763 1064 1801 ac
1123 1760 1310 1800 secum
1359 1745 1474 1814 ipsa
1541 1745 1816 1813 loquitur,
1874 1743 2221 1798 describerent
2283 1753 2330 1798 et

2440 626 2654 680 divinas
2684 641 2807 682 esse
2841 627 3124 690 voluisset,
3167 625 3485 696 ignorantiae
3509 633 3561 679 et
3585 621 4015 694 perturbationi-

2440 717 2540 773 bus
2565 720 2832 775 obnoxios
2856 718 3104 774 dixisset.
3138 715 3413 771 Naturalis
3441 714 3708 784 siquidem
3739 723 3902 784 atque
3929 713 4015 768 in-

2437 811 2542 865 sita
2573 811 2624 864 in
2656 813 2897 867 omnium
2922 812 3118 867 animis
3137 811 3230 866 Dei
3250 809 3402 866 notio
3424 801 3719 878 unicuique
3747 805 4014 878 suggerit,

2439 904 2490 957 id
2530 919 2689 959 onme
2719 906 2865 974 quod
2899 913 2990 958 aut
3021 918 3252 973 persona
3281 912 3375 958 aut
3396 901 3659 972 perfectio
3683 900 3872 956 divina
3905 909 4015 962 est,

2438 997 2707 1052 inﬁnitum
2746 1015 2865 1053 cum
2919 998 3027 1062 sit,
3059 997 3299 1052 divinum
3338 1011 3400 1051 ac
3439 996 3582 1050 Deus
3619 995 3756 1065 ipse,
3793 1008 4016 1049 omnem

2437 1089 2782 1162 ignorantiae,
2817 1090 3272 1162 perturbationis,
3303 1099 3396 1146 aut
3429 1087 3862 1158 imperfectionis
3895 1103 4019 1140 um.

2436 1182 2590 1236 bram
2622 1183 2866 1252 procula
2897 1199 2954 1238 se
2985 1183 3263 1254 ablegare.
3301 1181 3365 1237 Et
3414 1191 3597 1236 tamen
3637 1180 3820 1250 Logon
3853 1177 4018 1233 alios-

2435 1290 2542 1346 que
2587 1291 2653 1330 ex
2691 1292 2756 1330 eo
2797 1287 3090 1347 prognatos
3133 1275 3341 1332 Aiones
3384 1291 3544 1330 veras
3571 1260 3837 1345 personas
3862 1287 4014 1339 esse,

2436 1385 2540 1424 non
2567 1369 2839 1438 simplices
2868 1373 3134 1426 duntaxat
3163 1369 3480 1426 affectiones
3507 1379 3602 1424 aut
3625 1369 4011 1438 proprietates,

2435 1464 2837 1518 contendebant
2867 1464 3257 1520 Valentiniani.
3284 1464 3337 1518 Id
3363 1463 3586 1527 invicte,
3611 1464 3662 1517 ni
3689 1461 4016 1528 fallor,con-

2436 1557 2672 1612 cluditur
2697 1573 2764 1612 ex
2798 1558 3103 1613 actionibus
3131 1567 3184 1614 et
3207 1557 3558 1629 passionibns,
3587 1571 3723 1626 quas
3745 1556 3823 1612 eis
3839 1554 4018 1612 ascri-

2434 1651 2656 1718 bebant,
2692 1651 2948 1721 cupidine
3001 1651 3216 1707 videndi
3249 1650 3448 1715 Patris,
3491 1649 3860 1720 esquisitione
3903 1648 4014 1705 Pa-

2437 1745 2559 1809 tris,
2591 1744 2897 1812 ignorantia
2948 1755 3001 1800 et
3036 1744 3586 1814 perturbationibus;
3627 1758 3747 1814 quae
3795 1740 4012 1798 nonnisi

756 1841 1087 1910 applicarent
1128 1839 1359 1894 omnium
1398 1837 1572 1891 Patri.
1603 1836 1670 1892 In
1723 1837 2026 1892 hominibus
2062 1838 2327 1910 siquidem
2363 1886 2408 1942 Β
2437 1837 2682 1906 personis
2715 1838 3014 1892 convenire
3044 1846 3100 1892 et
3129 1836 3197 1892 de
3229 1837 3297 1892 iis
3345 1837 3452 1893 dici
3489 1847 3740 1906 possunt.
3773 1834 4016 1890 Eodem-

757 1933 1057 2003 compositis
1087 1941 1305 1998 natura,
1347 1940 1397 1984 et
1440 1947 1504 1984 ea;
1560 1947 1776 2001 corpore
1820 1940 1869 1985 et
1935 1932 2112 1984 anima
2155 1930 2328 1984 subsi-

757 2028 1014 2083 stentibus
1039 2067 1053 2094 ,
1089 2027 1230 2095 capit
1262 2026 1389 2088 dici,
1422 2040 1448 2080 a
1484 2024 1565 2079 Nu
1592 2039 1811 2080 sensum
1851 2026 2120 2095 generari,
2147 2038 2201 2079 et
2223 2024 2331 2078 En-

754 2120 942 2185 noian,
969 2129 1022 2173 et
1055 2118 1446 2189 Entbymesin:
1481 2134 1602 2188 quae
1633 2118 1856 2189 quidem
1883 2119 2086 2181 omnia,
2123 2132 2242 2172 cum
2274 2119 2329 2171 in

767 2213 1118 2281 cognitionem
1170 2212 1637 2278 conterminentur,
1678 2220 1728 2265 et
1771 2210 1828 2264 in
1874 2211 2083 2265 uerbum
2133 2209 2332 2264 mentis

755 2303 1133 2355 coemittantur
1158 2341 1172 2366 ,
1228 2317 1256 2354 a
1290 2300 1374 2355 Nu
1401 2303 1691 2356 secundum
1745 2302 2154 2373 appellationem
2196 2302 2331 2356 dun-

755 2396 1416 2465 taxat,perseuerantiam,
1451 2407 1790 2466 augmentum
1824 2409 1875 2452 et
1896 2397 2328 2461 successionem,

752 2505 860 2544 non
882 2492 1179 2546 secundum
1204 2506 1317 2545 rem
1347 2491 1641 2547 differunt:
1671 2496 1787 2548 haec
1815 2493 1959 2547 enim
1987 2494 2167 2547 omnia
2191 2509 2328 2564 peu-

755 2587 884 2638 dent
920 2599 950 2638 a
986 2583 1101 2648 Nu,
1149 2585 1239 2655 qui
1282 2600 1342 2639 ea
1377 2585 1653 2655 gubernat,
1685 2595 1733 2639 et
1784 2603 1815 2636 a
1846 2587 2123 2654 semetipso
2147 2603 2239 2656 per
2268 2604 2330 2641 ea

752 2692 870 2746 quas
891 2675 1145 2743 prwdicta
1175 2684 1318 2739 sunt,
1352 2676 1486 2730 sicut
1509 2693 1602 2745 per
1625 2677 1857 2742 radium,
1877 2679 2066 2731 emittit
2093 2678 2325 2733 verbum.

758 2771 859 2823 Ast
887 2767 1020 2834 Deo,
1053 2769 1145 2838 qui
1174 2778 1322 2824 totus
1346 2769 1573 2838 simplex
1601 2780 1704 2834 est,
1743 2779 1890 2825 totus
1916 2769 2016 2826 sibi
2062 2771 2253 2828 similis
2279 2782 2332 2828 et

756 2860 1009 2928 mqualis,
1049 2870 1192 2916 totus
1229 2875 1443 2928 sensus,
1479 2871 1621 2917 totus
1661 2862 1912 2932 spiritus,
1951 2872 2094 2918 totus
2125 2865 2331 2936 cogita-

758 2957 837 3011 tio
871 2964 925 3011 et
959 2957 1126 3020 ratio,
1159 2956 1292 3012 nihil
1324 2957 1499 3013 simile
1529 2957 1708 3029 attingi
1739 2967 1938 3029 potest,
1974 2958 2076 3013 nisi
2109 2975 2328 3030 compo-

759 3051 896 3105 situs
928 3065 992 3104 ac
1027 3051 1314 3106 mutationi
1349 3051 1619 3105 obnoxius
1675 3051 1912 3106 dicatur.
1961 3051 2022 3106 5°
2067 3053 2328 3123 Denique,

754 3143 925 3198 Deum
965 3158 992 3196 a
1030 3143 1140 3198 Deo
1169 3141 1446 3212 separari,
1474 3151 1529 3195 et
1579 3143 1630 3196 in
1667 3157 1731 3197 eo
1758 3125 1902 3196 aliud
1931 3153 1983 3197 et
2020 3142 2164 3197 aliud
2199 3160 2328 3212 sup-

2435 1943 2541 1999 que
2565 1927 2724 1984 modo
2752 1927 3105 1999 iudicandum
3131 1929 3350 1984 videtur
3383 1929 3450 1984 de
3483 1929 3665 1998 Logo,
3702 1927 4012 1996 Antbropo,

2433 2036 2564 2085 εις..
2589 2031 2751 2092 atque
2779 2025 2845 2077 de
2877 2021 3045 2088 lioro,
3080 2022 3298 2078 Christo
3327 2031 3381 2077 et
3426 2021 3632 2092 Spiritu
3680 2028 3870 2077 sancto
3894 2060 3908 2084 ,
3948 2033 4018 2075 ac

2433 2116 2742 2173 Salvatore.
2776 2117 2884 2174 llos
2915 2126 3099 2172 autem
3133 2116 3372 2173 Virtutes
3410 2131 3532 2171 esse
3579 2130 3677 2187 per
3712 2130 3771 2171 se
3826 2115 4016 2169 subsi-

2433 2221 2664 2277 stentes,
2689 2196 2970 2280 ‘verasque
3002 2225 3261 2282 personas
3290 2251 3305 2276 ,
3347 2208 3639 2265 manifeste
3666 2211 3912 2279 sequitur
3942 2223 4013 2262 es

2434 2305 2742 2360 actionibus
2774 2320 2911 2374 quas
2954 2305 3021 2360 iis
3067 2305 3352 2360 ascribunt
3397 2304 3638 2360 haeretici
3670 2344 3685 2368 ,
3737 2303 4020 2374 prioribus

2435 2397 2557 2452 libri
2591 2398 2748 2466 primi
2775 2397 3063 2468 capitibus.
3101 2397 3380 2452 Christum
3417 2412 3447 2451 a
3480 2407 3656 2451 matre
3697 2397 3876 2450 adhuc
3911 2396 4017 2451 sub

2433 2491 2624 2545 umbra
2663 2492 2890 2559 degente
2926 2490 3163 2561 genitum
3199 2491 3392 2555 fuisse,
3442 2500 3496 2545 et
3545 2490 3768 2561 quidem
3818 2489 4016 2544 eadem

2434 2584 2625 2637 umbra
2652 2582 3025 2651 obscuratum,
3049 2584 3266 2640 volebat
3293 2582 3644 2650 Valentinus;
3673 2583 3856 2637 statim
3884 2597 4021 2637 vero

2435 2676 2487 2730 in
2514 2674 2756 2730 Plcroma
2793 2692 2917 2732 eum
2948 2679 3270 2744 recurrisse,
3299 2678 3378 2733 sic
3411 2689 3591 2732 tamen
3627 2692 3685 2731 Ut
3709 2676 3892 2732 Jesum
3924 2691 4018 2748 po«

2435 2778 2548 2822 stea
2583 2783 2904 2838 procreasse
2945 2776 3237 2825 assereret.
3279 2769 3410 2837 Qua:
3433 2770 3728 2825 ostendunt
3759 2779 3814 2824 et
3849 2784 4016 2840 quam

2434 2861 2647 2915 caeteris
2674 2859 2944 2916 {Eonibus
2973 2861 3264 2932 ignobilior
3299 2870 3443 2918 esset
3473 2863 3743 2927 Christus,
3784 2875 3847 2914 ex
3903 2862 4022 2914 bre-

2437 2955 2726 3008 resiarcbue
2765 2953 2920 3009 istius
2945 2955 3238 3022 sententia,
3271 2964 3327 3010 et
3369 2972 3532 3022 quam
3581 2956 3649 3011 ab
3703 2956 3780 3010 eis
3818 2953 4021 3009 distiu-

2437 3053 2573 3097 ctus.
2610 3044 2804 3111 Quidni
2831 3047 3037 3113 pariter
3067 3061 3133 3100 ex
3167 3047 3441 3102 similibus
3468 3048 3774 3103 actionibus
3798 3056 3852 3102 et
3883 3046 4020 3102 affe-

2434 3137 2709 3192 ctionibus
2740 3138 2877 3193 idem
2911 3139 2976 3193 de
3004 3140 3151 3207 Logo
3175 3151 3226 3194 et
3257 3140 3376 3194 aliis
3405 3140 3601 3195 inferre
3623 3141 3828 3196 liceat?
3856 3140 4019 3196 Dein-

753 3239 904 3309 poni.
929 3238 1062 3294 Cum
1101 3237 1248 3292 enim
1297 3237 1409 3292 Nus
1463 3236 1514 3291 in
1549 3237 1678 3307 ipsis
1729 3237 2041 3292 hominibus
2085 3239 2157 3292 sit
2202 3239 2330 3306 quid
2358 3252 2402 3309 ς,
2439 3232 2503 3284 de
2527 3231 2779 3295 ll'enaeus,
2813 3231 2904 3285 lib.
2932 3247 2992 3296 ιι,
3031 3248 3150 3300 cap.
3190 3233 3274 3299 l5,
3303 3250 3354 3286 η.
3391 3233 3421 3286 6
3447 3275 3460 3298 .
3504 3243 3560 3285 ut
3593 3235 3782 3303 probet
3814 3234 4021 3288 frustra

754 3333 990 3401 primum
1027 3341 1078 3386 et
1114 3330 1447 3402 principale,
1497 3346 1525 3384 a
1579 3345 1685 3401 quo
1721 3339 1918 3386 caetera
1967 3332 2146 3385 omnia
2194 3347 2333 3402 pcn-

755 3428 886 3480 deut
918 3434 972 3481 et
1003 3425 1366 3492 emittuntur;
1414 3426 1588 3480 emitti
1625 3440 1729 3480 non
1763 3434 1974 3495 potest,
2024 3426 2130 3482 nisi
2184 3427 2330 3482 aliud

756 3516 1036 3585 quidpiam
1065 3525 1118 3570 et
1147 3517 1394 3571 anterius
1421 3523 1476 3570 et
1496 3517 2133 3586 sttperiusosupponatur,
2167 3531 2195 3570 a
2224 3531 2330 3587 quo

755 3609 1080 3674 emittatur;
1117 3609 1261 3678 quod
1303 3608 1522 3678 quidem
1569 3609 1687 3664 sine
1738 3609 2029 3664 manifesta
2104 3619 2328 3663 contra-

757 3698 1022 3767 dictione,
1051 3700 1349 3769 uequidem
1369 3699 1422 3753 in
1441 3701 1752 3756 hominibus
1779 3701 1912 3771 ipsis
1934 3703 2099 3756 statui
2128 3711 2327 3770 potest.

757 3791 1015 3861 Quisquis
1050 3808 1179 3864 ergo
1206 3792 1334 3858 Dei,
1396 3796 1550 3865 cujus
1583 3803 1780 3849 natura
1831 3804 1935 3861 est,
1973 3803 2032 3848 ut
2077 3795 2148 3849 sit
2184 3804 2331 3850 lotus

755 3882 870 3939 Nus
895 3898 987 3937 seu
1009 3883 1179 3949 Mens,
1195 3884 1312 3939 Nun
1333 3887 1507 3939 emitti
1528 3885 1700 3957 lingit,
1717 3886 1992 3956 quidpiam
2012 3886 2102 3941 Dei
2123 3897 2326 3953 mente,

757 3985 822 4030 ac
851 3977 1079 4042 proinde
1117 3977 1226 4032 Deo
1254 3977 1370 4047 ipso
1395 3978 1545 4048 prius
1579 3987 1633 4032 et
1666 3979 1942 4048 superius,
1976 3995 2005 4032 a
2029 3994 2136 4049 quo
2162 3980 2324 4034 emit-

755 4076 927 4130 tatur,
963 4068 1250 4136 supponit;
1307 4084 1372 4122 ac
1412 4079 1812 4139 consequenter
1847 4071 2013 4125 Deum
2040 4085 2071 4124 a
2105 4068 2212 4125 Deo
2238 4084 2327 4126 se-

758 4172 939 4226 parat,
969 4172 1024 4217 ct
1052 4167 1204 4234 quasi
1241 4164 1388 4217 aliud
1421 4169 1483 4218 ab
1508 4164 1612 4217 alio
1635 4165 1802 4218 emitti
1829 4165 2189 4235 blaspliemat.

828 4253 916 4308 58.
949 4254 1023 4308 De
1051 4255 1275 4325 reliquis
1322 4253 1616 4322 Eonibus,
1664 4255 1832 4326 Logo,
1863 4258 2170 4329 Anthropo,
2218 4257 2327 4330 By-

757 4347 874 4400 thio
914 4355 968 4401 et
1003 4350 1258 4413 creteris,
1313 4365 1420 4402 non
1467 4349 1610 4403 idem
1662 4349 1794 4404 ferri
1849 4366 2006 4420 posse
2062 4351 2327 4420 judicium

761 4434 1049 4509 [XXXVII]
1083 4446 1284 4507 putem.
1317 4435 1518 4494 Omnes
1539 4439 1779 4506 ejusdem
1803 4441 2131 4496 conditionis
2159 4441 2330 4497 exsti-

762 4534 914 4598 tisse,
946 4533 1196 4586 omnibus
1220 4532 1463 4604 ignotum
1494 4543 1548 4588 et
1571 4533 1898 4606 invisibilem
1938 4534 2108 4590 fuisse
2131 4550 2320 4606 supre-

2441 3325 2510 3377 ab
2535 3322 2806 3377 bzereticis
2837 3323 2956 3375 Nun
2984 3323 3127 3378 intra
3161 3325 3378 3379 Patrem
3412 3326 3672 3380 emissum
3711 3327 3812 3380 dici
3837 3366 3850 3391 ,
3893 3336 4020 3381 tan-

2441 3430 2602 3484 quam
2647 3417 2942 3471 absurdum
2978 3417 3104 3486 quid
3152 3418 3204 3472 in
3257 3433 3442 3472 corum
3478 3418 3766 3488 bypotbesi
3825 3418 4019 3484 infert,

2440 3509 2545 3562 hoc
2574 3508 2740 3563 semel
2767 3509 2963 3578 posito,
2997 3520 3042 3561 et
3075 3525 3191 3562 eum
3215 3511 3305 3579 qui
3335 3522 3406 3564 est
3454 3515 3517 3563 ab
3559 3527 3616 3564 eo
3665 3510 3859 3581 Logos,
3903 3514 4023 3581 [ore

2440 3605 2579 3657 intra
2599 3601 2837 3667 Patrem,
2855 3603 3098 3657 similiter
3119 3614 3293 3657 autent
3319 3613 3367 3658 et
3391 3605 3618 3676 reliquas
3641 3604 3766 3675 Logi
3784 3607 4024 3661 emissio-

2441 3712 2554 3752 nes.
2615 3695 2768 3762 Quod
2827 3696 3046 3765 quidem
3098 3698 3408 3766 argumenti
3458 3714 3663 3768 genus,
3704 3709 3763 3752 ut
3811 3699 4024 3770 valeat,

2441 3789 2728 3844 manifeste
2760 3790 3036 3859 supponit,
3071 3786 3581 3845 Valentinianorum
3610 3792 3890 3861 principiis
3931 3809 4028 3850 re-

2438 3896 2698 3952 pugnare,
2731 3880 2914 3952 Logou
2949 3890 3287 3950 czeterosque
3325 3881 3392 3935 ab
3439 3897 3505 3936 eo
3549 3883 3780 3939 emissos
3811 3882 4026 3941 [Eones

2439 3989 2558 4028 esse
2588 3975 2725 4029 intra
2760 3974 2999 4030 Patrem.
3034 3974 3100 4026 Et
3133 3988 3321 4027 revera
3349 3990 3470 4044 cap.
3515 3975 3842 4043 praecedenti
3895 3995 3951 4032 n.
3989 3977 4029 4032 5

2441 4068 2639 4122 asserit
2665 4065 3036 4133 endiatbeton,
3073 4069 3123 4122 id
3161 4079 3244 4123 est
3273 4069 3414 4122 intus
3464 4075 3646 4122 mente
3687 4077 4024 4138 conceptum

2439 4174 2542 4213 non
2573 4176 2690 4215 esse
2715 4175 2900 4215 eorum
2934 4159 3117 4229 Logon
3151 4200 3165 4227 ,
3211 4162 3302 4216 sed
3333 4170 3653 4228 externum,
3676 4171 3742 4214 et
3785 4175 3814 4214 a
3854 4157 4027 4217 Patre

2441 4262 2575 4316 adeo
2609 4261 2945 4326 distinctum,
2977 4269 3035 4314 ut
3066 4262 3346 4332 prOpriam
3390 4260 3623 4317 haberet
3652 4259 4024 4316 substantiam

2441 4368 2470 4406 a
2514 4353 2820 4407 substantia
2863 4352 3043 4408 Patris
3093 4352 3392 4408 diversam.
3456 4353 3660 4424 Nempe
3726 4362 4024 4424 postquam

2442 4444 2795 4507 ostendisset,
2823 4442 3083 4514 Sophiam
3118 4445 3411 4513 separatim
3441 4459 3469 4498 a
3518 4445 3746 4516 conjuge
3786 4443 4024 4501 Tlteleto

2442 4537 2577 4592 nihil
2609 4537 2903 4606 quidquam
2941 4538 3050 4606 pati
3089 4547 3186 4591 aut
3235 4554 3500 4608 generare
3540 4539 3814 4608 potuisse,
3864 4549 3920 4592 et
3963 4541 4024 4593 in

760 4638 907 4677 mum
945 4622 1186 4688 Patrem,
1222 4639 1415 4681 omnes
1441 4627 1752 4694 Cupidinem
1785 4628 2004 4683 videndi
2037 4628 2218 4682 Patris
2253 4630 2334 4683 in-
2364 4609 2409 4662 ἶ)
2442 4647 2547 4685 uno
2593 4641 2646 4685 et
2698 4637 2886 4685 eodem
2948 4630 3253 4685 l‘leromale
3301 4641 3449 4685 stare
3486 4630 3645 4684 simul
3696 4646 3800 4684 non
3856 4646 4025 4699 pesse

760 4714 1014 4780 cessisse,
1048 4730 1237 4770 omnes
1263 4709 1583 4787 ignorantia:
1616 4717 1737 4772 labe
1769 4719 2089 4786 maculatos,
2122 4734 2332 4786 omnes,

763 4806 1119 4862 novissimum
1146 4813 1472 4880 praesertim,
1496 4811 1663 4866 variis
1688 4811 2161 4881 perturbationum
2189 4814 2337 4867 aesti-

763 4900 863 4956 bus
895 4902 1174 4966 obnoxios,
1212 4904 1412 4972 passim
1459 4913 1692 4959 teatatur
1732 4905 1986 4960 lreumus.
2027 4907 2191 4962 Certe
2229 4907 2332 4961 Lo-

763 5006 867 5060 gon
897 4992 1074 5062 ipsum
1117 5008 1147 5046 a
1180 4992 1454 5047 communi
1499 5005 1822 5048 cancrorum
1856 4995 1992 5050 vitio
2035 4996 2334 5049 immunem

765 5099 871 5141 non
908 5084 1096 5150 fuisse,
1131 5095 1183 5140 et
1211 5083 1425 5139 Patrem
1447 5128 1461 5154 ,
1485 5085 1711 5157 perinde
1760 5095 1924 5157 atque
1957 5087 2094 5142 alios
2121 5128 2136 5155 ,
2180 5087 2334 5154 igno-

767 5192 950 5240 rasse,
993 5189 1051 5232 ut
1095 5178 1223 5248 quid
1261 5189 1470 5235 certum
1521 5196 1586 5235 ex
1629 5179 2014 5235 haereticorum
2067 5179 2336 5234 sententia

767 5270 1023 5338 supponit
1055 5268 1114 5323 S.
1152 5269 1366 5336 doctor,
1409 5271 1501 5324 lib.
1532 5288 1590 5339 tl,
1631 5287 1749 5342 cap.
1779 5272 1845 5326 l5
1875 5281 1930 5327 et
1966 5271 2030 5326 l6
2055 5313 2069 5338 ,
2110 5279 2167 5324 ut
2212 5271 2337 5324 hinc

766 5363 1132 5431 blasphemias
1157 5379 1344 5418 eorum
1365 5366 1630 5419 retundat.
1658 5365 1858 5421 Omnes
1887 5365 2115 5435 proinde
2142 5372 2338 5418 natura

769 5454 1058 5509 inferiores
1082 5454 1250 5509 fuisse
1278 5455 1461 5523 Patre,
1484 5468 1532 5512 et
1570 5460 1636 5514 ab
1661 5474 1724 5513 eo
1751 5457 2034 5528 plusquam
2062 5457 2336 5527 bypostasi

770 5558 861 5600 aut
891 5549 1102 5602 ratione
1125 5547 1431 5614 distinctos,
1472 5551 1702 5618 quilibet
1740 5550 2069 5605 confiteatur
2117 5566 2338 5606 necesse

769 5649 871 5696 est.
901 5641 1204 5708 Quemlibct
1240 5643 1383 5696 enim
1417 5644 1516 5698 sibi
1547 5644 1711 5698 Deum
1742 5645 1961 5697 finxerit
1997 5643 2336 5708 Valentinus,

770 5734 1071 5806 quamlibet
1103 5736 1314 5804 rudem,
1350 5746 1424 5803 et,
1452 5747 1510 5790 ut
1547 5738 1617 5791 ita
1647 5738 1849 5802 dicam,
1881 5747 2195 5793 concretam
2225 5735 2338 5805 ejus

770 5827 1185 5898 intelligentiam
1214 5831 1394 5882 animo
1443 5829 1787 5900 conceperit,
1831 5845 1936 5886 uou
1985 5839 2164 5885 tamen
2204 5830 2338 5885 adeo

770 5920 1080 5988 plumbeum
1106 5921 1413 5987 exstitisse,
1448 5932 1500 5976 et
1535 5931 1643 5978 tam
1695 5925 1994 5978 enormiter
2029 5922 2334 5994 desipuisse

2440 4722 2600 4792 Sigen
2632 4732 2685 4777 et
2718 4723 2921 4792 Logon,
2959 4722 3238 4777 Silentium
3263 4728 3315 4773 et
3347 4719 3591 4790 Verbum,
3625 4739 4023 4794 prmoccupans

2439 4813 2876 4868 adversariorum
2921 4814 3341 4882 responsiones,
3375 4813 3577 4884 subdit,
3622 4830 3769 4868 num.
3817 4813 3849 4868 6
3894 4831 3908 4868 :
3954 4814 4022 4870 Si

2438 4908 2572 4958 enim
2599 4909 2775 4958 unitas
2805 4906 3204 4975 conjugationes
3227 4907 3480 4970 dixerint,
3516 4907 3568 4961 id
3599 4916 3682 4961 est
3715 4906 3759 4961 si
3806 4904 4024 4964 lienes

2440 4997 2676 5052 feminas
2707 5012 2734 5049 a
2773 5000 3030 5052 masculis
3065 5015 3171 5053 non
3219 5000 3380 5054 aliter
3421 5000 3803 5065 distinxerim,
3848 5017 4019 5070 quam

2439 5091 2698 5156 virtutes,
2759 5092 3158 5161 proprietates,
3215 5100 3269 5146 et
3319 5091 3637 5149 affectiones
3679 5109 3707 5147 a
3760 5109 3818 5147 re
3860 5095 4023 5166 Cujus

2440 5191 2589 5246 sunt,
2617 5183 2790 5236 soluta
2821 5193 3100 5236 esteorum
3142 5184 3388 5236 universa
3413 5186 3828 5253 argumentatio.
3869 5185 4023 5250 Quo-

2441 5277 2594 5329 modo
2633 5277 2769 5329 enim
2813 5277 2979 5330 unitis
3017 5277 3089 5330 eis
3117 5315 3131 5341 ,
3181 5275 3382 5346 Sophia
3430 5279 3542 5331 sine
3581 5278 3802 5348 conjuge
3843 5276 4025 5332 labem

2442 5369 2710 5436 generavit
2734 5367 2756 5419 ζ’
2778 5365 2836 5420 Si
2870 5378 3044 5421 autem
3066 5407 3082 5433 ,
3114 5371 3291 5438 pergit
3323 5368 3412 5423 ille
3433 5409 3448 5433 ,
3484 5371 3618 5423 sicut
3658 5371 3713 5422 in
3739 5370 4026 5427 emissione

2439 5474 2854 5528 unumquemque
2879 5477 2942 5514 ex
2967 5460 3231 5515 onnibus
3252 5463 3521 5528 propriam
3547 5463 3898 5516 substantiam
3923 5465 4030 5519 Ita-

2443 5552 2557 5604 bere
2587 5554 2783 5619 dicent;
2810 5555 3254 5623 quemadmodum
3287 5557 3340 5609 in
3378 5555 3555 5609 eodem
3600 5557 3807 5610 ostendi
3849 5568 4029 5625 potest

2442 5641 2564 5713 Sige
2589 5655 2634 5697 et
2669 5643 2839 5715 Logos
2863 5646 2888 5698 ἱ)
2918 5646 3047 5700 Tam
3084 5658 3291 5702 certum
3329 5651 3491 5720 igitur
3519 5661 3638 5704 erat
3681 5650 3818 5718 apud
3846 5651 4031 5705 haere-

2444 5738 2604 5803 ticos,
2632 5738 2840 5809 Logun,
2872 5748 2924 5793 et
2956 5757 3400 5811 unumquemque
3434 5759 3499 5797 ex
3536 5743 3794 5798 masculis
3821 5741 4030 5798 ΑΞυηί-

2444 5834 2542 5886 bus
2569 5834 2634 5886 ab
2669 5849 2733 5887 eo
2772 5835 2988 5888 emissis
3015 5877 3029 5901 ,
3067 5838 3342 5905 pr0priam
3385 5837 3585 5892 habere
3629 5837 4026 5903 substantiam,

2447 5936 2501 5981 ut
2535 5935 2782 5983 Vcreatur
2805 5925 3040 5985 lreutcus
3077 5944 3141 5984 ne
3166 5931 3288 5986 hinc
3315 5929 3677 6000 respondendi
3701 5945 3890 5988 ansam
3929 5945 4029 5986 ar-
