4180 6332
207 361 266 417 8|
1130 366 1592 425 DISSERTATIO
1628 367 1667 430 ι,
1708 363 1868 419 sm;
1903 363 1945 426 ι,
1980 362 2066 416 DE
2102 357 2516 417 VALENTINO.
3401 332 3479 418 se

210 480 433 551 ripiant,
466 491 526 538 et
559 482 796 540 feminas
824 486 1097 556 prepriam
1130 487 1334 543 habere
1368 485 1736 541 substantiam
1767 505 1781 550 ;
1819 487 1861 542 Α
1893 481 2092 535 tentias
2122 478 2326 534 referre
2353 495 2414 533 ac
2442 474 2733 546 complecti
2768 466 3080 547 [XXXVIII]
3115 475 3360 540 videtur;
3405 490 3470 531 sc

210 577 354 645 quod
401 585 586 633 tamen
632 596 823 634 eorum
856 580 1100 651 Opinioni
1135 582 1475 636 contrarium
1511 588 1652 636 erat.
1686 579 1791 634 Lo-

212 682 316 738 gon
351 669 536 739 itaque
568 681 621 725 et
647 671 783 727 alios
806 687 872 727 ex
898 688 964 728 eo
989 684 1147 729 natos
1174 673 1378 729 IEones
1400 674 1483 728 sic
1509 684 1665 729 extra
1690 673 1791 728 Pa-

212 767 350 814 trem
387 761 621 818 emissos
649 763 981 829 fatebantur,
1013 776 1072 821 ut
1108 767 1406 836 unicuique
1433 783 1622 823 eorum
1660 783 1788 836 pro-

210 852 384 922 ptiam
429 854 791 912 substantiam
832 873 861 911 a
901 859 1207 914 substantia
1254 861 1432 916 Patris
1474 861 1785 916 distinctam

214 940 539 998 tribuerent.
571 945 841 1002 Praeterea
865 948 1124 1016 lreuruus,
1155 951 1343 1006 eodem
1369 967 1489 1022 cap.
1515 953 1602 1019 I5,
1639 970 1690 1007 n.
1728 955 1783 1021 9,

206 1037 587 1108 perstringens
620 1040 997 1097 haereticorum
1035 1044 1100 1098 de
1149 1045 1284 1113 Logi
1339 1055 1393 1101 et
1436 1046 1573 1102 Zocs
1619 1050 1787 1102 emis-

207 1123 364 1181 sione
401 1130 636 1201 somnia,
669 1133 783 1186 ait:
829 1135 894 1189 Et
935 1152 1039 1189 non
1072 1140 1357 1192 secundum
1389 1139 1782 1194 descensionem

205 1232 271 1271 ea
300 1218 406 1287 (sic
433 1220 571 1292 lego,
605 1240 710 1278 non
741 1224 812 1291 et)
844 1239 962 1293 qua:
988 1240 1108 1283 sunt
1130 1232 1260 1284 talia
1285 1245 1593 1301 acceperunt
1622 1237 1780 1288 emis-

202 1309 419 1380 siones;
475 1317 568 1369 sed
610 1334 793 1374 earum
831 1323 1082 1378 virtutum
1113 1343 1231 1397 qua:
1263 1343 1464 1394 semper
1504 1341 1628 1380 sunt
1664 1346 1780 1382 cum

199 1399 336 1468 Deo,
363 1409 743 1477 appellationes
777 1425 921 1480 sunt,
952 1420 1395 1487 quemadmodum
1428 1423 1672 1488 possibile
1701 1433 1780 1476 est

195 1511 247 1554 et
265 1501 482 1572 dignum
501 1507 802 1564 hominibus
829 1514 1015 1567 audire
1031 1525 1080 1567 et
1099 1517 1272 1572 dicere
1291 1519 1354 1572 de
1373 1518 1498 1572 Deo.
1523 1520 1778 1588 Appella-

195 1593 345 1647 tione
370 1596 511 1648 enim
554 1597 647 1651 Dei
678 1603 1098 1659 coobaudientur
1117 1625 1324 1671 sensus,
1355 1617 1403 1660 et
1437 1612 1682 1674 verbum,
1728 1623 1774 1664 et

193 1684 325 1751 vita,
357 1696 408 1739 et
430 1689 802 1760 incorruptela,
831 1706 879 1749 et
912 1699 1122 1765 veritas,
1162 1709 1208 1754 et
1237 1703 1531 1770 sapientia,
1582 1715 1628 1756 et
1682 1705 1775 1757 bo-

192 1776 358 1841 nitas,
395 1788 441 1833 et
470 1784 644 1837 omnia
681 1786 834 1842 talia.
873 1788 917 1819 “
957 1788 1287 1860 Principium
1345 1794 1446 1849 hoc
1487 1797 1773 1851 catholicis

190 1869 451 1924 omnibus
480 1873 847 1930 certissimum
880 1883 1104 1950 opponit
1136 1884 1446 1950 haereticis;
1483 1887 1627 1940 aliud
1676 1888 1772 1958 igi-

187 1969 282 2013 tur
307 1961 360 2015 hi
392 1965 723 2024 sentiebant.
756 1969 1132 2039 Opinabantur
1164 1977 1391 2047 proinde
1425 1979 1634 2049 Logon,
1663 1980 1769 2035 Ve-

184 2051 430 2121 ritatem,
466 2057 662 2124 Vitam,
691 2061 1047 2132 Sapientiam,
1077 2076 1206 2135 etc.,
1240 2087 1345 2125 non
1380 2087 1570 2128 earum
1602 2076 1771 2127 virtu-

186 2150 324 2209 tum,
350 2159 472 2214 (μιιὲ
498 2162 712 2220 semper
737 2163 1009 2209 suntcum
1041 2156 1172 2222 Deo,
1198 2161 1594 2229 appellationes
1626 2180 1768 2228 esse,

186 2248 291 2290 nec
320 2239 686 2307 appellatione
723 2244 815 2299 Dei
848 2250 1208 2317 coobaudiri;
1249 2254 1344 2306 sed
1389 2269 1419 2307 a
1457 2255 1564 2310 Deo
1609 2273 1665 2311 re
1715 2268 1769 2313 et

182 2335 382 2382 natura
423 2332 708 2404 distingui,
759 2337 831 2392 ita
866 2350 921 2393 ut
955 2340 1096 2396 Deus
1127 2343 1243 2397 sine
1276 2345 1340 2398 iis
1375 2347 1571 2400 nedum
1601 2349 1763 2402 intel-

182 2417 276 2490 ligi
303 2424 506 2490 possit,
550 2429 644 2482 sed
682 2439 736 2484 et
773 2447 978 2503 reapse
1023 2434 1316 2506 aliquando
1356 2441 1671 2510 exstiterit,
1707 2453 1765 2498 ut

178 2526 342 2582 quem
373 2515 641 2588 fingerent
672 2522 900 2580 infinitis
929 2526 1251 2584 szeculorum
1286 2530 1593 2588 intervallis
1621 2538 1762 2591 auti-

178 2605 430 2673 quiorem
459 2608 747 2667 Eonibus.

248 2697 342 2750 59.
370 2699 537 2756 Neca
587 2709 888 2764 verosimili
939 2712 1243 2772 abhorrens
1285 2719 1538 2789 cuiquam
1589 2723 1758 2778 videri

177 2790 361 2858 debet,
403 2797 548 2863 quod
583 2800 828 2855 Verbum
861 2814 914 2858 et
942 2806 1279 2874 Sapientiam
1303 2829 1332 2866 a
1360 2812 1540 2869 Mente
1581 2816 1761 2873 Patris

173 2884 323 2939 etab
349 2888 466 2953 ipso
498 2890 659 2947 Patre
690 2899 998 2964 separarth
1025 2900 1411 2960 Valentiniani.
1448 2908 1580 2964 Tam
1610 2913 1754 2965 enim

174 2974 451 3034 indivulse
524 2986 766 3041 cohaeret
830 2989 1156 3064 Ἑνθύμησις
1219 3013 1341 3051 cum
1401 3000 1753 3072 ὲνθυμοῦντι,

174 3084 335 3138 quam
385 3073 543 3144 λόγος
587 3094 711 3134 cum
756 3084 1052 3150 cogitante.
1091 3088 1156 3142 Et
1193 3097 1371 3146 tamen
1425 3093 1755 3168 Ἐνθύμησιν

1895 570 2122 640 proinde
2147 571 2378 625 innuere
2410 568 2772 638 quorumdam
2804 567 3112 638 opinionem
3139 567 3324 632 fuisse,
3348 569 3468 623 uni-

1896 673 1976 716 tos
2010 662 2182 716 emitti
2209 660 2414 716 onnes
2437 661 2484 714 ei
2514 661 2605 729 qui
2633 661 2852 727 emittit,
2879 659 3331 730 quemadmodum
3365 658 3464 713 soli

1892 754 2110 819 radios;
2136 757 2493 820 quorumdam
2519 770 2670 819 vero,
2698 753 2941 820 ejusdem
2976 753 3296 809 substantia:
3322 754 3468 808 exsi-

1888 854 2032 900 stere
2063 847 2146 900 his
2185 847 2360 915 quise
2390 846 2732 911 emiserunt;
2767 846 3000 901 aliorum
3035 847 3307 914 denique,
3333 845 3464 900 sim-

1887 937 2058 1008 plices
2083 946 2138 993 et
2166 938 2468 995 uniformes
2492 956 2635 1006 esse,
2665 948 2719 995 et
2743 942 2985 1008 undique
3013 940 3114 995 sibi
3146 939 3385 1009 aequales
3408 947 3465 994 et

1887 1032 2135 1099 similes,
2185 1034 2645 1102 quemadmodum
2693 1034 2918 1103 spiritus
2968 1045 3022 1088 et
3069 1033 3294 1088 lumina.
3349 1033 3456 1089 Sed

1886 1134 2246 1195 praeterquam
2276 1127 2418 1196 quod
2452 1143 2555 1181 non
2588 1127 2903 1195 negaverim
2944 1141 3146 1196 paucos
3196 1127 3460 1194 quosdam

1883 1235 1947 1274 ex
1983 1221 2134 1290 ipsis,
2170 1228 2229 1274 ut
2259 1221 2654 1287 Colorbasmos,
2701 1220 3019 1275 existimare
3060 1220 3333 1289 potuisse,
3380 1219 3463 1272 sic

1881 1314 2055 1367 emitti
2078 1312 2282 1369 Eones
2313 1316 2495 1370 unitos
2523 1316 2814 1377 emittenti,
2846 1323 2902 1367 ut
2926 1313 3024 1368 soli
3055 1313 3269 1377 radios;
3295 1327 3360 1366 ex
3394 1310 3461 1366 iis

1885 1413 2063 1460 tamen
2097 1420 2231 1475 quas
2278 1406 2453 1460 refert
2501 1415 2557 1460 et
2603 1406 2850 1460 confutat
2901 1403 3179 1473 lrenreus,
3221 1403 3458 1459 diversis

1880 1499 2324 1566 explicandarum
2391 1500 2742 1555 emissionum
2819 1500 3129 1554 rationibus
3200 1498 3457 1554 concludi

1879 1607 2038 1663 posse
2073 1609 2178 1646 non
2207 1593 2559 1656 crediderim,
2596 1594 2681 1647 his
2711 1594 2967 1648 omnibus
2993 1608 3119 1648 usos
3149 1592 3318 1648 fuisse
3347 1593 3458 1646 Va-

1881 1685 2236 1740 lentinianus.
2273 1685 2478 1754 Nempe
2512 1685 2562 1738 id
2610 1686 2725 1755 agit
2755 1686 2838 1738 vir
2881 1695 3104 1739 sanctus
3135 1725 3149 1748 ,
3197 1685 3340 1753 quod
3395 1684 3450 1737 in

1880 1776 2227 1833 confutandis
2254 1778 2669 1833 obscurioribus
2696 1778 2983 1833 sententiis
3016 1778 3129 1832 fieri
3161 1779 3322 1848 vulgo
3360 1793 3450 1832 so-

1806 1841 1848 1895 B
1878 1868 1982 1935 let;
2024 1880 2082 1924 ut
2125 1872 2329 1927 invicte
2373 1872 2722 1938 refellantur,
2769 1873 3061 1941 omniaque
3119 1874 3454 1928 adversariis

1873 1960 2066 2032 effugia
2094 1965 2526 2032 praecluduntur,
2555 1980 2748 2020 omnes
2778 1981 2914 2035 quas
2943 1966 3202 2021 adbibere
3232 1975 3453 2035 possent

1872 2057 2181 2124 esplicandi
2223 2059 2463 2114 rationes
2493 2101 2508 2126 ,
2561 2060 3058 2131 responsionesque
3108 2061 3441 2124 referuntur;

1872 2164 1978 2202 non
2015 2150 2158 2219 quod
2193 2166 2383 2206 revera
2413 2167 2607 2206 omnes
2638 2152 2972 2220 adhibeant;
3007 2155 3100 2209 sed
3127 2164 3206 2218 ut,
3232 2154 3447 2208 etiamsi

1870 2244 2213 2309 adhiberent,
2246 2260 2435 2301 eorum
2468 2249 2739 2303 sententia
2771 2262 2800 2301 a
2838 2263 2966 2303 sana
3001 2249 3214 2303 ratione
3239 2249 3446 2302 abhor-

1870 2352 1990 2391 rere
2053 2343 2477 2395 dcmonsuetur.
2546 2341 2661 2396 lloc
2718 2356 2848 2395 vero
2909 2341 3098 2398 [rentei
3155 2342 3444 2396 consilium

1868 2428 2039 2483 fuisse
2070 2444 2174 2484 non
2209 2430 2499 2500 dubitabit,
2533 2436 2781 2506 quisquis
2809 2437 3106 2492 attenderit
3139 2435 3204 2490 ad
3233 2449 3295 2488 ea
3322 2448 3445 2502 qua:

1865 2525 2085 2594 subjicit
2115 2541 2167 2578 η.
2200 2525 2232 2579 9
2257 2542 2269 2577 :
2307 2522 2513 2579 Prwter
2545 2529 2640 2583 has
2669 2538 2844 2582 autem
2873 2529 3178 2582 emissiones
3205 2543 3296 2596 ego
3320 2529 3444 2596 qui-

1864 2618 1978 2670 dem
2001 2616 2118 2684 jam
2149 2631 2249 2668 non
2271 2617 2504 2686 intelligo
2536 2620 2755 2674 alteram
2785 2639 2935 2687 posse
2981 2637 3066 2674 eos
3112 2623 3322 2687 dicere;
3353 2623 3443 2676 sed

1864 2727 1926 2762 ne
1960 2710 2060 2778 ipsi
2083 2708 2293 2778 quidem
2326 2711 2547 2764 alteram
2569 2714 2852 2782 quamdam
2884 2715 3256 2783 proprietatem
3282 2717 3442 2768 entis-

1861 2815 1973 2852 sam
2005 2799 2278 2864 reddentes
2314 2800 2624 2870 aliquando,
2658 2805 2857 2873 cogniti
2885 2815 3008 2858 sunt
3049 2823 3079 2857 a
3114 2806 3286 2869 nobis,
3318 2808 3440 2860 licet

1861 2891 2008 2944 valde
2059 2892 2280 2944 multam
2332 2893 2397 2946 de
2440 2893 2749 2962 hujusmodi
2789 2897 3057 2964 speciebus
3097 2899 3438 2967 quwstionem

1859 2981 2198 3037 habuerimus
2249 3001 2366 3038 cum
2407 2986 2504 3041 eis.
2540 2986 2657 3041 Non
2697 2987 2774 3041 ait
2812 3003 2907 3044 eas
2954 3004 3075 3044 esse
3119 2992 3439 3047 emissiones

1860 3089 1997 3145 quas
2034 3079 2289 3146 probant,
2325 3079 2419 3133 sed
2449 3093 2543 3135 eas
2568 3093 2688 3135 esse
2715 3081 3040 3138 emissiones
3071 3098 3263 3139 omnes
3314 3101 3440 3153 pos-

174 3165 392 3236 Sophim
419 3171 498 3223 sic
531 3172 598 3226 ab
630 3187 690 3227 ea
724 3179 1070 3245 separabant,
1105 3193 1166 3235 ut
1216 3185 1435 3254 utrique
1480 3165 1753 3244 diversam

1864 3168 2072 3235 sibilos,
2099 3183 2237 3237 quas
2265 3171 2436 3225 dicere
2466 3183 2708 3242 possunt,
2735 3183 2790 3228 et
2825 3183 3022 3241 praeter
3061 3190 3154 3232 eas
3202 3191 3308 3231 non
3353 3179 3438 3232 in-

170 3271 396 3323 prorsus
437 3262 806 3320 substantiam
865 3271 1194 3328 tribuerent.
1242 3277 1439 3343 Quidni
1498 3280 1752 3337 similiter

170 3345 357 3418 Logon
389 3363 444 3406 et
492 3354 751 3424 Sophiam
785 3373 813 3412 a
861 3360 942 3415 Nu
976 3372 1031 3416 et
1076 3380 1104 3417 a
1155 3364 1320 3421 Patre
1366 3369 1622 3425 divellere
1655 3387 1751 3440 ρος

167 3442 843 3505 tuerint?Absurdissima
872 3453 989 3508 haec
1021 3456 1063 3510 si
1093 3460 1212 3526 quis
1245 3462 1406 3528 dicat,
1441 3463 1632 3521 lubens
1665 3464 1747 3519 fa-

167 3533 357 3603 tebor;
399 3536 510 3593 imo
572 3540 709 3596 adeo
766 3544 1001 3599 absurda
1051 3547 1247 3617 dicam,
1310 3561 1367 3606 ut
1417 3555 1599 3611 nullus
1649 3573 1749 3612 un-

166 3641 354 3694 quam,
389 3630 496 3684 nisi
526 3642 720 3687 emota:
752 3638 948 3692 mentis
979 3639 1142 3696 homo
1177 3645 1289 3699 inec
1321 3645 1372 3699 in
1400 3647 1638 3700 animum
1667 3649 1746 3702 iu-

167 3719 368 3772 ducere
397 3722 591 3788 possit.
624 3721 820 3780 Verum
852 3743 956 3783 non
1003 3730 1132 3797 quid
1176 3748 1299 3786 cum
1349 3746 1498 3791 recta
1532 3738 1746 3793 ratione

165 3811 477 3864 consentiat
504 3825 792 3886 pugnetve,
822 3821 915 3874 sed
943 3837 1063 3890 qua:
1096 3822 1294 3880 fuerint
1329 3825 1743 3885 Valentiniano-

160 3917 283 3956 rum
316 3905 594 3977 dogmata,
625 3910 711 3966 hic
743 3912 1088 3982 inquirimus.
1115 3919 1203 3983 At,
1239 3919 1457 3988 inquis,
1507 3923 1741 3979 lreuarus

160 3995 255 4050 lib.
311 4013 374 4064 tl,
424 4015 546 4070 cap.
610 4002 696 4067 16,
735 4005 874 4070 n.6,
910 4008 1244 4076 expendens,
1301 4016 1741 4081 quemadmodum

159 4091 334 4143 emissi
358 4103 479 4144 sunt
505 4093 692 4165 reliqui
719 4095 942 4164 onnes,
976 4100 1026 4153 id
1059 4111 1142 4155 est
1167 4102 1361 4174 Logos,
1403 4105 1738 4177 Anthropos,

157 4191 214 4237 et
244 4186 454 4250 caeteri,
491 4189 675 4241 varios
712 4190 1162 4257 explicandarum
1217 4197 1570 4252 emissionum
1622 4218 1737 4255 mo-

157 4275 256 4330 dos
291 4279 566 4347 preponit.
606 4279 816 4345 Utrum,
849 4282 1044 4351 inquit,
1075 4287 1210 4339 uniti
1257 4289 1304 4340 ei
1341 4291 1434 4358 qui
1481 4294 1735 4362 emiserit,

155 4370 600 4433 quemadmodum
628 4391 657 4426 a
681 4374 788 4428 sole
811 4376 986 4441 radii;
1015 4394 1081 4429 an
1113 4379 1434 4448 e/[icnbiliter
1455 4396 1500 4438 et
1527 4388 1738 4454 partili-

158 4470 254 4520 ter,
296 4461 344 4513 id
377 4472 459 4515 est
487 4477 554 4516 an
589 4478 620 4515 a
653 4465 922 4538 principio
954 4473 1243 4526 emittente
1273 4474 1436 4529 soluti
1462 4485 1518 4530 et
1554 4478 1736 4545 sejun-

155 4552 250 4613 cti,
273 4563 327 4604 ut
359 4554 424 4607 sit
454 4560 809 4630 unusquisque
852 4578 1032 4615 eorum
1081 4570 1385 4632 separatim,
1413 4580 1459 4622 et
1489 4588 1638 4625 suam
1664 4572 1734 4640 ﬁ-

155 4662 220 4714 gu
233 4648 488 4701 rationem
514 4652 734 4715 habens,
766 4658 1208 4722 quemadmodum
1237 4660 1300 4712 ab
1326 4661 1533 4716 homine
1554 4663 1731 4730 homo,

152 4749 201 4790 et
247 4755 280 4790 a
315 4741 510 4806 pecude
549 4745 752 4809 pecus?
797 4744 899 4797 Aut
949 4750 1235 4802 secundum
1274 4755 1732 4822 germinationem,

152 4833 600 4892 quemadmodum
644 4836 706 4887 ab
750 4839 934 4893 arbore
962 4843 1138 4894 rami?
1180 4841 1244 4895 Et
1292 4857 1468 4897 utrum
1499 4847 1732 4914 ejusdem

149 4924 462 4978 substantiw
473 4928 792 4981 exsistebant
806 4931 886 4984 his
905 4934 994 5002 qui
1010 4951 1062 4987 se
1080 4935 1383 5001 emiserunt,
1400 4955 1465 4991 an
1484 4956 1548 4993 ea:
1566 4941 1731 4995 altera

147 5015 378 5082 quadam
403 5018 702 5074 substantia
747 5023 1094 5078 substantiam
1124 5028 1413 5083 habentes?
1443 5031 1506 5084 Et
1555 5044 1732 5087 utrum

149 5109 201 5160 in
226 5110 407 5163 eodem
439 5113 618 5166 emissi
638 5125 782 5179 sunt,
814 5126 867 5168 ut
893 5119 1123 5186 ejusdem
1148 5124 1396 5189 temporis
1417 5136 1583 5178 essent
1606 5128 1728 5191 sibi;

147 5219 216 5253 an
254 5205 544 5255 secundum
573 5207 811 5259 ordinem
837 5212 1115 5277 quemdam
1145 5253 1158 5273 ,
1202 5214 1277 5266 ita
1311 5225 1364 5267 ut
1411 5218 1730 5285 antiquiores

143 5293 365 5345 quidam
398 5296 654 5362 ipsorum,
681 5300 776 5352 alii
809 5303 1184 5372 verojuniores
1209 5319 1376 5358 essent
1403 5309 1428 5361 .9
1459 5308 1525 5360 Et
1554 5320 1727 5364 utrum

143 5384 410 5449 simplices
432 5388 646 5455 quidem
671 5399 718 5442 et
752 5393 1060 5460 uniformes,
1093 5406 1137 5449 et
1164 5398 1395 5468 undique
1421 5401 1519 5452 sibi
1552 5418 1726 5469 arqua-

143 5475 217 5529 les
274 5485 324 5528 et
370 5479 606 5546 similes,
663 5486 1102 5551 quemadmodum
1148 5492 1364 5558 spiritus
1418 5502 1465 5544 et
1523 5493 1724 5547 lumina

141 5572 335 5623 emissa
367 5586 528 5638 sunt;
560 5593 629 5629 an
661 5582 939 5646 compositi
984 5593 1031 5637 et
1068 5585 1366 5653 ili/Terentes
1393 5628 1409 5654 ,
1442 5589 1721 5644 dissimiles

144 5663 392 5715 membris
431 5668 587 5718 suis?
628 5668 840 5734 Quibus
886 5673 1131 5733 diversas
1176 5678 1558 5735 harrcticorum
1592 5697 1716 5737 sen-

211 5845 253 5874 “'
300 5843 415 5897 Lib.
462 5862 496 5908 ι,
531 5864 647 5916 cap.
690 5851 734 5902 l.

1858 3263 2100 3333 telligere
2143 3277 2201 3318 se
2241 3264 2472 3318 alteram
2519 3280 2615 3320 eos
2655 3281 2816 3336 posse
2855 3267 3074 3334 dicere;
3128 3284 3228 3324 nec
3265 3270 3436 3325 alium

1855 3359 2167 3426 quempiam~
2197 3357 2482 3413 emittendi
2528 3361 2748 3412 modum
2780 3361 3053 3417 audivisse
3082 3378 3144 3418 se
3187 3379 3429 3434 unquam

1855 3453 1924 3506 ab
1958 3451 2108 3520 ipsis.
2148 3450 2251 3506 Sed
2292 3459 2501 3506 tantum
2535 3454 2689 3508 abest
2720 3468 2813 3508 eas
2862 3469 3052 3509 omnes
3103 3456 3430 3513 emissiones

1851 3545 1953 3600 sibi
1988 3544 2321 3600 asciscerent
2355 3542 2744 3610 Valentiniani,
2779 3554 2835 3598 ut
2872 3547 2960 3599 vix
2991 3546 3098 3601 ulla
3126 3558 3276 3604 certa
3323 3551 3426 3621 hy-

1850 3638 2060 3708 pothesi
2091 3645 2239 3693 stare
2266 3645 2515 3707 possent,
2541 3646 2595 3691 et
2619 3639 3016 3707 qumstiouibus
3046 3641 3147 3696 sibi
3177 3657 3238 3697 ea
3268 3643 3334 3697 de
3366 3659 3426 3699 re

1848 3728 2142 3799 propositis
2169 3727 2349 3783 facere
2380 3728 2535 3782 satis.
2564 3727 2619 3782 ld
2653 3730 2941 3800 perspicue
2980 3733 3146 3787 tradit
3186 3733 3420 3789 lreuazus

1847 3820 2029 3875 verbis
2061 3821 2421 3890 sequentibus
2462 3840 2494 3904 εὶ
2528 3822 2644 3876 Hoc
2696 3835 2869 3878 autem
2913 3826 3130 3887 dicunt,
3173 3828 3423 3899 quoniam

1846 3914 2024 3966 emissi
2048 3922 2170 3966 sunt
2199 3915 2553 3984 unusquisque
2571 3916 2809 3980 illorum,
2839 3927 2889 3972 et
2911 3919 3064 3972 illum
3095 3916 3301 3972 tantum
3336 3937 3426 3972 co-

1845 4006 2082 4076 gnovisse
2110 4010 2202 4074 qui
2229 4023 2283 4060 se
2312 4008 2508 4072 emisit,
2543 4009 2797 4078 ignorans
2825 4021 2998 4065 autem
3028 4028 3147 4064 eum
3181 4015 3270 4081 qui
3301 4023 3424 4065 ante

1843 4097 1994 4151 illum
2025 4108 2124 4152 est.
2149 4097 2274 4151 1am
2295 4116 2396 4153 non
2416 4109 2590 4153 autem
2619 4117 2736 4154 cum
2765 4105 3061 4157 ostensione
3079 4105 3423 4173 progrediun-

1845 4201 1952 4257 tur,
1990 4194 2432 4261 qnemadmodnm
2461 4194 2638 4246 emissi
2679 4205 2825 4259 sunt,
2854 4206 2946 4248 aut
2984 4199 3247 4265 quomodo
3279 4201 3422 4264 capit

1843 4286 1947 4339 tale
1972 4287 2098 4356 quid
2122 4287 2174 4338 in
2205 4285 2539 4352 spiritalibus
2572 4286 2710 4354 ﬁeri.
2759 4287 2826 4340 Et
2860 4299 3151 4359 eapropler
3188 4291 3255 4344 ad
3312 4292 3421 4346 sol-

1841 4379 2046 4432 vendas
2080 4380 2385 4448 propositas
2421 4380 2526 4434 sibi
2556 4379 2928 4446 diliicultates,
2972 4384 3417 4452 explicandamve

1843 4470 2163 4524 sententiam
2191 4487 2382 4539 parum
2411 4472 2545 4525 adeo
2578 4473 2876 4540 comparati
2902 4485 3078 4538 erant,
3110 4486 3166 4528 ut
3194 4489 3418 4534 auctore

1765 4535 1814 4595 D
1845 4572 2031 4616 nostro
2066 4535 2222 4628 teste,
2253 4562 2345 4616 lib.
2369 4577 2451 4626 Ill,
2485 4577 2602 4631 cap.
2639 4535 2728 4628 15-,
2759 4579 2815 4617 n.
2839 4565 2874 4618 2
2904 4580 2918 4614 ;
2950 4564 3011 4618 Si
3033 4535 3224 4638 aliquis
3255 4572 3415 4624 exhis

1841 4656 1930 4725 qui
1957 4655 2242 4707 audiebant
2275 4670 2383 4718 eos,
2415 4664 2668 4724 quatreret
2700 4655 3008 4720 solutiones,
3039 4658 3115 4712 rel
3138 4664 3408 4716 contradi-

1840 4758 1976 4804 ceret
2004 4753 2100 4813 eis,
2124 4758 2262 4804 hunc
2285 4753 2437 4821 quasi
2463 4769 2565 4806 non
2597 4754 2884 4822 capientem
2912 4756 3206 4824 veritatem,
3233 4768 3281 4813 et
3311 4779 3414 4816 non

1840 4844 2114 4898 habentem
2147 4844 2210 4897 de
2233 4844 2595 4906 superioribus
2633 4861 2664 4897 τι
2705 4854 2877 4900 matre
2919 4863 3017 4900 sua
3059 4866 3233 4903 semen
3273 4854 3414 4923 aﬂir-

1837 4947 2058 5001 mantes,
2093 4938 2146 4988 in
2172 4943 2338 4989 totum
2366 4936 2500 4989 nihil
2518 4937 2749 4991 dicerent
2772 4940 2840 5004 ei,
2861 4941 3157 4994 mediarum
3182 4948 3412 5012 partium

1839 5028 2067 5081 dicentes
2096 5043 2206 5080 esse
2238 5027 2410 5092 illum,
2439 5028 2534 5080 hoc
2561 5039 2657 5092 est,
2688 5028 3088 5098 Psychicorum.
3123 5033 3273 5100 Quod
3310 5037 3412 5090 ho-

1837 5121 2012 5174 mines
2046 5120 2284 5174 ostendit
2316 5130 2515 5174 temere
2543 5121 2802 5191 quidquid
2827 5122 2880 5175 in
2918 5125 3146 5178 buccam
3198 5131 3412 5184 veniret

1836 5215 2244 5283 proloquentes,
2283 5213 2334 5266 id
2365 5227 2491 5268 vero
2525 5230 2621 5270 nec
2649 5217 2951 5286 explicare,
2986 5231 3084 5270 nec
3108 5220 3275 5272 certis
3325 5238 3411 5274 ra-

1836 5308 2072 5362 tionibus
2099 5306 2309 5361 munire
2333 5307 2593 5362 valentes.

1905 5399 1992 5454 60.
2028 5400 2295 5466 Quantum
2327 5414 2456 5453 vero
2485 5417 2548 5453 ex
2589 5401 2767 5454 verbis
2801 5415 3013 5467 eorum,
3047 5411 3100 5455 et
3145 5417 3210 5457 ex
3256 5417 3406 5458 rece-

1833 5507 1923 5567 pta
1945 5497 2084 5565 apud
2104 5510 2293 5548 omnes
2314 5493 2600 5565 hypothesi
2629 5493 2898 5560 conjicere
2929 5495 3055 5549 licet
3075 5498 3219 5563 (nam
3251 5514 3316 5551 ex
3341 5501 3405 5553 iis

1832 5591 1984 5653 solis,
2011 5589 2257 5651 velimus,
2304 5588 2560 5652 nolimus,
2592 5585 2812 5640 ferenda
2857 5590 3172 5656 sententia),
3215 5590 3400 5659 Logon

1832 5693 2169 5752 ceterosque
2219 5681 2549 5750 posteriores
2603 5677 2810 5735 IEoncs
2861 5680 3027 5737 fuisse
3067 5686 3402 5738 substantias
