4180 6332
773 384 842 443 35
1576 374 2173 434 DlSSEﬂTATIONES
2209 373 2512 432 PRAENle
2544 373 2613 429 ΙΝ
2650 373 2905 432 ΙΒΕΝΛΕῘ
2937 372 3203 432 LIBROS.
3932 374 4001 434 84

775 501 1040 573 quasdam
1084 514 1180 570 per
1232 512 1291 554 se
1333 498 1729 563 subsistentes,
1781 497 1874 552 sed
1929 510 2182 566 supremo
2231 495 2339 549 Deo
2368 498 2630 563 A‘pompa
2683 510 2933 548 enarrare
2978 493 3228 548 instituit.
3262 491 3394 547 Nam
3427 491 3660 562 Angelos
3701 489 3861 560 paulo
3886 490 4002 546 lon-

774 600 935 668 longe
987 594 1310 661 inferiores,
1372 594 1692 650 concludere
1741 606 2050 662 possumus.
2093 589 2336 663 Angelici

773 706 943 761 porro
974 688 1188 744 ordinis
1219 704 1326 744 non
1361 687 1634 742 immerito
1659 686 1784 756 quis
1812 685 2012 740 dixerit
2045 705 2057 738 :
2090 685 2338 751 hancque

777 783 1163 839 haereticorum
1209 781 1439 837 istorum
1486 787 1720 834 mentem
1769 791 1889 834 esse
1927 777 2069 833 haud
2119 775 2338 832 dillieile

775 874 1109 943 probaverit.
1140 872 1323 928 Primo
1353 873 1498 927 enim
1529 872 1804 935 Marcosii,
1841 871 1936 941 qui
1970 869 2107 925 nihil
2156 869 2270 925 fere
2307 883 2337 924 a

773 970 991 1026 caeteris
1017 967 1417 1026 Valentinianis
1443 969 1796 1032 dissidebant,
1817 968 1919 1024 nisi
1945 967 2108 1036 quod,
2135 974 2194 1021 ut
2214 981 2340 1037 pre-

778 1065 910 1118 tium
942 1063 1103 1133 nugis
1130 1063 1416 1128 adderent,
1449 1062 1513 1116 ad
1545 1061 1897 1134 symbolicam
1940 1059 2242 1114 litterarum
2285 1065 2341 1114 'et

773 1156 1167 1211 elementorum
1195 1153 1544 1224 farraginem,
1569 1153 1928 1224 Pythagorico
1959 1165 2130 1216 more,
2155 1149 2337 1205 omnia

776 1247 1132 1310 revocabant,
1160 1246 1357 1302 tradita
1379 1245 1481 1300 sub
1517 1245 1604 1300 his
1631 1244 1935 1315 :euigmatis
1970 1243 2208 1300 Bonum
2242 1257 2333 1314 ge-

777 1340 893 1394 nesi
925 1338 1255 1393 concludunt
1280 1355 1296 1392 :
1325 1339 1462 1402 Τοὺς
1492 1338 1547 1390 δὲ
1577 1337 1844 1408 φθόγγους
1889 1338 2153 1410 ὑπάρχειν
2173 1376 2186 1400 ,
2213 1336 2341 1399 τοὺς

780 1432 1119 1506 μορφοῦντας
1145 1433 1234 1485 τὸν
1265 1432 1508 1486 ἀνούσιον
1557 1434 1650 1486 καὶ
1692 1433 1983 1504 ἀγέννητον
2015 1431 2214 1486 Αιῶνα.”
2247 1430 2338 1484 καὶ

776 1521 916 1579 εἶναι.
941 1524 1161 1588 τούτους
1193 1525 1428 1596 μορφὰς,
1456 1524 1520 1588 ἃς
1540 1528 1567 1579 ὁ
1587 1523 1786 1596 Κύριος
1811 1525 2074 1595 ἀγγέλους
2115 1523 2300 1595 εἴρηκε
2323 1565 2338 1587 ,

775 1618 876 1681 τὰς
896 1617 951 1670 δὲ
983 1617 1242 1689 διηνεκῶς
1264 1617 1562 1688 βλεπούσας
1581 1617 1639 1671 τὸ
1673 1616 1960 1688 πρόσωπον
1993 1615 2084 1670 τοῦ
2106 1614 2320 1687 Πατρός

778 1713 952 1766 Sanos
981 1722 1153 1766 autem
1175 1728 1261 1765 eos
1292 1728 1427 1780 esse,
1466 1711 1555 1781 qui
1594 1710 1827 1780 formant
1863 1708 2222 1780 (exprimunt)
2264 1710 2342 1762 in.

776 1806 1158 1859 substantivum
1187 1814 1235 1858 et
1265 1805 1553 1874 ingenitam
1587 1802 1793 1867 Eona,
1816 1813 1864 1856 et
1890 1819 1998 1858 esse
2023 1804 2116 1857 ltas
2143 1802 2340 1872 formas

777 1914 911 1967 quas
944 1895 1199 1950 Dominus
1226 1895 1438 1966 angelos
1469 1896 1634 1959 dixit,
1662 1912 1779 1965 qua:
1808 1895 1922 1949 sine
1956 1895 2340 1949 intermissione

776 1990 952 2043 vident
977 1988 1164 2058 [aciem
1195 1987 1398 2042 Patris.
1421 1986 1564 2041 Nihil
1585 1986 1786 2042 clarius
1810 2004 1823 2040 :
1851 1987 1993 2054 soni,
2023 1987 2076 2043 id
2107 1996 2187 2043 est
2209 1984 2344 2039 1E0-

777 2095 900 2142 nes,
928 2081 1104 2149 angeli
1138 2089 1263 2135 sunt
1294 2080 1358 2135 de
1377 2080 1575 2149 quibus
1612 2078 1863 2135 Christus
1913 2078 2132 2148 (Matth.
2182 2095 2339 2146 xvtn,

778 2173 847 2227 10
873 2172 887 2240 )
911 2173 1046 2226 dixit
1074 2191 1086 2226 :
1120 2171 1302 2241 Angeli
1336 2188 1520 2225 eorum
1553 2173 1609 2226 in
1644 2171 1781 2226 caelis
1811 2187 2014 2240 semper
2040 2173 2215 2225 rident
2253 2173 2342 2240 fa-

779 2263 906 2316 ciem
938 2260 1116 2315 Patris
1149 2264 1248 2314 mei
1279 2262 1451 2330 quiin
1480 2261 1619 2317 cazlis
1669 2273 1768 2316 est.
1803 2263 1929 2317 llaec
1957 2278 2086 2318 vero
2128 2279 2234 2318 non
2276 2265 2342 2321 de

776 2353 1030 2408 omnibus
1060 2351 1361 2416 ZEonibus,
1396 2354 1489 2408 sed
1529 2353 1600 2428 de
1644 2354 2041 2424 posterioribus
2081 2355 2343 2410 duntaxat

778 2445 1040 2513 intelligi,
1095 2453 1243 2514 patet
1285 2461 1349 2500 cx
1389 2445 1687 2510 latissimo,
1743 2447 1884 2517 qttod
1919 2447 2060 2501 inter
2108 2449 2336 2517 primam

778 2537 988 2590 tetrada
1009 2545 1064 2590 et
1087 2537 1323 2605 reliquos
1342 2536 1543 2593 lEones
1563 2538 1828 2592 interesse
1852 2537 2126 2603 volebant,
2145 2538 2338 2593 discri-

776 2631 944 2685 mine.
994 2627 1144 2683 Illius
1204 2629 1467 2698 siquidem
1523 2631 1739 2683 nomina
1789 2641 1974 2683 sancta
2039 2641 2343 2686 sanctorum

778 2721 1031 2790 intelligi.
1049 2738 1166 2788 gnte
1192 2738 1294 2774 non
1320 2730 1540 2789 possunt
1563 2722 1830 2786 enarrari,
1859 2722 2226 2791 intelliguntur
2241 2739 2340 2775 au-

777 2825 877 2868 tem
907 2830 938 2866 η
967 2811 1080 2865 solo
1118 2809 1280 2874 Filio,
1315 2827 1432 2879 qua:
1463 2807 1627 2864 Pater
1656 2811 1753 2865 scit
1784 2827 2024 2879 qutenam
2055 2822 2195 2876 sunt,
2225 2825 2345 2866 esse

777 2908 1031 2962 dicebant
1077 2906 1171 2961 lib.
1227 2921 1285 2970 ι,
1333 2921 1450 2982 eaq.
1503 2906 1594 2971 15,
1637 2922 1691 2960 n.
1721 2906 1768 2958 l.
1802 2905 1930 2972 Quae
1969 2905 2345 2961 demonstrant

780 3012 983 3068 quanto
1033 2999 1320 3054 intervallo
1371 2998 1543 3068 prima
1589 3007 1758 3052 tetras
1806 3007 2094 3067 superaret
2152 3013 2346 3053 secun-

776 3093 925 3154 dam,
949 3107 1013 3145 ac
1038 3091 1240 3146 dccada
1274 3098 1328 3145 et
1353 3090 1627 3145 dodecada
1653 3109 1666 3156 ;
1699 3091 1909 3159 hasque
1933 3089 2156 3161 proinde
2203 3091 2346 3146 solas

2437 588 2560 654 gius
2591 603 2618 640 ιι
2646 585 2726 640 Nu
2751 595 2806 640 et
2838 585 3047 639 Ennaea
3080 584 3338 648 removit,
3382 581 3718 654 interpositis
3746 581 4001 637 nimirum

2437 674 2604 745 Lego,
2635 673 2920 741 Phronesi,
2955 674 3176 745 Sophia,
3203 687 3258 729 et
3284 673 3510 745 Dynami
3545 688 3559 726 :
3605 686 3742 743 quos
3783 671 4002 741 quidem

2437 765 2644 823 Aﬁones
2673 783 2778 822 non
2807 784 2890 832 re,
2921 768 3015 823 sed
3058 770 3258 822 virtute
3299 767 3564 822 duntaxat
3592 773 3647 820 et
3694 765 3903 820 ratione
3935 764 4004 820 ab

2437 863 2618 917 innato
2654 860 2818 916 Patre
2850 862 3164 916 distinxisse
3217 861 3454 915 videtur.
3488 849 3592 913 sed
3635 858 3688 913 in
3727 856 3832 912 hoc
3880 871 4005 912 cum

2439 953 2714 1026 magistris
2745 952 3048 1017 consensit,
3083 951 3225 1022 quod
3273 948 3468 1020 primis
3515 947 3621 1003 illis
3671 961 3737 1002 ac
3780 947 4006 1001 summis

2437 1048 2704 1104 Eonibus
2735 1045 2974 1116 Angelos
2999 1043 3311 1099 immediate
3341 1039 3658 1108 subiiceret.
3685 1038 3730 1091 A
3773 1037 4008 1108 Dynami

2439 1140 2705 1212 siquidem
2747 1145 2796 1190 et
2828 1136 3029 1208 Sapltia
3066 1134 3317 1198 Virtutes,
3345 1143 3397 1186 et
3429 1130 3728 1200 Principes,
3761 1139 3808 1182 et
3835 1128 4000 1198 Ange-

2440 1232 2542 1299 los,
2585 1247 2714 1302 quos
2737 1236 2787 1282 et
2824 1226 3268 1297 primos‘uocabat
3298 1265 3314 1291 ,
3347 1224 3554 1295 genitos
3595 1235 3715 1277 esse
3749 1219 4004 1276 asseruit.

2442 1323 2554 1378 Hoc
2595 1336 2722 1388 ergo
2775 1320 2950 1376 solum
2986 1319 3128 1374 inter
3170 1316 3583 1372 Valentinianos
3627 1323 3682 1368 et
3716 1312 4008 1369 Gnosticos

2439 1410 2752 1469 interfuisse
2779 1408 3013 1472 videtur,
3046 1407 3189 1476 quod
3221 1407 3274 1461 hi
3299 1405 3461 1475 primi
3491 1405 3699 1461 ordinis
3719 1399 3957 1471 Angelos
3981 1413 4010 1454 e

2443 1502 2712 1574 supremis
2735 1501 3001 1556 Aionibus
3033 1499 3370 1568 perturbate,
3413 1497 3674 1566 nulloque
3721 1505 3874 1550 certo
3920 1508 4010 1547 oro

2443 1595 2567 1651 dine
2598 1609 2661 1650 ac
2688 1606 2915 1648 numero
2941 1592 3262 1656 educerent;
3293 1589 3367 1643 illi
3400 1603 3528 1644 vero
3553 1587 3840 1644 ordinatim
3859 1601 4010 1641 com-

2442 1696 2726 1758 ponerent,
2753 1702 2816 1742 ac
2847 1685 2948 1740 sub
2975 1677 3139 1738 certis
3162 1681 3486 1752 quibusdam
3512 1679 4010 1750 coniugationibus,

2447 1783 2500 1835 in
2537 1779 2740 1835 decada
2771 1788 2824 1833 et
2873 1774 3188 1842 dodecada,
3235 1774 3390 1844 quasi
3445 1773 3496 1827 in
3543 1772 3759 1841 agmina
3806 1770 4013 1825 divisos

2371 1847 2416 1905 Β
2445 1873 2796 1927 collocarent.

2513 1965 2600 2018 6|.
2632 1962 2746 2017 Diri
2804 1961 2962 2033 primi
2989 1960 3195 2016 ordinis
3229 1959 3461 2030 Angelos
3501 1976 3514 2012 :
3557 1956 3839 2026 multiplex
3866 1955 4012 2011 enim

2445 2055 2582 2125 apud
2615 2055 2736 2109 illos
2773 2055 2910 2119 fuit;
2955 2066 3132 2122 neque
3159 2049 3582 2105 existimandum
3606 2047 3837 2118 Angelos
3870 2047 4012 2105 illos.

2444 2165 2576 2221 quos
2615 2165 2643 2202 a
2697 2147 2924 2202 summis
2957 2143 3229 2200 Aionibus
3273 2142 3501 2197 emissos
3550 2141 3823 2206 volebant,
3864 2141 4015 2210 ejus-

2447 2248 2568 2298 dem
2619 2242 2828 2311 ordinis
2873 2256 2939 2296 ac
3003 2238 3282 2309 dignitatis
3321 2237 3489 2292 fuisse
3541 2249 3661 2289 cum
3715 2235 3782 2288 iis
3818 2234 4016 2302 quibus

2447 2331 2715 2411 [XXXIX]
2761 2332 2948 2389 mundi
2997 2332 3155 2402 hujus
3199 2329 3616 2386 fabricationem
3647 2326 4014 2381 ascrihebant.

2443 2432 2510 2486 Et
2547 2429 2794 2500 quamvis
2842 2425 2931 2479 alii
2983 2426 3049 2478 ab
3109 2424 3232 2480 aliis
3281 2423 3550 2490 gradatim
3597 2419 4017 2481 descenderent,

2444 2525 2743 2580 maximum
2774 2530 2953 2573 tamen
2995 2518 3138 2571 inter
3168 2514 3381 2587 priores
3413 2523 3467 2568 et
3490 2512 3817 2582 posteriores
3840 2511 4013 2565 inter-

2439 2619 2643 2688 jectum
2678 2620 2797 2668 erat
2825 2608 3183 2665 intervallum.
3214 2607 3268 2661 ld
3303 2622 3370 2660 ex
3426 2605 3704 2662 Saturnini
3727 2601 4017 2675 hypotltesi

2444 2704 2787 2762 manifestum
2812 2712 2914 2764 est,
2947 2700 3039 2769 qui
3085 2698 3211 2752 licet
3255 2712 3416 2750 unum
3465 2693 3676 2748 Patrem
3725 2706 3847 2748 esse
3877 2689 4020 2746 dice-

2446 2808 2549 2862 ret,
2578 2796 2668 2864 qui
2694 2793 2818 2863 fecit
2861 2789 3108 2859 Angelos,
3153 2784 3525 2856 Archangelos,
3562 2781 3813 2846 Virtutes,
3861 2778 4024 2834 Pote-

2444 2902 2644 2954 states;
2673 2904 2778 2943 non
2814 2897 2992 2940 tamen
3027 2884 3094 2939 ab
3123 2883 3209 2938 his
3232 2883 3487 2935 mundum
3513 2878 3737 2950 factum,
3767 2888 3813 2930 et
3843 2875 4024 2929 ontnia

2443 3000 2559 3055 quae
2588 2984 2642 3036 in
2671 2999 2750 3046 eo,
2789 2979 2884 3035 sed
2915 2995 2947 3032 a
2974 2988 3167 3043 septem
3202 2974 3512 3046 quibusdam
3547 2972 3666 3024 aliis
3694 2969 3911 3039 Angelis
3938 2983 4026 3020 as-

2446 3079 2679 3135 serebat.
2707 3076 2920 3135 Clarius
2965 3074 3140 3128 adhuc
3165 3085 3228 3127 ex
3264 3068 3518 3133 Basilide,
3556 3066 3648 3143 qui
3690 3063 3946 3128 Virtutes,
3973 3072 4024 3117 et

778 3183 1011 3253 angelici
1037 3183 1244 3237 ordinis
1272 3196 1392 3235 esse
1431 3196 1612 3250 posse.
1641 3182 1706 3234 2°
1751 3182 2157 3236 Valcntinianos
2201 3199 2229 3236 a
2262 3182 2350 3237 Si-

2451 3172 2742 3241 Principes,
2765 3179 2812 3224 et
2853 3167 3113 3236 Angelos,
3156 3180 3294 3234 quos
3352 3178 3380 3216 a
3425 3161 3628 3231 Sophia
3683 3168 3739 3214 et
3793 3159 4026 3228 Dynami

777 3291 941 3332 mone
968 3274 1146 3345 Mago,
1173 3272 1486 3337 Menandro,
1522 3273 1841 3337 Saturnino,
1870 3273 2098 3342 aliisque
2124 3271 2344 3327 Gnosti-

776 3386 964 3426 eorum
1003 3370 1361 3440 principibus,
1399 3368 1577 3438 prima
1621 3368 1876 3421 doctrinm.
1924 3383 2035 3422 suae
2075 3368 2343 3437 principia

777 3475 832 3517 et
861 3463 1192 3526 rudimenta,
1222 3468 1297 3524 et,
1333 3469 1391 3513 ut
1421 3459 1494 3511 ait
1528 3457 1762 3513 lrenzens
1803 3458 1871 3522 το,
1915 3457 2068 3511 initia
2109 3457 2346 3511 emissio-

778 3570 902 3606 nunt
931 3553 1207 3620 accepisse
1233 3593 1246 3617 ,
1281 3549 1391 3616 jam
1435 3564 1538 3602 non
1585 3547 1752 3602 semel
1801 3548 2061 3602 diximus.
2103 3548 2170 3599 At
2225 3545 2344 3602 illos

779 3645 968 3712 primis
1017 3653 1066 3697 et
1117 3641 1343 3698 summis
1384 3641 1646 3696 monibus
1688 3639 1994 3696 immediate
2047 3639 2345 3708 subiecisse

776 3737 1032 3806 Angelos,
1077 3732 1466 3802 Archangelos,
1514 3731 1794 3794 Virtutes,
1842 3732 2164 3793 llotestates,
2205 3741 2341 3793 etc.,

777 3829 983 3895 diserte
1014 3825 1213 3880 docent
1245 3825 1503 3885 lrcnzeus,
1540 3823 1874 3892 Epiphanius
1923 3825 1989 3886 τι,
2032 3823 2344 3878 Theodore-

778 3930 866 3972 tus
892 3920 934 3949 ⁷³
963 3927 1014 3972 et
1044 3917 1158 3971 alii.
1193 3916 1426 3983 Angelos
1455 3915 1598 3970 enim
1626 3914 1693 3967 ab
1721 3914 1919 3970 Ennaaa
1945 3915 2343 3983 Patris(procul

780 4010 942 4063 dubio
974 4009 1301 4078 interposito
1331 4008 1409 4061 Nu
1435 4023 1528 4063 seu
1560 4006 1877 4074 itionogette,
1904 4023 2064 4075 quem
2096 4007 2162 4061 ab
2188 4022 2252 4061 eo
2280 4022 2341 4061 re

779 4111 885 4147 non
916 4084 1349 4162 distingu'ebant)
1382 4095 1612 4148 emissos
1648 4109 1767 4149 esse
1793 4094 2046 4149 valebant
2077 4096 2263 4151 Simon
2294 4105 2347 4150 et

778 4187 1094 4242 Menander.
1127 4185 1237 4240 Nec
1270 4185 1372 4238 alia
1405 4183 1503 4237 fuit
1547 4183 1822 4237 Saturnini
1871 4186 2139 4238 sententia
2169 4225 2184 4247 ,
2226 4185 2341 4254 qni,

778 4278 1048 4333 referente
1077 4278 1300 4341 Irentno,
1338 4274 1584 4328 similiter
1614 4288 1668 4328 ut
1703 4275 2017 4338 Menander,
2044 4293 2203 4330 unum
2236 4275 2342 4328 ιά-

779 4386 908 4426 trem
941 4372 1259 4439 incognitum
1288 4371 1524 4424 omnibus
1557 4369 1803 4431 ostendit,
1825 4369 1912 4437 qui
1947 4367 2065 4437 fecit
2092 4368 2341 4437 Angelos,

777 4465 1148 4534 Archangelos,
1190 4461 1439 4527 Virtutes,
1484 4462 1794 4526 Potestates,
1829 4463 1971 4514 haud
2009 4463 2170 4514 dubie
2209 4463 2336 4528 quin

778 4572 872 4624 per
904 4556 1157 4609 linnceatn
1190 4564 1243 4609 et
1273 4553 1414 4607 Nnn.
1441 4553 1664 4612 Constat
1689 4563 1892 4615 tamen,
1925 4563 1976 4603 et
2006 4567 2032 4602 ει
2064 4553 2219 4611 nobis
2248 4569 2333 4604 sn-
2376 4536 2418 4588 D

779 4647 958 4714 peritis
995 4648 1278 4716 probatum
1311 4656 1412 4708 est,
1448 4657 1660 4700 veteres
1709 4647 1831 4700 illos
1865 4647 2182 4711 Gnosticos,
2211 4664 2338 4716 pcr-

781 4739 906 4794 ittde
942 4737 1542 4807 atqueValentinianos,
1564 4755 1592 4792 e
1620 4738 1697 4792 Nu
1722 4739 1973 4794 eduxisse
2005 4738 2086 4792 vel
2109 4739 2344 4796 Anthro-

779 4849 907 4898 μοι),
943 4830 1028 4885 vel
1066 4829 1283 4898 Logon;
1324 4845 1352 4886 e
1397 4831 1568 4899 prima
1623 4831 1828 4885 tetradc
1865 4831 2180 4889 secundam.
2208 4832 2337 4886 Dum

778 4925 946 4992 igitur
976 4923 1042 4976 ab
1072 4921 1278 4978 Eunma
1306 4930 1357 4974 et
1384 4921 1462 4975 Nu
1493 4921 1802 4974 immediate
1831 4921 2062 4974 emissos
2088 4931 2341 4975 asserunt

778 5019 1032 5085 Angelos,
1061 5015 1295 5069 dilucide
1317 5013 1467 5076 satis,
1496 5013 1548 5066 ni
1575 5013 1753 5074 fallor,
1778 5023 2009 5066 mentem
2039 5023 2340 5082 exponunt,

778 5112 1196 5180 atgttilicatttqne
1243 5108 1369 5175 quid
1414 5106 1773 5174 posteriorum
1833 5103 2067 5158 Aiontnn
2121 5105 2345 5158 nomine

781 5205 1168 5270 intelligerent,
1202 5200 1435 5268 Angelos
1476 5201 1749 5260 videlicet.
1801 5199 2206 5265 Archangelos,
2244 5197 2348 5249 Po—

781 5307 1027 5358 testatcs,
1061 5305 1168 5346 etc.
1199 5293 1356 5346 Solus
1383 5292 1665 5357 Basilides,
1698 5307 1753 5345 ut
1775 5293 1930 5346 altius
1957 5292 2155 5355 aliquid
2187 5301 2232 5342 et
2261 5309 2345 5341 rc-

780 5388 1059 5441 tisimilius
1096 5387 1349 5437 inrcnisse
1375 5385 1660 5450 rideretur,
1692 5387 1740 5435 in
1768 5387 2072 5436 immensum
2103 5383 2340 5438 extendit

779 5481 1091 5541 sententiam
1120 5477 1372 5528 doctrinm
1405 5493 1535 5532 sua’.
1563 5476 1666 5538 vel,
1705 5486 1761 5529 nt
1817 5477 2052 5543 loquitur
2103 5473 2339 5541 Epipha—

782 5573 922 5630 nius,
950 5586 978 5619 tt
999 5567 1288 5620 Salamina
1319 5581 1362 5618 et
1397 5569 1609 5619 Simone
1638 5565 1790 5634 Mago
1819 5565 2007 5617 erroris
2040 5575 2346 5632 argumenta

781 5669 1050 5716 mutuatus
1073 5667 1168 5721 est,
1187 5674 1301 5725 quas
1319 5657 1422 5708 alia
1448 5660 1651 5716 ratione
1679 5667 1907 5708 tractare
1930 5668 1973 5709 et
2005 5657 2202 5723 majore
2229 5671 2345 5708 cum

847 5844 894 5876 το
930 5842 1044 5895 Lib.
1082 5865 1118 5906 ι,

1223 5841 1291 5897 23
1321 5852 1373 5898 et
1585 5844 1624 5871 ⁷⁵
1670 5841 1805 5895 llmr.
1840 5859 1924 5894 xxx
1956 5849 2005 5894 cl
2031 5855 2180 5908 SH“.

2447 3267 2678 3321 emissos
2727 3276 2848 3316 esse
2877 3258 3258 3323 contendebat,
3285 3256 3482 3326 primos
3511 3252 3748 3312 vocabat,
3780 3267 3812 3302 a
3834 3250 4027 3321 quibus

2448 3357 2643 3410 alteros
2684 3363 2730 3407 et
2779 3352 2976 3405 alteros
3042 3347 3315 3415 Principes
3361 3353 3408 3398 et
3444 3342 3664 3414 Angelos
3698 3342 3869 3411 [actos
3917 3356 4029 3394 esse

2447 3447 2653 3501 diccbat
2683 3457 2701 3495 :
2741 3459 2826 3497 eos
2863 3451 3057 3502 autem,
3090 3442 3178 3508 qui
3219 3437 3479 3507 posterius
3519 3433 3779 3487 continent
3811 3430 4026 3494 coelum,

2446 3542 2584 3613 quod
2619 3541 2776 3594 etiam
2801 3556 2831 3593 a
2858 3531 3007 3590 nobis
3038 3535 3263 3600 videtur,
3292 3532 3623 3590 constituisse
3654 3523 3867 3598 ea'qute
3902 3537 4028 3580 sunt

2447 3637 2501 3690 in
2534 3639 2725 3688 mundo
2769 3631 2966 3686 omnia.
3007 3627 3098 3681 Sic
3137 3626 3344 3696 pariter
3373 3632 3425 3678 et
3450 3621 3795 3692 Carpocrates
3835 3629 3885 3672 et
3939 3618 4030 3688 qui

2447 3726 2510 3778 ab
2542 3741 2626 3786 eo,
2659 3723 2913 3776 mundum
2963 3719 3194 3791 quidem,
3253 3724 3300 3768 et
3337 3730 3398 3769 ea
3433 3727 3548 3782 qua:
3595 3713 3650 3763 in
3686 3726 3746 3764 eo
3781 3717 3930 3773 sunt,
3964 3710 4023 3761 ab

2445 3818 2662 3885 Angelis
2709 3814 2876 3868 multo
2935 3808 3274 3880 inferioribus
3321 3805 3549 3878 ingenito
3607 3801 3769 3855 Patre
3820 3800 4026 3869 factum

2447 3925 2557 3967 esse
2586 3908 2850 3963 dicebant.
2913 3903 3117 3972 Nempe
3147 3898 3337 3969 Angeli
3399 3896 3474 3951 illi
3529 3894 3818 3949 inferiores
3869 3900 4029 3946 extra

2447 4002 2700 4056 Pleronta
2747 3997 3030 4063 constituti
3058 4001 3257 4060 erant;
3303 3991 3393 4044 alii
3423 3990 3562 4043 intra
3592 3987 3839 4040 Pleroma
3865 3986 4032 4055 dege-

2448 4096 2608 4158 bant;
2640 4101 2694 4148 et
2717 4093 2772 4146 hi
2807 4093 2858 4144 in
2889 4084 3088 4143 multos
3119 4085 3340 4140 ordines
3371 4082 3644 4152 dispositi.
3688 4079 3789 4134 Alii
3822 4078 4032 4148 quippe

2452 4185 2717 4254 dignitate
2748 4188 2800 4234 et
2828 4179 3019 4234 ordine
3072 4175 3498 4247 praestantiores,
3531 4171 3866 4227 vocabantur
3902 4169 4033 4225 £0-

2450 4292 2547 4332 nes
2602 4277 2743 4344 (quo
2769 4271 2930 4327 etiam
2971 4269 3193 4324 nomine
3243 4267 3477 4337 Angelos
3507 4264 3798 4318 identidem
3848 4263 4034 4316 dona-

2447 4371 2526 4422 vit
2554 4366 2816 4439 Synesius
2845 4360 3095 4431 superius
3127 4376 3156 4412 a
3202 4359 3356 4412 nobis
3408 4355 3608 4408 citatus
3632 4354 3702 4422 ;in
3733 4352 4030 4423 Hymnis),

2449 4463 2602 4533 quasi
2645 4460 2717 4516 dii
2741 4455 3076 4521 secundarii,
3111 4463 3166 4507 et
3205 4453 3269 4505 ad
3303 4449 3637 4502 divinitatem
3663 4446 3876 4500 caeteris
3902 4460 4033 4514 pro—

2449 4554 2570 4623 pius
2637 4552 3001 4614 accedentes;
3056 4545 3145 4599 alii
3184 4542 3392 4597 ordinis
3429 4539 3723 4606 inferioris,
3755 4538 4032 4593 satellites

2449 4645 2718 4699 Salvatori
2786 4637 3221 4696 destinabantur.
3282 4633 3612 4703 Angelorntn
3664 4631 3825 4684 etiam
3850 4669 3872 4694 ν,
3933 4630 4030 4701 qui

2452 4751 2606 4793 extra
2639 4738 2886 4796 Pleroma
2923 4734 3299 4793 versabantur,
3353 4742 3457 4785 non
3511 4741 3652 4780 unus
3699 4733 3815 4778 erat
3859 4726 4030 4790 ordo,

2448 4833 2542 4893 sed
2573 4830 2887 4902 multiplex,
2927 4827 3066 4886 alius
3096 4823 3204 4877 alio
3237 4820 3522 4875 sublimior
3555 4832 3611 4872 et
3641 4819 3852 4887 dignior
3882 4832 3899 4874 :
3933 4817 4030 4870 alii

2447 4923 2591 4978 enim
2633 4919 2848 4991 Angeli,
2878 4915 2968 4969 alii
3014 4911 3361 4982 Archangeli,
3399 4925 3628 4982 quorum
3653 4907 3832 4962 omnia
3866 4909 4031 4960 varia

2450 5013 2623 5068 otlicia
2664 5022 2717 5065 et
2753 5009 2915 5062 veluti
2941 5005 3277 5078 praefecturis
3324 5025 3336 5057 :
3379 5003 3450 5055 ita
3509 5012 3686 5055 tamen
3723 5011 3779 5050 ut
3832 4997 4033 5054 Plero-

2446 5105 2606 5160 matis
2638 5101 2856 5172 Angelis
2889 5099 3283 5169 superioribus,
3319 5110 3546 5165 quorum
3577 5092 3808 5146 ministri
3833 5104 4030 5152 erant.

2445 5200 2755 5251 subesscut.
2794 5194 2927 5248 Nam
2986 5195 3038 5246 in
3073 5192 3234 5255 rebus
3278 5188 3482 5244 creatis
3521 5185 3818 5240 condendis
3871 5185 3930 5238 in
3975 5186 4027 5238 id

2447 5289 2789 5358 potissimum
2841 5285 3173 5339 incubuerat
3213 5281 3468 5334 Salvator
3493 5293 3588 5348 per
3633 5276 4031 5351 Enthymesin,

2446 5391 2507 5435 ut
2546 5383 2600 5436 in
2641 5381 2876 5434 Αῖοηιιηι
2911 5379 3158 5436 honorem
3191 5375 3365 5427 omnia
3406 5372 3693 5451 [aceret,et
3727 5371 4029 5441 imaginem

2449 5475 2765 5528 I‘lcrmnatis
2803 5469 3085 5525 invisibilis
3145 5468 3197 5520 in
3251 5467 3503 5520 omnibus
3561 5464 3916 5540 exprimeret,
3970 5477 4031 5518 ut

2452 5562 2618 5616 triert
2652 5560 2886 5613 lrenteus
2943 5559 3036 5612 lib.
3071 5573 3108 5618 ι,
3157 5569 3278 5622 cap.
3334 5553 3386 5607 5.
3435 5555 3502 5609 Ut
3531 5567 3658 5622 ergo
3695 5553 4034 5624 Dcmiurgns

2453 5652 2689 5722 Angelos
2717 5652 2814 5705 sibi
2843 5650 3139 5713 subiectos,
3172 5650 3250 5702 sic
3298 5648 3410 5701 Pius
3442 5647 3542 5700 sibi
3569 5644 3814 5701 subditos
3852 5646 4031 5702 habe-

2281 5839 2323 5868 ”
2354 5838 2411 5892 L.
2447 5855 2461 5892 ι
2498 5839 2623 5891 ltzt-r.
2676 5837 2828 5897 Fulu,
2860 5836 2951 5889 lib.
2985 5849 3023 5902 ι,
3058 5851 3107 5890 c.
3143 5835 3161 5886 ι
3206 5840 3257 5888 ct
3293 5845 3442 5900 seqq.
