4180 6332
249 345 320 402 85
1167 353 1629 414 DlSSERTATIO
1660 357 1701 421 Ι,
1737 359 1775 413 Α

1883 401 1896 414 .
1938 361 1978 425 1,
2014 361 2099 415 DE
2135 362 2547 420 VALENTINO.
3431 377 3498 436 86

239 462 352 517 bat.
383 461 564 533 Logos
614 466 845 536 proinde
873 469 1111 540 Angelus
1151 482 1291 537 eral,
1339 477 1432 544 qui
1491 476 1582 530 Dei
1629 477 1825 532 mentis
1855 482 1898 538 Α
1933 487 2066 534 trem
2097 480 2424 537 lnvisibilem
2465 496 2678 552 semper
2702 485 2992 551 mansisse,
3022 502 3123 544 nec
3147 505 3374 560 usquam
3403 495 3498 549 ho-

240 551 412 608 vcluti
441 557 675 613 verbum
711 574 776 615 ac
811 561 1078 632 interpres
1125 567 1343 621 oracula
1387 569 1568 623 div-ina
1606 573 1819 627 caeteris

236 647 533 716 pandebat,
578 666 643 705 ac
669 667 770 721 per
796 669 912 721 eos,
948 672 1047 726 per
1069 657 1402 715 'Saloatorem
1437 665 1692 730 maxime,
1723 666 1818 719 ho-

236 739 478 797 minibus
529 745 875 802 manifestari
920 751 1148 806 curabat
1186 775 1198 807 :
1247 753 1446 824 quique
1485 770 1665 811 rerum
1701 772 1818 812 om-

236 832 391 888 nium
435 837 677 893 rationes
705 849 762 894 et
789 841 961 908 ideas,
1004 858 1139 913 quas
1167 847 1347 903 divina
1389 865 1543 904 mens
1572 852 1812 922 comple-

233 924 439 990 ctitur,
462 941 561 997 per
584 929 860 1002 Bythium,
891 935 1190 1006 Ageraton,
1237 949 1371 1009 etc.,
1404 953 1552 998 certa
1578 947 1811 1015 quadam

231 1018 590 1086 proportione
630 1029 794 1092 atque
828 1040 1020 1081 norma
1068 1029 1120 1083 in
1154 1029 1484 1087 Salvatorem
1521 1035 1681 1091 veluti
1716 1038 1811 1093 de-

1927 571 2189 626 minibus.
2241 575 2645 630 manifestatum
2711 592 2807 646 per
2855 581 3100 650 seipsum
3159 582 3348 650 fuisse,
3401 589 3498 642 sed

1923 677 2020 732 per
2058 663 2292 719 Verbum
2325 681 2508 732 suum,
2545 668 2686 736 quod
2738 667 2929 724 iisdem
2965 670 3382 728 identidem-sub
3410 676 3496 731 vi-

1922 754 2066 810 sibili
2102 759 2286 823 specie
2315 758 2764 827 conspiciendum
2798 775 2856 815 se
2906 761 3208 831 praebebat,
3236 763 3495 834 loqueba-

1920 857 2136 915 turque,
2176 861 2232 904 ut
2261 866 2325 905 eo
2353 851 2588 905 videndo
2625 859 2679 906 et
2711 852 2980 908 audiendo
3015 855 3278 925 paulatim
3301 872 3493 913 assue-

1917 951 2132 996 scerent
2191 961 2203 995 :
2265 944 2513 998 viderant
2551 945 2605 998 in
2667 945 2859 1000 iisdem
2918 947 3218 1017 Scripturis
3263 951 3488 1019 passim,

1914 1035 2138 1088 verbum
2167 1034 2383 1090 Domini
2416 1037 2616 1090 factum
2648 1052 2769 1092 esse
2799 1038 2866 1092 ad
2907 1040 3224 1109 prophetas,
3255 1038 3390 1097 et'in
3424 1043 3491 1100 iis

229 1109 471 1179 rivabat,
503 1124 565 1169 ut
594 1115 686 1171 hic
711 1121 1010 1176 secundum
1052 1123 1156 1178 hoc
1187 1127 1464 1198 exemplar
1495 1140 1687 1187 cuncta
1715 1147 1775 1202 pe

1909 1125 2145 1181 locutum
2196 1127 2403 1195 fuisse;
2452 1130 2675 1204 angelos
2722 1139 2903 1186 tamen
2949 1133 3146 1203 saepius
3173 1135 3225 1189 in
3255 1135 3345 1190 Dei
3389 1152 3487 1191 no-

230 1203 589 1279 Entbymesiu
624 1223 680 1268 et
723 1214 1072 1288 Demiurgum
1118 1220 1293 1292 eﬂingi
1328 1227 1601 1292 studeret;
1641 1238 1695 1283 et
1724 1245 1810 1284 ea-

223 1306 448 1369 propter
465 1300 514 1334 "
531 1302 855 1362 Salvatorem
874 1312 1262 1380 receptaculum
1286 1314 1484 1371 Christi
1505 1321 1804 1388 superioris

221 1398 272 1442 et
305 1392 563 1448 universa:
613 1395 1003 1464 Plenitudinis,
1031 1413 1078 1456 et
1112 1420 1177 1457 ea:
1213 1408 1453 1461 omnibus
1497 1421 1801 1479 generatum

217 1495 334 1535 esse
358 1482 599 1538 dicebant
621 1499 642 1538 :
672 1503 990 1560 quapropter
1016 1491 1414 1565 Beneplacitum
1437 1502 1636 1567 uocari,
1661 1519 1798 1572 quo-

218 1570 364 1624 niam
390 1574 685 1630 universum
721 1577 970 1636 Pleroma
1005 1583 1131 1639 bene
1163 1589 1323 1641 sensit
1352 1606 1445 1657 per
1470 1608 1586 1645 eum
1624 1594 1792 1664 glori-

215 1659 383 1725 ﬁcare
421 1662 658 1720 Patrem.
704 1667 811 1724 Alii
847 1683 1026 1727 autem
1051 1693 1115 1730 ea:
1147 1678 1276 1734 solis
1299 1682 1474 1736 decem
1504 1659 1792 1750 Eonibus.

212 1751 308 1821 qui
332 1765 454 1808 sunt
481 1772 513 1810 a
543 1756 690 1830 Lago
719 1771 768 1816 et
799 1761 906 1818 Zoe
931 1768 1128 1835 emissi,
1170 1779 1218 1824 et
1250 1783 1463 1843 propter
1486 1776 1582 1829 hoc
1617 1776 1794 1849 Logon

1909 1219 2055 1272 mine
2095 1227 2148 1272 et
2178 1232 2406 1288 persona
2434 1223 2602 1276 verba
2654 1222 2871 1287 fecisse,
2901 1233 2955 1278 et
2983 1226 3084 1281 sub
3137 1225 3371 1280 humana
3424 1227 3485 1282 ti-

1906 1325 2036 1378 gura
2071 1310 2386 1366 hominibus
2428 1315 2745 1383 apparuisse
2777 1355 2791 1381 ,
2840 1316 3016 1386 legem
3058 1318 3391 1384 disposuisse
3429 1329 3484 1374 et

1904 1404 2212 1468 ordinasse,
2242 1402 2497 1459 Ecclesiae
2536 1421 2723 1461 curam
2759 1409 3020 1479 gessisse,
3069 1408 3349 1464 Christum
3380 1425 3482 1465 no-

1903 1501 2075 1546 strum
2135 1495 2383 1564 angelum
2451 1496 2585 1552 Novi
2650 1499 2982 1555 Testamenti
3027 1503 3230 1568 vocari,
3275 1513 3330 1558 ct
3376 1504 3479 1557 alia

1902 1584 2190 1653 ejusmodi.
2230 1587 2361 1655 Quae
2388 1591 2572 1644 omnia
2607 1592 2785 1662 inepte
2834 1604 3180 1658 consucntes,
3218 1594 3476 1659 fabulam,

1900 1694 2062 1749 quam
2115 1679 2250 1747 dixi,
2313 1691 2760 1749 contexuerunt;
2815 1683 2999 1756 Logon
3049 1696 3103 1740 et
3155 1688 3476 1756 Anthropon

1899 1769 2121 1839 angelos
2153 1785 2276 1826 esse
2318 1788 2346 1824 a
2383 1775 2474 1828 Dei
2517 1785 2697 1829 mente
2739 1777 2988 1844 emissos,
3022 1787 3079 1830 ut
3130 1779 3350 1833 oracula
3395 1780 3478 1833 di-

210 1842 430 1900 etVZocn
469 1849 577 1903 dici
617 1868 754 1917 eum,
805 1869 1082 1924 parentum
1118 1840 1357 1918 nomtnav
1392 1869 1769 1924 custodientem

1897 1861 2022 1916 vina
2082 1862 2390 1930 funderent,
2446 1868 2975 1939 conspiciendosque
3050 1870 3362 1927 hominibus
3415 1886 3474 1926 se

207 1934 388 1993 Homo
418 1940 579 1996 etiam
604 1953 656 1998 et
679 1945 916 2003 Ecclesia
931 1950 1166 2022 Angelus
1198 1953 1320 2018 fuit.
1344 1960 1436 2028 qui
1458 1961 1793 2030 spiritalibus

207 2027 549 2099 hominibus,
574 2052 667 2092 seu
690 2039 944 2097 Ecclesiae
968 2043 1020 2098 in
1053 2048 1213 2103 terris
1238 2027 1451 2121 degenti
1477 2027 1786 2128 praefectus,

205 2122 463 2194 haneper
500 2127 708 2186 Aiones
738 2133 838 2189 sibi
862 2136 1108 2195 subditos
1137 2149 1191 2194 et
1213 2158 1313 2211 per
1344 2122 1684 2204 Salvatorem
1709 2154 1773 2207 ad

201 2219 503 2286 exemplum
525 2226 812 2292 superioris
840 2227 1093 2288 Ecclesia:
1112 2234 1352 2292 instituit
1372 2251 1425 2294 et
1450 2241 1784 2313 informavit,

201 2322 326 2375 seu,
355 2320 416 2366 ut
451 2312 775 2384 loquebatur
808 2321 1152 2393 Ptolemaeus,
1172 2331 1485 2406 ὲφανέρωσε
1513 2337 1606 2391 καὶ
1636 2338 1787 2408 ὲγέν-

200 2417 358 2472 νησε,
385 2404 440 2458 in
476 2406 645 2462 lucem
675 2412 861 2478 edidit,
893 2421 1282 2491 generavitque.
1329 2404 1468 2481 Illinc
1494 2429 1655 2483 etiam
1702 2431 1785 2484 in-

197 2489 458 2548 feriorem
507 2496 646 2552 hanc
701 2501 1023 2571 Ecclesium,
1058 2524 1153 2564 seu
1191 2515 1464 2581 spiritales
1511 2520 1777 2588 homines,

196 2592 259 2634 nt
299 2588 586 2652 vocabant,
647 2593 935 2662 imaginem
985 2604 1286 2669 superioris
1338 2606 1597 2666 Ecclesiae
1629 2613 1778 2670 dice—

194 2672 352 2728 bant.
383 2676 522 2734 llinc
551 2683 714 2737 etiam
740 2687 960 2756 quidam
984 2707 1172 2748 eorum
1205 2696 1527 2756 Salvatorem
1558 2721 1624 2759 ex
1642 2708 1777 2760 duo-

193 2766 366 2821 decim
399 2769 692 2840 JEonibus,
719 2779 801 2833 Itis
833 2784 922 2853 qui
955 2796 1075 2840 sunt
1109 2788 1172 2839 ab
1203 2789 1471 2860 Ant/tropo
1504 2806 1552 2848 et
1591 2797 1775 2852 Eccle-

191 2859 278 2911 sia
325 2861 480 2928 facti,
531 2880 834 2935 generatum
868 2889 988 2931 esse
1019 2880 1270 2934 volebant
1305 2898 1317 2934 :
1368 2893 1416 2936 et
1445 2900 1655 2954 propter
1678 2891 1775 2943 hoc

189 2947 400 3006 Filium
439 2955 668 3013 hominis
693 2979 747 3016 se
774 2966 1035 3033 conﬁteri,
1074 2971 1211 3024 velut
1239 2947 1586 3043 postgenitum
1619 2981 1774 3052 (ἀπύ-

189 3057 369 3108 γονον,
427 3057 714 3123 nepotem)
755 3055 1035 3128 Ant/tropi.
1088 3062 1338 3120 Marcosii
1395 3085 1523 3124 vero
1563 3088 1772 3129 assere-

1896 1957 2222 2024 praeberent,
2261 1973 2322 2011 ac
2378 1962 2728 2016 successione
2769 1964 3001 2032 quadam
3052 1965 3282 2018 aliorum
3342 1962 3472 2020 .Εο-

1896 2064 2019 2101 num
2064 2049 2413 2116 Salvatorem,
2445 2054 2707 2124 Angelum
2753 2055 3110 2120 Testamenti,
3159 2057 3464 2126 gignerent,

1893 2144 1982 2212 qui
2019 2141 2201 2198 Jesum
2247 2145 2505 2203 Ecclesiae
2545 2149 2885 2205 conditorem
2940 2149 3270 2217 illustraret,
3323 2157 3373 2203 et
3413 2150 3465 2204 iu

1889 2233 2032 2288 hunc
2060 2237 2434 2305 descenderet,
2474 2241 2524 2294 iu
2550 2257 2658 2310 quo
2686 2241 2913 2313 proinde
2939 2242 3116 2313 Leges
3148 2241 3462 2297 etAuthro-

1887 2342 1987 2393 pos
2023 2329 2482 2395 exprimerentur.

1956 2416 2042 2471 65.
2080 2419 2149 2472 At
2197 2419 2240 2472 si
2291 2420 2600 2477 Christiana
2663 2422 2860 2494 religio
2909 2431 2964 2478 et
3013 2423 3298 2492 Scriptura
3354 2422 3465 2475 for-

1886 2523 2051 2571 mam,
2106 2509 2382 2565 Platonica
2437 2515 2690 2584 dogmata
2746 2514 3037 2568 materiam
3104 2513 3204 2568 toti
3272 2511 3466 2565 fabulae

1883 2602 2251 2667 prmbucrunt.
2312 2603 2573 2660 Platonici
2626 2614 2825 2675 printer
2865 2621 3023 2658 unam
3079 2603 3462 2677 πρεσϐυτάτην

1881 2691 2079 2755 αἰτίαν,
2108 2695 2457 2764 antiquiorem
2490 2715 2550 2750 ac
2577 2698 2893 2767 superiorem
2928 2713 3164 2763 causam,
3193 2706 3251 2751 ut
3288 2697 3461 2766 loqui-

1882 2794 1968 2838 tur
1997 2784 2332 2843 Jamblichus
2365 2791 2431 2855 ⁷⁸,
2466 2805 2583 2860 qum
2633 2790 2735 2844 diis
2775 2791 3026 2844 omnibus
3064 2791 3454 2860 supereminet,

1878 2881 2158 2951 multiplex
2212 2884 2434 2939 deorum
2489 2899 2660 2954 genus
2698 2885 3141 2954 distinguebant;
3193 2886 3328 2942 alios
3362 2890 3453 2957 qui

1875 2983 2004 3027 sunt
2044 2975 2096 3027 in
2129 2974 2233 3029 hoc
2273 2976 2497 3038 mundo,
2525 2974 2658 3030 alios
2705 2977 2797 3044 qui
2847 2976 2899 3030 in
2931 2977 3250 3048 intelligibili
3278 2979 3345 3031 ⁷⁸.
3385 2979 3455 3033 Ut

1877 3063 1942 3118 de
1975 3066 2370 3134 posterioribus
2416 3068 2682 3121 duntaxat
2714 3068 2803 3122 hic
2855 3083 3034 3140 agam,
3076 3070 3173 3125 bos
3227 3069 3454 3128 Proclus

187 3132 326 3188 bant
373 3140 437 3191 ab
477 3141 748 3214 Anthropo
787 3160 834 3202 et
882 3149 1136 3220 Ecclesia,
1169 3156 1314 3228 Lego
1361 3173 1409 3215 et
1447 3161 1552 3217 Zoe
1591 3164 1772 3221 Virtu-

1881 3159 1932 3212 in
1963 3132 2207 3228 νοητοὺς,
2251 3159 2625 3229 intelligibiles,
2675 3170 2730 3214 et
2774 3132 3012 3231 νοεροὺς,
3053 3161 3450 3228 intellectuales,

188 3235 266 3279 tes
295 3242 571 3287 emanatas
605 3253 882 3305 generasse
908 3259 1050 3310 eum,
1087 3250 1179 3318 qui
1210 3252 1262 3304 in
1290 3264 1430 3307 terra
1461 3259 1775 3327 manifesta-

189 3331 278 3376 ωε
309 3331 404 3389 est,
423 3324 713 3387 Jesum.Et
742 3331 871 3403 Logi
899 3339 1105 3404 quidem
1135 3341 1306 3396 locum
1345 3324 1656 3416 adimplesse
1686 3370 1776 3407 an-

184 3414 360 3484 gelum
394 3416 630 3485 Gabriel,
659 3421 792 3477 Zoes
841 3435 1017 3480 autem
1056 3429 1312 3501 Spiritum
1344 3414 1583 3494 sanctum
1606 3485 1620 3509 ,
1665 3444 1774 3499 An-

186 3503 366 3580 thropi
422 3521 598 3568 autem
637 3515 895 3573 Alti‘ssimi
939 3523 1179 3578 virtutem
1223 3541 1241 3579 :
1281 3530 1533 3589 Ecclesia:
1598 3549 1771 3594 autem

184 3600 360 3654 locum
397 3600 660 3674 Virginem
703 3612 1011 3666 ostendisse.
1067 3614 1130 3669 Et
1164 3619 1258 3682 sic,
1311 3621 1634 3694 inquiebant,
1683 3630 1772 3686 ille

182 3690 275 3759 qui
303 3701 377 3744 est
418 3696 700 3750 secundum
730 3698 1130 3764 dispositionem
1170 3707 1218 3775 (ὁ
1259 3710 1378 3762 κατ’
1409 3690 1762 3787 οἰκονομίαν),

180 3792 471 3849 generatur
512 3789 654 3850 apud
681 3805 798 3842 eum
834 3790 984 3864 (παρ’
1010 3795 1176 3866 αὐτῷ,
1213 3813 1280 3853 ex
1328 3815 1412 3867 eo,
1453 3803 1761 3878 Anthropo,

182 3873 237 3927 ni
271 3874 468 3946 fallor)
515 3879 692 3943 homo,
735 3897 889 3951 quem
935 3884 1099 3940 Pater
1130 3894 1364 3946 omnium
1411 3907 1766 3954 transeuntem

178 3979 275 4028 per
301 3965 508 4020 vulvam
535 3968 685 4039 elegit
731 3991 826 4042 per
860 3974 1083 4031 Verbum
1123 3982 1194 4034 ad
1217 3985 1546 4051 agnitionem
1589 4006 1764 4056 suam,

180 4053 236 4108 id
273 4065 380 4122 est,
418 4068 481 4112 ut
516 4074 614 4128 per
637 4078 759 4118 eum
799 4067 1112 4128 hominibus
1138 4075 1508 4134 innotesceret
1541 4082 1608 4138 ⁷⁸.
1636 4082 1764 4149 Qui-

177 4146 281 4203 bus
319 4150 452 4205 mire
511 4155 908 4214 conﬁrmantur
948 4178 1070 4232 quae
1120 4168 1279 4223 modo
1333 4171 1595 4240 diximus,
1650 4178 1763 4230 An-

175 4237 329 4310 gelos
364 4239 672 4311 inferiores,
719 4262 784 4302 cx
839 4250 1218 4310 haereticorum
1267 4264 1557 4330 sententia,
1603 4281 1762 4335 supe-

176 4329 423 4387 rioribus
442 4331 767 4392 Pleromatis
804 4341 1168 4410 ministrasse,
1198 4358 1254 4401 et
1279 4348 1463 4405 Jesum
1520 4369 1548 4408 a
1578 4357 1758 4414 Verbo

175 4430 441 4492 tanquam
509 4426 708 4482 divinae
761 4433 958 4489 utentis
1022 4436 1317 4507 interprete
1375 4443 1633 4511 electum,
1689 4453 1759 4506 ab

1879 3262 1970 3302 seu
2008 3248 2340 3316 intelligendi
2385 3249 2648 3306 facultate
2680 3251 2934 3318 praeditos
2977 3253 3190 3307 dividit.
3242 3254 3451 3309 Similis

1877 3349 1962 3395 est
1997 3341 2085 3394 illa
2132 3340 2507 3397 Chaldaaorum
2544 3346 2680 3414 apud
2726 3343 3068 3400 Damascium
3099 3348 3319 3402 deorum
3358 3363 3448 3404 se-

1876 3436 2002 3500 ries,
2045 3437 2100 3488 αἱ
2131 3437 2326 3507 πηγαὶ,
2367 3436 2559 3505 fontes,
2590 3440 2638 3492 oi
2681 3437 2877 3508 vospot,
2920 3439 3321 3497 intellectuales.
3373 3441 3452 3499 De

1873 3526 2069 3595 quibus
2097 3528 2241 3592 licet,
2277 3543 2375 3596 pro
2417 3545 2592 3594 more,
2623 3531 2855 3586 obscure
2883 3532 3104 3587 omnino
3138 3542 3195 3588 et
3242 3534 3447 3605 allego-

1873 3619 1986 3674 rice
2033 3619 2393 3688 dissererent,
2437 3622 2552 3676 haec
2601 3630 2804 3688 tamen,
2848 3635 3112 3694 quantum
3162 3641 3443 3696 assequar,

1871 3728 1935 3767 ex
1970 3729 2155 3769 eorum
2194 3714 2534 3771 sermonibus
2565 3717 2684 3771 erui
2724 3733 2885 3787 posse
2910 3719 3183 3775 videntur.
3232 3721 3313 3775 Dii
3345 3721 3442 3786 illi,

1870 3821 2007 3874 quos
2043 3805 2223 3877 πηγὰς
2247 3815 2301 3860 et
2328 3809 2550 3876 νοητοὺς
2583 3819 2801 3875 vneam,
2836 3811 3119 3880 ipsissimze
3144 3821 3272 3866 sunt
3304 3812 3444 3868 divi-

1869 3913 1950 3951 nae
1978 3898 2175 3953 mentis
2199 3897 2350 3963 ideae,
2383 3913 2724 3970 sopremaqm
2771 3916 2950 3956 rerum
2978 3904 3222 3957 omnium
3256 3920 3441 3960 exem-

1865 3989 2038 4060 plaria
2081 3990 2136 4044 in
2187 3990 2380 4046 intimo
2440 3991 2536 4046 Dei
2594 3993 2900 4050 intellectus
2950 3994 3072 4050 sinu
3126 3995 3433 4064 recondita;

1866 4081 2186 4150 multiplicia
2216 4080 2457 4151 quidem,
2492 4084 2538 4137 si
2579 4084 2870 4139 terminum
2902 4096 3137 4156 spectes,
3169 4103 3257 4144 res
3287 4089 3440 4145 vide-

1866 4173 1992 4228 licet
2022 4188 2156 4241 quas
2191 4174 2504 4244 exprimunt
2528 4183 2583 4230 et
2611 4175 2874 4232 exhibent
2900 4194 2916 4244 ;
2961 4193 3128 4232 unum
3154 4181 3281 4248 quid
3310 4196 3440 4236 vero

1862 4277 1917 4320 et
1965 4267 2431 4334 simplicissimum
2486 4269 2616 4335 Ens,
2668 4271 2717 4324 si
2762 4286 2884 4325 cum
2929 4275 3038 4326 Deo
3089 4276 3365 4340 conferas,
3406 4293 3434 4331 a

1862 4372 1968 4425 quo
2017 4374 2115 4411 nec
2170 4374 2228 4411 re
2268 4358 2712 4430 distinguuntur,
2757 4359 2895 4434 [XL]
2943 4379 3043 4419 nec
3091 4378 3432 4435 separantur.

1866 4447 2126 4516 llancque
2163 4449 2567 4506 Platonicorum
2610 4456 2902 4521 genuinam
2934 4471 3056 4511 esse
3101 4459 3431 4526 doctrinam,

172 4511 460 4584 Anthropo
490 4531 624 4572 vero
660 4528 916 4590 tanquam
951 4525 1210 4585 Ecclesiae
1237 4532 1375 4589 duce
1410 4547 1464 4591 et
1495 4539 1755 4608 praefecto
1784 4529 1831 4588 D
1859 4511 2107 4608 superi-us
2157 4543 2674 4608 demonstravimus.
2721 4547 2777 4600 Si
2826 4549 2914 4602 cui
2946 4564 3073 4604 vero
3115 4554 3430 4624 scrupulum

175 4605 227 4660 in
258 4607 434 4664 lucem
463 4611 691 4678 editum,
725 4623 785 4669 ut
812 4631 909 4686 per
946 4619 1284 4680 Salvatorem
1320 4605 1541 4686 oracula
1567 4634 1752 4690 divina

172 4699 488 4759 hominibus
522 4705 796 4775 funderet,
836 4710 1265 4787 interioremque
1295 4720 1594 4780 Ecclesium
1630 4726 1749 4782 fun-

174 4792 331 4847 daret
361 4803 417 4849 et
447 4797 778 4858 institueret.

242 4882 334 4938 62.
384 4885 514 4953 Quae
548 4903 680 4943 vero
707 4892 794 4948 hic
826 4894 894 4951 de
931 4896 1283 4957 inferioribus
1313 4903 1578 4962 monibus
1613 4909 1749 4964 etl‘u-

170 4974 314 5027 tiunt
358 4990 658 5045 nugatores
701 4983 812 5049 isti,
848 4988 1068 5044 totidem
1120 4994 1364 5060 segmina
1418 5010 1567 5062 sunt,
1615 5017 1739 5070 par-

169 5065 264 5120 tim
321 5082 388 5123 ex
434 5069 737 5142 Scripturis
782 5085 838 5132 et
882 5069 1172 5138 tradiiione
1214 5086 1414 5144 misere
1463 5091 1733 5160 dissectis,

164 5159 365 5227 partim
425 5176 487 5216 ex
550 5163 960 5226 Platonicorum
1020 5175 1574 5247 philosophematibus
1633 5159 1737 5242 huc

163 5251 308 5306 male
338 5257 643 5323 translatis,
672 5261 919 5328 collecta,
957 5269 1303 5340 pessimeque
1342 5267 1501 5331 sintut
1541 5294 1736 5334 consu«

161 5356 235 5399 ta.
283 5344 555 5403 Nimirum
609 5351 662 5405 in
703 5354 1002 5427 Scripturis
1041 5361 1308 5432 legerant,
1362 5381 1459 5436 per
1498 5368 1732 5426 Verbum

160 5435 252 5490 Dei
317 5437 458 5492 faeta
495 5456 620 5496 esse
670 5447 873 5512 omnia,
929 5447 1097 5505 Deum
1149 5435 1734 5517 Patremiinvisibilem

155 5540 298 5593 esse,
346 5533 620 5588 neminem
665 5551 901 5606 unquam
945 5542 1112 5598 Deum
1157 5547 1395 5615 vidisse;
1441 5554 1731 5609 audierant

154 5619 452 5689 apluribus
500 5627 744 5699 antiquis
785 5632 1046 5691 Ecclesiae
1089 5636 1361 5708 Patribus,
1408 5643 1574 5699 Deum
1623 5647 1726 5700 Pa~

222 5741 274 5830 ’ξ
314 5739 486 5830 Ποηῶ
508 5744 714 5830 lib._m,
742 5766 792 5830 ei
827 5753 914 5830 l_6,
945 5770 1002 5810 rt.
1032 5758 1086 5824 4,
1117 5768 1163 5813 et
1192 5758 1284 5815 lib.
1331 5777 1371 5825 r,
1397 5778 1445 5817 c.
1476 5763 1563 5830 12,
1605 5781 1658 5818 n.
1690 5765 1744 5819 4.

153 5826 206 5868 u.
233 5813 298 5882 ις
333 5829 384 5870 c.
423 5816 669 5884 15,n.5.
701 5813 710 5817 '
749 5824 792 5855 τε
826 5813 971 5882 Sect.
1005 5813 1204 5900 v,'cap.
1236 5813 1286 5886 9.

1859 4633 2090 4702 injiciat.
2142 4634 2285 4702 quod
2348 4634 2480 4689 idem
2519 4637 2712 4690 divinae
2763 4639 3100 4707 appellentur
3135 4643 3232 4708 dii,
3287 4647 3431 4702 hunc

1856 4726 2061 4778 eximet
2086 4723 2310 4780 Proclus
2339 4726 2583 4781 scribens
2604 4729 2694 4783 lib.
2728 4729 3038 4788 tPlatonic.
3079 4734 3265 4799 tlteol.,
3301 4753 3422 4806 cap.

1853 4814 1946 4878 24,
1978 4815 2159 4870 multis
2194 4817 2246 4870 in
2276 4817 2410 4872 locis
2433 4817 2730 4873 Platonem
2762 4836 2843 4887 ea,
2878 4836 2998 4892 quae
3027 4825 3159 4880 deos
3199 4830 3429 4896 partici-

1853 4918 2000 4975 punt,
2035 4908 2224 4962 iisdem
2258 4910 2574 4965 nominibus
2601 4927 2890 4980 exornare,
2924 4926 2978 4970 et
3011 4915 3144 4973 deos
3176 4935 3372 4975 vocare
3409 4940 3423 4975 :

1848 4998 2118 5064 Πολλαχοῦ
2145 4999 2201 5051 δὲ
2233 5001 2260 5053 ὁ
2287 5000 2510 5056 Πλάτων
2540 5003 2633 5062 καὶ
2662 5005 2729 5063 τὰ
2771 5006 3065 5076 μετέχοντα
3114 5008 3222 5066 τῶν
3265 5010 3422 5076 Θεῶν,

1848 5093 1960 5155 τοῖς
1986 5095 2164 5156 αὐτοῖς
2185 5093 2440 5164 ὀνόμασιν
2455 5096 2622 5158 ἀρτοσέ
2631 5113 2752 5167 μνει
2764 5099 2854 5163 ⁷⁸⁸,
2874 5101 2968 5154 καὶ
2985 5100 3138 5166 θεοὺς
3154 5104 3424 5174 ὲπονομάυ

1847 5182 1948 5246 ζει.
1986 5184 2063 5239 Ex
2093 5201 2198 5254 quo
2233 5187 2534 5254 concludit,
2571 5189 2734 5243 alium
2761 5192 2977 5259 quidem
3007 5209 3127 5250 esse
3157 5196 3420 5266 simplici-

1849 5288 1930 5332 ter
1958 5277 2147 5339 Deum,
2186 5280 2355 5334 alium
2398 5291 2620 5351 propter
2675 5285 2952 5351 unionem,
2989 5288 3154 5342 alium
3199 5302 3420 5359 propter

1845 5373 2307 5438 communionem,
2338 5375 2505 5429 alium
2542 5386 2769 5446 propter
2797 5380 3216 5449 connexionem,
3252 5385 3416 5439 alium

1840 5479 1971 5519 vero
2006 5477 2226 5536 propter
2261 5468 2696 5545 similitudinem.
2726 5471 2972 5543 Ληπτέον
2999 5473 3177 5526 τοίνυν
3200 5475 3263 5532 ἐκ
3294 5477 3417 5528 τού-

1836 5574 1944 5609 των
1979 5557 2252 5623 ἁπάντων,
2283 5561 2365 5612 ὅτι
2393 5560 2545 5624 Θεὸς,
2575 5562 2603 5614 ὁ
2643 5561 2740 5631 μέν
2770 5563 2915 5622 ἐστιν
2973 5563 3156 5628 ἁπλῶς
3205 5565 3354 5630 Θεὸς,
3385 5571 3414 5619 ὁ

1832 5647 1888 5700 δὲ
1924 5649 2042 5701 καθ’
2075 5651 2288 5715 ἕνωσιν,
2322 5655 2350 5704 ὁ
2377 5653 2432 5704 δὲ
2466 5654 2604 5708 κατὰ
2640 5654 2889 5724 μέθεξιν,,
2911 5657 2938 5708 ὁ
2966 5657 3022 5717 δὲ
3067 5659 3206 5711 κατὰ
3252 5676 3413 5713 συνα-

1842 5768 1885 5799 τδ
1913 5767 2261 5844 Videlren,
2294 5769 2383 5821 lib.
2436 5787 2476 5833 ι,
2504 5786 2550 5844 c.
2585 5771 2640 5836 5,
2671 5788 2723 5830 η.
2752 5773 2814 5842 6;
2867 5788 2916 5829 c.
2947 5772 2998 5844 8,
3039 5789 3091 5830 η.
3123 5775 3186 5844 5;
3235 5792 3284 5831 c.
3318 5777 3408 5844 12.

1368 5835 1411 5867 ⁷⁸
1453 5833 1653 5905 Jamb.,
1685 5848 1815 5897 sect.
1843 5854 1879 5908 ι,
1911 5854 1960 5896 c.
1999 5840 2085 5896 19.
2139 5833 2628 5914 τωὰποσημοιίνει.
