4180 6332
746 372 819 438 ΒῚ·
1541 369 2131 427 DISSERTATIONES
2167 370 2472 427 PREVUE
2505 371 2574 428 IN
2609 371 2872 429 ΙΒΕΝᾹΞΙ
2905 370 3170 432 LIBROS.
3906 377 3977 433 88

742 464 868 569 iphv,
896 495 925 546 ὁ
955 491 1011 546 δὲ
1039 491 1156 546 καθ’
1186 490 1461 563 ὁμοίωσιν.
1496 487 1664 545 Porro
1701 491 1835 546 ideae
1865 491 2060 546 divinae
2104 491 2160 544 αἱ
2203 508 2310 564 πη-

2415 491 2632 560 vabant,
2669 502 2723 549 et
2751 491 2968 562 quibus,
2996 501 3055 548 ut
3078 491 3193 546 vult
3225 490 3380 546 Plato
3414 489 3467 545 in
3505 489 3722 562 Timeo,
3754 494 3976 551 mandat

742 586 837 653 ταὶ
873 585 1215 646 dicebautur,
1246 583 1389 652 quod
1417 599 1597 638 rerum
1619 583 1859 638 omnium
1882 583 2059 639 fontes
2079 592 2134 638 et
2154 584 2306 652 prin-

741 675 885 744 cipia
922 675 1052 739 sint,
1085 685 1141 729 et
1171 675 1335 730 veluti
1382 677 1691 747 archetypa,
1740 690 1859 746 quae
1909 675 2048 730 Deus
2097 676 2303 747 agendo

742 774 988 834 imitatur
1025 791 1041 828 :
1077 773 1148 828 dii
1179 783 1358 829 autem
1393 776 1592 844 νοητοὶ,
1626 777 1768 846 quod
1810 784 1993 844 utpote
2034 775 2305 844 spiritales

742 867 912 922 uivini
947 866 1253 923 intellectus
1278 866 1609 931 allectiones.
1635 868 1747 923 sola
1779 867 1974 922 mentis
2002 866 2304 936 intelligen-

741 959 814 1012 tia
849 957 1235 1029 comprehendi
1263 968 1483 1028 queant.
1519 960 1602 1016 Dii
1651 975 1778 1015 vero
1810 960 2019 1033 νοεροὶ,
2056 959 2302 1015 intellec-

743 1048 938 1114 tuales,
974 1057 1101 1105 sunt
1145 1051 1321 1119 angeli
1363 1051 1674 1121 superiores
1723 1067 1788 1107 ac
1837 1051 1952 1107 Deo
2000 1052 2302 1122 propiores,

741 1140 1073 1212 intelligendi
1104 1141 1358 1198 facultate
1381 1143 1665 1213 pollentes,
1689 1159 1782 1199 seu
1815 1153 2028 1199 mentes
2060 1143 2162 1197 illa:
2189 1155 2305 1195 crn-

741 1233 931 1297 lestes,
961 1235 1158 1305 quibus
1200 1236 1382 1290 divina
1436 1237 1526 1290 illa
1563 1237 1919 1306 exemplaria,
1966 1253 2063 1307 pro
2100 1237 2293 1291 intelli-

739 1325 935 1391 gentia:
983 1327 1213 1390 viribus,
1267 1326 1624 1395 contemplari
1677 1341 1732 1381 et
1772 1329 2098 1396 exprimere,
2134 1335 2183 1382 et
2240 1326 2306 1378 ad

738 1432 926 1472 eorum
960 1433 1206 1473 normam
1253 1434 1418 1489 opera
1451 1421 1687 1490 dirigere
1731 1419 1937 1474 datum.
1977 1419 2042 1472 Et
2078 1420 2149 1473 ita
2187 1433 2310 1473 seu-

740 1511 881 1565 sisse
911 1509 1218 1565 Platonicos
1244 1511 1376 1565 satis
1403 1521 1591 1581 aperte
1626 1509 1895 1579 signiﬁcat
1938 1510 2184 1572 Proclus,
2216 1509 2304 1579 qui

739 1601 835 1656 lii).
874 1617 958 1666 ill,
987 1617 1107 1672 cap.
1143 1602 1237 1667 ﬁl,
1271 1612 1390 1671 post
1432 1602 1498 1656 τὰ
1538 1602 1837 1672 πρώτιστα,
1870 1602 1962 1656 vat
2000 1601 2310 1672 ὑψηλότατα

741 1693 872 1764 γένη
903 1693 1008 1749 τῶν
1035 1693 1192 1759 θεῶν,
1229 1695 1399 1762 prima
1440 1705 1488 1748 et
1525 1696 1782 1747 altissima
1818 1711 2005 1763 genera
2052 1695 2305 1760 deorum,

738 1786 945 1858 νοητῶν
979 1787 1245 1852 videlicet,
1303 1787 1609 1842 immediate
1669 1787 1897 1842 collocat
1948 1786 2016 1839 τὰ
2060 1783 2304 1857 δεύτερα,

742 1881 832 1947 καὶ
865 1880 1158 1952 ἀγγελικὴν
1185 1881 1375 1951 ἔχοντα
1407 1881 1578 1944 τάξ.ν,
1602 1884 1819 1934 deorum
1842 1897 2029 1950 genera
2057 1881 2304 1942 secunda,

741 1981 791 2022 et
830 1970 1127 2039 angelicum
1176 1970 1423 2026 habentia
1467 1972 1728 2030 ordinent.
1762 1971 1951 2041 Itaque
1994 1971 2066 2026 dii
2107 1970 2305 2044 vospo‘t,

742 2065 834 2132 qui
869 2065 1136 2120 secundas
1159 2065 1213 2121 in
1249 2066 1440 2121 ordine
1470 2067 1692 2121 deorum
1726 2068 1914 2122 mundi
1952 2066 2308 2136 intelligibilis

746 2157 1023 2223 tenebant,
1057 2149 1191 2213 sunt
1226 2157 1443 2227 ipsimet
1486 2159 1662 2227 angeli
1706 2160 2037 2231 superiores.
2068 2159 2310 2214 Consen-

745 2253 810 2305 tit
843 2262 898 2306 et
934 2250 1292 2319 lamblichus,
1315 2253 1406 2322 qui
1438 2263 1574 2310 sect.
1607 2255 1697 2320 ll,
1728 2270 1852 2325 cap.
1888 2255 1942 2320 ‘2,
1976 2255 2009 2308 5
2042 2266 2096 2309 et
2128 2269 2306 2323 seqq,

744 2340 921 2414 primo
971 2342 1094 2398 loco
1127 2343 1258 2398 deos
1305 2346 1530 2414 νοητοὺς
1577 2347 1881 2402 constituit.
1921 2345 2015 2402 His
2067 2348 2309 2415 proxime

743 2436 1010 2500 accedunt
1056 2437 1394 2507 archangeli,
1430 2452 1566 2507 quos
1611 2449 1911 2508 sequuntur
1941 2441 2140 2510 angeli.
2205 2441 2306 2493 Ar-

742 2529 1038 2601 changelos
1064 2538 1243 2586 autem
1294 2533 1594 2586 secundum
1628 2534 1853 2588 deorum
1902 2534 2127 2604 gradum
2171 2533 2312 2586 obti-

743 2636 896 2688 nere,
927 2638 1031 2676 non
1062 2624 1293 2678 obscure
1341 2625 1518 2679 innuit
1553 2639 1674 2693 cap.
1711 2626 1778 2690 7,
1822 2626 1911 2680 ubi
1963 2625 2028 2679 de
2062 2626 2307 2688 deorum,

743 2715 1196 2783 archangelorum
1229 2726 1281 2770 et
1328 2718 1661 2786 angelorum,
1722 2717 1847 2771 dum
1899 2732 2022 2772 sese
2054 2717 2311 2772 videndos

739 2803 996 2871 oliorum,
1046 2807 1330 2874 speciebus
1377 2809 1618 2863 disserit.
1663 2807 1772 2872 Dii,
1825 2809 2023 2878 inquit,
2067 2811 2206 2862 circa
2259 2827 2311 2863 se

741 2895 887 2962 deos,
921 2899 1002 2949 vel
1036 2897 1248 2966 angelos
1291 2907 1521 2953 astantes
1559 2900 1747 2953 habent
1771 2939 1786 2964 ,
1830 2900 2130 2968 archangeli
2175 2901 2311 2953 asci.

741 2999 891 3051 scunt
921 2988 1018 3044 sibi
1048 2991 1180 3044 alios
1199 2990 1429 3060 angelos,
1450 3000 1553 3046 etc.
1576 2991 1725 3045 [laud
1753 2991 1973 3046 dubium
2007 2992 2150 3047 enim
2180 2992 2310 3060 quin

746 3079 820 3132 tlii
858 3078 960 3146 illi,
992 3094 1127 3147 quos
1165 3081 1235 3134 dii
1267 3090 1511 3136 astantes
1556 3082 1778 3147 habent,
1816 3083 2124 3152 archangeli
2179 3085 2310 3148 sint,

743 3185 880 3239 quos
936 3170 1246 3227 immediate
1301 3185 1423 3241 post
1466 3173 1597 3228 deus
1643 3176 1869 3244 νοητοὺς
1927 3177 2140 3249 statuit.
2203 3177 2379 3257 Setlc

745 3283 855 3321 rem
889 3277 1060 3321 totum
1099 3268 1341 3322 omnium
1374 3268 1675 3324 clarissime
1705 3271 2043 3324 demonstrat
2093 3272 2311 3326 Fieinns

740 3359 846 3424 jam
897 3373 924 3412 a
954 3359 1112 3414 nobis
1145 3361 1366 3423 citatus,
1404 3363 1456 3414 in
1490 3362 1780 3416 Comment.
1811 3365 1865 3416 in
1899 3363 2131 3427 Comum,
2166 3380 2215 3421 τε.
2255 3364 2308 3430 5,

744 3450 835 3507 ubi
873 3451 1162 3521 triplicem,
1203 3469 1268 3508 ex
1293 3453 1535 3509 Platonis
1573 3457 1876 3520 sententia,
1914 3457 2169 3510 mundum
2205 3459 2312 3511 (lis-

745 3543 1042 3611 tinguens:
1082 3544 1326 3599 Primum
1369 3548 1621 3611 omnium,
1656 3549 1851 3617 inqttit,
1895 3559 1970 3603 est
2007 3549 2146 3603 Deus
2195 3551 2312 3604 uni-

741 3650 1009 3698 versorum
1049 3651 1266 3705 auctor;
1300 3641 1439 3709 quod
1480 3641 1651 3708 ipsum
1699 3647 1887 3697 bonum
1918 3645 2163 3696 dicimus.
2206 3642 2311 3696 llic

741 3741 962 3785 mentem
989 3732 1136 3799 prius
1190 3744 1331 3787 creat
1389 3735 1714 3802 angelicam;
1757 3735 1944 3788 deinde
1980 3737 2167 3788 mundi
2209 3736 2280 3788 Iiu

735 3823 824 3891 jus
856 3825 1107 3887 animum,
1140 3834 1196 3877 ut
1229 3823 1386 3879 Plato
1414 3826 1556 3891 vult;
1594 3839 1850 3892 postremo
1882 3831 2062 3882 mundi
2100 3846 2306 3897 corpus.

737 3898 896 3970 'Mens
927 3915 1160 3983 angelica
1188 3918 1387 3982 primus
1423 3919 1648 3975 mundus
1672 3926 1748 3971 est
1775 3936 1805 3970 α
1844 3919 1945 3972 Deo
1978 3920 2174 3990 factus,
2201 3930 2308 3973 etc.

740 4006 891 4075 Adeo
934 4022 1138 4062 certum
1175 4018 1275 4074 est,
1309 4009 1708 4064 Platonicorum
1760 4012 2018 4066 mundum
2059 4012 2311 4083 intelligi-

743 4097 902 4154 bilem
935 4100 1077 4154 aliud
1137 4101 1266 4155 nihil
1314 4102 1614 4166 continere,
1661 4112 1862 4171 praeter
1913 4103 2146 4171 primum
2188 4119 2316 4156 caus-

742 4210 882 4264 sam,
923 4194 1217 4263 formarum
1265 4197 1508 4249 omnium
1551 4206 1604 4251 et
1638 4197 1940 4264 specierum
1979 4195 2234 4261 feracem,
2261 4206 2314 4250 et

744 4285 987 4356 angelos.
1024 4285 1172 4342 lianc
1206 4301 1334 4341 vero
1376 4286 1710 4356 ipsissimam
1759 4303 1881 4342 esse
1907 4287 2311 4342 Valentiniano-

748 4394 862 4452 ,uan
896 4379 1349 4434 ethosticorum
1377 4381 1618 4434 omnium
1652 4382 1998 4452 hypothesim
2030 4382 2314 4438 manifeste

743 4483 910 4540 pulei.
949 4473 1086 4538 Quid
1123 4476 1267 4532 enim
1305 4477 1449 4532 aliud
1487 4477 1665 4545 prima
1703 4479 1790 4532 illa
1837 4479 2186 4551 πρεσϐυτάτη
2228 4481 2311 4532 at-

2409 583 2572 647 Deus,
2619 596 2673 638 ut
2704 585 2772 639 ad
2810 584 3171 639 imitationem
3207 584 3290 640 sui
3323 599 3507 640 rerum
3540 584 3854 641 inferiorum
3893 589 3979 642 fa-

2405 674 2759 730 bricationem
2794 675 3222 746 aggrediantur;
3279 691 3442 746 quam
3475 676 3856 734 haereticorum
3881 695 3975 735 se-

2406 768 2568 821 cundi
2594 767 2818 832 (Eones,
2855 785 2993 839 quos
3040 785 3214 823 omnes
3251 770 3306 823 in
3335 769 3650 824 intellectum
3689 781 3739 826 et
3766 771 3978 827 deside-

2407 855 2545 907 rium
2593 858 2952 926 exquisitionis
3013 859 3097 911 sui
3147 856 3328 911 Patris
3382 857 3644 913 adducere
3698 859 3804 913 vult
3840 857 3976 927 Nus,

2406 945 2608 1016 quique
2637 951 2702 1002 ad
2744 949 2940 1004 divina:
2981 949 3177 1004 Mentis
3221 949 3371 1004 ideas
3405 949 3621 1014 attenti,
3658 950 3882 1005 volentes
3925 960 3980 1005 et

2406 1038 2508 1106 ipsi
2543 1041 2607 1093 de
2638 1057 2732 1095 suo
2766 1041 3062 1112 clariﬁcare
3095 1043 3329 1107 Patrem,
3378 1045 3619 1099 emittunt
3652 1047 3978 1114 emissiones,

2409 1129 2542 1186 alios
2569 1132 2822 1189 videlicet
2865 1132 3091 1198 .lEones,
3119 1150 3254 1204 quos
3297 1136 3350 1191 in
3382 1138 3590 1208 agendo
3630 1139 3981 1197 successione

2408 1226 2640 1294 quadam
2679 1241 2744 1281 ac
2787 1227 2930 1282 serie
2987 1229 3248 1301 dirigunt,
3301 1240 3355 1286 et
3385 1245 3615 1301 quorum
3669 1233 3980 1290 ministerio

2410 1331 2659 1387 suprema
2693 1334 2874 1374 rerum
2906 1321 3238 1391 exemplaria
3271 1323 3323 1378 in
3355 1325 3653 1381 condendis
3688 1326 3853 1382 rebus
3882 1340 3982 1380 ex-

2410 1410 2568 1478 primi
2612 1413 2846 1466 curant?
2893 1413 3062 1470 Tanta
3112 1417 3253 1470 inter
3300 1427 3586 1489 utramque
3629 1419 3978 1491 hypothesim

2410 1499 2643 1556 aliinitas
2675 1511 2777 1569 est,
2831 1514 2888 1557 ut
2916 1520 3037 1559 cum
3070 1507 3241 1575 major
3274 1523 3395 1565 esse
3429 1523 3533 1564 non
3563 1511 3755 1580 possit,
3785 1510 3977 1567 eadem

2410 1607 2634 1661 prorsus
2663 1609 2783 1650 esse
2822 1598 3093 1654 videatur.
3144 1599 3258 1656 Hoc
3306 1611 3516 1657 tantum
3552 1603 3803 1670 interest,
3833 1602 3980 1673 quod

2412 1684 2579 1739 altera
2616 1694 2726 1740 tota
2758 1689 2824 1742 ad
2852 1694 3134 1755 protanam
3157 1693 3435 1762 gentilium
3475 1693 3800 1764 theologiam
3827 1709 3982 1750 com-

2411 1790 2596 1849 parata
2631 1785 2734 1849 sit;
2783 1786 2956 1841 altera
2986 1801 3118 1842 vero
3146 1789 3550 1860 Scripturarum
3575 1807 3677 1862 ope
3708 1791 3982 1850 tantillum

2412 1874 2477 1927 ad
2501 1874 2866 1932 Christianam
2918 1880 3242 1951 theologiam
3291 1883 3495 1938 deﬂexa
3528 1887 3621 1951 sit,
3667 1886 3765 1942 sed
3819 1888 3981 1956 nugis

2408 1962 2532 2020 istis
2567 1966 2638 2020 ita
2696 1967 3046 2038 deloedatam,
3087 1983 3145 2027 ut
3186 1988 3306 2043 qua:
3355 1977 3441 2030 cui
3497 1977 3829 2046 praeferenda
3883 1980 3979 2045 sit,

2411 2057 2670 2126 ambigas.
2706 2059 2929 2124 Vereor,
2959 2078 3025 2117 ne
3052 2064 3094 2119 si
3119 2063 3283 2120 latius
3334 2075 3387 2121 et
3440 2081 3536 2137 per
3581 2078 3785 2136 partes,
3833 2073 3982 2140 quod

2410 2147 2567 2203 facile
2591 2149 2706 2206 ﬁeri
2741 2163 2941 2221 posset,
2975 2157 3373 2225 expenderetur
3399 2161 3684 2230 utriusque
3714 2171 3982 2232 systema.

2412 2239 2482 2295 tis
2509 2240 2764 2311 afﬁnitas,
2790 2245 2998 2317 longius
3024 2259 3340 2305 excurreret
3369 2255 3547 2308 oratio
3579 2271 3591 2307 :
3631 2253 3846 2308 erudito
3895 2254 3982 2307 le-

2410 2334 2546 2387 ctori
2576 2335 2715 2389 viam
2761 2337 3040 2406 aperuisse
3085 2339 3336 2396 suiliciat.
3380 2343 3590 2398 Interea
3617 2359 3682 2398 ex
3714 2345 3982 2400 hactenus

2410 2424 2589 2490 dictis,
2627 2427 2677 2480 ni
2711 2426 2894 2493 fallor,
2939 2431 3247 2501 concludet,
3290 2450 3394 2489 non
3438 2437 3596 2490 modo
3646 2437 3982 2507 posteriores

2410 2522 2916 2578 Valentinianorttm
2957 2526 3182 2595 JEones,
3217 2529 3523 2599 ipsissimos
3571 2530 3980 2588 Platonicorum

2413 2614 2772 2682 arehangelos
2824 2614 3025 2685 fuisse;
3084 2620 3178 2674 sed
3230 2629 3286 2673 et
3333 2621 3602 2676 invisibile
3643 2632 3693 2677 et
3730 2625 3985 2694 spiritale

2413 2704 2542 2762 illud
2603 2707 2847 2762 Pleroma
2903 2724 2933 2762 a
2984 2711 3186 2766 mumlo
3229 2712 3559 2782 intelligibili
3600 2714 3862 2779 Platonis,
3918 2729 3984 2773 ut

2411 2801 2717 2870 exemplum
2749 2800 2818 2855 ab
2845 2802 3164 2873 archetypo,
3197 2820 3468 2859 manasse.
3495 2802 3612 2859 Jam
3649 2805 3716 2859 ad
3744 2806 3985 2864 alteram

2421 2895 2777 2951 Valentiniani
2808 2901 3114 2967 systematis
3146 2909 3376 2969 partem,
3413 2900 3666 2954 nimirum
3709 2901 3989 2957 Achamo.

2416 2989 2520 3042 thas
2549 2988 2802 3054 fabulam,
2837 3004 2928 3043 seu
2963 3006 3024 3046 ea
3068 3005 3187 3059 quze
3230 3001 3384 3045 extra
3430 2991 3675 3048 Pleroma
3731 2993 3988 3064 contige-

2413 3090 2559 3146 runt,
2593 3094 2900 3135 sermonem
2936 3093 3340 3147 convertamus,
3387 3094 3598 3156 tempus
3628 3097 3730 3141 est.

2482 3174 2570 3228 6i.
2628 3174 2791 3228 Extra
2839 3174 3081 3230 Pleroma
3138 3176 3352 3245 Sophiae
3404 3178 3801 3248 Enthymesiu,
3861 3193 3989 3233 cum

2415 3266 2696 3334 appendice
2739 3267 2983 3332 passione
3017 3269 3299 3336 relegatam
3351 3268 3606 3322 dicebant
3646 3267 3988 3325 Valentinia-

2415 3360 2488 3424 ni,
2527 3360 2578 3414 in
2613 3359 2803 3414 umbra
2845 3368 2900 3414 et
2931 3376 3117 3420 vacuo.
3154 3362 3359 3427 fut-mre,
3400 3360 3608 3431 ﬁgura,
3645 3377 3707 3416 ac
3757 3361 3990 3418 luminis

2414 3463 2689 3522 expertem
2740 3453 2934 3508 misere
2975 3455 3273 3524 jacentem,
3324 3453 3409 3508 ubi
3449 3471 3544 3524 per
3595 3455 3987 3509 necessitatem

2413 3543 2824 3600 eliervescebat.
2855 3543 3050 3598 Postea
3083 3559 3211 3598 vero
3251 3560 3410 3613 quam
3435 3543 3550 3611 ejus
3595 3544 3798 3598 auxilio
3833 3544 3991 3599 venit

2414 3637 2664 3706 superior
2691 3635 2962 3700 Christus,
2988 3650 3050 3689 ac
3076 3635 3244 3690 odore
3272 3635 3506 3704 quodam
3557 3635 3992 3692 immortalitatis

2414 3731 2668 3799 perfudit,
2705 3729 2874 3783 forma
2924 3730 2971 3782 ei
3019 3727 3191 3780 indita
3242 3728 3541 3782 secundum
3593 3729 3990 3794 substantiam,

2417 3823 2610 3877 melior
2637 3822 2853 3890 quidem
2880 3819 2994 3886 ejus
3025 3819 3268 3874 conditio
3299 3819 3421 3884 fuit,
3459 3820 3531 3874 ita
3585 3831 3642 3874 ut
3678 3823 3863 3875 rudem
3903 3823 3992 3876 in-

2416 3917 2791 3985 digestamque
2824 3929 2998 3966 rerum
3036 3914 3275 3967 omnium
3307 3923 3614 3968 creatartttn
3651 3915 3848 3968 molem
3875 3914 3992 3981 iam

2414 4005 2783 4076 profundere,
2825 4013 2877 4059 et
2931 4003 3326 4073 aliquantulum
3373 4019 3660 4058 secernere
3711 4008 3986 4077 coeperit;

2416 4100 2653 4153 nondum
2688 4107 2863 4152 tamen
2893 4098 2959 4150 ab
2991 4096 3134 4151 omni
3184 4096 3494 4150 calamitate
3527 4096 3778 4163 liberata,
3811 4099 3993 4156 donec

2419 4193 2614 4247 missus
2643 4190 2706 4245 ad
2737 4205 2853 4244 eam
2875 4189 3116 4245 Salvator
3145 4188 3388 4246 scientiae
3421 4188 3652 4243 formam
3683 4191 3731 4244 ei
3768 4191 3991 4247 indide-

2416 4289 2506 4351 rit,
2539 4294 2590 4340 et
2633 4301 2660 4338 a
2695 4283 3164 4354 perturbationum
3212 4292 3346 4337 aestu
3400 4282 3640 4337 solverit.
3695 4282 3991 4340 Latentem

2416 4378 2514 4433 sub
2545 4376 2630 4431 his
2662 4373 2964 4442 aenigmatis
3004 4371 3340 4425 Platonicam
3392 4373 3577 4426 mundi
3613 4374 3852 4426 animam
3885 4378 3994 4430 de-

2417 4469 2761 4542 prehendere
2796 4466 2933 4519 haud
2969 4463 3218 4518 arduum.
3253 4462 3424 4528 Plato,
3469 4479 3566 4532 pro
3597 4478 3660 4516 eo
3693 4464 3777 4517 cui
3806 4464 3871 4518 de
3897 4464 3992 4520 in-

739 4565 849 4627 ςὶα,
886 4568 1132 4630 superior
1175 4577 1230 4621 et
1275 4569 1552 4638 antiquior
1590 4585 1774 4636 causa,
1827 4586 1946 4639 qua:
1993 4571 2097 4625 diis
2133 4571 2307 4625 omni-
2341 4559 2381 4613 Ι)
2413 4561 2624 4617 dustria
2659 4560 2928 4619 studebat,
2963 4555 3255 4623 allegorico
3306 4569 3370 4607 ac
3401 4553 3704 4623 symbolico
3738 4553 3990 4622 philoso-

740 4660 842 4728 lius
872 4660 1264 4728 supereminet,
1296 4677 1455 4731 qttam
1490 4660 1995 4716 Valentinianorum
2022 4661 2308 4726 Prom-alie,

742 4751 1005 4820 l’i'opator
1032 4763 1085 4806 et
1120 4752 1340 4822 Bytltus,
1372 4755 1427 4813 in
1456 4755 1807 4808 inuisibilibus
1855 4767 1903 4809 et
1937 4756 2311 4809 inenarrabili-

743 4849 838 4901 bus
870 4847 1236 4902 altitudinibus
1283 4853 1672 4916 pra'exsistens,
1705 4852 2004 4915 invisibilis,
2050 4851 2312 4916 sentpiter-

741 4957 862 5006 nus,
904 4940 1183 5010 ingenitus,
1210 4943 1264 4995 in
1303 4942 1529 5008 silentio,
1568 4951 1618 4997 et
1650 4946 1701 4997 in
1725 4946 1900 5013 quiete
1926 4945 2090 4998 multa
2121 4945 2309 5012 degens

737 5035 793 5086 in
821 5033 1088 5087 immensis
1123 5031 1436 5087 sa'cnlorum
1490 5034 1798 5098 intervallis,
1848 5044 2135 5103 antequam
2185 5033 2312 5087 {Eo—

741 5141 837 5179 nes
877 5126 1185 5179 emitteret?
1217 5126 1355 5192 Quid
1386 5125 1528 5179 aliud
1565 5127 1634 5180 dii
1668 5127 1847 5198 νοητοί
1870 5169 1882 5192 ,
1931 5127 2307 5196 intelligibiles,

748 5225 984 5282 paterna:
1033 5216 1231 5270 mentis
1291 5217 1442 5282 idem,
1493 5216 1680 5271 f0rmze
1735 5228 1788 5272 ct
1850 5219 2201 5281 exemplaria,
2245 5219 2311 5272 ad

741 5329 970 5379 quorum
1015 5313 1317 5380 exemplum
1355 5324 1547 5368 cuncta
1599 5313 1827 5378 elliuxil,
1871 5330 2032 5382 quam
2079 5314 2307 5376 litinuia,

739 5404 847 5457 Nus
879 5414 934 5458 et
971 5404 1201 5467 Veritas,
1234 5405 1388 5458 rudia;
1436 5408 1700 5470 muttiant;
1746 5405 1881 5467 Nus,
1921 5407 2161 5474 inquam,
2201 5404 2312 5458 Pa-

740 5509 817 5548 ter
851 5509 894 5548 et
927 5498 1137 5552 initium
1167 5502 1419 5562 omnium,
1453 5501 1504 5552 in
1535 5516 1640 5568 quo
1672 5516 1959 5568 supremus
1990 5498 2152 5566 Pater
2179 5515 2314 5567 prte-

741 5589 882 5642 ruisit
935 5591 1112 5642 omnia
1149 5591 1510 5644 seminaliter?
1545 5590 1681 5656 Quid
1712 5593 1851 5644 aliud
1887 5591 1955 5644 dii
2003 5590 2313 5643 Platonico-

744 5697 858 5735 rum
891 5682 1088 5751 vospol,
1123 5682 1538 5746 intellectuales,
1571 5684 1876 5740 divinarum
1912 5686 2156 5738 idearum
2191 5700 2316 5736 con-

743 5773 1092 5842 letnplalores
1120 5812 1134 5838 ,
1169 5785 1222 5827 et
1263 5775 1563 5830 imitatores
1589 5818 1601 5839 ,
1643 5777 1952 5846 archangeli
1998 5792 2094 5832 seu
2135 5776 2307 5847 angeli

739 5869 1071 5933 anteriores,
1114 5883 1250 5939 quos
1283 5870 1552 5938 gradatim
1590 5871 1818 5927 alterum
1853 5886 1916 5926 ex
1967 5872 2138 5926 altera
2171 5873 2309 5925 deri—

2415 4655 2615 4724 plmlttli
2649 4665 2817 4714 more,
2869 4659 3038 4704 totum
3090 4649 3190 4702 hoc
3222 4647 3531 4700 universum
3575 4661 3696 4701 esse
3744 4647 3995 4715 ﬁngebat

2415 4748 2549 4812 ζῶον
2584 4745 2822 4817 ἔμψυχον
2861 4745 2953 4796 καὶ
2983 4742 3183 4804 ἔννουν,
3216 4740 3416 4795 animal
3464 4742 3733 4810 quoddam
3770 4742 3993 4808 vivens,

2415 4857 2479 4895 ac
2527 4840 2847 4908 intelligens,
2901 4855 2965 4891 ex
3024 4851 3252 4905 corpore
3303 4846 3358 4889 et
3406 4838 3587 4889 anima
3641 4845 3994 4890 concretum.

2414 4935 2668 5003 Corporis
2697 4932 2932 4987 universi
2966 4930 3185 4984 nomine
3229 4928 3482 4998 intelligit
3530 4928 3590 4981 τὸ
3636 4929 3830 4999 ὁρατὸν
3890 4933 3998 4984 καλ

2414 5027 2605 5091 ἁπτὸν,
2646 5025 2927 5079 materiam
2955 5038 3076 5092 qure
3116 5021 3290 5076 videri
3333 5031 3387 5076 et
3423 5022 3566 5091 tangi
3601 5032 3799 5091 potest.
3829 5021 3996 5088 Quod

2415 5136 2542 5174 vero
2585 5130 2694 5173 tum
2749 5117 2883 5186 ipse,
2924 5128 3031 5170 tum
3086 5114 3333 5184 discipuli
3374 5114 3488 5180 ejus
3545 5124 3651 5168 tam
3694 5116 4003 5183 magnilico

2415 5213 2702 5264 verborum
2752 5218 3008 5276 apparatu
3043 5207 3110 5260 de
3157 5207 3334 5258 anima
3390 5206 3570 5259 mundi
3620 5203 3996 5265 disserebant.

2416 5306 2481 5357 ad
2517 5304 2644 5356 illud
2679 5303 3032 5362 referebatur,
3066 5310 3120 5354 et
3155 5316 3220 5354 ex
3251 5316 3314 5354 eo
3344 5298 3657 5368 decerptum
3684 5304 3804 5350 erat
3833 5299 3998 5362 quod

2415 5399 2550 5452 Gen.
2589 5413 2638 5458 ι,
2662 5395 2718 5460 9.,
2748 5398 3009 5464 scriptum
3049 5395 3248 5464 legitur
3277 5409 3291 5446 :
3320 5391 3547 5458 Spiritus
3590 5389 3681 5442 Dei
3715 5387 3999 5455 ferebatur

2416 5508 2568 5556 super
2628 5506 2826 5560 aerias;
2884 5489 2935 5542 id
2976 5497 3076 5552 est,
3131 5500 3293 5554 super
3339 5485 3624 5538 informem
3661 5497 3724 5533 ac
3778 5479 4003 5548 indige-

2417 5599 2552 5641 Stam
2595 5587 2759 5639 totius
2787 5583 3025 5642 universi
3062 5580 3361 5644 materiam,
3395 5588 3453 5630 ut
3480 5579 3528 5629 ei
3571 5575 3824 5637 formam,
3875 5589 4004 5626 mo-

2418 5691 2550 5744 tum,
2609 5680 2774 5732 vitam
2829 5693 2891 5731 ac
2949 5675 3334 5729 fecunditatem
3406 5671 3716 5738 inspiraret.
3780 5666 4000 5734 Nempe

2419 5773 2568 5827 Plato
2620 5786 2714 5839 per
2748 5769 2988 5837 spiritum
3041 5766 3287 5828 universi,
3334 5759 3674 5815 unirersm’ent
3717 5758 3996 5821 spiritum,

2419 5869 2648 5922 animum
2682 5865 2881 5928 innmli,
2918 5861 3258 5932 sapientiam,
3298 5860 3552 5912 \irtuteut
3604 5867 3698 5908 seu
3741 5848 4000 5906 ellieieu»
