4180 6332
237 371 312 428 89
1157 375 1614 436 DlSSERTATlO
1647 379 1689 446 1,
1722 379 1881 436 ΛΒΤ.
1918 380 1959 450 1,
2003 382 2089 437 DE
2126 378 2538 441 VALENTINO.
3415 391 3485 447 90

237 488 368 543 tiam
396 469 918 560 Beiintelligit,qu.e
939 501 1132 548 cuncta
1163 504 1361 560 movet,
1379 497 1819 568 dirigit,ordinat
1846 503 1893 559 Α
1923 502 2072 571 perni
2109 503 2434 571 exemplaris
2469 500 2758 573 imaginem
2790 511 2952 573 atque
2985 519 3230 560 normam
3264 508 3479 575 prodie-

232 589 291 636 οι
321 579 574 650 disponit.
608 579 768 654 [XLI]
802 582 893 640 Sic
923 585 1063 639 enim
1100 587 1213 656 ipse
1245 589 1501 644 describit
1533 591 1624 646 lib.
1667 609 1700 647 χ
1741 592 1818 646 De

233 669 360 744 ιφ..
409 687 534 744 pag.
564 673 708 730 896:
743 675 936 748 Ψυχὴν
985 679 1148 732 ταύτὸ
1200 679 1280 747 ὃν,
1329 683 1422 736 καὶ
1464 684 1561 755 τὴν
1595 683 1816 756 πρώτην

234 765 456 837 γένεσιν
486 767 582 820 καὶ
607 765 819 838 κίνησιν
845 768 952 824 τῶν
996 789 1054 824 τε
1103 771 1292 838 ὄντων,
1339 775 1431 828 καὶ
1477 779 1774 846 γεγονότων
1797 818 1812 844 ,

234 860 328 914 καὶ
372 860 666 931 ἐσομένων,
703 861 796 915 καὶ
821 862 1036 916 πάντων
1061 859 1125 917 αὖ
1152 865 1260 919 τῶν
1293 867 1548 922 ἐναντίων
1580 871 1808 936 τούτοεςο

233 952 421 1023 ἐπειδή
464 967 528 1020 γε
563 953 808 1024 ἀνεφάνη
845 955 1145 1028 μεταϐολῆς
1170 975 1231 1011 τε
1257 961 1349 1014 καὶ
1373 962 1638 1034 κινήσεως
1670 966 1812 1019 ἁπά-

234 1056 336 1110 σης
367 1042 518 1095 αἰτία
553 1042 745 1098 ἅπασι.
793 1044 943 1100 Idem
994 1065 1104 1103 esse
1134 1061 1182 1104 et
1237 1053 1468 1107 animam
1507 1067 1554 1108 et
1589 1058 1812 1124 primam

231 1133 514 1203 originem,
548 1143 848 1205 motumque
877 1156 1057 1193 eorum
1097 1159 1215 1209 qua:
1246 1155 1390 1208 sunt,
1424 1162 1541 1215 qua:
1577 1147 1809 1216 fuerunt,

227 1232 282 1278 et
310 1234 483 1290 erunt,
518 1226 852 1294 omniumque
875 1245 1058 1284 rursus
1081 1233 1160 1285 his
1183 1237 1571 1290 contrariorum
1602 1255 1620 1291 :
1643 1256 1810 1308 quan-

227 1314 512 1384 doquidem
563 1327 612 1371 et
662 1321 962 1374 mutationis
1009 1334 1055 1376 et
1094 1325 1321 1379 universi
1350 1336 1523 1382 motus
1573 1331 1808 1386 omnibus

226 1426 392 1464 causa
428 1421 525 1466 est.
589 1413 652 1467 Et
691 1414 854 1482 paulo
895 1428 1019 1486 post
1068 1429 1227 1473 vocat
1285 1421 1461 1493 ψυχὴν
1505 1423 1807 1478 διοικοῦσαν

225 1504 326 1558 καὶ
376 1504 690 1559 ἐνοικοῦσαν
741 1509 799 1560 ὲν
849 1508 1019 1563 ἅπασι
1078 1514 1188 1574 τοῖς
1248 1514 1420 1586 πάντη
1481 1518 1806 1588 κινομένοις,

225 1597 464 1650 animam
517 1607 806 1669 regentem.
853 1610 902 1654 et
947 1603 1005 1654 in
1055 1604 1320 1670 omnibus,
1353 1622 1470 1676 qua:
1513 1619 1804 1677 moventur,

223 1685 633 1742 inhabitantem.
695 1687 848 1744 Unde
891 1691 1188 1758 concludit,
1233 1694 1470 1749 animam
1520 1706 1647 1751 ante
1681 1713 1804 1752 cor-

221 1791 326 1846 pus
399 1779 717 1846 exstitisse,
776 1795 973 1851 corpus
1033 1799 1163 1840 vero
1224 1789 1520 1843 secundum
1565 1800 1620 1846 et
1679 1801 1797 1862 post

227 1867 474 1923 animam
547 1880 732 1924 natum
783 1888 936 1940 esse,
988 1877 1422 1947 quandoquidem
1484 1881 1586 1937 hoc
1623 1883 1692 1937 ab
1731 1897 1795 1939 ea

222 1971 446 2032 regatur
472 1973 528 2019 et
563 1976 850 2021 moveatur
894 1986 907 2021 :
941 1971 1083 2038 quod
1120 1973 1264 2026 enim
1299 1973 1454 2029 alteri
1480 1989 1642 2031 causa
1677 1991 1796 2033 mo~

222 2057 391 2112 tionis
439 2067 543 2123 est,
578 2060 682 2115 hoc
709 2061 860 2128 prius
907 2062 977 2116 sit
1020 2079 1244 2120 necesse
1276 2078 1380 2121 est.

293 2148 384 2203 65.
421 2149 594 2204 Porro
619 2151 764 2205 illam
801 2154 983 2207 mundi
1012 2155 1249 2210 animam
1295 2173 1400 2212 non
1441 2161 1626 2213 statim
1669 2174 1794 2229 per-

219 2239 448 2309 fectam,
479 2244 845 2315 omnibusque
873 2249 1115 2302 numeris
1148 2251 1443 2304 absolutam
1475 2251 1641 2306 fuisse
1668 2267 1796 2307 cen-

221 2335 420 2390 sebant
477 2337 762 2393 Platonici.
814 2338 970 2404 Nam,
1027 2349 1085 2392 ut
1124 2344 1201 2396 ait
1248 2342 1402 2396 Plato
1461 2345 1514 2398 in
1574 2343 1791 2411 Timtro,

221 2443 347 2482 cum
381 2428 544 2483 vellet
569 2432 754 2485 mundi
783 2432 1118 2488 architectus
1137 2437 1395 2489 mundum
1427 2438 1794 2494 intellectuale

215 2519 423 2573 animal
494 2520 697 2588 facere,
746 2540 920 2593 neque
985 2536 1169 2592 posset
1226 2529 1534 2587 intellectus
1589 2536 1794 2602 absque

217 2609 406 2664 medio
454 2612 642 2667 adesse
686 2615 925 2683 corpori,
977 2618 1258 2686 conjunxit
1297 2619 1626 2677 intellectum
1673 2626 1795 2695 qni-

214 2702 340 2755 dem
376 2702 590 2767 animae,
624 2705 862 2760 animam
909 2722 1037 2764 vero
1070 2713 1308 2780 corpori,
1342 2727 1505 2784 atque
1550 2716 1684 2771 adeo
1735 2727 1794 2772 ut

215 2795 397 2849 medio
423 2795 684 2850 infuderit
710 2798 990 2865 mundo,et
1011 2800 1138 2856 inde
1157 2819 1250 2870 per
1273 2816 1466 2860 cuncta
1493 2807 1788 2864 diffuderit.

214 2885 381 2942 Prius
409 2903 537 2958 ergo
568 2890 816 2945 condidit
846 2893 1078 2948 animam
1110 2894 1272 2959 Deus,
1305 2900 1540 2952 nondum
1569 2902 1791 2969 proinde

213 2981 517 3050 perfectam
550 2983 722 3038 donec
764 2984 1042 3040 intellectu
1075 2987 1292 3043 ditaret.
1331 2988 1434 3042 Sed
1467 3007 1578 3045 rem
1619 3002 1787 3046 totam

213 3073 414 3129 melius
441 3084 497 3128 et
540 3075 606 3128 ad
636 3077 970 3144 propositum
1017 3089 1259 3132 nostrum
1316 3084 1492 3150 aptius
1538 3084 1787 3138 edisserit

1922 596 2052 650 rint.
2081 595 2312 664 ldipsum
2368 595 2623 666 estquod
2659 597 2964 666 exprimere
3007 598 3180 652 voluit
3234 598 3389 655 Plato
3427 601 3483 654 in

1920 684 2116 739 Tima’o
2145 687 2409 754 scribens,
2447 683 2706 743 mandum
2736 702 2802 741 ex
2850 687 3124 744 intellectu
3156 699 3210 744 et
3242 694 3489 754 necessi-

1920 787 2049 843 tate,
2083 793 2177 833 seu
2217 779 2450 834 erratica
2482 793 2647 834 causa
2687 781 3043 848 compositum
3090 796 3230 846 esse,
3284 784 3336 839 id
3399 795 3484 839 est

1914 885 1981 925 ex
2016 871 2133 940 ipso
2167 870 2466 926 formarum
2498 872 2690 928 ordine
2729 882 2890 943 atque
2933 877 3181 930 materia.
3218 874 3309 931 Sic
3338 879 3482 932 enim

1914 967 2149 1020 animam
2186 966 2396 1033 mundi,
2446 981 2542 1020 seu
2596 968 2706 1020 vim
2755 968 3062 1036 motricem,
3117 984 3276 1039 quam
3314 970 3482 1025 veluti

1913 1070 2096 1111 semen
2125 1057 2394 1126 quoddam
2428 1059 2670 1113 materiae
2719 1058 2992 1128 impressit
3028 1059 3191 1123 Deus,
3227 1072 3286 1115 et
3313 1061 3483 1130 ipsam

1913 1147 2199 1200 materiam
2240 1157 2400 1201 vocat
2442 1165 2456 1201 :
2499 1147 2646 1202 illam
2680 1150 2917 1218 quidem,
2966 1152 3224 1219 quoniam
3281 1151 3484 1207 intelli-

1913 1241 2104 1309 gentiae
2156 1241 2352 1295 divina:
2399 1241 2750 1298 simulacrum
2799 1253 2881 1298 est
2928 1245 3117 1300 :banc
3158 1260 3310 1312 vero,
3354 1246 3482 1314 quia

1912 1349 2017 1387 non
2060 1345 2284 1402 propter
2324 1335 2578 1404 seipsam,
2624 1337 2720 1392 sed
2764 1344 3024 1408 tanquam
3065 1337 3255 1394 formis
3276 1338 3484 1393 ultimis

1911 1427 2216 1479 necessaria
2249 1436 2333 1479 est
2372 1428 2704 1493 introducta,
2739 1429 2838 1484 has
2881 1429 2964 1485 vel
3002 1429 3120 1485 illas
3172 1433 3483 1486 successive

1908 1517 1987 1570 sic
2019 1528 2330 1587 exceptura,
2360 1528 2416 1574 ut
2455 1520 2650 1575 nullius
2691 1530 2850 1575 tenax
2910 1522 3001 1586 sit,
3042 1523 3136 1575 sed
3181 1522 3248 1575 ad
3293 1538 3482 1577 omnes

1908 1619 2098 1679 suapte
2154 1618 2346 1665 natura
2405 1613 2739 1668 indifferens.
2789 1613 3081 1669 Possumus
3123 1617 3252 1685 quin
3298 1617 3478 1680 etiam,

1909 1702 2084 1771 inquit
2111 1704 2332 1760 Ficinus
2381 1707 2432 1760 in
2465 1705 2600 1761 Tim.
2628 1722 2748 1776 cap.
2790 1707 2881 1773 39,
2914 1709 3011 1761 sub
3039 1709 3359 1763 necessitatis
3389 1726 3481 1763 no-

1907 1800 2045 1852 mine
2078 1798 2373 1868 intelligere
2413 1815 2516 1852 non
2560 1800 2836 1853 materiam
2875 1800 3065 1869 solam,
3110 1801 3201 1853 sed
3248 1803 3481 1854 animant

1898 1909 2099 1963 quoque
2129 1891 2241 1961 ejus
2264 1893 2315 1946 in
2343 1893 2511 1959 primo
2534 1893 2876 1960 processionis
2912 1910 3019 1947 sua:
3059 1895 3206 1960 signo
3233 1895 3368 1946 velut
3400 1893 3481 1947 in-

1899 1986 2138 2053 formem,
2165 1985 2397 2038 materia:
2427 1986 2618 2049 instar,
2644 1986 3050 2041 consideratam.
3078 1983 3314 2052 Utraque
3341 1988 3480 2039 enim

1897 2088 2002 2130 tam
2033 2078 2230 2142 anima,
2257 2094 2411 2146 quam
2432 2078 2672 2137 materia.
2691 2079 2745 2130 in
2764 2079 2930 2147 primo
2949 2078 3170 2146 originis
3194 2094 3303 2130 sua:
3325 2079 3477 2147 signa

1897 2169 2140 2236 informis
2182 2170 2395 2238 quidem
2448 2179 2544 2237 est,
2596 2171 2684 2224 sed
2715 2170 2874 2239 facile
2927 2169 3220 2237 formabilis
3269 2178 3343 2223 est
3388 2186 3481 2236 per

1897 2259 2258 2330 intelligentiae
2295 2279 2487 2316 munus
2533 2281 2552 2316 :
2583 2265 2720 2318 unde
2767 2274 2811 2317 et
2863 2264 2963 2330 ipsi
3016 2262 3206 2315 animae
3251 2264 3478 2317 rationes

1893 2355 2194 2423 seminaque
2238 2353 2532 2423 formarum
2587 2354 2910 2409 naturalium
2979 2355 3369 2422 infunduntur,
3426 2368 3474 2408 ct

1896 2447 2131 2500 materia:
2160 2446 2463 2514 qualitates,
2505 2457 2660 2516 atque
2700 2448 2906 2516 fornae.

1965 2539 2051 2594 66.
2102 2539 2157 2593 In
2208 2540 2294 2594 bis
2339 2550 2520 2594 autem
2576 2540 2994 2595 Platonicorum
3040 2540 3255 2611 placitis
3311 2549 3475 2594 totam

1893 2631 2248 2687 Acharnotha:
2304 2633 2542 2686 fabulam
2589 2633 2710 2700 plus
2752 2648 2913 2702 quam
2963 2634 3340 2688 adumbratam
3383 2649 3477 2687 nc-

1893 2741 1982 2780 mo
2007 2739 2112 2780 non
2139 2725 2514 2794 deprehendit.
2558 2725 2873 2796 Enthymesi
2911 2726 3178 2794 siquidem
3222 2726 3473 2796 superio-

1896 2819 1968 2872 ris
1997 2816 2234 2885 Sopbiae,
2272 2827 2537 2886 separata:
2583 2831 2610 2870 a
2663 2817 2927 2886 superiori
2983 2817 3293 2871 Pleromate
3349 2833 3472 2872 cum

1893 2910 2166 2977 passione,
2204 2909 2255 2961 in
2290 2910 2499 2963 umbra:
2526 2919 2579 2963 et
2611 2911 2903 2964 vacuitatis
2938 2909 3072 2965 locis
3099 2907 3477 2966 efl‘ervescenti

1892 3016 1986 3070 per
2018 3001 2425 3065 necessitatem,
2472 3011 2625 3056 extra
2661 3001 2844 3055 lumen
2893 3002 3050 3058 factae
3094 3012 3147 3058 et
3177 3012 3331 3058 extra
3358 3001 3481 3057 Ples.

1895 3107 2066 3154 roma,
2107 3090 2323 3146 informi
2357 3101 2411 3145 et
2438 3093 2556 3146 sine
2604 3093 2808 3160 specie,
2837 3093 2962 3163 quia
3006 3094 3138 3149 nihil
3165 3097 3473 3163 apprehen-

213 3165 442 3220 Ficinus
484 3179 605 3231 cap.
636 3166 690 3229 ’5,
717 3161 771 3216 in
809 3164 1026 3220 Cunviv.
1050 3164 1319 3234 Platonis,
1362 3171 1448 3224 ubi
1478 3171 1786 3229 Platonico-

1895 3191 1966 3245 dit
2015 3189 2116 3260 (sic
2166 3161 2947 3256 describuntValentiniani),
3009 3197 3160 3242 tanta
3218 3199 3303 3244 est
3350 3205 3472 3245 cum

215 3271 336 3311 rum
389 3255 711 3310 sententiam
766 3258 1018 3327 explicat.
1066 3256 1354 3330 Principio,
1407 3264 1602 3333 inquit,
1648 3267 1788 3322 Deus

210 3350 403 3403 mentis
426 3348 571 3402 illius
593 3359 736 3402 creat
765 3349 1132 3419 substantiam,
1152 3369 1307 3422 quam
1333 3356 1488 3409 etiam
1514 3361 1787 3415 essentiam

212 3442 568 3493 nominamus.
615 3439 744 3494 ch
792 3442 846 3494 in
874 3443 1040 3510 primo
1089 3445 1179 3497 illo
1210 3446 1487 3500 creationis
1518 3465 1626 3503 sua:
1677 3467 1789 3503 nta-

209 3544 389 3587 mento
419 3534 662 3601 informis
693 3544 767 3588 est
809 3545 860 3589 et
902 3536 1144 3590 obscura.
1173 3538 1431 3603 Quoniam
1459 3559 1575 3596 vero
1607 3561 1637 3596 a
1684 3544 1787 3600 Deo

210 3635 341 3679 nata
379 3636 474 3690 est,
506 3627 574 3678 ad
617 3625 786 3680 Deum
832 3630 913 3680 sui
960 3632 1275 3700 principium
1325 3632 1523 3702 ingenti
1559 3638 1788 3706 quodam

209 3721 450 3786 appetitu
489 3722 822 3776 convertitur.
873 3719 1132 3777 Conversa
1166 3727 1219 3777 in
1272 3725 1456 3792 Deum,
1502 3729 1669 3797 ipsius
1701 3747 1787 3784 ra-

207 3811 314 3864 diis
350 3809 666 3863 illustratur.
707 3810 862 3865 Radii
891 3812 1033 3867 illius
1062 3816 1264 3884 fulgore
1296 3818 1383 3871 ille
1427 3837 1556 3872 suus
1593 3827 1788 3889 appeti-

207 3909 297 3952 tus
326 3901 652 3952 accenditur.
681 3901 939 3954 Accensus
986 3906 1243 3972 appetitus
1279 3905 1385 3960 Deo
1438 3917 1574 3962 totus
1621 3912 1788 3964 iulia:-

209 4000 289 4043 ττι
338 4005 357 4043 :
412 3991 720 4044 inlucrendo
757 3992 1066 4059 formatur;
1110 4013 1231 4048 nam
1278 3997 1416 4051 Deus
1471 4002 1564 4068 qui
1619 4012 1785 4070 potest

205 4085 408 4147 omnia,
445 4085 501 4138 in
547 4096 714 4139 mente
743 4087 840 4138 sibi
880 4086 1164 4142 inhaerente
1217 4093 1567 4146 creandarum
1611 4110 1783 4148 rerum

207 4188 435 4230 naturas
462 4180 675 4247 efﬁngit.
711 4178 779 4233 In
823 4196 884 4233 ea
922 4181 1084 4250 igitur
1113 4184 1340 4251 spiritali
1368 4189 1593 4255 quodam
1632 4191 1786 4243 modo

203 4271 518 4338 pinguntur,
549 4281 601 4323 ut
633 4272 710 4324 ita
749 4272 958 4342 loquar,
995 4273 1172 4329 omnia
1222 4293 1339 4340 qua:
1386 4278 1441 4330 in
1483 4282 1784 4346 corporibus

205 4362 336 4428 ipsis
375 4363 649 4418 sentimus.
679 4363 802 4418 Illis
834 4365 1101 4431 caelorum,
1130 4367 1598 4441 elementorumque
1622 4372 1779 4441 globi,

1891 3283 2067 3336 anima
2104 3281 2314 3344 mundi,
2348 3281 2565 3349 qualem
2597 3281 2756 3334 modo
2799 3295 2864 3334 ex
2917 3281 3316 3335 Platonicorum
3347 3296 3473 3336 sen-

1897 3375 2066 3429 tentia
2119 3374 2534 3443 descripsimus,
2595 3374 2852 3437 afTinitas,
2899 3385 2959 3428 ut
3003 3375 3173 3438 major
3225 3376 3316 3427 vix
3353 3389 3474 3428 esse

1893 3467 2081 3537 possit.
2131 3465 2370 3534 Utraque
2410 3481 2438 3518 a
2473 3466 2565 3520 Dei
2609 3467 2872 3535 sapientia
2925 3475 2978 3521 et
3018 3466 3220 3521 virtute
3255 3478 3491 3522 emanat.

1892 3562 2132 3628 Utraque
2168 3559 2400 3628 primum
2460 3560 2511 3613 in
2568 3561 2741 3622 chao,
2792 3573 2884 3612 seu
2942 3561 3167 3612 materia
3219 3560 3470 3624 obscura,

1893 3655 2179 3709 tenebrosa
2229 3661 2284 3705 et
2329 3651 2608 3706 incondita
2642 3651 2930 3716 delitescit,
2964 3651 3216 3706 informis
3243 3662 3299 3706 et
3350 3652 3472 3705 sine

1889 3743 2090 3813 specie,
2116 3741 2265 3795 velut
2295 3740 2749 3805 fermenteseens,
2785 3756 2847 3795 ac
2884 3742 3142 3812 paulatim
3174 3744 3281 3796 vim
3313 3758 3466 3797 suam

1885 3845 2145 3890 exserens
2164 3843 2177 3880 :
2197 3842 2428 3900 utraque
2454 3831 2594 3884 nihil
2619 3831 3010 3901 apprehendit,
3051 3833 3269 3902 utrique
3296 3833 3467 3888 indita

1890 3924 2124 3992 primum
2163 3921 2338 3977 forma
2369 3922 2668 3976 secundum
2716 3922 3076 3977 substantiam
3114 3924 3467 4001 tantum,_scd

1889 4030 1991 4069 non
2033 4015 2328 4068 secundum
2362 4015 2692 4080 scientiam;
2745 4016 2896 4084 quia,
2931 4015 3034 4070 etsi
3082 4016 3237 4070 initio
3287 4026 3466 4071 motus

1889 4108 2113 4176 quidam
2148 4105 2287 4172 fuit;
2320 4107 2444 4174 quia
2497 4115 2672 4160 tamen
2704 4106 3034 4173 inconditus,
3080 4123 3270 4176 vagus,
3305 4118 3362 4162 ut
3393 4111 3466 4162 ita

1887 4203 2087 4268 dicam,
2120 4201 2467 4256 inordinatus
2503 4210 2558 4255 et
2597 4201 3080 4267 indeterminatus;
3115 4202 3316 4256 nullam
3346 4218 3468 4257 cer—

1890 4301 1997 4347 tam
2029 4295 2264 4362 speciem
2312 4301 2406 4345 aut
2450 4291 2678 4347 fortnam
2730 4294 3065 4347 exhibebat:
3096 4303 3324 4362 utraque
3367 4295 3464 4348 de-

1888 4405 2032 4444 mum
2069 4386 2238 4441 divini
2279 4385 2499 4441 luminis
2552 4387 2735 4441 radios
2779 4387 3016 4456 excepit,
3057 4387 3179 4457 quia
3213 4388 3295 4442 vis
3342 4403 3461 4442 mo-

205 4455 407 4516 sidera,
439 4473 687 4523 vaporum
711 4467 938 4524 naturw,
965 4459 1223 4529 lapidum,
1250 4464 1604 4528 metallorum,
1632 4465 1783 4533 plan-
1819 4512 1861 4567 υ
1891 4484 1999 4538 "ix
2031 4492 2193 4550 atque
2225 4480 2570 4552 σπερματικὴ
2599 4481 2838 4535 materia
2882 4482 3143 4552 impressa
3172 4497 3200 4534 a
3233 4482 3341 4535 Deo
3367 4498 3463 4537 cx-

211 4557 381 4567 ,ηηψ
792 4549 869 4567 ,η
1041 4554 1050 4563 .
1210 4564 1216 4567 .
1358 4554 1393 4567 ι.
1449 4557 1458 4566 .
1640 4558 1670 4567 ..

207 4557 404 4609 tarum,
440 4547 750 4601 animalium
787 4549 972 4617 forma:
1001 4554 1307 4621 gignuntur.
1347 4554 1670 4624 Hujusmodi
1699 4574 1783 4610 re-

208 4654 324 4691 rum
357 4641 592 4693 omnium
623 4643 838 4709 species,
890 4644 986 4698 Dei
1035 4647 1266 4716 fomento
1314 4651 1541 4718 quodam
1589 4652 1642 4703 in
1692 4669 1783 4704 su-

206 4749 386 4801 prema
412 4733 507 4785 illa
543 4745 709 4788 mente
747 4747 1047 4805 cmeeptas,
1076 4741 1223 4794 ideas
1260 4759 1369 4796 esse
1419 4761 1522 4797 non
1570 4745 1782 4799 dubita-

203 4841 339 4886 mus,
377 4835 482 4882 etc.
521 4826 672 4893 Quod
730 4829 817 4883 hic
866 4831 966 4886 sub
1020 4833 1402 4903 allegoriarum
1456 4837 1782 4906 tegumentis

208 4915 466 4979 traditur,
505 4915 587 4969 his
637 4917 956 4988 ambagibus
1001 4922 1182 4976 missis
1227 4923 1425 4981 clarius
1477 4939 1531 4981 et
1576 4926 1782 4996 simpli-

205 5004 326 5057 eius
360 5007 556 5073 exponi
599 5007 884 5075 potuisset.
933 5008 1135 5080 Nempe
1166 5028 1329 5082 quam
1364 5027 1560 5072 vocant
1586 5021 1779 5077 animae

202 5094 568 5151 substantiam
608 5099 842 5154 nondum
872 5099 1184 5170 formatam,
1211 5107 1375 5161 chaos
1407 5119 1506 5174 est,
1543 5127 1634 5165 seu
1667 5130 1782 5168 ma-

207 5189 368 5254 teria,
402 5202 563 5258 quam
597 5190 882 5247 informem
913 5203 968 5248 et
1007 5197 1219 5262 rudem,
1267 5213 1535 5256 certarum
1581 5207 1780 5274 ﬁgura-

206 5294 326 5332 rum
357 5294 421 5333 ac
455 5281 755 5336 mctionum
803 5296 1080 5355 expertem
1129 5291 1375 5346 condidit
1429 5295 1607 5361 Deus;
1659 5314 1778 5365 quae

205 5383 414 5435 tamen,
444 5387 509 5426 ex
541 5374 749 5442 legibus
775 5379 841 5432 ab
868 5393 933 5433 eo
966 5382 1203 5445 statutis,
1234 5385 1404 5438 certis
1454 5387 1774 5454 quibusdam

202 5463 418 5527 formis,
460 5468 697 5522 motibus
738 5485 801 5524 ac
836 5471 1024 5540 figuris
1077 5474 1458 5543 instrueretur,
1503 5480 1770 5550 exigebat.

198 5555 339 5611 Huic
366 5559 600 5625 primum
633 5561 738 5614 vim
779 5564 1062 5621 matricem
1096 5567 1308 5631 indidit,
1338 5584 1459 5638 quae
1508 5572 1770 5639 paulatim

201 5665 732 5718 seseexserens,eos
787 5667 990 5721 motus,
1030 5659 1141 5714 Deo
1173 5661 1462 5733 dirigente,
1508 5666 1658 5731 civit,
1704 5684 1770 5723 ex

203 5741 405 5806 quibus
437 5745 680 5798 materia:
715 5758 894 5814 partes
943 5749 1022 5802 sic
1075 5752 1303 5808 invicem
1355 5766 1573 5824 aptam,
1616 5775 1770 5814 com-

202 5835 412 5907 posita,
453 5844 613 5910 atque
644 5840 923 5909 ordinatas,
958 5853 1013 5898 ut
1047 5858 1331 5904 corporum
1358 5849 1550 5906 formae
1585 5854 1648 5907 ad
1682 5871 1770 5910 su-

1889 4575 2043 4632 citari
2073 4571 2280 4637 debuit,
2311 4583 2367 4624 ut
2406 4572 2456 4625 in
2500 4580 2681 4626 actum
2739 4583 3134 4645 prorumperet.
3170 4574 3324 4641 Quod
3363 4577 3463 4630 ad-

1874 4653 2020 4723 Idunt
2047 4661 2430 4726 Valentiniani,
2459 4662 2945 4734 Enthymesinjam
2977 4667 3200 4735 aliqnali
3235 4669 3458 4721 immor-

1884 4753 2112 4810 talitatis
2133 4753 2301 4808 odore
2324 4753 2620 4824 perfusam,
2635 4755 2802 4809 variis
2821 4757 3285 4824 perturbationum
3308 4760 3458 4812 aesti-

1880 4849 2004 4913 bus,
2034 4863 2100 4902 ex
2141 4847 2335 4916 quibus
2364 4847 2513 4900 varia
2555 4848 2739 4901 mundi
2793 4848 3056 4903 elementa
3110 4851 3452 4918 prodierunt,

1881 4945 2142 5012 agitatam
2177 4943 2364 5010 fuisse,
2395 4943 2569 4998 donec
2597 4943 2663 4997 ad
2695 4942 2970 4998 Christum
3000 4960 3285 5011 conversa,
3317 4948 3451 5007 mis-

1881 5052 1998 5090 sum
2030 5035 2370 5090 Salvatorem
2413 5035 2710 5102 exceperit,
2748 5035 2920 5089 Patris
2950 5046 3004 5090 et
3030 5036 3265 5091 IEonum
3297 5048 3453 5102 pote-

1879 5137 2016 5181 state
2052 5129 2396 5192 decoratum,
2423 5125 2514 5194 qui
2561 5142 2680 5181 eam
2722 5143 2751 5179 a
2788 5130 3286 5197 perturbationibus
3318 5131 3454 5186 libe-,

1878 5229 2049 5286 raret,
2081 5220 2286 5287 hasque
2311 5219 2378 5273 ab
2416 5233 2475 5271 ea
2507 5232 2745 5274 secretas
2777 5223 3174 5288 commisceret,
3204 5223 3446 5277 conden-

1879 5321 2045 5376 saret,
2101 5321 2264 5380 atque
2302 5326 2368 5366 ex
2418 5312 2734 5379 incorporea
2769 5312 3050 5367 affectione
3084 5315 3138 5367 in
3189 5314 3445 5382 incorpos

1880 5421 2027 5458 ream
2071 5406 2354 5459 materiam
2397 5404 2743 5468 immutaret;
2791 5404 3002 5474 ineptiae
3051 5413 3197 5472 sunt,
3232 5421 3296 5460 eo
3325 5421 3444 5459 ver-

1876 5496 2066 5550 borum
2093 5500 2378 5566 apparatu,’
2403 5496 2495 5565 qui
2538 5505 2750 5549 moveat
2789 5496 3085 5565 imperitos,
3116 5498 3440 5563 vcnditatur,

1874 5591 2070 5658 quibus
2100 5590 2152 5643 id
2185 5590 2450 5643 duntaxat
2484 5590 2749 5652 innuitur,
2783 5589 3009 5644 diversis
3043 5598 3154 5642 tum
3202 5592 3441 5658 primum

1874 5681 2314 5750 perturbatisque
2345 5683 2577 5736 motibus
2609 5682 2866 5748 agitatum
2917 5681 3106 5743 chaos,
3134 5683 3200 5735 ad
3229 5697 3321 5735 eas
3343 5683 3437 5735 de-

1874 5785 2019 5822 mum
2059 5772 2357 5824 motionum
2419 5773 2655 5842 species,
2700 5772 2932 5826 rationes
2979 5781 3030 5825 et
3078 5773 3286 5835 modos,
3325 5772 3438 5824 Ded

1873 5861 2184 5928 ordinante,
2219 5862 2630 5922 determinatam
2679 5861 2866 5924 fuisse,
2903 5879 2964 5918 ex
3015 5862 3207 5927 quibus
3249 5871 3439 5928 partes
