4180 6332
751 366 815 427 91
1547 367 2144 429 DISSERTATIONES
2177 372 2309 429 PRA

2404 372 2486 430 UE
2513 373 2584 428 IN
2618 362 2877 430 ΙΒΕΝᾹΞΙ
2913 375 3175 433 LIBROS.
3911 382 3981 438 92

750 486 852 541 sibi
873 496 1243 558 repugnantes
1273 489 1339 543 ab
1383 488 1612 544 invicem
1644 491 2007 557 discedentes,
2070 497 2312 562 Cognata:
2340 499 2389 554 Α
2415 495 2642 549 alterum
2684 496 2947 550 malorum
2984 493 3384 551 fabricatorem.
3411 497 3562 553 Illum
3585 498 3784 556 bonum
3814 503 3972 557 deum

751 592 934 633 secum
967 580 1361 646 coalescentes,
1395 583 1558 637 variis
1588 597 1769 637 rerum
1817 583 2006 640 formis
2039 587 2091 640 in
2139 587 2312 642 lucem

747 669 972 728 edendis
1034 680 1171 740 apta:
1203 672 1432 728 ﬁerent.
1468 673 1577 728 Cur
1625 691 1687 727 ea
1741 677 1966 730 materia
2007 678 2314 746 incorporea

750 773 862 816 tum
896 776 924 816 a
959 760 1373 830 Valentinianis,
1406 773 1520 818 tum
1558 781 1588 817 a
1615 765 1908 821 Platonicis
1951 760 2181 832 dicatur,
2213 784 2312 824 ex-

746 853 1026 919 posuimus
1079 852 1133 908 in
1186 856 1329 909 notis
1387 856 1483 910 lib.
1515 874 1553 917 ι.
1585 872 1705 927 cap.
1755 859 1809 923 ιι,
1841 874 1903 912 n.
1939 858 1990 913 5.
2037 859 2141 914 Sed
2195 877 2314 930 qua:

743 942 985 998 Platonis
1029 946 1351 1005 sententiam
1380 963 1662 1016 exponens
1700 948 1866 1003 refert
1895 949 2146 1004 Laertius
2187 966 2308 1023 pag.

741 1035 869 1100 208,
900 1037 1024 1105 quia
1054 1037 1190 1092 mire
1232 1038 1646 1106 quaa‘hactenus
1683 1040 1921 1095 diximus
1963 1042 2309 1107 confirmant,

743 1128 956 1185 referre
980 1144 1084 1183 non
1119 1130 1342 1200 pigebit.
1376 1131 1566 1186 Aiebat
1598 1134 1854 1187 nimirum
1899 1134 2054 1189 Plato
2093 1131 2228 1188 εἶναι
2256 1136 2311 1189 δὲ

740 1219 840 1290 τὴν
873 1220 1004 1290 ὓλην
1041 1222 1443 1292 ἀσχημάτιστον
1473 1226 1566 1278 καὶ
1606 1212 1852 1296 ἄπειρον,
1880 1227 1939 1291 ἐξ
1972 1223 2040 1298 ἧς
2068 1228 2310 1297 γίνεσθαι

740 1311 808 1364 τὰ
841 1313 1204 1384 συγκρίματα.
1251 1315 1524 1378 Ἀτάκτως
1565 1315 1622 1371 δέ
1669 1335 1796 1370 ποτε
1838 1320 2180 1390 κινουμένην,
2209 1321 2312 1372 ὑπὸ

740 1404 833 1457 τοῦ
865 1404 1001 1458 Θεοῦ
1036 1423 1199 1478 φησιν
1226 1408 1310 1470 εἰς’
1334 1407 1428 1460 ἕνα
1453 1409 1780 1479 συναχθῆναι
1801 1411 1983 1475 τόπον,
2013 1411 2163 1478 τάξιν
2183 1416 2314 1468 ἀτα-

738 1490 858 1560 ξίας
883 1497 1163 1566 κρείττονα
1182 1499 1551 1569 ἡγησαμένου.
1583 1499 1713 1554 Esse
1741 1502 2010 1555 materiam
2035 1503 2310 1571 informem

737 1596 785 1641 et
841 1589 1120 1657 inﬁnitam,
1161 1606 1225 1643 ea:
1265 1607 1365 1653 qua
1416 1594 1771 1648 concretione:
1831 1594 1984 1662 ﬁant.
2054 1592 2135 1648 Ea
2171 1592 2306 1650 cum

736 1677 1228 1749 aliquandotemere
1259 1691 1305 1734 et
1339 1682 1644 1737 inordinate
1664 1696 1975 1747 moveretur,
2014 1702 2045 1738 a
2093 1685 2202 1740 Deo
2234 1689 2308 1740 ait

735 1773 790 1824 in
820 1787 981 1824 unum
1024 1775 1196 1826 locum
1247 1784 1503 1839 coactam.
1556 1777 1695 1846 quod
1738 1776 1975 1830 ordinem
2028 1781 2308 1833 temeritati

733 1868 986 1928 pra’sture
1035 1865 1312 1918 censuerit.
1366 1839 1591 1934 Confer,
1623 1869 1666 1921 si
1691 1867 1860 1932 lubet,
1907 1867 2188 1924 Platonem
2250 1872 2302 1926 in
2337 1839 2377 1894 Β

740 1951 959 2007 Timavo;
1021 1951 1255 2023 ldipsum
1294 1956 1418 2011 aliis
1456 1959 1740 2023 verborum
1783 1959 2074 2015 involucris
2122 1970 2305 2030 tegere

734 2043 948 2112 Ophitis
991 2055 1045 2102 et
1098 2045 1378 2103 Sethianis
1429 2051 1648 2106 animus
1696 2041 1836 2118 erat,
1883 2053 2010 2107 dum
2062 2054 2303 2122 aiebant,

736 2135 996 2204 Sophiam
1035 2138 1478 2197 descendentem
1521 2142 1576 2195 in
1630 2158 1819 2212 aquas,
1874 2146 2182 2213 petulanter
2211 2163 2305 2204 eas

734 2230 967 2283 movisse
994 2239 1045 2284 cl
1080 2233 1440 2300 assumpsisse
1467 2251 1527 2287 ex
1560 2232 1756 2309 [XLII]
1800 2237 1880 2292 eis
1921 2254 2118 2308 corpus
2149 2258 2163 2294 :
2206 2239 2305 2294 Itu-

732 2324 1035 2377 mectationi
1081 2326 1221 2378 enim
1266 2326 1483 2382 luminis
1521 2329 1636 2397 ejus
1692 2332 1864 2384 omnia
1917 2334 2224 2399 accurrisse,
2256 2344 2304 2387 et

730 2413 1017 2470 atilla'sisse
1053 2417 1170 2481 7°",
1211 2428 1262 2471 et
1291 2429 1484 2473 caetera
1523 2421 1783 2490 ejusmodi
1813 2424 2157 2478 delirantium
2205 2425 2305 2480 ho-

732 2508 937 2560 minum
975 2521 1306 2574 commenta,
1350 2526 1472 2580 qua:
1507 2529 1534 2565 a
1564 2512 1959 2568 \‘alentinianis
1986 2531 2150 2585 penes
2182 2517 2300 2572 ine-

731 2599 854 2665 ptite
882 2601 1123 2664 modum,
1168 2616 1272 2655 non
1304 2617 1476 2670 penes
1533 2604 1699 2671 ipsam
1744 2619 1857 2658 rem
1915 2602 2192 2662 differunt.
2244 2608 2301 2663 In

731 2692 835 2745 hoc
867 2706 994 2746 vero
1032 2695 1582 2762 utriquePlatonicis
1621 2697 1932 2752 stolidiores
1958 2697 2300 2766 exstiterunt,

729 2784 873 2850 quod
913 2785 963 2838 hi
995 2786 1231 2839 animam
1282 2787 1465 2842 mundi
1504 2803 1531 2841 a
1563 2788 1670 2841 Dco
1703 2790 1817 2858 ipso
1857 2799 2110 2858 tauquam
2157 2791 2304 2859 prin-

731 2877 896 2943 cipio,
929 2886 985 2931 et
1016 2879 1219 2934 mundo
1274 2889 1530 2949 tanquam
1565 2883 1831 2957 subjecto,
1882 2899 1940 2938 re
1990 2885 2304 2960 distinxisse

728 2985 836 3024 non
871 2972 1187 3038 videantur;
1224 2973 1298 3026 illi
1328 2990 1455 3029 vero
1480 2973 1832 3045 Enthymesin
1875 2992 2028 3030 suam
2059 2977 2127 3032 ab
2157 2988 2304 3034 utro-

727 3080 834 3134 que
858 3065 936 3119 sic
969 3067 1322 3121 distinxeriut
1346 3077 1400 3122 et
1424 3070 1822 3137 separavcrint,
1856 3079 1914 3125 ιιι
1963 3071 2015 3124 in
2052 3071 2304 3126 substan-

732 3161 861 3212 tiam
911 3161 1199 3227 quamdam
1234 3177 1328 3230 per
1362 3177 1420 3216 se
1457 3161 1865 3224 subsistentem,
1921 3165 1985 3218 ac
2035 3167 2298 3220 secunda-
2328 3178 2370 3234 ο

731 3253 878 3305 rium
903 3254 1171 3321 quoddam
1220 3243 1445 3308 Deitatis
1487 3271 1657 3324 genus
1687 3257 2150 3312 transformarint.

799 3341 888 3396 67.
943 3343 1299 3399 Achamotha:
1347 3345 1582 3401 fabulam
1631 3348 1834 3417 excipit
1895 3349 2083 3402 mundi
2144 3347 2302 3416 hujus

733 3433 1080 3502 aspectabilis
1111 3435 1288 3504 origo,
1327 3437 1652 3492 constitutio
1698 3452 1751 3492 et
1799 3439 2094 3503 ordinatio,
2137 3453 2301 3506 quam

733 3527 904 3580 fusius
934 3527 1442 3595 exponltlrenaeus,
1485 3539 1539 3582 et
1567 3545 1664 3585 nos
1709 3547 1777 3585 ex
1813 3532 1928 3599 ipso
1984 3531 2303 3600 compendio

731 3620 983 3688 superius
1015 3619 1426 3689 descripsimus.
1467 3621 1690 3676 Summa
1723 3603 1827 3677 huc
1875 3624 2034 3688 redit,
2066 3626 2301 3696 primum

732 3713 974 3765 omnium
1001 3712 1068 3765 ab
1095 3711 1396 3768 Achamota
1425 3716 1702 3769 conditura
1735 3714 2080 3784 Demiurgum
2101 3732 2165 3770 ex
2187 3718 2304 3768 ani-

734 3805 858 3857 mali
890 3805 1219 3871 substantia,
1249 3815 1447 3862 cratera
1480 3806 1662 3858 omnia
1689 3807 1946 3875 deinceps
1976 3805 2300 3860 fabricatum

733 3897 922 3960 fuisse,
975 3909 1083 3951 tum
1117 3898 1381 3964 cmlcstia,
1429 3908 1541 3952 tum
1587 3908 1821 3960 terrena,
1869 3910 1980 3951 tum
2024 3898 2298 3966 animalia,

735 3999 847 4044 tum
879 4005 1039 4044 sensu
1072 3999 1126 4042 et
1160 3990 1268 4043 vita
1298 3989 1580 4052 destituta,
1617 3988 1866 4058 Angelos,
1913 3986 2302 4058 Archangelos,

731 4082 1199 4136 CosmOcratorem
1234 4094 1326 4134 seu
1355 4079 1650 4145 diabolum,
1699 4088 1750 4133 et
1779 4079 2062 4143 daemonia,
2099 4088 2301 4149 septem

733 4169 921 4236 ccelos,
952 4186 1090 4239 quos
1125 4169 1480 4237 intelligentia
1523 4170 1795 4239 praeditos,
1828 4171 1936 4224 imo
1985 4179 2037 4224 et
2072 4170 2303 4240 Angelos

731 4278 852 4318 esse
879 4262 1160 4327 volebant,
1217 4260 1502 4316 Hominem
1558 4261 1772 4314 demum
1819 4277 1888 4315 ex
1937 4260 2134 4329 triplici
2170 4262 2304 4316 sub-

733 4361 932 4413 stantia
982 4356 1533 4412 coucretum.Caecus
1583 4365 1762 4410 tamen
1815 4365 1870 4409 ct
1923 4357 2127 4411 inscius
2174 4354 2300 4424 quid

734 4461 945 4521 ageret.
974 4458 1124 4504 tanta
1161 4451 1271 4504 haec
1302 4449 1519 4504 molitus
1548 4461 1627 4504 est
1667 4449 1987 4518 Demiurgus
2026 4468 2038 4503 :
2076 4459 2131 4504 at
2165 4451 2299 4504 clam

2416 595 2469 641 et
2490 585 2810 650 Oromazen,
2843 586 2988 641 hunc
3019 587 3259 641 dtemona
3295 597 3349 642 et
3374 588 3708 645 Arimaniam
3739 592 3978 661 appella-

2413 679 2503 733 bat
2534 678 2847 742 Zoroaster;
2886 677 3032 732 illum
3080 695 3110 733 e
3145 681 3433 748 purissima
3468 681 3603 744 luce,
3651 683 3792 738 hunc
3818 699 3848 738 e
3882 692 3970 738 te-

2415 768 2600 823 nebris
2630 777 2682 822 et
2736 769 3036 838 ignorantia
3073 772 3313 839 genitum
3353 785 3368 824 :
3421 787 3453 834 a
3483 773 3661 842 primo
3714 773 3905 843 bonos,
3941 794 3970 833 a

2415 862 2651 915 secundo
2685 862 2852 916 malus
2905 864 3037 916 deos
3069 863 3279 932 genitos
3312 879 3434 918 esse
3466 865 3708 933 volebat,
3734 878 3790 920 et
3833 870 3978 924 inter

2415 954 2515 1007 hos
2569 953 2730 1008 alium
2796 954 2953 1008 deum
3010 953 3392 1009 intermedium
3445 957 3664 1010 nomine
3723 957 3973 1012 Mithram

2413 1046 2706 1100 exsistere.
2739 1045 2844 1099 llas
2882 1045 3284 1114 impnrissimas
3307 1047 3573 1116 rep‘etiere
3609 1047 3831 1103 lacunas
3858 1061 3969 1103 tum

2413 1134 2764 1200 Marcionitze,
2815 1145 2928 1191 tum
2955 1135 3212 1192 'Gnostici
3250 1147 3481 1202 veteres,
3528 1146 3587 1193 ut
3619 1139 3743 1195 inde
3775 1139 3973 1207 duplex

2412 1243 2598 1281 rerum
2627 1228 2950 1299 principium
2977 1270 2992 1296 ,
3051 1230 3281 1284 alterum
3316 1230 3547 1297 bonum,
3585 1231 3811 1286 alterum
3852 1247 3970 1286 ma—

2411 1317 2542 1380 lum,
2568 1317 2797 1371 alterum
2829 1317 2985 1372 alteri
3023 1329 3281 1389 perpetuo
3319 1321 3660 1375 insidiantem
3690 1331 3744 1376 et
3777 1322 3970 1376 adver-

2413 1418 2627 1464 santem
2657 1410 2981 1466 excitarent.
3015 1412 3382 1466 Valentiniani
3413 1428 3558 1476 vero,
3581 1423 3638 1465 ut
3674 1414 3973 1483 portentosi

2411 1500 2676 1566 dogmatis
2723 1502 2979 1556 invidiam
3027 1503 3378 1570 declinarent,
3426 1505 3722 1559 nominibus
3755 1505 3975 1575 quidem

2412 1593 2675 1645 honestius
2725 1593 3038 1659 utebantur,
3079 1604 3158 1649 ut‘
3187 1596 3424 1665 loquitur
3466 1596 3741 1663 'lrenreus;
3795 1609 3979 1664 neque

2411 1684 2554 1738 enim
2611 1682 2778 1737 Deum
2818 1683 3082 1739 malarum
3136 1685 3443 1742 effectorem
3517 1699 3702 1757 aperte
3757 1688 3978 1758 prollte-

2411 1773 2646 1826 bantur:
2682 1780 2737 1827 at
2769 1789 2956 1827 revera
2989 1790 3257 1830 venenum
3306 1777 3527 1834 orudius
3559 1780 3874 1847 sorbeba‘nt,
3913 1789 3980 1836 ut

2406 1862 2644 1916 ostendit
2696 1863 2835 1917 idem
2881 1863 3116 1920 lrcuams
3149 1867 3215 1933 ",
3251 1867 3377 1921 dum
3415 1884 3592 1923 rerum
3635 1864 3979 1927 conditorem

2405 1968 2470 2005 ea:
2497 1969 2554 2005 ea
2578 1953 2714 2018 labe,
2741 1971 2858 2024 qua:
2887 1965 3036 2009 extra
3069 1957 3314 2012 Pleroma
3341 1960 3530 2014 emiua
3556 1971 3648 2025 est,
3681 1964 3982 2019 temerario

2404 2044 2658 2100 videlicet
2698 2057 2751 2100 et
2791 2062 2952 2116 supra
2991 2051 3204 2103 modum
3239 2053 3429 2106 audaci
3467 2046 3981 2117 Sophim'facinoro

2405 2138 2668 2206 genitum,
2719 2153 2784 2192 ac
2819 2140 3173 2210 ignorantia},
3225 2155 3492 2198 caecarum
3550 2161 3742 2214 nempe
3795 2148 3979 2201 Acha-

2405 2231 2599 2285 motbae
2651 2219 3114 2301 perturbationum
3188 2235 3421 2291 fructum
3470 2219 3591 2293 esse
3634 2242 3978 2298 asserebant.

2404 2325 2541 2380 Nam
2580 2325 2748 2380 Deum
2784 2326 2982 2387 malum
3014 2337 3291 2383 auctorem
3319 2330 3464 2396 mali,
3488 2343 3543 2385 et
3579 2332 3744 2386 Deum
3769 2348 3979 2389 caecum

2404 2429 2458 2472 et
2487 2419 2832 2488 ignorantem
2886 2420 3166 2485 inducere,
3202 2422 3439 2490 ejusdem
3479 2423 3700 2478 sceleris
3732 2438 3854 2480 esse
3886 2425 3978 2480 vl-

2405 2508 2594 2572 detur;
2633 2510 2744 2563 imo
2790 2511 2891 2567 hoc
2924 2509 3098 2566 altero
3133 2514 3365 2581 gravius.
3414 2512 3599 2584 Neque
3631 2515 3775 2570 enim
3829 2517 3981 2573 Deus

2405 2598 2519 2652 iste'
2541 2613 2722 2654 caecus
2756 2613 2784 2652 a
2835 2614 2896 2655 se
2930 2610 3033 2665 est,
3072 2603 3164 2656 sed
3225 2603 3292 2655 ab
3325 2603 3659 2658 Achamotha
3722 2606 3978 2662 conditus

2405 2699 2506 2755 est,
2541 2693 2815 2760 dirigente
2868 2693 3167 2760 Saluatore,
3203 2710 3362 2764 quem
3400 2697 3638 2752 vicissim
3691 2710 3882 2769 regunt
3916 2710 3980 2756 et

2405 2783 2673 2852 inspirant
2700 2796 2809 2838 tum
2841 2800 3122 2855 supremus
3159 2785 3341 2854 Pater,
3377 2799 3487 2844 tum
3525 2792 3706 2845 caeteri
3742 2792 3980 2860 mones;

2404 2892 2466 2931 ac
2495 2879 2724 2946 proinde
2764 2880 3088 2950 ignorantia,
3136 2881 3400 2938 malorum
3435 2885 3674 2938 omnium
3714 2883 3882 2939 fomes
3917 2866 3981 2942 et

2403 2971 2576 3034 radix,
2633 2982 2688 3025 et
2736 2972 2880 3025 mala
2921 2974 3056 3041 ipsa,
3094 2985 3212 3042 quae
3247 2975 3371 3028 imle
3414 2975 3699 3044 pullulant,
3738 2977 3790 3030 in
3827 2993 3982 3032 sum-

2405 3075 2548 3114 mam
2586 3061 2752 3116 Deum
2791 3063 3175 3119 refundantur.
3208 3065 3406 3136 Sicque
3439 3068 3776 3123 recrudescit
3806 3069 3985 3138 pesti-

2405 3149 2578 3206 ierutn
2613 3152 2962 3222 virus..quod
2998 3169 3029 3208 e
3079 3157 3350 3225 corruptis
3409 3156 3859 3228 phil050phorum
3895 3159 3983 3214 la-

2404 3244 2572 3300 cubus
2603 3244 2857 3300 haustum
2895 3246 3138 3316 emollire
3173 3257 3442 3302 conantur
3475 3249 3864 3305 Valentiniani.

2474 3338 2559 3394 68.
2606 3340 2682 3393 Eo
2741 3355 2912 3409 usque
2967 3341 3274 3410 desipuisse
3325 3342 3652 3407 Platonicos,
3708 3353 3768 3399 ut
3835 3344 3984 3402 duos

2403 3433 2554 3498 deos,
2581 3432 2811 3486 alterunt
2843 3434 3130 3499 bonorum,
3152 3436 3378 3489 alterum
3405 3435 3667 3490 malorum
3689 3448 3978 3494 auctorem

2402 3524 2707 3593 ﬁngerent,
2766 3539 2869 3579 non
2934 3526 3214 3594 legimus:
3253 3524 3364 3580 imo
3425 3527 3724 3599 quamlibet
3780 3529 3977 3598 aliam,

2402 3626 2600 3684 printer
2651 3618 2841 3683 Deum,
2878 3617 3146 3671 malorum
3201 3619 3418 3671 causam
3467 3633 3590 3673 esse
3623 3624 3984 3690 quaerendam

2402 3716 2711 3763 constanter
2795 3719 3170 3765 asscruerunt.
3233 3711 3612 3767 Verumtamen
3686 3724 3770 3768 est
3829 3717 3982 3784 quod

2404 3798 2529 3854 dum
2589 3817 2767 3856 rerum
2825 3801 3141 3856 inferiorum
3209 3805 3574 3858 creandarum
3629 3815 3684 3859 et
3737 3807 3982 3864 admini-

2391 3895 2745 3948 strandarum
2785 3893 3120 3962 provinciam
3156 3895 3362 3963 angelis
3407 3895 3827 3962 demandabant,
3851 3898 3982 3955 aliis

2405 3987 2745 4055 postmodum
2779 3984 3091 4039 offensionis
3148 4000 3336 4039 ansam
3371 3989 3722 4054 praebuerint.
3777 3987 3832 4043 ld
3887 3990 3979 4045 in-

2406 4092 2575 4133 nuere
2627 4077 2840 4130 videtur
2873 4076 3048 4140 Plato,
3098 4091 3222 4130 cum
3276 4076 3331 4130 in
3368 4076 3564 4132 Timaeo
3617 4080 3786 4133 Deum
3833 4081 3985 4141 filios

2403 4184 2551 4234 suos,
2586 4169 2638 4222 id
2675 4178 2758 4223 est
2795 4167 3088 4223 inferiores
3126 4169 3348 4239 angelos
3405 4170 3783 4227 adhortantem
3818 4173 3984 4228 indu-

2405 4263 2498 4326 cit,
2532 4271 2591 4314 ut
2621 4261 2686 4313 ad
2719 4261 3076 4315 imitationem
3120 4262 3224 4326 sui,
3261 4262 3567 4316 mistionem
3597 4267 3696 4319 sub
3727 4263 3851 4318 luna
3883 4281 3980 4321 re-

2404 4369 2522 4406 rum
2572 4354 2982 4422 aggrediantur,
3021 4353 3336 4421 hominique
3368 4353 3884 4421 subjiciantomnia,
3912 4371 3983 4412 ac

2407 4445 2722 4498 rationalem
2758 4444 2871 4512 ejus
2902 4444 3135 4498 animam
3173 4445 3239 4498 ab
3272 4444 3388 4513 ipso
3433 4455 3722 4513 acceptam
3756 4438 3980 4516 corpori

732 4520 999 4615 dirigebat
1033 4543 1204 4596 Mater
1238 4543 1564 4604 Acliamoth,
1597 4541 1737 4594 hanc
1784 4556 1911 4594 vero
1948 4541 2216 4608 Salvator,
2247 4553 2304 4597 ut
2333 4520 2377 4574 D
2407 4539 2612 4592 caduco
2647 4534 2958 4591 infundant.
2993 4533 3142 4600 Quod
3173 4535 3484 4603 expendens
3532 4537 3690 4590 simul
3724 4543 3777 4591 et
3811 4535 3982 4592 refel-

731 4645 929 4689 cuncta
967 4635 1030 4687 ad
1094 4633 1380 4703 imaginem
1448 4631 1733 4688 invisibilis
1766 4632 2089 4687 Pleromatis
2118 4633 2299 4689 edice-

736 4732 941 4775 rentur.
980 4722 1147 4775 Sedes
1178 4721 1467 4791 Demiurgo
1491 4723 1784 4778 constituta
1813 4738 1974 4792 supra
2011 4725 2298 4794 septimum

736 4815 968 4881 celum;
1011 4815 1180 4869 Mater
1229 4818 1558 4886 superiorem
1601 4817 1800 4882 locum,
1839 4817 2079 4871 medium
2111 4817 2302 4873 videli-

735 4915 840 4972 cet,
873 4906 1015 4973 quod
1065 4908 1205 4962 inter
1237 4909 1481 4963 Pleroma
1518 4919 1574 4963 ct
1607 4908 1861 4963 mundum
1895 4909 2159 4964 Visibilem
2215 4912 2301 4964 in.-

741 5001 985 5067 Iercedit,
1041 5002 1273 5069 spatium
1314 5002 1638 5072 occupabat.
1692 5000 1750 5056 in
1807 4999 2004 5071 quibus
2044 5003 2303 5059 omnibus

738 5097 856 5150 luce
890 5096 1190 5152 meridiana
1228 5098 1428 5152 clarius
1482 5099 1676 5152 iterum
1711 5097 1959 5152 relucent
1990 5095 2302 5150 Platonico-

738 5207 856 5244 rum
892 5191 1226 5260 aliorumque
1276 5201 1513 5244 veterum
1547 5189 1990 5259 philosOphot‘um
2025 5188 2299 5259 dogmata.

737 5283 780 5337 Ε
813 5280 1207 5335 molestissima:
1240 5280 1575 5349 quaestionis,
1608 5281 1749 5334 unde
1781 5279 2024 5333 malum?
2056 5278 2310 5346 anibagi-'

736 5375 838 5430 bus
866 5373 1120 5444 expedire
1150 5388 1269 5427 sese
1299 5389 1420 5427 cum
1456 5370 1950 5440 nequirent‘plnres
1976 5385 2006 5425 e
2041 5372 2300 5425 vetustio-

738 5465 889 5519 ribus
940 5463 1278 5534 philosophis
1303 5504 1318 5529 ,
1372 5465 1791 5527 existimarunt,
1833 5463 2121 5516 Plutarcho
2163 5471 2303 5517 teste

735 5557 787 5611 in
823 5554 898 5608 Is.
922 5565 972 5608 et
1004 5554 1174 5621 0sir.,
1205 5558 1340 5610 duos
1363 5571 1482 5609 esse
1512 5557 1643 5610 deos
1673 5553 1920 5624 καθάπερ
1940 5553 2303 5622 ἀντιτέχνους,

735 5647 890 5717 quasi
922 5648 1216 5703 contrariis
1249 5651 1458 5705 artibus
1491 5649 1720 5716 deditos,
1752 5648 1979 5702 alterum
2009 5648 2296 5711 bonorum,

805 5833 889 5868 rw
912 5834 1076 5899 ιηιηρ,
1098 5835 1186 5891 lib.
1217 5852 1252 5901 ι,
1285 5852 1401 5908 cap.
1437 5835 1520 5891 30.

1601 5837 1642 5867 "
1669 5835 1784 5892 Lib.
1818 5851 1898 5904 Ill,
1928 5849 2045 5904 cap.
2083 5832 2164 5897 l2,
2197 5847 2249 5888 ιι.
2282 5831 2362 5887 l3.

2405 4632 2522 4685 lens
2559 4630 2892 4699 Augustinus
2949 4630 3039 4682 lib.
3078 4646 3154 4684 xu
3212 4629 3285 4682 De
3335 4630 3480 4682 civit.
3543 4629 3665 4694 Dei,
3702 4645 3820 4698 cap.
3879 4630 3979 4699 26,

2404 4722 2619 4786 scribit,
2654 4721 2926 4774 Platonem
2959 4722 3208 4787 minores,
3255 4732 3301 4774 et
3335 4740 3364 4774 a
3404 4738 3605 4774 summa
3659 4721 3768 4776 Deo
3803 4722 3982 4790 factos

2403 4815 2549 4878 deos,
2585 4815 2854 4882 effectores
2891 4830 2999 4868 esse
3032 4816 3257 4867 voluisse
3299 4813 3608 4867 animalium
3642 4825 3980 4884 ewterorum,

2404 4913 2461 4958 ut
2499 4905 2848 4957 immortalem
2884 4915 3083 4973 partem
3140 4906 3201 4957 ab
3246 4908 3357 4973 ipso
3398 4917 3676 4967 sumerent.
3712 4907 3811 4974 ipsi
3853 4925 3982 4963 vero

2405 4998 2680 5050 mortalem
2709 5006 3016 5052 altexerent.
3068 4995 3300 5054 Proinde
3338 4999 3634 5052 animarum
3672 5007 3983 5056 nostrarum

2405 5104 2491 5145 eos
2534 5079 2793 5142 Creatores
2829 5088 2938 5142 esse
2967 5090 3214 5153 noluisse,
3255 5090 3346 5142 sed
3375 5095 3682 5159 corporum.
3712 5091 3817 5146 Sed
3850 5091 3947 5147 Ph

2408 5165 2548 5235 tonis
2585 5175 3210 5249 praeceptoris’mentem
3268 5181 3467 5236 clarius
3519 5184 3792 5250 expressit
3838 5181 3982 5240 Pro-

2406 5273 2522 5327 clus
2569 5272 2662 5324 lib.
2695 5287 2749 5334 ν,
2791 5286 2913 5341 cap.
2953 5271 3042 5338 29,
3074 5273 3163 5326 ubi
3205 5273 3283 5326 sic
3333 5273 3664 5343 distinguit:
3710 5275 3981 5329 mundum

2410 5365 2652 5434 indigere
2682 5363 2789 5418 Deo
2841 5365 3022 5430 Patre,
3057 5364 3132 5426 ὼς
3185 5364 3484 5418 ὑποστάτου
3536 5364 3642 5418 τῶν
3673 5365 3829 5429 ὅλων,
3881 5365 3983 5422 καὶ

2409 5458 2750 5529 γεννήτορος,
2795 5465 3042 5527 tanquam
3076 5456 3356 5526 fundatam
3399 5474 3430 5508 a
3472 5473 3572 5527 quo
3607 5455 3879 5522 (ulciatur,
3925 5469 3982 5512 et

2410 5554 2641 5623 genitore
2658 5567 2690 5607 ε’
2706 5551 2766 5606 τὸ
2793 5552 2846 5605 δὲ
2862 5551 3075 5622 γεννᾷν,
3095 5553 3185 5605 καὶ
3204 5551 3488 5623 παράγειν,
3508 5551 3598 5603 καὶ
3623 5549 3681 5602 τὺ
3705 5541 3984 5621 προνοῶι,

2411 5643 2545 5697 Θεῶν
2567 5645 2710 5699 ἐστιν
2744 5643 2893 5711 ἴδιον,
2939 5643 3163 5697 καθόσον
3201 5643 3305 5698 εἰσὶ
3342 5640 3475 5699 θεοί.
3508 5640 3685 5712 Ipsum
3721 5657 3836 5696 vero
3878 5656 3988 5714 go-
