4180 6332
231 402 300 461 93
1162 395 1619 454 DISSERTATIO
1652 395 1693 459 l,
1733 394 1804 448 AI

1933 391 1971 455 I,
2009 391 2095 444 DE
2128 387 2522 445 VALENTINO
3419 379 3490 434 94

238 535 440 584 iterare,
471 528 520 573 et
556 517 850 588 producere
892 523 938 569 et
968 514 1263 583 providere,
1307 514 1522 567 deorum
1559 530 1669 567 esse
1703 530 1824 580 pro—
1851 516 1898 571 Α
1927 526 1984 565 se
2041 510 2315 562 creavisse
2368 522 2452 560 res
2491 503 2773 568 conditas;
2823 503 2917 557 sed
2969 502 3019 556 id
3065 499 3208 570 quod
3255 500 3487 554 secutulo

235 615 432 680 prium,
463 620 726 678 quatenus
764 619 880 662 sum
919 607 1014 662 dii.
1070 606 1307 659 Primam
1340 605 1554 674 quidem
1592 619 1810 658 causam

239 719 358 757 esse
401 703 568 756 Deum
605 701 848 765 Patrem,
913 705 1183 768 quatenus
1243 696 1576 764 exemplaria
1634 711 1811 748 rermn

239 796 442 850 formas
481 794 846 856 continentia,
893 792 1089 860 quibus
1134 793 1440 860 dirigantur
1505 791 1598 852 dii,
1654 790 1806 841 minio

239 898 407 951 strat;
446 897 501 940 at
534 887 594 939 τὸ
622 886 956 956 γεννητικὸν.
993 885 1086 936 καὶ
1121 882 1477 935 ὑποστατικὸν
1501 882 1691 945 ἄλλων,
1721 879 1811 934 καὶ

237 978 590 1049 προνοητικὸν
635 978 816 1038 αὐτοῖς
857 975 1130 1045 διαφέρειν
1169 977 1281 1037 τοῖς
1312 975 1471 1037 Θεοῖς,
1518 976 1680 1040 ipsam
1722 989 1811 1042 ge-

235 1071 458 1124 nerandi
489 1072 614 1133 vim,
647 1079 694 1122 et
727 1069 891 1137 ipsam
919 1068 1147 1120 aliarum
1183 1084 1399 1120 causam
1435 1067 1807 1132 funtlatricem,

231 1172 281 1215 et
314 1166 482 1230 ipsam
529 1162 835 1231 providendi
879 1159 1186 1227 facultatem
1218 1160 1285 1212 ad
1318 1163 1452 1228 ipso:
1481 1161 1601 1212 deos
1643 1160 1812 1211 maxi-

234 1272 315 1308 me
382 1254 667 1322 pertinere.
735 1253 1021 1306 Consentit
1080 1252 1371 1306 Sallustius
1460 1252 1810 1320 philosophus

230 1345 326 1400 lib.
379 1345 457 1400 De
484 1348 587 1399 diis
643 1356 688 1397 et
742 1345 960 1407 niundo,
1006 1359 1124 1413 cap.
1179 1344 1262 1398 6:
1317 1344 1570 1407 Deorum,
1615 1344 1810 1412 inquit,

231 1438 324 1492 alii
360 1439 648 1500 mundani,
684 1437 772 1490 alii
826 1437 1269 1506 supermnndani.
1322 1437 1440 1487 Τῶν
1468 1437 1522 1488 δὲ
1559 1436 1714 1498 θεῶν,
1763 1439 1810 1489 οἱ

233 1533 332 1603 μέν
381 1533 517 1584 εἰσιν
577 1533 856 1601 ἐγκόσμιοι
887 1572 899 1596 ,
949 1535 996 1584 οἰ
1052 1532 1107 1584 δὲ
1162 1532 1538 1601 ὑπερκόσμιοι.
1588 1533 1812 1598 Ἐγκοσ-

229 1626 384 1693 μίους
417 1624 474 1675 δὲ
508 1624 670 1690 λέγω,
708 1624 900 1686 αὐτοὺς
949 1627 1073 1687 τοὺς
1133 1625 1222 1676 τὸν
1280 1624 1482 1692 κόσμον
1530 1623 1809 1685 ποιοῦντας

226 1715 402 1779 Θεοὺς,
441 1716 562 1766 Τῶν
599 1716 652 1768 δὲ
685 1715 1066 1785 ὑπερκοσμίων
1089 1755 1102 1778 ,
1137 1716 1184 1767 οἱ
1234 1714 1330 1784 μὲν
1365 1715 1552 1777 οὐσίας
1600 1714 1808 1766 ποιοῦσι

225 1809 384 1874 Θεῶν,
413 1812 461 1861 οἱ
493 1810 547 1861 δὲ
583 1810 722 1872 νοῦν,
756 1809 804 1862 οἱ
834 1807 886 1860 δὲ
913 1806 1109 1876 ψυχάς.
1141 1805 1437 1859 Mundanos
1454 1808 1566 1857 dico
1589 1824 1696 1870 eos,
1719 1809 1810 1875 qui

222 1903 911 1965 mundumcondunt,deos.
955 1900 1521 1967 Supermundanorum
1567 1916 1685 1952 vero
1715 1900 1811 1952 alii

222 2001 441 2044 deorum
476 1993 816 2056 substantias,
842 1992 936 2044 alii
960 2000 1206 2055 mentem,
1227 1992 1318 2043 alii
1343 1995 1545 2044 animus
1563 1992 1804 2059 efﬁciunt.

224 2083 483 2153 Ideoque,
511 2087 704 2154 pergit,
733 2085 869 2138 trino
894 2085 1076 2138 ordine
1101 2086 1555 2138 discriminantur.
1581 2085 1811 2137 Munda-

224 2194 416 2229 norum
451 2181 504 2228 lli
539 2184 768 2231 condunt
802 2178 1078 2240 mundum,
1112 2178 1208 2231 alii
1259 2179 1495 2231 eumdem
1549 2179 1806 2240 animant,

220 2271 315 2320 alii
339 2286 404 2321 ex
441 2272 602 2323 rariis
649 2271 970 2338 diversisque
1008 2280 1338 2336 compactum
1389 2272 1664 2338 adoptant,
1717 2270 1809 2321 alii

220 2363 537 2427 adoptatum
564 2365 889 2415 custodiunt.
928 2363 1079 2428 Quod
1117 2380 1243 2416 vero
1268 2363 1337 2415 dii
1379 2363 1449 2415 illi
1488 2373 1594 2414 tum
1651 2378 1808 2414 mun-

219 2456 368 2518 dani,
423 2467 535 2507 tum
580 2457 1004 2524 supermundani
1060 2456 1234 2524 primo
1303 2457 1410 2508 Deo
1454 2455 1613 2522 longe
1675 2455 1808 2507 inlc-

219 2544 392 2597 riores
441 2546 573 2607 sint,
621 2547 780 2598 docet
824 2561 943 2613 eap.
994 2545 1226 2613 praised.
1264 2546 1351 2598 ubi
1388 2547 1483 2608 ait,
1527 2544 1623 2614 τὴν
1659 2543 1808 2614 πρώ-

217 2654 316 2705 την
357 2637 536 2688 αἰτίαν
589 2639 714 2706 μίαν
756 2633 914 2700 εἶναι,
946 2640 1168 2706 primam
1219 2655 1433 2690 causam
1479 2655 1630 2688 unam
1675 2654 1804 2690 esse.

226 2729 435 2791 Παντὸς
472 2730 578 2800 γὰρ
604 2730 859 2799 πλήθους,
902 2731 1095 2799 iuqttit,
1124 2733 1334 2800 ἡγεῖται
1370 2729 1553 2798 μονὰς,
1580 2730 1804 2800 δυνάμει

214 2837 278 2872 τε
313 2823 404 2873 καὶ
459 2821 752 2892 ἁγαῦότητι
807 2822 980 2874 πάντα
1013 2825 1156 2892 νικᾷ·
1196 2823 1286 2874 καὶ
1316 2823 1402 2874 διὰ
1446 2823 1602 2874 τοῦτο
1631 2823 1805 2874 πάντα

220 2913 468 2983 μετέχειν
516 2915 731 2984 ἐκείνης
764 2914 996 2983 ἀνάγκη.
1059 2912 1396 2966 Multitudini
1429 2930 1647 2982 namque
1693 2916 1807 2966 uni-

218 3019 383 3055 rersa:
421 3016 608 3072 pra’est
644 3006 841 3067 unitas,
876 3006 1107 3072 potentia
1144 3015 1189 3056 et
1243 3007 1472 3056 bonitate
1503 3005 1675 3056 omnia
1715 3021 1804 3056 su-

215 3109 443 3161 perans;
479 3095 700 3164 ideoque
733 3095 975 3147 omnibus
1029 3096 1404 3147 communicari
1455 3110 1660 3146 necesse
1703 3104 1797 3148 est.

218 3185 538 3254 Eademque
571 3183 862 3238 Jamblichi
897 3186 1163 3238 sententia
1199 3195 1300 3247 est,
1345 3193 1478 3237 sect.
1522 3198 1573 3250 v,
1601 3199 1718 3252 cap.
1746 3183 1797 3236 9.
1831 3220 1872 3275 ϐ

221 3277 359 3329 Tum
393 3293 516 3344 cap.
567 3277 632 3330 14
681 3279 811 3330 deos
847 3278 925 3330 sic
969 3279 1219 3343 partitur,
1261 3287 1317 3328 ut
1366 3277 1456 3328 alii
1504 3279 1610 3328 sint
1640 3287 1804 3327 mate-

217 3367 398 3431 riales,
468 3365 557 3420 alii
630 3367 1019 3420 immateriates.
1056 3365 1355 3418 Materia/es
1387 3374 1541 3419 vocat
1572 3382 1683 3427 eos,
1713 3368 1801 3434 qui

216 3459 350 3511 licet
383 3475 410 3510 a
451 3459 678 3511 materia
711 3460 948 3512 maxime
991 3459 1326 3526 scparabiles
1367 3461 1495 3524 sint,
1533 3474 1651 3511 eam
1702 3459 1804 3510 im-

216 3550 495 3603 tnateriali
525 3566 620 3604 sua
657 3553 900 3618 potentia
937 3552 1407 3619 comprehemlnnt
1431 3561 1485 3603 et
1509 3560 1799 3613 exornant,

216 3643 378 3710 eique
410 3642 628 3703 adsunt,
664 3659 724 3694 ac
749 3645 1120 3708 dominantur,
1159 3650 1226 3697 ’et
1261 3659 1366 3695 una
1400 3658 1524 3695 cum
1561 3657 1622 3696 ea
1651 3643 1797 3696 exis-

219 3744 358 3786 tunt.
419 3734 799 3788 Immaterialcs
827 3737 1065 3805 appellat
1105 3751 1218 3799 eos,
1249 3735 1337 3803 qui
1373 3736 1595 3788 omnino
1623 3750 1651 3786 a
1691 3749 1803 3785 ma-

217 3826 354 3878 teria
382 3826 539 3878 liberi
584 3835 735 3889 sunt,
763 3828 920 3895 eique
966 3829 1122 3896 longe
1174 3826 1521 3894 prmcellunt.
1573 3826 1800 3880 Omnem

217 3930 401 3971 autem
460 3933 644 3970 rerum
704 3918 1062 3970 hmnanarum
1139 3918 1683 3971 administrationem
1734 3918 1802 3972 ad

220 4013 355 4064 deos
395 4011 697 4063 materiales
745 4012 1020 4079 pertinere.
1049 4011 1188 4074 vult,
1227 4027 1331 4064 non
1382 4011 1445 4063 ad
1481 4013 1803 4064 immateria-

216 4109 294 4158 [σε
345 4104 483 4172 (nisi
541 4116 808 4171 quatenus
876 4105 926 4156 hi
983 4104 1112 4156 deos
1157 4103 1456 4156 materia/es
1511 4118 1803 4171 eorumque

218 4196 495 4262 potentias
535 4197 587 4248 in
630 4211 710 4257 se,
745 4207 997 4263 tanquam
1039 4212 1200 4247 causa
1239 4211 1341 4247 una
1380 4207 1431 4248 et
1465 4194 1668 4266 [XLIII]
1693 4199 1804 4264 pri-

218 4303 328 4348 ma,
362 4287 850 4356 complectuntur),
881 4289 1030 4356 quia,
1076 4288 1478 4340 administratio
1522 4290 1637 4341 hmo
1679 4303 1800 4356 par-

221 4376 470 4429 tlcularis
506 4386 610 4440 est,
657 4386 708 4427 ct
745 4377 1036 4428 admistum
1095 4375 1259 4427 habet
1303 4375 1572 4442 quoddam
1617 4374 1802 4426 anxie-

219 4470 347 4519 tatis
377 4484 572 4536 genus,
613 4483 782 4535 neque
820 4469 1042 4519 omnino
1072 4483 1098 4517 a
1158 4467 1475 4534 corporibus
1522 4477 1798 4533 segregata

1915 611 2037 668 post
2085 599 2217 652 illud
2278 599 2397 650 loco
2432 595 2786 650 constitutum
2825 602 2930 656 est,
2964 591 3187 661 angelos
3216 590 3483 644 videlicet.

1915 693 2051 748 l-Iinc
2091 690 2386 745 Numenius
2440 689 2580 756 apud
2651 687 2983 749 Eusebium,
3054 685 3146 737 lib.
3201 698 3254 736 ιι
3312 681 3484 748 l’rmp.

1913 786 2167 854 evangel.,
2201 799 2323 851 cap.
2375 781 2461 848 18,
2495 782 2702 835 Platoni
2730 781 2845 834 haec
2873 780 3037 832 verba
3067 777 3289 830 tribuit:
3327 774 3371 828 0
3396 776 3490 829 lio-

1914 875 2098 935 mines,
2133 889 2285 938 quem
2321 888 2409 924 vos
2442 870 2777 923 arbitramini
2813 869 3042 938 primum
3089 867 3272 928 Deum,
3307 866 3488 918 mundi

1913 964 2177 1032 opiﬁcem,
2201 978 2305 1014 non
2344 972 2419 1014 est
2450 963 2672 1028 primus,
2705 963 2792 1014 sed
2829 971 2901 1013 est
2937 959 3109 1011 adhuc
3143 973 3200 1009 eo
3228 956 3483 1025 superior.

1912 1057 2006 1113 Cui
2051 1055 2208 1110 effata
2235 1054 2478 1109 concinit
2506 1052 2789 1108 oraculum
2839 1051 2978 1105 istud
3015 1069 3028 1104 :

1911 1189 2113 1242 Πάντα
2156 1190 2264 1258 γὰρ
2298 1189 2650 1251 ἐξετέλεσσε
2679 1185 2887 1258 Πατὴρ
2927 1188 3022 1239 καὶ
3057 1185 3140 1258 τῷ
3185 1185 3490 1258 παρέόιρκε

1913 1254 2194 1327 Δευτέρῴ,
2228 1254 2306 1312 i51-
2330 1258 2562 1326 πρῶτον
2583 1257 2827 1327 κληΐζξί
2853 1257 3012 1309 ἅπαν
3036 1255 3207 1326 γένος
3229 1254 3480 1323 ἀνδρῶν.

1918 1325 2108 1381 Omnia
2168 1325 2424 1397 siquidem
2493 1329 2704 1395 perfecit
2742 1325 2919 1390 Pater,
2960 1336 3006 1378 et
3046 1325 3216 1379 menti
3264 1327 3483 1380 tradidit

1916 1398 2191 1467 Secunda,
2227 1416 2380 1468 quant
2416 1399 2642 1465 primum
2670 1397 2834 1450 Deum
2860 1407 3008 1450 vocat
3036 1414 3183 1450 omne
3207 1399 3484 1538 {taurinum

3233 1483 3412 1536 genus.

3233 1483 3412 1536 genus.

1914 1610 2066 1677 Quod
2097 1623 2375 1678 exponens
2404 1605 2610 1662 Psellus
2645 1605 2744 1668 ait,
2790 1603 3022 1658 Mentem
3066 1607 3356 1658 secundam
3389 1618 3484 1657 vo-

1913 1702 2025 1756 cari
2060 1702 2128 1755 ab
2177 1690 2489 1754 hominibus
2530 1697 2698 1751 Deum
2747 1697 3009 1764 primum,
3047 1696 3188 1763 quod
3235 1695 3484 1749 nesciant

1913 1791 2124 1846 Patrem
2158 1807 2490 1862 supremum.

1985 1887 2074 1939 69.
2115 1887 2195 1937 Ab
2227 1885 2309 1938 his
2341 1884 2581 1939 fontibus
2613 1884 2818 1940 ellluxit
2849 1883 3154 1937 communis
3189 1882 3480 1936 Gnostico-

1914 1993 2031 2030 rum
2071 1978 2309 2031 omnium
2355 1978 2643 2042 sententia,
2676 1963 2898 2046 Angelis
2945 1986 3053 2028 tum
3087 1976 3326 2039 creandi,
3368 1984 3480 2026 tum

1915 2070 2137 2138 regendi
2174 2068 2356 2134 mundi
2389 2082 2582 2121 munus
2613 2068 2927 2137 impositum
2969 2066 3156 2120 fuisse.
3188 2063 3299 2119 Nec
3325 2081 3481 2120 secus

1912 2179 2132 2218 sensere
2180 2161 2563 2216 Valentiniani.
2597 2161 2854 2228 Quamvis
2906 2163 3052 2216 enim
3106 2162 3482 2228 Demiurgum,

1912 2255 2078 2308 Deum
2122 2265 2175 2308 et
2205 2255 2418 2308 Patrem
2450 2254 2723 2308 interdum
2771 2254 3136 2318 nominarent,
3175 2267 3362 2306 revera
3396 2261 3482 2306 ta-

1912 2365 2031 2400 men
2075 2349 2213 2401 intra
2266 2357 2470 2402 natura:
2511 2347 2766 2416 angelicae
2808 2348 3006 2401 limites
3058 2345 3477 2400 concludebant.

1914 2438 2253 2506 Domini-gum
2276 2449 2320 2491 et
2349 2438 2519 2504 ipsum
2548 2437 2791 2506 angelum
2819 2454 2930 2490 esse
2959 2438 3162 2501 dicunt,
3197 2436 3304 2490 Deo
3330 2437 3476 2489 siml-

1910 2529 2031 2587 lem,
2083 2529 2260 2596 inquit
2310 2528 2545 2583 Ircna‘ns
2585 2529 2677 2581 Iib.
2719 2544 2755 2591 ι,
2792 2543 2911 2597 Cap.
2947 2528 3002 2590 5,
3036 2545 3089 2584 ιι.
3115 2530 3168 2592 2,
3204 2537 3256 2582 et
3286 2528 3381 2580 ιιι).
3419 2542 3478 2588 tt,

1911 2636 2030 2686 cap.
2072 2622 2123 2681 8,
2163 2638 2213 2672 ιι.
2243 2621 2294 2672 5.
2323 2619 2431 2673 Nec
2464 2621 2641 2673 minus
2665 2632 2849 2688 aperte
2875 2622 3066 2674 scribit
3095 2620 3188 2673 lib.
3233 2636 3308 2681 tv,
3337 2636 3387 2676 e.
3424 2618 3475 2684 1,

1911 2730 1963 2765 ιι.
1998 2713 2051 2777 1,
2085 2714 2226 2767 hanc
2261 2727 2380 2765 esse
2413 2713 2913 2766 Valentiuianornm
2945 2722 3201 2775 tuentem,
3233 2712 3480 2766 Demiar-

1910 2823 2028 2874 gum
2080 2806 2399 2856 naturaliter
2430 2821 2590 2873 neque
2635 2804 2822 2868 Deum,
2869 2822 3033 2874 neque
3083 2805 3293 2858 Patrem
3343 2822 3474 2871 esse,

1906 2901 1993 2951 sed
2033 2901 2180 2951 verbo
2211 2909 2360 2951 tenus
2405 2899 2529 2964 dici,
2556 2915 2613 2952 eo
2643 2899 2780 2967 quod
2817 2900 3120 2951 dominetur
3156 2900 3473 2953 conditioni.

1906 2991 2056 3055 Quod
2075 3001 2126 3044 et
2146 2991 2282 3043 idem
2309 2991 2373 3043 dc
2391 2989 2706 3059 Entbymesi
2727 3007 2818 3044 seu
2838 2990 3140 3044 Achamoth
3161 2992 3472 3050 dicendum.

1906 3083 1971 3137 Et
2008 3083 2130 3135 hinc
2154 3093 2239 3134 est
2272 3081 2415 3150 quod
2447 3090 2671 3135 sanctus
2703 3083 2892 3135 doctor
2923 3083 3034 3136 haxc
3087 3085 3473 3137 licercticornm

1907 3175 2093 3228 deliria
2127 3173 2417 3227 contutans
2468 3172 2607 3226 libro
2652 3189 2688 3227 ιι
2725 3174 3035 3230 nullatenus
3067 3176 3208 3228 inter
3234 3176 3474 3230 Valenti-

1908 3267 2099 3318 nianos
2149 3276 2487 3332 eteterosqne
2519 3264 2811 3319 Gnosticos
2855 3265 3304 3334 distinguit;'sed
3353 3281 3478 3334 pro-

1906 3358 2035 3410 bare
2068 3358 2198 3410 satis
2229 3371 2350 3409 esse
2374 3357 2473 3410 sibi
2501 3357 2711 3410 censuit
2744 3357 2998 3410 matulam
3022 3373 3124 3410 non
3156 3360 3223 3412 ab
3247 3360 3474 3427 angelis,

1906 3459 1997 3503 aut
2028 3450 2392 3518 archangelis,
2424 3451 2518 3503 sed
2545 3451 2612 3503 ab
2639 3465 2744 3502 uno
2778 3458 2830 3502 et
2861 3449 3049 3504 eodem
3095 3450 3206 3504 Deo
3231 3460 3284 3504 et
3316 3451 3477 3505 Patre

1907 3544 2188 3598 conditura
2229 3544 2419 3597 fuisse.
2465 3542 2766 3597 Commune
2808 3559 2933 3596 vero
2966 3551 3077 3596 tum
3115 3544 3472 3613 philosophis,

1909 3647 2020 3688 tum
2072 3635 2344 3688 haereticis
2399 3635 2590 3688 isthmc
2634 3634 2918 3688 assereudi
2973 3636 3296 3704 principium
3351 3635 3470 3700 fuit,

1913 3727 2079 3781 Deum
2121 3745 2393 3780 summum
2431 3739 2484 3780 et
2515 3725 2731 3781 Patrem
2762 3727 3000 3794 ignotum
3041 3744 3104 3782 ac
3147 3728 3471 3781 invisibilem

1906 3837 2026 3874 esse
2077 3837 2142 3874 ac
2199 3820 2489 3884 mansisse,
2525 3834 2622 3874 nec
2663 3833 2757 3887 per
2795 3834 2972 3872 rerum
3014 3819 3340 3874 creationem
3388 3834 3474 3873 se-

1908 3916 2082 3981 ipsnm
2108 3912 2514 3965 manifestando
2537 3913 2838 3980 prodidisse
2867 3935 2876 3967 :
2899 3913 3019 3967 aliis
3037 3913 3474 3967 existimantibus

1908 4004 1999 4056 llei
2036 4003 2372 4070 maiestatem
2414 4002 2556 4055 haud
2583 4003 2796 4066 decere,
2832 4014 2890 4056 ut
2923 4003 2988 4056 ad
3039 4018 3216 4056 rerum
3247 4002 3473 4056 inferio-

1907 4113 2024 4149 rmn
2055 4112 2243 4150 curam
2298 4111 2397 4166 per
2426 4097 2661 4164 seipsnm
2697 4096 3098 4165 suscipiendam
3137 4112 3257 4150 sese
3283 4097 3475 4150 demit-

1909 4199 2072 4250 teret;
2105 4189 2224 4242 aliis
2252 4187 2591 4252 timentibus,
2625 4204 2689 4241 ne
2711 4188 2850 4241 mala
2885 4190 3082 4258 quibus
3116 4187 3474 4242 labefactatur

1905 4280 2073 4341 orbis,
2107 4280 2155 4331 in
2185 4281 2356 4347 ipsum
2403 4279 2843 4344 refunderentur,
2877 4281 2920 4333 si
2973 4282 3118 4334 hunc
3162 4281 3279 4348 ipse
3319 4293 3475 4348 rege-

1907 4381 1989 4424 ret
2015 4373 2446 4440 creavissetque.
2474 4371 2610 4424 llinc
2637 4381 2828 4440 sponte
2875 4371 3092 4435 fluebat,
3131 4373 3279 4425 orbis
3329 4373 3469 4440 regi-

1908 4479 2029 4516 men
2068 4475 2119 4517 et
2159 4466 2489 4518 creationem
2526 4465 2746 4518 alterius
2785 4465 3083 4533 cujuspiam
3118 4480 3144 4516 a
3177 4465 3281 4518 Deo
3307 4465 3468 4518 Patre

217 4569 325 4620 est,
361 4575 458 4612 nec
491 4575 689 4626 capere
726 4569 904 4626 potest
945 4559 1202 4626 liquidam
1243 4568 1299 4610 et
1348 4557 1788 4624 imperturbatam
1823 4557 1866 4610 D
1896 4573 2028 4625 opus
2054 4568 2106 4610 et
2131 4557 2374 4610 effectum
2401 4572 2562 4611 esse:
2599 4573 2830 4626 cumque
2877 4561 3052 4610 neutri
3091 4560 3253 4610 ullam
3291 4562 3455 4612 aliam

218 4653 690 4720 gubernationem.
753 4652 934 4714 Quare
995 4659 1130 4704 sect.
1189 4667 1246 4712 ιι,
1291 4651 1522 4703 divorsis
1575 4651 1793 4702 deormn

220 4745 544 4799 inferiorum
573 4745 864 4814 generibus
896 4755 948 4797 et
987 4745 1273 4796 ordinibus
1324 4745 1564 4795 diversas
1595 4743 1647 4795 in
1695 4743 1795 4793 ad-

219 4838 623 4892 ministratione
655 4837 861 4898 mundi,
891 4838 1112 4904 perinde
1143 4846 1304 4903 atque
1339 4835 1651 4898 Sallustius,
1687 4845 1796 4887 sta-

220 4931 425 4990 tiones,
458 4929 629 4982 oflieia
666 4938 719 4980 et
751 4930 1058 4981 functiones
1090 4929 1352 4994 assignat.
1381 4928 1469 4980 Sic
1504 4928 1702 4993 pariter
1744 4935 1796 4978 et

215 5021 444 5074 Ficinns
485 5021 538 5073 in
590 5018 814 5071 Critian:
865 5018 1131 5080 Platonis,
1189 5021 1318 5071 deos
1369 5019 1419 5070 in
1470 5017 1796 5086 superccele-

215 5122 352 5176 stes,
394 5110 644 5163 ctelestes
667 5119 721 5163 et
749 5111 1100 5164 subcoelestes
1139 5128 1205 5163 ex
1239 5110 1637 5163 Platonicorum
1674 5126 1796 5163 sen-

218 5204 388 5256 tentia
431 5203 699 5271 partitur;
742 5204 933 5272 primis
961 5203 1346 5271 amplissimam
1378 5203 1792 5270 providentiam,

215 5294 473 5348 secundis
528 5294 706 5348 mimis
760 5294 1017 5361 amplam,
1070 5295 1460 5363 posterioribus
1512 5295 1576 5345 ad
1627 5309 1797 5361 angu-

216 5385 393 5438 stiora
447 5385 726 5438 redactam
787 5387 999 5446 tribuit,
1051 5397 1232 5455 utpote
1286 5388 1374 5454 qui
1422 5388 1586 5438 certis
1639 5395 1796 5436 terra:

216 5475 392 5543 plagis
453 5490 749 5544 rerumque
810 5479 1098 5544 generibus
1166 5479 1342 5530 divina
1415 5479 1796 5532 distributione

217 5567 442 5637 pra-sint
480 5584 493 5620 :
532 5569 982 5635 quemadmodum
1022 5581 1075 5622 et
1120 5571 1366 5624 ctelestes
1399 5571 1485 5623 alii
1520 5571 1637 5623 aliis
1673 5573 1792 5625 coeli

218 5661 492 5727 partibus,
537 5662 765 5728 splizeris
804 5673 857 5716 et
892 5661 1063 5715 stellis
1096 5675 1506 5732 pracpommtur.
1561 5665 1634 5716 Ex
1671 5665 1794 5733 qni-

220 5753 322 5803 hns
354 5751 608 5805 omnilms
648 5753 851 5821 liquido
884 5763 1092 5808 certum
1116 5767 1218 5820 est,
1255 5757 1533 5810 Platonem
1570 5756 1795 5825 ejusque

221 5843 516 5913 discipulos
552 5861 658 5900 non
689 5847 1030 5904 existimasse
1077 5851 1303 5918 primum
1348 5850 1668 5920 principium
1701 5866 1796 5919 per

1901 4651 2042 4701 ultra
2073 4652 2216 4702 hunc
2243 4650 2356 4702 sive
2387 4664 2697 4717 personam,
2737 4649 2847 4702 sive
2880 4659 3126 4701 naturam
3164 4649 3466 4718 intelligen-

1901 4753 2006 4796 tem
2035 4751 2258 4796 nossent
2286 4757 2447 4809 quam
2473 4743 2791 4810 angelicam,
2821 4741 2870 4794 in
2900 4741 3040 4794 hanc.
3065 4744 3243 4810 operis
3275 4745 3466 4798 molem

1901 4838 2224 4890 recumbere
2263 4837 2569 4889 voluerunt.
2603 4835 2732 4901 Quae
2784 4851 2950 4904 prava
2994 4837 3120 4892 inde
3141 4851 3468 4894 enascantur

1899 4930 2264 4990 consectaria,
2300 4929 2461 4997 paulo
2492 4944 2612 4998 pOSt
2641 4930 2958 4983 referemus.

1971 5020 2059 5074 70.
2105 5021 2348 5084 Interim,
2388 5020 2530 5087 quod
2582 5021 2838 5073 mundum
2881 5022 3022 5074 hunc
3053 5022 3368 5079 inferiorem
3402 5026 3476 5077 ad-

1899 5113 2217 5182 snperioris,
2245 5128 2338 5166 seu
2376 5112 2699 5166 Pleromatis
2727 5114 3014 5177 imaginem
3051 5114 3289 5168 cllietnm
3321 5117 3472 5170 dice-

1900 5206 2031 5257 bant
2066 5203 2449 5267 Valentiniani,
2477 5206 2708 5257 alterum
2755 5205 3020 5259 doctrinm
3052 5207 3348 5261 Platonica:
3375 5223 3465 5261 ca-

1899 5307 1993 5364 put
2027 5307 2130 5359 est,
2180 5297 2324 5363 quod
2374 5297 2424 5349 in
2477 5313 2628 5350 suam
2673 5298 3013 5367 hypothesim
3051 5301 3462 5354 transtulerunt.

1900 5386 2254 5440 Notissimnm
2289 5389 2509 5456 quippe,
2542 5403 2637 5442 nec
2669 5388 2834 5442 semel
2867 5405 2893 5440 a
2926 5389 3213 5456 nobisjam
3239 5391 3463 5455 dictum,

1901 5481 2232 5533 invisibilem
2267 5496 2362 5532 seu
2411 5481 2637 5534 idealem
2691 5482 2930 5534 Platonis
2963 5483 3245 5544 mundum,
3279 5499 3472 5537 rerum

1900 5572 2144 5625 omnium
2180 5573 2330 5625 ideas
2379 5582 2430 5624 et
2482 5571 2680 5626 formas
2736 5590 2763 5625 a
2816 5573 2906 5627 Dei
2959 5584 3132 5628 mente
3175 5587 3469 5643 conceptas

1899 5667 2213 5729 continere;
2248 5681 2381 5733 quas
2406 5666 2621 5734 quidem
2656 5681 2937 5733 supremus
2962 5666 3124 5719 Pater
3146 5667 3466 5736 angelorum

1900 5759 2152 5826 Opiﬁcnm
2182 5759 2454 5813 mentibus
2486 5759 2835 5824 insculpit,et
2865 5760 3019 5827 quasi
3053 5759 3226 5813 oculis
3251 5760 3468 5827 objicit,

1904 5865 1952 5907 ut
1986 5854 2050 5907 ad
2099 5854 2242 5907 illius
2276 5853 2552 5922 archetypi
2585 5853 2888 5921 exemplum
2931 5853 3183 5908 tnundu'n
3217 5852 3356 5908 hunc
3390 5853 3463 5908 in-
