4180 6332
729 349 796 405 95
1535 351 2128 412 DlSSERTATlONES
2159 356 2380 414 PB/EW

2328 357 2464 416 VM":
2501 357 2571 414 ΙΝ
2605 357 2863 415 ῙΒΕΝᾹΞΙ
2895 358 3164 417 LIBROS.
3902 366 3973 423 96

726 471 983 528 feriorem
1034 471 1322 530 eﬂorment
1354 491 1367 526 :
1399 484 1453 529 et
1505 488 1796 546 eapropter
1829 482 2053 550 scripsit
2078 479 2296 537 Tertul-
2323 484 2371 544 Α
2400 481 2595 551 duplex
2633 483 2940 539 daemonum
2976 498 3168 553 genus,
3199 482 3466 539 bonorum
3497 483 3750 540 videlicet
3773 493 3826 540 et
3855 503 3971 543 ma-

725 563 904 620 lianus
938 567 990 620 in
1021 565 1117 621 lib.
1153 566 1229 620 De
1260 569 1460 632 anima,
1495 585 1617 638 cap.
1640 571 1726 636 l7,
1758 573 1812 626 in
1845 574 1981 628 ideis
2002 573 2297 630 Platonicis
2402 572 2602 641 lorum,
2637 589 2759 629 esse
2800 574 3175 629 statuendum.
3211 571 3382 630 Secus
3414 576 3726 632 sentiebant
3767 576 3969 649 Pytha-

725 656 958 712 relucere
1006 658 1254 713 hwretica
1304 662 1505 716 sentina
1542 662 1917 719 Gnosticorum
1965 677 2016 721 et
2058 666 2295 722 Vatenti-
2399 681 2558 737 goras
2612 665 2812 736 aliique
2842 674 3080 730 veteres,
3118 665 3314 735 quibus
3355 666 3501 721 aliud
3541 667 3844 724 dzemonum
3875 687 3971 738 ge-

724 749 1031 807 m'anorum.
1066 753 1257 822 Angeli
1290 754 1451 808 etiam
1489 766 1543 810 et
1584 757 1932 829 Archangeli,
1964 774 2104 830 quos
2143 771 2297 817 creat
2398 773 2521 821 nus,
2556 773 2717 828 quam
2761 756 2962 826 ἁγνῶν,
3003 772 3263 828 purorum
3306 767 3362 814 et
3403 759 3794 826 beneﬁcorum,
3826 763 3969 818 haud

722 838 1116 897 hazreticorum
1169 844 1516 915 Demiurgus,
1568 849 1744 920 angeli
1776 863 1872 904 seu
1915 849 1990 905 dii
2033 852 2293 907 mundani
2397 851 2640 921 agnitum
2673 849 2846 906 fuisse
2873 852 3110 921 probant
3138 865 3202 907 ea
3233 853 3503 918 carmina,
3537 868 3658 924 qua:
3679 854 3840 925 vulgo
3863 854 3970 927 Py-

721 942 872 1001 sunt,
900 949 1037 1004 quos
1071 951 1100 988 a
1152 938 1524 1006 superioribus
1557 944 1875 1012 progenitos
1911 959 2055 1009 esse,
2110 948 2294 1001 multi-
2395 943 2638 1013 thagoraa
2687 945 3052 1004 ascribuntur.
3096 946 3167 1001 At
3208 962 3330 1001 cum
3380 946 3533 1003 Plato
3577 948 3630 1002 in
3674 946 3869 1002 Timeo
3912 959 3968 1003 et

720 1025 847 1094 plici
877 1028 1088 1096 ordine,
1116 1029 1258 1085 serie.
1289 1040 1346 1086 et
1371 1033 1741 1102 successione,
1772 1038 2086 1093 statuebant
2116 1039 2295 1096 Plato-
2395 1036 2523 1092 alibi
2563 1035 2820 1107 placitum
2862 1039 3006 1093 istud
3038 1049 3132 1092 aut
3159 1039 3482 1105 induxisset,
3515 1049 3608 1094 aut
3641 1056 3830 1096 recens
3865 1057 3968 1095 na—

718 1119 848 1173 nici.
888 1119 956 1176 Ut
1011 1123 1155 1177 enim
1202 1124 1574 1196 Arcbangelos
1619 1128 1744 1193 diis,
1803 1130 1881 1185 sic
1914 1131 2154 1201 Angelos
2183 1134 2290 1189 Ar—
2396 1137 2508 1183 tum
2540 1129 2945 1197 conﬁrmasset,
2982 1129 3034 1184 in
3077 1129 3384 1185 daemonum
3415 1133 3662 1187 ordinem
3715 1132 3967 1188 referen-

717 1213 1021 1289 changelis,
1065 1217 1284 1286 Angelis
1327 1219 1546 1286 heroes,
1577 1220 1839 1277 heroibus
1885 1224 2292 1295 animassubji-
2392 1219 2632 1276 dasesse
2662 1223 2876 1277 animas
2911 1223 3166 1289 heroum,
3193 1224 3246 1277 id
3280 1234 3365 1280 est
3412 1237 3608 1279 eorum
3659 1225 3962 1290 hominum.

718 1306 962 1360 ciebant.
1013 1308 1300 1366 Animatos
1341 1311 1471 1366 item
1518 1322 1724 1384 septem
1756 1314 2122 1387 planetarum,
2154 1317 2290 1374 alia-
2392 1311 2484 1382 qui
2531 1320 2643 1368 tum
2689 1313 3046 1370 beneﬁcelllia
3089 1315 3505 1372 acliberalilale
3529 1332 3659 1387 erga
3707 1321 3964 1386 Patriam.

717 1412 948 1468 rumque
997 1400 1285 1458 stellarum
1331 1404 1515 1472 orbes,
1567 1415 1623 1462 et
1680 1407 1954 1464 intellectu
2006 1411 2287 1481 praeditos,

2393 1413 2506 1458 tum
2546 1403 2761 1473 iustitia
2811 1420 2876 1461 ac
2907 1407 3111 1475 pietate
3153 1420 3266 1477 pra:
3310 1408 3526 1463 caeteris
3559 1407 3961 1476 excelluerant;

716 1490 824 1544 imo
849 1499 904 1546 et
933 1491 1172 1563 Angelos
1198 1510 1338 1560 esse,
1376 1512 1528 1567 teque
1554 1497 2021 1570 acValentiuiani,
2050 1505 2289 1562 sustine-
2390 1494 2517 1551 hinc
2547 1497 2616 1552 ad
2659 1496 3103 1566 ampliﬁcaridam
3147 1497 3458 1554 ἀθεωοηυῐη
3496 1499 3710 1554 “illlam
3754 1500 3964 1555 adimi“

714 1581 883 1649 bant;
925 1599 1032 1639 non
1067 1587 1287 1655 quidem
1321 1590 1534 1645 ratione
1565 1592 1754 1648 forma:
1788 1593 2158 1662 informantis,
2191 1599 2285 1654 sed

2391 1590 2495 1646 sibi
2523 1590 2632 1647 cito
2676 1593 2987 1662 patefecere
3033 1593 3276 1649 adulatio
3317 1601 3374 1648 et
3417 1593 3600 1647 timor.
3637 1592 3965 1662 Quicunque

709 1678 1048 1744 assistentis,
1077 1690 1136 1736 ut
1167 1682 1465 1752 loquuntur
1506 1684 1558 1738 in
1610 1687 1844 1755 scholis;
1878 1691 1980 1758 vel,
2021 1701 2081 1745 ut
2122 1708 2288 1762 expo-

2388 1682 2536 1735 enim
2584 1681 2687 1737 viri
2735 1693 2990 1752 potentes
3049 1684 3404 1755 popularibus
3459 1683 3574 1738 suis
3620 1682 3962 1740 formidolosi

711 1771 914 1828 ncbant
949 1775 1343 1843 Valentiniani,
1376 1795 1482 1834 non
1512 1795 1595 1846 re,
1627 1782 1719 1836 sed
1749 1788 1986 1852 virtute;
2012 1797 2280 1855 quatenus
2317 1831 2357 1855 η
2389 1775 2668 1840 νίκθτδηι,
2701 1776 2784 1831 νει
2817 1776 3059 1845 qualibet
3111 1777 3216 1830 alia
3269 1777 3483 1831 Υθῑίοηθ
3511 1791 3709 1831 nomen
3739 1776 3840 1830 δῖδί
3876 1778 3966 1832 ία-

1309 1831 1342 1843 κ,
1377 1831 1387 1832 ,
1549 1831 1595 1846 -,
1627 1831 1717 1836 π-
1762 1831 1986 1852 .------,
2052 1831 2280 1843 _...-....-

711 1865 1002 1936 unicuique
1039 1869 1180 1923 coelo
1213 1879 1269 1925 et
1309 1871 1475 1928 sideri
1503 1874 1796 1943 praefectus
1839 1831 2273 1951 adest‘Angelus,
2317 1831 2359 1885 Β

2317 1831 2469 1921 Bter
2521 1882 2649 1923 suos
2701 1869 2964 1936 fecerant,
3030 1870 3158 1925 licet
3205 1870 3474 1940 impuram
3524 1868 3965 1940 ﬂagitiosamquc

705 1957 800 2024 qui
855 1969 1034 2017 motus
1067 1961 1230 2031 hujus
1282 1976 1435 2035 regat
1480 1981 1544 2020 ac
1597 1969 1927 2038 moderetur,
1975 1982 2032 2026 ut
2075 1975 2278 2042 passim
2382 1960 2549 2014 vitam
2583 1960 2889 2026 duxissent,
2925 1961 3126 2016 mortui
3161 1959 3320 2015 facile
3359 1961 3690 2015 invenerunt
3739 1967 3793 2013 et
3819 1958 3958 2013 adu-

705 2050 978 2120 explicant
1031 2053 1316 2112 Platonici.
1366 2058 1584 2130 ﬂosque
1657 2072 1866 2133 septem
1935 2067 2277 2135 pianemmm
2382 2051 2602 2118 latores,
2640 2053 2731 2122 qui
2766 2068 2859 2108 eos
2897 2055 2951 2108 in
3001 2054 3229 2107 heroum
3272 2067 3337 2106 ac
3390 2053 3695 2106 daemonum
3730 2066 3963 2106 numero

703 2145 927 2199 orbibus
977 2147 1263 2215 praefectos
1330 2151 1562 2221 Angelos
1583 2194 1599 2218 ,
1655 2167 1857 2225 septem
1889 2159 2279 2235 Kac-“0193,10-
2380 2145 2734 2211 collocarent,
2768 2155 2937 2216 atque
2967 2162 3120 2202 sacra
3148 2149 3532 2210 decernerent,
3563 2152 3616 2198 et
3642 2144 3864 2214 ignavos
3892 2161 3963 2200 ac

705 2253 810 2308 ρας
869 2254 990 2294 esse
1043 2253 1197 2311 puta,
1227 2243 1292 2297 de
1325 2245 1521 2313 quibus
1563 2247 1918 2306 Damascius:
1964 2270 2275 2324 quanquam
2380 2239 2600 2292 timidos
2637 2238 2909 2305 homines,
2939 2238 3144 2320 quisic
3193 2237 3583 2292 collocatorum
3633 2237 3959 2291 memoriam

703 2329 818 2397 ipse
843 2330 1318 2406 Κοσμοκρατόρων
1351 2338 1600 2392 ordinem
1636 2342 1903 2411 duplicem
1949 2362 2069 2401 esse
2114 2350 2274 2416 velit;
2380 2329 2578 2386 divinis
2632 2331 2930 2386 honoribus
2962 2331 3325 2386 celebrarent.
3385 2332 3490 2387 Sed
3538 2346 3661 2386 cum
3711 2327 3950 2385 ridicula

699 2419 793 2475 alii
825 2423 1089 2492 siquidem
1132 2430 1391 2484 mundum
1433 2433 1790 2501 superiorem,
1827 2453 1920 2492 seu
1969 2441 2273 2508 εωιεειθω.
2380 2423 2468 2477 illa
2493 2422 2812 2492 faciliorque
2835 2424 3172 2494 apotheosis,
3213 2441 3317 2495 qua
3345 2425 3594 2479 scelestis
3624 2423 3961 2478 mortalibus

699 2515 791 2569 alii
830 2516 1147 2574 inferiorem
1183 2522 1562 2579 moderantur:
1593 2529 1734 2594 quod
1757 2538 1811 2584 et
1843 2532 2018 2600 ipsum
2048 2534 2276 2592 13ml)“-
2379 2532 2537 2571 sacra
2597 2517 2870 2573 interdum
2926 2517 3391 2580 decernebantur,
3432 2517 3634 2572 invicta
3693 2518 3963 2571 adversus

697 2609 833 2664 chus
891 2620 1028 2666 sect.
1085 2629 1121 2667 ιι
1165 2614 1362 2682 innuit,
1403 2616 1489 2670 ubi
1525 2619 1831 2678 Archontas
1876 2625 2118 2696 duplices
2157 2632 2274 2686 dis-
2380 2609 2656 2665 “Micam
2697 2610 3017 2680 religionem
3051 2619 3374 2681 argumenta
3397 2609 3729 2664 Cl'risuams
3760 2624 3963 2678 sul’pe‘

697 2703 915 2774 tinguit,
949 2705 1085 2761 alios
1108 2709 1445 2778 superiores,
1471 2712 1604 2768 alios
1637 2715 2042 2778 inferior-93.15x
2077 2723 2272 2781 horum
2377 2701 2611 2769 ditaret;
2664 2701 2858 2758 horum
2897 2704 3004 2759 vim
3043 2711 3204 2773 atque
3245 2704 3459 2773 pondus
3501 2712 3560 2758 ut
3613 2703 3961 2759 declinarent

696 2811 920 2853 nurnero
962 2799 1128 2856 fuisse
1179 2804 1393 2860 videtur
1436 2806 1528 2863 ille
1564 2807 2069 2871 Valentinianorum
2138 2820 2275 2875 Cos-
2377 2795 2706 2865 Philosophi.
2758 2795 2955 2867 duplex
3021 2796 3324 2852 dmmom'"
3379 2797 3718 2865 ιιενουηιίιυθ
3777 2811 3959 2866 8‘3"“3

697 2901 978 2948 mocrator
1007 2909 1101 2950 seu
1142 2897 1415 2964 diaholns,
1447 2904 1732 2974 omnisque
1773 2907 2041 2964 malorum
2072 2913 2269 2969 dgmo,
2375 2897 2617 2945 statuere
2644 2891 2817 2945 coacti
2852 2899 3000 2955 sunt,
3034 2890 3261 2946 alterum
3294 2889 3623 2953 beneficum,
3647 2889 3956 2944 maleficum

696 3001 822 3038 num
856 2997 1096 3052 caterva,
1127 3006 1289 3060 quam
1323 2995 1617 3062 spiritalem
1660 2999 1926 3055 malitiam
1974 3007 2267 3074 vocabant,
2374 2983 2606 3038 alterum
2643 2992 2697 3039 et
2742 2984 3145 3050 malesuadum;
3201 2983 3311 3038 illis
3369 2982 3588 3051 quidem
3630 2981 3747 3037 ﬁeri
3794 2997 3956 3037 53c“

695 3093 967 3148 quamque
995 3095 1022 3133 a
1055 3081 1349 3153 Demiurgo
1377 3100 1442 3139 ex
1482 3087 1836 3145 Acharnotha:
1881 3094 2105 3149 tristitia
2139 3112 2270 3152 ροη-
2374 3077 2599 3134 honoris
2632 3094 2693 3132 ac
2725 3079 3005 3149 religionis
3035 3095 3221 3143 causa,
3254 3086 3307 3133 et
3335 3085 3391 3132 ut
3420 3078 3792 3147 opitulentur;
3830 3078 3958 3133 istis

694 3170 860 3224 ditam
910 3174 1254 3228 asserebant.
1305 3177 1414 3231 cur
1452 3194 1578 3233 vero
1627 3180 1732 3237 hoc
1778 3184 2039 3243 imeresse
2070 3191 2268 3246 vene,”
2297 3183 2340 3243 ο
2371 3184 2505 3226 vero
2529 3172 2798 3226 cautionis
2851 3188 2916 3227 ac
2961 3171 3289 3240 provisionis
3337 3171 3535 3241 gratia,
3573 3186 3638 3225 ne
3692 3181 3954 3226 noceant.

693 3262 1042 3332 Demiurgum
1095 3267 1238 3320 inter
1285 3278 1338 3321 et
1385 3267 1826 3339 Cosmocratora,
1870 3279 2015 3345 quod
2065 3279 2156 3334 hic
2204 3296 2266 3336 ea
2371 3269 2465 3322 Sic
2497 3266 2611 3323 fere
2647 3284 2760 3323 rem
2785 3266 3059 3336 explicant
3083 3264 3420 3320 Jamblichus
3448 3265 3494 3296 ⁷⁸
3521 3273 3572 3318 et
3603 3264 3716 3317 alii.
3749 3263 3798 3318 ls
3819 3279 3958 3318 vero

689 3371 810 3424 qua:
839 3367 965 3412 sunt
1010 3374 1176 3429 super
1198 3375 1319 3414 eum
1374 3362 1726 3433 intelligeret,
1788 3368 1930 3424 alter
1967 3371 2267 3441 ignoraret,

2371 3361 2500 3415 licet
2545 3375 2651 3416 non
2697 3369 2857 3429 neget
2899 3362 3171 3416 daemones
3210 3363 3472 3432 quosdam
3521 3373 3718 3418 natura
3776 3365 3956 3419 malos

691 3450 833 3505 haud
861 3450 1020 3506 facile
1048 3455 1332 3522 quisquam
1355 3456 1737 3514 dixerit.Haue
1759 3463 1976 3530 quidem
2001 3465 2266 3522 rationem

2371 3471 2493 3511 esse
2523 3465 2578 3511 et
2624 3456 2924 3526 improbos,
2962 3457 3054 3526 qui
3102 3467 3284 3512 tamen
3315 3474 3343 3510 a
3383 3468 3582 3511 natura
3638 3458 3710 3510 ita
3744 3459 3957 3512 consti—

691 3541 950 3608 all'erunt,
995 3547 1139 3614 quod
1193 3545 1516 3618 Demiurgus
1575 3552 1826 3608 animalis
1874 3557 1966 3621 sit,
2019 3559 2266 3616 diabolus
2372 3550 2470 3602 ltili
2509 3550 2621 3602 Sim
2660 3548 2865 3603 diserte
2913 3549 3047 3603 Salis
3097 3564 3204 3603 n0"
3258 3549 3542 3619 explicat;
3590 3558 3648 3602 al
3686 3549 3832 3618 (ἰυοά
3883 3550 3956 3605 ad

689 3649 825 3689 vero
862 3636 1131 3705 spiritalis
1158 3639 1436 3707 nequitia;
1486 3644 1578 3697 sed
1613 3660 1725 3700 rem
1773 3647 2016 3717 implicat
2060 3651 2260 3719 potius,
2367 3639 2598 3695 alierum
2634 3641 2954 3709 ίιυωειῖοηῑε
2989 3652 3202 3710 [limem
3231 3642 3448 3703 ὂιῐίηθιο
3479 3642 3752 3693 ἀωῐηοιιεε
3799 3641 3957 3695 scili-

687 3741 852 3797 quam
888 3730 1143 3798 explicat.
1165 3729 1267 3796 Qui
1295 3735 1438 3787 enim
1468 3751 1530 3789 ex
1559 3737 1781 3791 animali
1812 3739 2108 3812 Demiurgo
2141 3759 2266 3812 pro-

2369 3744 2456 3788 cct
2495 3748 2686 3788 omnes
2745 3749 3043 3803 corporeos
3073 3749 3194 3789 esse
3236 3744 3289 3790 et
3323 3735 3609 3800 animales,
3644 3734 3845 3789 fatetur
3897 3738 3954 3791 id

687 3821 808 3874 dire
843 3826 1078 3890 pOltlcrll
1107 3823 1507 3893 Cosmocrator,
1533 3831 1646 3896 Qui,
1687 3830 1730 3884 si
1768 3847 1870 3885 non
1903 3844 2117 3898 natura,
2151 3836 2262 3888 sal—
2368 3827 2443 3879 ita
2473 3827 2748 3896 plerisque
2796 3828 3242 3897 philosophorum
3271 3827 3469 3894 videri,
3501 3829 3752 3897 hancque
3791 3843 3958 3882 com-

693 3921 804 3966 tem
862 3913 1216 3984 intelligentia
1256 3919 1504 3986 superior
1536 3921 1608 3975 sit
1652 3939 1666 3974 :
1697 3932 1752 3976 et
1795 3925 1888 3992 qui
1929 3941 1995 3979 ex
2041 3927 2260 3981 tristitia
2368 3920 2673 3973 tnunioretu
2707 3934 2828 3975 esse
2849 3921 3199 3982 sententiam,
3226 3919 3327 3975 sibi
3355 3929 3540 3974 tamen
3570 3936 3674 3974 non
3703 3921 3951 3989 prohari.

686 4003 1196 4064 lllatrisAchamoth
1227 4013 1387 4066 condi
1429 4015 1666 4081 potuerit
1701 4017 1964 4084 spiritalis
1997 4018 2258 4088 Angelus,
2369 4011 2435 4064 Et
2511 4027 2696 4066 revera
2757 4014 3052 4066 multorum
3126 4013 3576 4082 phil050phorum
3630 4012 3951 4081 opinionem

684 4114 750 4153 ex
794 4099 1036 4168 ejusdem
1071 4107 1431 4160 conversione
1478 4109 1732 4162 animalis
1779 4118 2011 4173 tantum,
2051 4127 2156 4165 non
2189 4114 2262 4165 vi-
2364 4105 2530 4159 fuisse
2557 4106 2715 4159 docet
2746 4106 3066 4161 Plutarchus
3091 4107 3145 4160 in
3175 4107 3312 4161 libro
3347 4106 3422 4159 De
3445 4104 3949 4174 placit.phitosOph.

685 4193 806 4258 deo,
846 4209 943 4250 nec
971 4196 1292 4266 quidquam,
1331 4213 1438 4267 quo
1471 4202 1667 4253 nodum
1707 4202 1848 4256 llllllc
1893 4203 2126 4269 solvam,
2161 4207 2260 4257 mi--
2372 4196 2546 4250 Litern
2582 4198 2841 4252 dirimere
2869 4198 3039 4252 nostri
3071 4214 3176 4251 non
3211 4207 3295 4253 est
3321 4198 3592 4262 instituti;
3633 4197 3728 4251 sed
3753 4196 3955 4251 obser-

682 4285 883 4339 nistrat
935 4285 1214 4343 Platonica
1273 4291 1642 4360 philosophia.
1691 4292 1822 4347 illud
1879 4296 2141 4349 duntaxat
2190 4313 2254 4350 ex

2361 4304 2492 4342 vare
2517 4290 2777 4354 sufficiat,
2809 4291 2952 4358 quod
2985 4289 3270 4343 consilium
3303 4298 3550 4343 nostrum
3586 4288 3713 4354 fuit,
3747 4289 3813 4342 ab
3839 4289 3952 4345 hac

679 4377 987 4448 I’orphyrio
1015 4381 1066 4433 in
1097 4381 1270 4450 Epist.
1305 4382 1370 4435 ad
1403 4383 1715 4438 Anebonem
1753 4386 1871 4439 erui
1909 4398 2112 4455 potest,
2155 4389 2259 4444 hoc

2362 4381 2810 4450 philosophorum
2845 4381 3100 4450 opinione
3141 4381 3651 4435 Valentiniauorum
3693 4380 3952 4436 Demiur-

683 4472 959 4526 daemones
983 4474 1199 4528 bonosa
1227 4476 1383 4529 malis
1414 4477 1746 4548 discrepare,
1772 4484 1914 4550 quod
1952 4484 2025 4537 im
2060 4488 2255 4540 animm
2289 4535 2326 4550 ﬁ
2363 4491 2486 4545 gum
2522 4474 2836 4538 animalem,
2870 4484 2920 4526 et
2951 4473 3090 4528 forte
3127 4475 3289 4527 etiam
3326 4482 3601 4528 catervam
3641 4473 3788 4527 illam
3825 4475 3948 4543 spi-

682 4566 788 4620 sint
815 4567 1030 4635 spiritui
1075 4568 1363 4636 adjuncta),
1401 4571 1493 4624 sed
1542 4572 1794 4640 spiritum
1840 4577 2048 4632 ratione
2095 4596 2228 4650 supe
2287 4535 2328 4588 Β

1449 4571 1493 4624 lt]
1542 4572 1794 4640 spiritum
1840 4577 2048 4632 ratione
2095 4596 2228 4650 supe
2287 4535 2328 4588 Β
2363 4569 2538 4623 t‘italis
2571 4567 3100 4636 nequitiaelluxisse.

680 4666 889 4726 rantes,
927 4675 1229 4730 corpusque
1265 4663 1584 4718 harmonica
1632 4670 1984 4734 proportione
2034 4686 2255 4741 compo-
2438 4661 2522 4720 71.
2578 4660 2688 4715 Nec
2717 4677 2848 4715 vero
2891 4661 2942 4714 in
2987 4676 3053 4715 eo
3083 4660 3257 4715 solum
3294 4659 3543 4714 ltzeretici
3577 4658 3699 4712 istis
3738 4659 3949 4713 veteri--

681 4750 842 4816 situm
873 4768 993 4806 cum
1022 4754 1276 4819 habeant,
1313 4755 1368 4808 in
1404 4755 1665 4811 beneficia
1698 4770 1890 4813 natura
1921 4776 2017 4813 sua
2047 4764 2254 4830 procli-
2360 4760 2459 4812 bus
2496 4757 2840 4827 philosophis
2890 4757 3358 4816 assentiebantur,
3406 4751 3549 4820 quod
3584 4751 3948 4822 Demiurgum

681 4859 777 4900 ves
807 4845 946 4912 sint;
978 4846 1031 4900 hi
1067 4861 1193 4901 vero
1218 4847 1414 4902 anima:
1446 4848 1553 4902 sint
1583 4852 1797 4918 spiritui
1841 4852 2124 4921 adjuncta},
2158 4859 2250 4912 sed
2358 4864 2536 4912 suum,
2574 4855 2907 4914 οτειετοείμιε
2933 4847 3221 4901 inferiores
3250 4845 3473 4914 3939105
3514 4843 3781 4898 animales
3815 4859 3947 4900 “55¢

680 4939 727 4993 ci
769 4939 981 4995 ratione
1019 4943 1296 5006 cedentes,
1324 4959 1631 5013 corpusque
1673 4946 2000 5004 inconcinne
2028 4965 2251 5020 compo-

2358 4939 2577 5002 vellent,
2609 4940 2702 4991 sed
2728 4949 2784 4992 et
2829 4940 2882 4992 in
2915 4954 2980 4993 eo
3023 4940 3168 5008 quod
3200 4939 3276 4992 illi
3313 4938 3498 4992 sedem
3528 4938 3580 4991 in
3616 4936 3942 5002 medietate,

679 5032 841 5085 situm
885 5042 938 5086 et
983 5033 1124 5087 male
1169 5033 1420 5092 allectum
1470 5040 1675 5102 sortiti,
1721 5039 1815 5093 ira:
1853 5049 1904 5094 et
1935 5042 2246 5110 cupidinum
2358 5050 2415 5090 ut
2446 5040 2830 5107 loquebantur,
2879 5040 3244 5107 assignarent.
3280 5037 3426 5090 Idem
3469 5039 3668 5105 quippe
3709 5037 3777 5089 de
3823 5041 3946 5092 da:-

676 5125 879 5194 itnpetu
913 5127 1183 5190 feruntur,
1216 5129 1414 5197 quibus
1439 5135 1506 5186 ad
1537 5133 1673 5186 mala
1701 5134 2250 5190 omnibusinferenda
2357 5135 2608 5187 monibus
2638 5133 2874 5188 sensisse
2923 5133 3229 5195 Platonem,
3277 5140 3428 5184 extra
3466 5146 3682 5185 omnem
3717 5131 3948 5184 dubita-

677 5214 889 5292 [XLIV]
922 5219 1270 5289 instigantur.
1302 5223 1504 5294 Nempe
1536 5226 1584 5280 id
1633 5227 1925 5282 discrimen
1960 5244 2078 5284 esse
2104 5231 2252 5285 vole-
2359 5229 2521 5281 tionis
2580 5228 2752 5280 aleam
2803 5226 3059 5293 positum.
3109 5223 3275 5292 Cujus
3334 5223 3552 5292 quidem
3613 5222 3946 5280 assertionis

676 5312 770 5365 bat
799 5312 926 5366 deos
961 5313 1097 5368 inter
1119 5326 1168 5370 et
1198 5315 1493 5380 dmmones,
1522 5319 1637 5373 sive
1673 5320 1865 5382 bonos,
1900 5321 2018 5375 sive
2048 5322 2245 5390 malos,
2358 5316 2497 5369 hanc
2528 5314 2685 5368 affert
2717 5316 2984 5369 rationem
3018 5315 3070 5367 in
3111 5313 3398 5378 Convivia;
3425 5313 3566 5382 quod
3588 5328 3708 5367 cum
3739 5313 3812 5366 dii
3845 5329 3946 5368 su.

676 5418 769 5457 seu
814 5405 954 5458 inter
1012 5406 1233 5475 angelos
1289 5409 1598 5477 superiores
1655 5421 1708 5465 et
1763 5411 2068 5479 inferiores,
2105 5417 2247 5482 quod
2358 5411 2604 5480 periorcs
2636 5421 2690 5464 et
2722 5410 2970 5464 homines
3024 5419 3220 5462 natura
3271 5409 3508 5462 maxime
3563 5406 3785 5470 distent,
3822 5407 3945 5461 dm-

678 5496 838 5562 primi
872 5496 1203 5565 impatibiles
1249 5510 1428 5555 essent
1459 5502 1917 5570 etintelligentiae
1945 5520 2110 5573 purae,
2152 5507 2243 5561 alii
2356 5519 2546 5558 moues
2596 5501 2830 5572 iuterjici
2881 5503 3133 5569 debeant,
3180 5502 3271 5571 qui
3328 5501 3564 5555 medium
3609 5501 3789 5553 locum
3827 5501 3945 5554 im-

675 5602 803 5641 vero
832 5590 1028 5644 mentis
1080 5592 1372 5660 participes
1407 5605 1460 5648 et
1505 5596 1787 5652 animales.
1832 5598 1949 5654 .lam
1996 5601 2139 5654 enim
2191 5602 2241 5653 iu
2353 5599 2557 5667 pleant,
2591 5607 2644 5652 et
2689 5599 2954 5652 distantes
2991 5596 3364 5665 conjungant;
3399 5595 3562 5664 idque
3610 5609 3715 5647 non
3748 5593 3939 5649 solum

673 5681 1078 5742 Platonicorum
1160 5686 1364 5739 scholis
1440 5689 1724 5745 ohtiuehat
1799 5708 1861 5748 ea
1943 5694 2238 5763 sententia,
2353 5702 2569 5757 natura,
2601 5691 2692 5747 sed
2730 5691 2972 5745 muneris
3019 5689 3299 5745 iunctione
3328 5687 3490 5742 etiam
3524 5695 3806 5756 prastcut,
3843 5687 3941 5743 in-

740 5867 783 5896 "
819 5866 944 5921 Sec:
1001 5884 1038 5937 t,
1079 5886 1199 5941 cap.
1246 5870 1303 5925 15
1335 5881 1383 5926 el
1419 5871 1500 5926 16.
