4180 6332
228 426 291 482 97
1149 427 1605 486 DISSERTATIO
1636 426 1678 494 1,
1717 424 1877 482 ART.
1919 425 1968 491 Ι,Δ
1997 424 2082 480 DE
2121 422 2542 480 VALENTINO.
3429 426 3499 484 98

234 547 592 617 terprelando
625 555 683 604 et
715 547 1041 619 trajiciendo
1081 538 1334 604 humana'
1360 550 1428 604 ad
1460 550 1614 613 deos,
1643 555 1700 604 et.
1731 546 1818 602 (11-
1847 551 1893 607 A
1923 545 2145 600 circuitu
2191 546 2478 600 calestium
2512 543 2855 611 mundorum,
2893 545 2948 598 in
2993 561 3151 616 quam
3189 547 3369 602 anima
3402 546 3498 604 Dei

237 639 357 693 vina
384 639 454 693 ad
482 638 774 707 homines;
809 640 1085 706 videlicet,
1109 641 1334 697 deorum
1359 642 1564 696 monita
1597 651 1652 697 et
1679 656 1816 712 pra!-

241 741 394 802 cepta
421 732 488 786 ad
519 748 642 798 nos,
687 748 880 802 preces
914 749 970 789 et
1018 734 1286 789 sacrificia
1332 743 1519 790 nostra
1567 735 1635 790 ad
1673 735 1817 791 illos.

243 823 319 878 Ex
367 839 478 894 quo
531 827 868 895 sequebatur
909 840 1004 881 eos
1048 826 1432 882 vaticiniorum
1478 827 1721 882 omnium
1765 838 1821 882 et

244 915 664 984 prophetiarum
691 927 950 973 auctores
980 933 1124 983 esse,
1165 933 1298 988 quas
1326 933 1427 988 pro
1456 933 1558 974 suo
1588 919 1818 989 quisque

241 1009 421 1077 modo,
455 1009 655 1066 affectu
695 1020 753 1066 et
788 1021 980 1067 natura
1029 1013 1358 1084 inspirabat.
1400 1011 1539 1069 Huic
1571 1012 1818 1088 Platonis

245 1103 533 1163 sententiae
586 1119 778 1161 omnes
830 1105 1145 1160 Academici
1195 1105 1550 1175 sequentibus
1600 1105 1820 1162 stcculis

243 1210 463 1266 semper
494 1211 800 1264 assensere,
833 1208 893 1254 ut
921 1199 1248 1255 Plutarchus
1295 1200 1351 1254 in
1379 1199 1472 1255 lib.
1503 1199 1581 1255 De
1611 1200 1817 1271 defectu

244 1304 414 1355 orac.,
441 1288 702 1359 Apuleius
742 1287 798 1345 in
842 1291 985 1346 libro
1027 1291 1105 1344 De
1149 1293 1243 1345 deo
1282 1291 1542 1357 Socratis,
1592 1289 1820 1346 Jambli-

241 1383 399 1450 chus,
434 1380 662 1438 Proclus
692 1391 744 1439 et
770 1383 884 1440 alii.
907 1383 997 1440 Sic
1023 1385 1229 1454 pariter
1257 1385 1494 1440 humana
1527 1399 1647 1439 cum
1681 1385 1818 1439 divi-

241 1475 328 1528 nis
359 1475 756 1530 consociabant
795 1475 1186 1532 Valentiniani.
1230 1475 1556 1532 Hominibus
1586 1491 1685 1546 per
1711 1475 1819 1532 De—

241 1566 519 1637 miurgum
575 1569 870 1624 animalem
926 1571 980 1624 in
1028 1570 1210 1625 medio
1262 1571 1636 1637 constitutum,
1669 1583 1821 1624 com-

243 1660 508 1714 mercium
538 1661 911 1718 intercedebat
944 1679 1067 1717 cum
1102 1671 1280 1718 matre
1309 1662 1618 1717 Achamoth
1654 1662 1822 1732 spiri-

243 1752 359 1816 tali,
411 1769 576 1824 supra
629 1756 978 1826 Demiurgum
1020 1754 1302 1811 collocata.
1355 1755 1489 1822 Quia
1527 1745 1669 1810 vero
1723 1755 1817 1810 illa

241 1848 422 1904 media
462 1850 609 1903 inter
663 1849 1012 1920 Demiurgum
1065 1859 1121 1905 et
1176 1849 1424 1905 Pleroma
1474 1850 1813 1916 considebat,

241 1940 403 2009 hujus
434 1942 864 2011 interpositionis
904 1943 1067 1999 ﬁbula
1102 1943 1350 1999 Pleroma
1373 1959 1497 1999 cum
1526 1944 1817 2016 Demiurgo

240 2034 694 2104 conjungebatur.
738 2035 907 2105 Cujus
959 2038 1123 2092 etiam
1167 2037 1438 2107 dogmatis
1481 2037 1622 2094 idem
1671 2042 1819 2108 quod

240 2128 511 2184 Platonici
541 2131 943 2185 consectarium
976 2140 1117 2195 erat,
1154 2131 1475 2201 prophetias
1509 2146 1700 2187 omnes
1733 2132 1817 2187 vel

242 2221 422 2286 Matri,
460 2222 546 2276 vel
578 2223 887 2293 Demiurgo,
913 2222 1000 2278 vel
1037 2221 1314 2277 Salvatori
1357 2239 1455 2293 per
1489 2222 1696 2288 Iesum,
1727 2240 1819 2280 ac-

241 2325 426 2386 ceptas
461 2315 772 2370 referendas
793 2330 930 2370 esse.
965 2315 1101 2368 Nam
1131 2315 1408 2370 Christum
1450 2314 1655 2380 Jesum,
1680 2315 1816 2371 Novi

243 2407 585 2462 Testamenti
609 2407 858 2477 angelum
884 2416 938 2462 et
967 2406 1345 2473 mediatorem,
1379 2406 1469 2475 qui
1500 2406 1816 2477 illud,quod

240 2501 486 2570 peccatis
520 2500 888 2554 intermissum
918 2497 1115 2564 fuerat,
1148 2499 1294 2553 inter
1327 2499 1495 2553 Deum
1539 2508 1595 2553 et
1636 2499 1815 2553 hami-

241 2610 340 2649 ues
366 2593 759 2649 commercium
794 2593 1202 2645 instauraturus
1241 2589 1409 2655 venit,
1443 2589 1644 2659 triplici
1691 2590 1818 2646 sub-

240 2690 436 2744 stantia
463 2687 712 2741 indutum
742 2684 1066 2740 eﬂutiebant
1101 2683 1365 2749 haeretici,
1392 2682 1624 2754 spiritali
1655 2699 1684 2737 a
1724 2698 1818 2739 su-

237 2780 442 2850 periori
476 2778 784 2833 Pleromate
819 2777 1062 2842 devecta,
1103 2775 1323 2829 animali
1356 2790 1385 2830 a
1417 2776 1734 2846 Demiurgo,
1761 2784 1818 2832 et

239 2886 506 2940 corporea
543 2885 573 2923 a
622 2869 809 2923 mundi
847 2867 1136 2922 clementis
1179 2876 1400 2936 accepta
1449 2884 1463 2922 :
1499 2877 1557 2921 ut
1598 2869 1678 2924 sic
1712 2883 1817 2923 nec

239 2960 384 3016 Deus
418 2960 522 3032 (sic
545 2960 994 3030 hlasphemabant
1025 2957 1143 3028 illi),
1183 2972 1282 3014 nec
1307 2972 1472 3026 purus
1494 2958 1679 3024 homo,
1721 2959 1817 3014 sed

239 3056 386 3110 inter
423 3065 716 3123 utrumque
765 3054 1000 3119 medius,
1037 3062 1096 3108 et
1143 3068 1240 3108 ceu
1297 3049 1625 3123 Demiurgus
1652 3051 1815 3122 alter,

237 3147 344 3201 ima
385 3146 616 3203 summis
646 3154 1016 3202 connecteret.

1921 637 2242 703 speculatrix
2295 655 2352 708 se,
2396 640 2603 705 inserit,
2646 640 2708 692 Ἦ
2735 639 2794 694 δὲ
2823 639 3135 713 ὲνδιδομὲνη
3157 643 3222 696 ὲκ
3249 642 3346 715 τῆς
3391 641 3500 697 τῶν

1920 730 2184 802 οὐρανίων
2212 733 2532 805 περιφορᾶς,
2567 732 2647 795 εἰς
2691 731 2758 803 ἢν
2803 732 3120 804 ἑπεισέρπει
3156 733 3191 804 ἡ
3239 732 3499 806 θεοπτικὴ

1919 819 2088 893 ψυχή.
2114 820 2308 875 Anima
2350 837 2470 889 qua:
2517 822 2667 876 nobis
2700 821 2907 876 advenit
2932 839 2966 876 a
2999 823 3236 890 mundis,
3269 825 3498 878 mundo-

1921 929 2041 968 rum
2077 930 2284 983 quoque
2313 913 2632 982 obtemperat
2673 914 2936 979 motibus;
2971 913 3069 968 illa
3112 930 3235 969 vero
3280 930 3400 984 qua
3431 914 3500 969 ab

1918 1005 2244 1077 intelligibili
2266 1005 2497 1061 derivata
2521 1006 2673 1060 adest
2701 1005 3136 1076 intelligibiliter,
3162 1004 3499 1080 Genesiurgi,

1919 1098 2329 1173 Γενεσιουργοῢ,
2357 1100 2961 1170 metianisupereminet.
2981 1100 3112 1156 Vult
3137 1100 3322 1172 igitur,
3351 1102 3501 1171 prio-

1919 1207 2037 1248 rem
2078 1193 2319 1248 animam
2381 1193 2495 1248 fato
2539 1207 2648 1248 non
2698 1194 2931 1259 servire,
2963 1193 3117 1264 quia,
3166 1203 3224 1250 ut
3260 1195 3340 1249 ait
3373 1211 3500 1268 cap.

1920 1300 2061 1355 seq.,
2105 1286 2274 1342 habet
2319 1286 2373 1341 in
2414 1300 2473 1340 se
2520 1287 2850 1358 principium
2887 1287 3192 1358 proprium,
3231 1302 3341 1358 quo
3367 1303 3500 1359 pose

1918 1381 1994 1435 sit
2037 1381 2105 1435 ad
2164 1376 2508 1450 intelligibile
2559 1380 2854 1436 restituere
2910 1381 3174 1450 seipsam,
3232 1389 3288 1438 et
3338 1397 3367 1437 a
3415 1397 3503 1437 re-

1918 1473 2025 1529 bus
2075 1471 2240 1526 factis
2291 1469 2566 1540 refugere,
2620 1478 2675 1526 et
2714 1486 2839 1526 cum
2883 1485 2950 1526 eo
2998 1471 3147 1541 quod
3182 1481 3288 1538 est,
3327 1471 3502 1542 quod-

1919 1581 2027 1637 que
2073 1565 2321 1621 divinum
2371 1571 2475 1632 est,
2527 1564 2802 1619 connecti.
2861 1564 3240 1620 Posteriorem
3304 1563 3500 1638 [XLV]

1919 1673 2048 1712 vero
2073 1659 2312 1712 animam
2364 1656 2476 1711 fato
2537 1656 2842 1726 subjacere.
2909 1656 2987 1712 lla
3028 1655 3390 1722 Jamblichus,
3446 1657 3499 1712 in

1918 1752 2074 1820 cujus
2132 1752 2320 1807 verbis
2380 1760 2438 1806 et
2494 1766 2657 1807 sensu
2728 1751 3016 1822 perspicue
3075 1751 3253 1808 elucet
3304 1751 3500 1822 duplex

1920 1846 2012 1901 illa
2032 1843 2539 1900 Valentinianorum
2567 1844 2765 1898 anima.
2797 1843 2871 1898 Ea
2905 1844 3072 1908 enim,
3094 1859 3256 1914 quam
3273 1856 3302 1898 a
3322 1843 3503 1915 primo

1849 1911 1894 1972 Β
1931 1937 2260 2012 intelligibili
2314 1951 2436 1993 esse
2487 1936 2642 2002 dicit,
2690 1937 2808 2006 ipsa
2860 1944 2944 1992 est
2993 1911 3154 2006 quam
3198 1911 3500 2006 spiritalem

1918 2037 2225 2109 iactabant,
2250 2049 2280 2090 e
2299 2033 2568 2104 superiori
2599 2031 2910 2088 Pleromate
2941 2047 3037 2102 per
3082 2029 3415 2086 Salaatorem
3444 2036 3501 2084 et

1922 2133 2041 2203 ejus
2068 2130 2302 2202 angelos.
2317 2130 2625 2186 deciduam.
2653 2127 2728 2182 Ea
2756 2142 2906 2193 vero,
2928 2141 3090 2196 quam
3126 2125 3355 2179 inditam
3380 2137 3502 2179 esse

1923 2225 2116 2281 asserit
2146 2240 2214 2279 ex
2246 2225 2480 2279 circuitu
2513 2222 2815 2279 cmlestium
2858 2220 3210 2284 mundorum,
3251 2217 3368 2287 ipsa
3414 2222 3501 2270 est

1921 2332 2083 2388 quam
2115 2333 2147 2372 a
2179 2317 2470 2387 Demiurgo
2505 2314 2748 2381 animali,
2779 2328 2942 2384 supra
2983 2311 3276 2382 septimum
3308 2310 3499 2364 orbem

1921 2410 2263 2476 considente,
2297 2407 2623 2465 insuiﬂatam
2666 2406 2934 2472 volebant,
2963 2413 3019 2461 et
3055 2405 3107 2459 in
3135 2418 3300 2473 quam
3339 2415 3502 2471 supe-

1919 2504 2040 2559 rior
2069 2503 2159 2559 illa
2189 2517 2311 2558 sese
2343 2502 2677 2557 insinuabat.
2711 2498 2824 2554 Hoc
2851 2507 3061 2553 tantum
3098 2497 3240 2551 inter
3263 2508 3321 2550 se
3348 2491 3504 2550 diﬂ'e-

1922 2605 2067 2662 runt,
2092 2598 2234 2664 quod
2267 2594 2613 2656 Jamblichus
2636 2601 2758 2662 post
2783 2591 3062 2647 Platonem
3102 2599 3158 2646 et
3188 2605 3310 2645 cum
3339 2597 3502 2644 ca-te-

1921 2685 1998 2741 ris
2019 2683 2322 2739 Platonicis
2375 2681 2670 2739 aﬂirmaret
2709 2683 3046 2754 superiorem
3075 2680 3224 2735 illam
3263 2679 3499 2734 animam

1920 2777 2251 2848 corporibus
2271 2777 2469 2832 dudum
2502 2777 2992 2847 praeexsistentem,
3029 2774 3143 2843 jam
3175 2774 3497 2847 perfectam,

1921 2878 1976 2925 et
2006 2870 2151 2925 velut
2199 2869 2438 2924 adultam
2475 2868 2666 2924 iisdem
2709 2868 2944 2924 infusam
2996 2868 3200 2935 fuisse;
3238 2867 3499 2939 ,Valenti-

1920 2961 2070 3016 niani
2095 2977 2223 3018 vero
2247 2977 2365 3017 eam
2413 2962 2774 3031 opinarentur
2805 2961 2954 3016 velut
2999 2974 3187 3017 semen
3226 2960 3498 3030 quoddam

1920 3053 2169 3122 informe,
2200 3062 2248 3106 et
2292 3052 2403 3105 sine
2438 3051 2604 3121 specie
2647 3061 2695 3106 et
2745 3052 3106 3122 imperfectum
3139 3052 3336 3106 animm
3383 3050 3504 3104 ani-

1920 3145 2053 3201 mali
2079 3142 2266 3209 inseri,
2297 3151 2354 3198 ut
2387 3141 2463 3199 ibi
2498 3131 2949 3214 perfectionem'et
2983 3143 3356 3213 formationem
3379 3158 3504 3213 per-

315 3238 405 3292 72.
437 3239 541 3295 Sed
577 3239 642 3293 ad
674 3238 902 3292 alteram
935 3237 1120 3292 mundi
1167 3237 1577 3293 constitutionis
1602 3245 1813 3309 partem
1845 3260 1892 3324 ρ
1921 3239 2092 3310 cipiat
2117 3240 2184 3292 ⁸ο.
2221 3236 2537 3309 Quanquam
2566 3246 2747 3292 tamen
2784 3251 2888 3292 non
2926 3251 3100 3307 usque
3133 3237 3268 3294 adeo
3292 3237 3503 3294 dissen-

239 3333 450 3389 sensim
483 3333 726 3398 delabor,
777 3330 1014 3386 hominis
1057 3331 1317 3385 nimirum
1371 3329 1815 3399 fabricationem,

240 3441 406 3496 quam
463 3426 658 3479 mirum
700 3432 847 3479 esset
890 3422 936 3478 si
993 3422 1060 3476 ad
1102 3420 1382 3477 Platonica
1423 3422 1623 3492 placita
1653 3424 1817 3478 etiam

242 3534 354 3572 non
401 3519 711 3586 exegissent
753 3517 1066 3572 blaterones
1113 3513 1210 3570 illi.
1260 3514 1552 3585 Triplicem
1601 3517 1655 3570 in
1712 3531 1819 3572 uno

241 3610 468 3664 homine
507 3609 779 3663 hominem
827 3623 950 3662 esse
981 3608 1310 3675 statuebant,
1351 3607 1689 3662 materialem
1725 3623 1818 3663 seu

241 3704 535 3766 choicum;
596 3701 912 3774 psychicum
946 3713 1040 3754 seu
1089 3699 1405 3761 animalem.
1458 3715 1488 3754 a
1528 3698 1818 3770 Demiurgo

241 3796 612 3859 insulllatum;
641 3806 696 3849 et
728 3793 1050 3863 spiritalem,
1076 3802 1259 3847 ortum
1286 3791 1540 3847 videlicet
1582 3805 1613 3846 e
1657 3791 1820 3860 spiri-

242 3890 340 3943 tali
405 3888 636 3952 semine,
683 3888 825 3956 quod
877 3902 943 3940 et
984 3885 1312 3955 Angelorum
1359 3883 1819 3955 contemplatione

239 3983 473 4053 protulit
510 3981 834 4045 Achamoth,
866 3995 1029 4050 quem
1065 3994 1160 4050 per
1195 3977 1569 4048 Demiurgum,
1597 3991 1694 4034 ceu
1725 3993 1820 4046 per

240 4075 523 4140 canalem,
578 4088 641 4128 eo
688 4084 864 4126 tamen
916 4072 1109 4136 inscio,
1141 4087 1248 4130 una
1282 4087 1407 4126 cum
1438 4072 1553 4142 ejus
1583 4069 1822 4124 insufﬂa-

242 4166 396 4220 tione
423 4167 678 4236 inspersit
710 4168 956 4221 omnium
989 4174 1187 4220 mater.
1213 4165 1281 4220 Et
1300 4165 1519 4234 quidem
1549 4165 1692 4235 quod
1721 4166 1821 4220 ho—

242 4260 451 4314 minem
504 4259 754 4314 choicum
806 4274 873 4314 ex
930 4259 1058 4314 limo
1113 4258 1378 4328 primum,
1410 4264 1522 4310 tum
1556 4271 1621 4311 ex
1653 4272 1822 4312 carne

241 4361 591 4422 compactum
643 4361 999 4420 asscrerent,
1058 4352 1194 4414 nihil
1223 4349 1548 4405 inusitatum
1613 4357 1820 4414 sonat,

242 4445 664 4513 communisque
724 4444 1174 4514 philosophorum
1233 4442 1479 4499 omnium
1550 4442 1821 4496 sententia

244 4537 371 4591 fuit.
420 4536 608 4591 Limus
646 4539 818 4606 prima
851 4537 998 4592 velut
1031 4538 1279 4608 corporis
1326 4535 1548 4591 humani
1594 4536 1818 4590 materia

1923 3334 2086 3396 tiunt,
2110 3341 2169 3386 ut
2198 3331 2490 3387 concordia
2522 3329 2878 3401 rediutegrari
2926 3345 3033 3385 non
3065 3331 3258 3399 possit.
3293 3330 3500 3397 Quam-

1924 3426 2008 3480 vis
2035 3425 2180 3480 enim
2206 3423 2416 3478 animas
2446 3421 2559 3494 jam
2587 3423 2802 3479 adultas
2835 3427 2889 3477 in
2933 3436 3166 3492 corpora
3187 3421 3350 3494 dejici
3382 3412 3500 3478 vel-

1923 3518 2037 3571 lent
2093 3515 2399 3583 Platonici,
2467 3517 2618 3585 prius
2683 3525 2862 3572 tamen
2939 3515 3235 3572 oblivionis
3303 3514 3500 3587 poculo

1921 3619 2152 3679 epotataz
2176 3625 2468 3679 corporum
2512 3609 2651 3664 mole
2683 3610 2760 3665 sic
2783 3609 3180 3674 obruebantur,
3214 3617 3273 3662 ut
3299 3608 3365 3664 iis
3387 3622 3503 3664 am-

1923 3701 2152 3772 bagibus
2209 3717 2315 3756 non
2361 3701 2463 3755 nisi
2503 3700 2764 3771 paulatim
2798 3700 3046 3756 excussis
3091 3701 3290 3755 iterum
3321 3698 3504 3755 adole-

1922 3805 2162 3858 scerent,
2188 3795 2654 3865 pristinarumque
2672 3795 3057 3864 cegitationum
3083 3793 3310 3865 vestigia
3341 3795 3504 3850 ratio-

1922 3887 2008 3942 nis
2037 3903 2136 3957 ope
2180 3888 2447 3957 gradatim
2491 3888 2836 3943 refricarent.
2881 3885 3247 3953 Quamobrem
3299 3896 3355 3943 et
3399 3888 3501 3957 ipsi

1922 3983 2065 4038 hanc
2089 3983 2326 4037 animam
2355 3983 2592 4053 primum
2627 3983 2935 4048 informem,
2959 3996 3214 4037 successu
3241 3983 3504 4053 temporis

1921 4077 2222 4146 perfectam
2256 4077 2487 4133 evadere
2524 4059 2946 4132 contendebant.
2995 4074 3111 4130 Hoc
3152 4075 3315 4130 etiam
3359 4076 3503 4140 inter

1923 4179 2186 4238 utrosque
2214 4169 2591 4235 conveniebat,
2622 4169 2765 4237 quod
2803 4167 3038 4221 animam
3086 4165 3374 4221 animalem
3407 4167 3506 4222 fati

1923 4262 2160 4316 vinculis
2190 4261 2472 4331 illigatam,
2499 4260 2801 4332 Spiritalem
2839 4260 2924 4315 his
2966 4260 3194 4316 liberam
3218 4275 3342 4316 esse
3375 4276 3501 4316 seu-

1928 4356 2094 4410 tirent
2140 4355 2336 4426 ;quod
2389 4357 2514 4411 aliis
2558 4356 2832 4423 terminis,
2883 4357 3072 4411 eodem
3118 4365 3266 4410 certe
3311 4371 3503 4421 sensu,

1927 4448 2302 4517 exprimentes
2340 4447 2729 4516 Valentiniani,
2778 4446 3054 4514 dicebant,
3098 4446 3304 4501 animas
3343 4463 3506 4518 quas-

1927 4545 2050 4597 dam
2099 4553 2291 4597 natura
2339 4542 2521 4608 bonas,
2567 4543 2826 4613 quasdam
2867 4551 3042 4596 autem
3089 4553 3278 4596 natura
3305 4541 3501 4599 malas.

243 4636 354 4696 est,
383 4644 548 4697 quam
582 4628 722 4682 Deus
765 4627 838 4682 ita
868 4629 1235 4684 conformavit
1264 4638 1322 4684 ut
1351 4643 1479 4683 caro
1513 4627 1692 4693 fieret,
1732 4629 1816 4684 cui
1850 4616 1894 4672 Ῑ)
1925 4631 1992 4685 Ει
2017 4630 2178 4684 bonas
2205 4631 2416 4700 quidem
2435 4638 2529 4682 nas
2553 4645 2683 4694 esse,
2709 4646 2827 4693 qua:
2856 4644 3074 4698 capaces
3093 4629 3306 4683 seminis
3333 4629 3503 4700 Ιίνιιις

242 4725 420 4778 vitam
446 4721 667 4778 infudit.
698 4721 789 4777 Sic
815 4720 1031 4792 Moyses
1054 4719 1190 4777 Gen.
1227 4737 1286 4789 η,
1318 4721 1373 4787 7,
1407 4720 1644 4776 hominis
1672 4735 1827 4775 crea-

249 4819 458 4870 tionem
491 4812 776 4878 describil,
818 4815 1068 4883 hancque
1099 4813 1544 4882 descriptionem,
1571 4813 1825 4868 intertex-

249 4909 322 4962 tis
347 4924 445 4978 pro
477 4923 628 4964 more
653 4907 881 4973 fabulis,
904 4907 1108 4961 imitari
1136 4906 1486 4962 studuerunt.
1539 4908 1692 4974 Quod
1726 4922 1826 4961 au-

249 5012 358 5054 tem
383 5001 626 5055 animam
653 4999 917 5070 (ingerent
952 5000 1004 5055 in
1034 4999 1347 5055 duasveluti
1382 5008 1563 5070 partes
1598 5013 1824 5068 sectam,

246 5093 407 5162 cujus
437 5093 610 5147 altera
651 5093 906 5147 animalis
927 5091 1087 5163 {esset
1125 5102 1180 5148 et
1215 5093 1466 5158 inferior,
1500 5095 1672 5148 altera
1719 5095 1828 5164 spi-

249 5185 427 5240 ritalis
470 5194 530 5241 et
579 5184 739 5254 longe
785 5185 999 5255 dignior
1031 5195 1143 5240 tum
1177 5185 1413 5255 origine,
1462 5194 1575 5241 tum
1610 5195 1825 5253 natura,

246 5288 372 5349 post
417 5279 731 5332 Platonicos
787 5277 1055 5334 fecerunt.
1113 5277 1324 5342 flante,
1376 5278 1550 5346 inquit
1613 5278 1831 5333 Jambli-

247 5372 388 5426 chus
416 5373 624 5437 7’,duas
649 5372 798 5426 habet
822 5373 1049 5435 animas,
1077 5374 1222 5439 quod
1248 5373 1360 5440 ipsa
1393 5371 1646 5425 Mercurii
1674 5387 1825 5424 sacra

245 5467 446 5532 scripta
472 5468 776 5519 ostendunt.
811 5463 928 5519 Una
972 5475 1048 5518 est
1084 5482 1114 5517 a
1139 5465 1310 5534 primo
1338 5462 1678 5533 intelligibiti,
1709 5480 1827 5531 qua:

245 5558 409 5611 etiam
442 5557 505 5610 de
539 5557 772 5626 patentia
793 5557 997 5625 opiﬁcis
1012 5556 1318 5625 participat.
1345 5554 1454 5608 Καὶ
1483 5557 1516 5625 ἡ
1555 5554 1653 5626 μέν
1676 5557 1822 5608 ἐστιν

244 5649 357 5705 ἀπὸ
381 5649 475 5702 τοῦ
508 5648 721 5720 πρώτου
742 5647 954 5720 νοητοῦ,
998 5649 1297 5720 μετέχουσα
1331 5650 1425 5703 καὶ
1469 5651 1567 5721 τῆς
1604 5649 1697 5703 τοῦ
1730 5649 1823 5720 δη-

251 5742 513 5815 μιουργοῦ
537 5741 836 5813 δυνάμεως.
897 5744 1075 5796 Altera
1137 5759 1255 5797 vero
1302 5743 1457 5797 nobis
1502 5745 1706 5798 inditur
1757 5759 1821 5796 ex

327 5932 370 5963 "
399 5933 545 5988 Sect.
572 5948 692 6000 vni,
720 5948 768 5989 c.
801 5931 855 5988 6.
931 5932 975 5964 ⁸ο
1003 5931 1171 5999 Iren.,
1205 5931 1296 5987 lib.
1337 5948 1397 5999 lt,
1433 5948 1552 6001 cap.
1588 5931 1673 5999 i9,
1707 5948 1758 5987 η.
1794 5931 1844 5986 1.

1927 4723 2063 4777 alias
2117 4738 2236 4776 vero
2286 4731 2478 4775 natura
2524 4737 2777 4790 nequam,
2823 4737 3093 4794 nunquam
3135 4738 3320 4791 capere
3368 4722 3505 4776 illud

1925 4831 2099 4870 semen
2121 4814 2187 4880 ³¹,
2220 4814 2418 4884 quibus
2457 4815 2684 4883 proinde
2714 4814 2892 4870 aditus
2920 4814 3100 4870 omnis
3133 4815 3186 4869 in
3227 4812 3502 4880 Pleroma,

1927 4909 2058 4964 solis
2084 4906 2438 4978 [spiritalibus
2479 4907 2814 4976 excipiendis
2855 4906 3206 4972 destinatum,
3245 4907 3505 4963 interclu-

1929 5000 2149 5055 deretur
2191 5013 2416 5054 necesse
2464 5007 2603 5054 erat.
2665 4997 2758 5057 Sic
2804 4999 3211 5056 Christianismi
3262 5000 3502 5076 speciem

1926 5088 2326 5145 Platonicorum
2361 5086 2682 5145 commentis
2700 5087 3033 5145 inducebant
3061 5089 3376 5160 nequissimi
3405 5091 3505 5144 ho-

1925 5185 2126 5240 mines.
2170 5183 2379 5254 Nempe
2406 5184 2551 5255 quod
2583 5183 2636 5238 in
2679 5183 3048 5254 apostolorum
3087 5183 3306 5253 scriptis
3351 5184 3501 5255 lege-

1927 5286 2075 5343 rant,
2107 5275 2395 5330 animalem
2419 5269 2692 5331 hominem
2720 5289 2827 5330 non
2850 5274 3133 5344 percipere
3149 5289 3212 5330 ea
3237 5289 3360 5344 quae
3377 5285 3503 5332 sunt

1928 5371 2167 5441 Spiritus
2199 5370 2296 5426 Dei
2322 5371 2402 5439 8';
2458 5372 2726 5441 quosdam
2767 5372 3015 5428 homines
3049 5373 3316 5428 animales
3358 5389 3500 5438 esse,

1927 5465 2195 5536 Spiritum
2248 5480 2357 5520 non
2407 5466 2702 5529 habentes;
2764 5464 3063 5535 spiritalem
3128 5467 3309 5520 omnia
3358 5465 3504 5534 judi-

1936 5574 2096 5623 care;
2140 5573 2302 5614 veros
2346 5555 2692 5614 Christianos
2734 5557 3000 5627 primitias
3055 5557 3296 5628 Spiritus
3349 5573 3505 5613 acce-

1934 5653 2099 5722 pisse,
2135 5661 2190 5706 et
2215 5651 2485 5723 spiritales
2512 5666 2649 5718 esse,
2681 5649 3118 5715 elc.,Platonica
3156 5649 3344 5704 deliria
3400 5653 3504 5705 huc

1936 5745 2301 5802 transferendi
2389 5746 2606 5802 occasio
2691 5744 2812 5800 fuit.
2873 5743 3153 5799 Diversam
3215 5744 3504 5814 utriusque

1923 5931 1965 5964 “
1995 5930 2097 6000 ld.,
2141 5931 2235 5988 lib.
2289 5947 2329 5999 t,
2375 5947 2496 5999 cap.
2526 5931 2584 5998 7,
2639 5946 2694 5985 n.
2731 5930 2783 5986 4.
2880 5929 2924 5962 ⁸⁸
2961 5925 2980 5983 l
3012 5926 3138 5984 Cor.
3170 5938 3235 5993 ιι,
3268 5925 3356 6004 id.
