4180 6332
722 399 791 456 99
1528 391 2114 451 DISSERTATIONES
2153 391 2284 448 PRA

2382 391 2455 448 ΓΑΕ
2493 394 2565 448 ΙΝ
2601 390 2856 450 ιῐὶΕΝᾸΞι
2888 390 3135 449 LIBROS

3858 394 3956 450 100

721 518 915 573 animm
946 524 1144 572 sortem
1170 530 1273 570 non
1310 526 1535 569 moror:
1570 523 1759 581 sponte
1804 512 1922 567 lluit
1963 527 2027 567 ex
2075 512 2287 565 diversa
2318 516 2363 572 Α
2390 514 2674 574 eximeret,
2704 520 2886 581 utpote
2922 511 3016 580 qui
3046 524 3144 564 nec
3176 523 3303 563 vere
3338 508 3480 563 Deus
3519 517 3684 573 esset,
3729 508 3820 561 sed
3846 524 3959 564 nie-

721 614 1004 682 utriusque
1045 608 1355 665 conditione
1388 615 1442 661 et
1489 605 1719 675 origine.
1766 604 2113 675 Unaquaeque
2140 605 2282 656 enim

719 705 1042 774 principium
1086 715 1243 755 suum
1290 697 1482 760 ambit,
1530 705 1583 750 et
1629 696 1695 750 ad
1738 696 1869 750 illud
1912 695 2129 749 anhelat
2174 715 2185 748 :
2222 710 2285 748 ac

720 796 949 866 proinde
982 809 1103 849 cum
1130 789 1302 846 altera
1326 804 1355 843 e
1382 787 1702 854 Pleromate,
1743 786 1912 840 altera
1943 800 1973 839 e
2005 785 2284 839 Medietate

718 886 1025 953 deﬂuxerit,
1058 901 1161 939 una
1191 884 1245 938 in
1277 880 1528 937 Pleroma
1570 896 1692 936 cum
1718 880 1937 950 Angelis
1969 878 2282 942 Saluatoris,

719 982 889 1036 altera
928 981 978 1035 in
1022 978 1357 1034 Medietatem
1406 989 1528 1029 cum
1575 973 1865 1043 Demiurgo
1923 972 2281 1041 recolligenda

718 1080 966 1129 recurrat
1021 1083 1244 1126 necesse
1286 1077 1388 1124 est.
1437 1067 1547 1122 Nec
1594 1067 1708 1121 haec
1748 1056 2043 1120 Platonicis
2081 1065 2283 1133 ignota.

717 1162 852 1220 Nam
912 1161 1270 1225 Jamblichus,
1318 1168 1454 1216 sect.
1500 1175 1539 1222 r.
1594 1175 1714 1228 cap.
1760 1158 1815 1224 2,
1862 1165 2033 1224 putat,
2078 1154 2286 1210 animas

718 1256 982 1325 quasdam
1018 1269 1114 1324 per
1143 1253 1368 1309 deorum
1411 1252 1829 1321 benignitatem,
1868 1259 1925 1304 et
1957 1246 2190 1302 infusam
2219 1247 2287 1302 ab

718 1346 1324 1409 illisilluminationem,
1362 1344 1521 1410 saepe
1572 1341 1738 1396 altius
1786 1340 2109 1402 ascendere,
2150 1344 2203 1391 et
2231 1338 2284 1391 in

716 1437 961 1493 ordinem
994 1440 1274 1505 majorem,
1315 1434 1619 1505 angelicum
1666 1431 1921 1487 videlicet
1960 1429 2139 1485 evehi.
2172 1429 2285 1483 Hoc

718 1528 929 1599 quoties
951 1528 1027 1593 tit,
1064 1528 1159 1593 ait,
1189 1541 1293 1579 non
1322 1525 1431 1593 jam
1463 1524 1694 1592 amplius
1722 1523 1915 1577 animae
1944 1523 2138 1577 tinibus
2159 1536 2287 1577 con-

719 1622 978 1686 tinentur,
1014 1619 1105 1674 sed
1136 1626 1259 1673 tota:
1296 1616 1555 1687 angelica:
1590 1616 1783 1669 animae
1824 1616 2078 1679 evadunt,
2130 1622 2185 1670 et
2230 1616 2284 1669 in

716 1712 1065 1783 purissimam
1107 1710 1275 1763 vitam
1302 1710 1542 1777 perfecte
1579 1708 1920 1775 perveniunt.
1954 1707 2070 1762 Non
2106 1723 2289 1762 moror

704 1804 875 1857 "etiam
900 1802 1057 1875 hylici
1083 1801 1337 1865 hominis,
1360 1815 1454 1855 seu
1468 1798 1764 1854 rmaterialis
1792 1800 2036 1868 corporis
2059 1810 2284 1855 sortem.

716 1898 776 1951 In
812 1894 1173 1964 corruptelam
1205 1894 1381 1958 abire,
1424 1908 1691 1961 nusquam
1744 1894 2114 1957 excitandum,
2158 1908 2281 1948 cum

717 1985 1030 2043 Sadducaeis
1059 1984 1284 2053 aliisque
1311 2000 1419 2039 non
1452 1984 1641 2053 paucis
1690 1985 1984 2054 gentilibus
2034 1985 2278 2055 philoso-

715 2082 859 2152 phis,
918 2097 982 2135 ex
1037 2080 1349 2135 necessaria
1417 2081 1801 2136 consecutione
1839 2080 2119 2151 putabant.
2175 2079 2285 2137 Nec

715 2173 862 2228 enim
909 2172 962 2227 id
1007 2172 1264 2237 excitari,
1311 2182 1435 2228 vute
1485 2175 1759 2242 particeps
1807 2171 2051 2227 futurum
2100 2172 2279 2239 decet,

713 2267 857 2338 quod
908 2282 939 2322 e
993 2266 1115 2322 labe
1180 2275 1234 2320 et
1290 2265 1637 2335 ignorantia,
1696 2266 2087 2341 Enthymeseos
2155 2281 2282 2337 per-

714 2360 1136 2427 turbationibus,
1166 2371 1219 2415 et
1246 2358 1517 2430 Demiu‘rgi
1551 2359 1766 2414 inscitia
1794 2369 1973 2415 ortum
2005 2360 2173 2415 ducit.

785 2444 874 2518 73.
911 2454 986 2508 De
1004 2453 1221 2508 Christo
1247 2451 1376 2510 Jesu
1404 2451 1533 2521 quid
1558 2451 1849 2516 sentirent,
1879 2452 2073 2520 quibus
2103 2464 2281 2520 ponus

712 2544 1065 2614 blasphemiis
1106 2561 1319 2601 sacrum
1352 2544 1748 2599 lncarnationis
1793 2545 2114 2614 mysterium
2147 2544 2279 2598 sub-

712 2636 1139 2703 verterentyjam
1176 2635 1430 2691 diximus.
1468 2633 1603 2689 Illud
1637 2633 1977 2688 fundamenti
2022 2635 2141 2689 loco
2170 2645 2281 2689 sta-

715 2726 959 2790 tuebant,
988 2725 1128 2796 quod
1162 2725 1503 2782 verissimum
1529 2735 1635 2788 est,
1664 2741 1763 2782 nec
1792 2726 1959 2783 semel
1991 2742 2019 2780 a
2052 2725 2150 2782 SS.
2177 2726 2282 2782 Pa-

715 2819 887 2875 tribus
934 2819 1287 2885 aﬂirmatum,
1345 2835 1408 2875 ea
1482 2820 1789 2889 suscepisse
1837 2818 2112 2875 Christum
2158 2835 2279 2892 quae

714 2921 1028 2967 servaturus
1058 2921 1196 2973 erat.
1227 2910 1334 2967 Sed
1366 2911 1464 2967 hoc
1495 2912 1734 2981 turpiter
1783 2912 1937 2966 abusi
1981 2911 2278 2967 conclude-

714 3002 866 3068 hant,
899 3017 966 3057 ex
993 3004 1328 3073 quadruplici
1361 3005 1663 3061 substantia
1708 3016 2047 3074 compactum
2086 3004 2274 3072 fuisse,

714 3104 774 3150 ut
814 3106 995 3166 typum
1033 3099 1191 3166 primi
1244 3113 1307 3153 ac
1346 3101 1565 3169 superni
1611 3100 1948 3167 quaternarii
2000 3109 2276 3165 servaret;

2385 623 2479 661 rus
2514 607 2750 676 Angelus
2797 606 2906 659 Deo
2945 605 3103 673 longe
3152 602 3397 665 inferior,
3445 615 3542 655 nec
3573 600 3695 656 Jesu
3742 601 3959 656 Christo

2388 699 2723 768 hypostatice
2753 699 2957 751 unitus.
2990 696 3175 765 Neque
3226 696 3369 749 enim
3408 695 3580 763 ipsum
3621 695 3712 748 Dei
3758 692 3955 747 Filium

2384 806 2605 845 carnem
2652 790 2945 859 sumpsisse
2987 789 3271 853 volebant;
3312 796 3366 842 et
3406 787 3451 840 si
3485 786 3778 849 dixissent,
3812 787 3957 841 haud

2386 883 2489 937 alio
2517 897 2676 952 quam
2701 881 2919 935 Sabellii
2948 890 3001 935 et
3028 880 3178 935 Pauli
3205 878 3549 935 Samosateni
3577 894 3738 932 sensu
3772 878 3957 933 dicere

2386 973 2704 1042 potuissent.
2738 971 2808 1024 At
2835 971 3067 1041 hylicum
3096 970 3227 1023 nihil
3251 985 3345 1024 seu
3371 969 3653 1023 materiale
3677 968 3950 1022 asciscere

2386 1067 2490 1120 sibi
2531 1067 2706 1135 potuit
2739 1062 2895 1120 Jesus
2921 1062 3208 1126 Christus;
3253 1062 3378 1131 quia
3420 1062 3523 1116 hoc
3567 1074 3689 1115 cum
3732 1060 3867 1115 labis
3899 1068 3958 1113 et

2385 1158 2705 1228 ignorantia:
2739 1156 2949 1211 fructus
2974 1159 3066 1221 sit,
3108 1155 3345 1209 infausta
3381 1154 3711 1224 perturbatae
3741 1168 3840 1207 nec
3869 1153 3957 1207 sui

2388 1251 2650 1318 compotis
2688 1250 3073 1321 Enthymeseos
3098 1249 3332 1315 soboles,
3373 1247 3581 1302 et'cazci
3611 1261 3675 1301 ac
3703 1248 3961 1315 ignoran-

2388 1346 2458 1399 tis
2506 1345 2779 1413 Demiurgi
2820 1361 2990 1414 opus,
3020 1345 3245 1399 salutem
3290 1358 3573 1413 capessere
3610 1342 3811 1397 nullam
3860 1356 3960 1410 po-

2390 1448 2518 1507 test,
2565 1438 2659 1493 sed
2702 1439 2755 1492 in
2811 1436 3214 1506 corruptelam,
3258 1435 3397 1489 unde
3445 1434 3655 1488 initium
3705 1432 3955 1500 sumpsit,

2389 1538 2546 1588 cedat
2574 1545 2796 1584 necesse
2843 1537 2948 1582 est.
2982 1525 3105 1580 Haec
3148 1541 3277 1581 vero
3327 1526 3632 1593 impiissimi
3686 1523 3958 1593 dogmatis

2387 1620 2723 1677 consectaria
2754 1617 3065 1671 necessaria
3094 1616 3265 1669 fuere.
3299 1617 3349 1669 1⁸
3373 1616 3514 1669 Nihil
3545 1632 3571 1668 a
3603 1615 3768 1669 Maria
3796 1614 3956 1668 Chri-

2388 1726 2531 1771 stum
2556 1712 2851 1781 accepisse,
2885 1709 2977 1763 sed
3010 1724 3105 1777 per
3140 1724 3284 1773 eam,
3332 1707 3493 1762 veluti
3553 1721 3693 1777 aqua
3745 1723 3843 1777 per
3865 1717 3958 1759 tu-

2392 1808 2538 1870 bum,
2570 1804 2873 1858 transiisse.
2905 1800 3039 1855 Cum
3069 1801 3210 1852 enim
3246 1800 3478 1870 hylicum
3523 1799 3653 1852 nihil
3696 1813 3956 1866 suscepe-

2389 1900 2477 1963 rit,
2507 1898 2600 1952 sed
2626 1910 2822 1965 corpus
2859 1895 2921 1947 ab
2950 1892 3129 1962 hylico
3173 1906 3267 1946 seu
3316 1890 3607 1954 materiali,
3647 1890 3792 1957 quod
3840 1904 3961 1942 om-

2386 1994 2531 2047 nium
2553 1992 2832 2046 hominum
2864 2000 2966 2055 est,
3007 1986 3195 2057 procul
3225 1987 3500 2040 diversum
3527 1984 3857 2054 gestaverit;
3884 1977 3957 2036 a'b

2386 2099 2448 2141 ea
2484 2084 2718 2138 mutuari
2755 2082 2888 2137 nihil
2927 2083 3123 2151 potuit,
3160 2094 3259 2134 nec
3290 2080 3344 2133 in
3380 2079 3496 2149 ejus
3525 2086 3679 2133 utero
3705 2076 3957 2142 formari,

2385 2193 2449 2233 ex
2483 2192 2588 2244 qua
2613 2175 2819 2230 nullum
2851 2175 2953 2229 nisi
2985 2174 3219 2243 hylicum
3248 2183 3301 2226 et
3333 2172 3405 2225 illi
3432 2171 3612 2227 simile
3635 2186 3834 2240 corpus
3863 2185 3961 2241 ge—

2385 2269 2563 2324 nerari
2585 2276 2817 2337 poterat.
2848 2266 2907 2319 2°
2947 2266 3091 2320 Nihil
3119 2267 3229 2335 pati
3286 2264 3531 2332 potuisse
3578 2262 3909 2318 Salvatorem
3938 2279 3957 2329 ;

2384 2380 2504 2419 cum
2536 2378 2637 2417 nec
2661 2362 2879 2416 Christo
2901 2359 3026 2415 Jesu
3062 2374 3191 2413 vere
3222 2359 3411 2411 unitus
3442 2367 3606 2422 esset,
3637 2370 3735 2411 nec
3762 2365 3961 2425 suapte

2383 2463 2576 2509 natura
2619 2453 2855 2523 patibilis
2888 2464 2941 2507 et
2970 2451 3223 2506 visibilis.
3272 2450 3380 2504 Sed
3410 2464 3534 2504 cum
3570 2448 3726 2504 Jesus
3765 2463 3959 2502 coram

2381 2549 2556 2605 Pilato
2579 2550 2887 2612 sisteretur,
2920 2545 3103 2600 statim
3131 2545 3186 2598 in
3223 2543 3470 2598 Pleroma
3502 2542 3780 2597 revolasse
3800 2540 3960 2596 dice-

2381 2650 2530 2696 nant.
2561 2640 2614 2694 '5'
2646 2638 2721 2693 Ne
2756 2640 2805 2693 id
2850 2638 3069 2707 quidem
3116 2638 3259 2705 quod
3304 2650 3332 2688 a
3380 2634 3551 2690 Matre
3596 2644 3716 2689 erat
3755 2648 3959 2689 semen

2381 2749 2597 2804 passum
2622 2746 2763 2793 esse,
2797 2741 2977 2800 utp0te
3006 2730 3147 2799 quod
3176 2738 3230 2783 et
3262 2728 3329 2783 ab
3356 2728 3534 2782 anima
3566 2726 3805 2790 animali,
3830 2740 3961 2796 quas

2377 2825 2492 2878 sola
2532 2823 2800 2893 passionis
2848 2836 3044 2890 capax,
3088 2820 3440 2885 distinctum,
3477 2828 3532 2875 et
3577 2819 3854 2889 spiritale,
3893 2829 3963 2873 ct

2379 2914 2649 2971 invisibile
2673 2916 2834 2969 etiam
2872 2913 2975 2983 ipsi
3006 2912 3294 2983 Demiurgo
3318 2920 3485 2966 esset.
3510 2911 3605 2965 Sic
3635 2910 3733 2970 illi.
3767 2912 3826 2965 4·
3853 2909 3969 2964 So—

2380 3009 2488 3063 lam
2512 3021 2725 3078 passam
2764 3007 2934 3062 fuisse
2986 3006 3279 3061 animalem
3322 3005 3705 3069 substantiam,
3747 3014 3800 3057 et
3830 3018 3963 3058 eam

2381 3114 2541 3169 quam
2564 3098 2814 3155 Christus
2838 3100 3156 3155 oeconomiae
3177 3112 3344 3153 causa
3374 3104 3707 3166 susceperat,
3739 3092 3961 3167 [XLVL]

714 3199 781 3244 ex
815 3190 1068 3258 spiritali,
1113 3206 1234 3259 qute
1273 3201 1397 3245 erat
1440 3192 1508 3246 ab
1552 3191 1900 3257 Achamoth;
1944 3207 2011 3246 ex
2055 3192 2275 3247 animali
2303 3212 2347 3270 ο
2380 3191 2831 3248 solerti'artiﬂcio
2855 3200 3212 3263 compactam.
3256 3190 3347 3244 Sic
3373 3198 3538 3245 totam
3576 3188 3733 3244 Verbi
3771 3190 3960 3244 incar-

713 3296 831 3351 qua:
867 3290 1034 3336 erata
1064 3282 1390 3352 Demiurgo;
1435 3299 1502 3338 ex
1526 3299 1587 3337 ea
1612 3300 1773 3355 quam
1821 3286 2160 3351 oeconomiae,
2188 3301 2283 3341 seu

713 3373 904 3428 salutis
928 3375 1174 3429 humanze
1199 3378 1559 3446 procurandae
1600 3392 1761 3432 causa
1800 3378 2116 3448 assumpsit,
2167 3394 2285 3433 cor-

712 3480 875 3537 porea
903 3469 1120 3538 quidem
1147 3485 1269 3539 qua:
1299 3484 1492 3526 sensus
1534 3470 1793 3539 alliceret,
1818 3472 1911 3526 sed
1940 3471 2012 3525 ita
2054 3488 2082 3525 a
2134 3487 2287 3527 cras-

711 3558 846 3614 siori
874 3561 1102 3615 materia
1138 3562 1394 3617 delmcata
1423 3571 1477 3617 et
1518 3569 1677 3633 pura,
1713 3571 1767 3618 et
1796 3572 1903 3617 tam
1934 3564 2122 3619 solerti
2163 3573 2286 3619 arte

711 3662 925 3725 parata,
952 3667 1009 3709 ut
1033 3655 1163 3710 nihil
1197 3672 1319 3711 cum
1351 3672 1413 3713 ea
1451 3655 1739 3714 commune
1778 3659 2022 3723 haberet,
2065 3674 2127 3714 ac
2174 3658 2283 3729 spi-

715 3746 888 3802 ritalis
909 3748 1313 3815 quodammodo
1356 3764 1468 3819 prae
1503 3766 1568 3805 ea
1624 3759 1768 3807 esset
1800 3767 1813 3805 :
1843 3766 1906 3807 ac
1950 3752 2165 3806 demum
2214 3767 2283 3806 ex

714 3854 951 3909 superno
982 3838 1280 3907 Saluatore,
1308 3842 1403 3910 qui
1432 3843 1484 3897 in
1515 3858 1639 3898 eum
1670 3844 1773 3900 sub
1813 3846 1993 3915 specie
2021 3844 2284 3901 columbae

711 3932 1012 4000 descendit,
1062 3943 1172 3987 tum
1211 3950 1333 3988 cum
1366 3935 1433 3987 ad
1478 3936 1807 4005 baptismum
1837 3940 2007 3993 venit.
2048 3938 2281 4009 Spirita-

713 4024 819 4079 lem
862 4026 1083 4095 quidem
1138 4028 1497 4082 substantiam
1546 4030 1614 4085 ab
1668 4031 1968 4086 Achamoth
2013 4033 2284 4102 acciperet

714 4132 939 4172 necesse
992 4126 1135 4184 erat,
1173 4120 1429 4189 quoniam
1482 4122 1717 4192 spiritali
1761 4125 1975 4190 semini,
2019 4127 2283 4181 hactenus

714 4207 1167 4276 repullulantibus
1209 4210 1567 4280 undequaque
1594 4215 1762 4279 vitiis,
1783 4211 2105 4282 ignorantia
2147 4232 2282 4286 prae-

713 4298 925 4365 sertim,
976 4299 1277 4369 praefocato
1328 4302 1721 4371 perfectionem
1776 4315 1829 4359 et
1883 4306 2280 4363 incrementum

714 4389 982 4453 allaturos
1010 4402 1149 4457 erat,
1178 4410 1485 4465 novamque
1516 4397 1690 4451 lucem
1720 4398 1984 4455 hactenus
2024 4400 2278 4466 invisam,

713 4482 975 4537 nimirum
1022 4487 1259 4554 supremi
1315 4487 1492 4543 Patris
1535 4490 1884 4558 agnitionem,
1935 4492 1989 4545 in
2036 4493 2281 4549 homines

2388 3284 2499 3338 nati
2549 3284 2933 3355 mysteriorum
2991 3282 3348 3337 teconomiam
3402 3280 3840 3345 lahefactahant,
3902 3288 3962 3335 et

2386 3375 2632 3430 funditus
2662 3376 2981 3430 evertebant
3002 3372 3213 3442 profani
3253 3371 3525 3426 homines.

2455 3470 2544 3524 74.
2585 3469 2779 3523 Mirum
2826 3469 2875 3524 si
2909 3469 3177 3539 dogmatis
3223 3466 3330 3520 vita
3376 3479 3483 3519 non
3532 3460 3958 3532 respondisset:

2384 3559 2707 3629 impiissima
2744 3560 2998 3629 dogmata
3056 3554 3459 3613 scelestissimis
3521 3553 3761 3607 moribus
3812 3553 3964 3605 adae-

2385 3653 2541 3723 quari
2570 3668 2791 3708 necesse
2821 3661 2958 3707 erat.
2989 3651 3279 3705 Vesaniam
3328 3648 3534 3716 arguit,
3567 3646 3709 3713 quod
3743 3645 3962 3712 seipsos

2382 3743 2677 3813 perfectos,
2721 3742 3016 3811 spiritales,
3072 3738 3303 3808 spiritali
3366 3737 3571 3790 semine
3613 3734 3960 3800 fecundatos,

2384 3835 2590 3889 semina
2616 3833 2915 3898 electionis,
2946 3847 3011 3886 ac
3037 3830 3351 3895 Gnosticos,
3384 3842 3479 3881 seu
3518 3826 3751 3880 scientes
3780 3826 3964 3895 impu-

2382 3925 2889 3995 dentiusjactarent
2914 3940 2929 3990 ;
2956 3924 3053 3993 qui
3092 3924 3322 3993 gratiam
3384 3919 3600 3989 proprio
3626 3932 3691 3972 ac
3718 3917 3963 3974 incred-io

2384 4021 2522 4075 tario
2559 4020 2683 4089 jure
2740 4033 2769 4072 a
2820 4016 2994 4072 Matre
3038 4026 3310 4085 acceptam
3365 4015 3436 4068 ita
3481 4012 3843 4083 possiderent,
3897 4022 3963 4067 ut

2384 4125 2600 4181 semper
2661 4118 3038 4175 accresceret,
3092 4110 3435 4166 decresceret
3492 4122 3815 4175 nunquam,
3860 4116 3963 4161 aut

2380 4211 2665 4277 elllueret;
2736 4210 3035 4266 catholicos
3094 4223 3222 4263 vero
3262 4207 3551 4277 psyehicos
3592 4212 3646 4259 et
3685 4204 3959 4259 animal-es

2379 4303 2732 4371 contemptim
2770 4309 3051 4366 vocarent,
3096 4298 3185 4367 qui
3232 4300 3468 4368 gratiam
3517 4295 3863 4351 commodata
3896 4302 3962 4349 ett

2380 4393 2434 4446 in
2480 4394 2700 4463 ancipiti
2738 4410 2834 4447 usu
2887 4394 2965 4448 sie
2998 4391 3361 4459 accipiebant,
3412 4398 3471 4443 ut
3516 4404 3579 4443 ea
3632 4388 3736 4442 illis
3783 4386 3959 4440 adimi

2376 4489 2501 4558 jure
2527 4496 2731 4557 posset.
2770 4486 2907 4554 Quid
2945 4487 3018 4542 sit
3059 4488 3161 4540 ista
3204 4484 3525 4553 spiritalium
3555 4482 3751 4553 gratia,
3786 4480 3962 4550 spiri-

714 4573 1037 4630 diﬂ‘usurus.
1088 4575 1391 4633 Animalem
1417 4581 1602 4645 etiam,
1636 4590 1690 4636 et
1720 4597 1836 4637 eam
1874 4598 1995 4653 quae
2030 4585 2199 4639 videri
2223 4590 2276 4641 et
2308 4577 2351 4631 D
2383 4581 2487 4634 tale
2516 4580 2645 4633 illud
2688 4595 2895 4643 semen,
2935 4595 3039 4648 quo
3072 4579 3361 4649 superbius
3399 4576 3778 4638 efferebantur,
3808 4573 3965 4627 dixi~

715 4668 864 4736 tangi
894 4678 1098 4737 posset,
1125 4684 1403 4725 assumere
1426 4672 1644 4738 debuit;
1678 4675 1805 4743 quia
1829 4690 1953 4729 cum
1986 4686 2040 4730 et
2066 4678 2275 4732 anima-

714 4759 857 4816 libus
893 4761 1201 4818 bominibus
1224 4762 1454 4817 salutem
1483 4765 1855 4834 impertiturus
1878 4780 2042 4835 esset,
2080 4771 2273 4839 iisque,

714 4861 901 4921 utpote
947 4853 1180 4921 spiritali
1224 4856 1436 4911 semine
1488 4872 1580 4911 seu
1634 4861 1913 4929 agnitione
1976 4862 2273 4927 destitutis,

713 4960 853 5002 unus
881 4947 1060 5002 aditus
1096 4949 1161 5003 ad
1190 4965 1307 5005 eam
1348 4968 1443 5021 per
1487 4954 1643 5008 tidem
1678 4966 1731 5010 et
1766 4958 1903 5010 bona
1949 4966 2108 5026 opera
2140 4972 2275 5026 pan-

714 5037 908 5105 datur;
953 5055 1176 5097 necesse
1226 5056 1345 5099 erat
1390 5046 1457 5100 iis
1494 5049 1689 5102 similis
1732 5064 1795 5103 ac
1826 5050 2054 5105 visibilis
2097 5051 2272 5114 ﬁeret,

712 5145 821 5201 quo
860 5133 963 5187 dux
982 5149 1168 5191 eorum
1213 5148 1266 5193 et
1308 5142 1561 5210 magister
1591 5142 1864 5198 evaderet.
1906 5142 2000 5198 His
2026 5146 2272 5199 omnibus

713 5226 975 5281 accedere
1030 5227 1214 5282 debuit
1277 5232 1343 5285 de
1392 5234 1640 5299 supernis
1688 5230 1965 5294 Salvator.
2014 5235 2103 5303 qui
2147 5233 2271 5288 J'esu

713 5314 921 5371 Christi
966 5327 1199 5374 mentem
1225 5318 1547 5376 Pleromatis
1600 5325 1873 5392 mysteriis
1921 5324 2271 5390 iulormaret;

712 5408 865 5476 isque
900 5409 1022 5463 huic
1055 5410 1317 5465 uniendus
1349 5428 1415 5466 eo
1438 5415 1695 5469 unitionis
1727 5428 1945 5483 genere,
1985 5416 2131 5484 quod
2151 5430 2271 5483 pro-

711 5502 799 5555 cul
841 5503 909 5557 ab
962 5505 1308 5573 hypostatico
1358 5510 1640 5575 dissideat,
1688 5509 1934 5577 nihilque
1977 5511 2078 5563 nisi
2125 5526 2270 5565 mere

713 5596 919 5668 morale
959 5605 1143 5666 sonet;
1186 5615 1248 5654 ac
1282 5599 1462 5656 Jesum
1503 5617 1531 5655 a
1569 5604 1840 5657 cmnmuni
1889 5603 2162 5657 hominum
2204 5606 2271 5671 (si

715 5691 870 5737 tamet
930 5685 1091 5741 homo
1121 5688 1405 5756 dicendus,
1435 5693 1737 5760 cuicorpus
1772 5694 2063 5747 aethereum
2095 5697 2273 5761 potius

712 5782 767 5827 et
798 5776 1217 5847 phantasncunz,
1263 5798 1418 5847 quam
1465 5785 1756 5837 humanum
1801 5784 1940 5852 erat)
1973 5798 2118 5841 sorte
2165 5803 2269 5840 non

2382 4684 2517 4725 mus.
2552 4670 2797 4739 Supremi
2853 4669 3051 4733 Patris,
3092 4685 3274 4739 usque
3307 4672 3374 4723 ad
3418 4668 3552 4722 Novi
3608 4666 3955 4722 Testament-i

2380 4773 2620 4832 tempora
2659 4762 2948 4816 invisibilis
2969 4773 3030 4821 et
3062 4764 3253 4834 ignoti,
3298 4763 3500 4833 agnitio
3542 4771 3645 4828 est,
3680 4776 3956 4830 superno-

2379 4868 2605 4921 rumqne
2642 4852 2963 4908 Plcromatis
3009 4870 3334 4909 arcanorum
3370 4855 3601 4909 scientia
3642 4869 3739 4925 per
3764 4852 3954 4923 ,Chri-

2379 4946 2445 4998 sti
2472 4944 2763 4999 adventum
2811 4944 3123 5001 hominibus
3172 4947 3363 5012 indita,
3414 4961 3521 5015 qua
3553 4946 3688 5011 sola,
3730 4947 3958 5000 caeteris

2378 5036 2632 5089 omnibus
2662 5036 2857 5103 spretis
2882 5045 2935 5089 et
2966 5036 3203 5100 omissis,
3238 5036 3468 5089 salutem
3497 5034 3804 5101 comparari
3843 5048 3961 5101 pu-

2380 5131 2585 5183 tabant.
2625 5127 2773 5182 Hanc
2800 5144 2909 5183 suae
2946 5129 3205 5183 duntaxat
3234 5138 3394 5182 sectae
3421 5127 3727 5183 hominibus
3748 5141 3962 5180 conce-

2376 5220 2597 5284 debant,
2653 5218 2771 5275 aliis
2800 5221 3052 5274 omnibus
3082 5220 3443 5289 denegabant,
3484 5227 3667 5289 utpote
3713 5233 3955 5287 quormn

2377 5323 2593 5380 captum
2623 5325 2901 5383 superaret
2933 5328 2993 5367 ea
3025 5313 3222 5381 γνῶσις
3249 5329 3262 5375 ;
3298 5313 3351 5365 in
3383 5312 3577 5381 quibus
3616 5311 3955 5379 proindelo-

2375 5418 2496 5456 cum
2531 5403 2732 5459 habere
2760 5404 3042 5459 crederent
3072 5406 3242 5459 solam
3282 5405 3471 5468 ﬁdem,
3508 5404 3825 5473 implicitum
3856 5404 3954 5457 ni-

2379 5496 2595 5561 mirum,
2649 5509 2703 5551 et
2745 5513 2853 5551 suae
2902 5498 3197 5568 disciplinae
3250 5500 3497 5553 sectariis
3547 5496 3950 5553 adhibendam.

2377 5588 2488 5642 Hoc
2522 5592 2777 5645 vitiorum
2811 5598 3075 5655 omnium,
3116 5593 3379 5647 scelerum
3411 5602 3465 5647 et
3505 5592 3954 5661 turpissimarum

2378 5682 2916 5752 facinorum,quibus
2963 5687 3298 5755 perditorum
3339 5688 3615 5740 hominum
3662 5688 3953 5741 funestata

2376 5777 2484 5830 vita
2535 5777 2656 5843 fuit,
2699 5780 3045 5835 seminarium
3097 5788 3145 5834 et
3200 5781 3351 5849 origo
3399 5781 3622 5835 nstitit.
3678 5781 3830 5841 llinc,
3884 5792 3955 5836 ut
