4180 6332
204 390 292 448 Nil
1121 388 1581 447 DISSERTATIO
1614 388 1655 453 1,
1693 388 1853 444 ART.
1892 388 1933 453 Ι,
1970 387 2058 442 DE
2096 386 2502 443 VALENTINO.

3352 385 3453 440 ΠΗ.

204 516 345 561 recte
394 508 662 561 observat
692 508 928 562 lrenzeus
971 506 1061 570 ⁸¹⁰,
1096 509 1398 561 intimarate
1449 507 1623 560 omnia
1670 523 1786 575 qua:
1815 504 1953 564 Alis
1979 504 2258 575 gentilium
2312 503 2794 574 philosophematis
2836 501 3144 559 simulatam
3189 500 3455 557 Christia—

207 607 465 658 eelantur,
518 593 605 646 illi
635 595 1021 663 operabantur,
1062 594 1195 647 nihil
1245 595 1499 647 vitiorum
1540 593 1779 647 omnium

208 697 361 737 cinno
404 683 683 751 inquinari
730 699 788 738 se
828 700 989 754 posse
1040 694 1313 754 putantes.
1368 684 1424 739 Si
1459 685 1603 738 enim
1639 685 1781 738 lleus

204 790 448 829 summus
472 791 645 845 usque
666 776 731 829 ad
756 774 888 831 Novi
921 777 1261 833 Testamemi
1292 786 1534 847 tempora
1566 778 1782 845 ignotus

204 867 341 931 fuit;
385 868 431 921 si
472 869 663 921 mundi
706 868 866 937 hujus
904 884 1095 923 curam
1148 871 1264 941 ipse
1316 886 1419 924 non
1454 871 1642 939 gessit,
1688 869 1782 922 sed

206 960 321 1028 ejus
359 960 902 1015 administrationem
962 962 1174 1031 angelis
1229 960 1580 1016 inferioribus
1629 975 1781 1014 com-

206 1052 392 1107 misit:
422 1068 553 1123 ergo
584 1051 652 1106 ab
675 1053 903 1123 angelis,
950 1062 1009 1107 ut
1038 1063 1252 1117 cratera,
1278 1054 1354 1107 ita
1386 1061 1439 1106 et
1480 1051 1781 1122 prophetiae

207 1145 491 1215 profectae,
519 1155 575 1200 et
605 1146 691 1201 lex
730 1147 783 1201 in
827 1156 1011 1201 monte
1057 1146 1208 1200 Sinai
1239 1146 1345 1199 lata
1386 1144 1509 1199 fuit.
1549 1144 1606 1200 Si
1648 1159 1782 1199 vero

207 1239 292 1293 lex
330 1254 361 1294 a
399 1239 690 1310 Demiurgo
734 1239 980 1303 animali,
1020 1240 1274 1298 animalis
1319 1239 1556 1295 hominis
1594 1239 1781 1293 condi-

206 1342 324 1386 tore
348 1333 472 1388 data
502 1342 587 1387 est
613 1349 625 1384 :
651 1348 779 1403 ergo
806 1346 871 1386 ea
901 1348 1007 1386 non
1046 1342 1259 1387 tenetur
1284 1334 1461 1388 anima
1494 1333 1776 1403 spiritalis,

204 1440 307 1479 nec
334 1426 564 1495 proinde
603 1427 741 1495 legis
773 1425 921 1495 jnssa
963 1425 1243 1495 negligens
1277 1432 1488 1495 peccat,
1531 1424 1657 1493 quia
1703 1424 1782 1476 al-

207 1518 364 1572 tioris
405 1527 489 1573 est
526 1519 780 1589 originis,
816 1533 914 1572 nec
953 1518 1230 1589 Demiurgi
1280 1518 1507 1586 imperio
1542 1515 1777 1571 subdita.

206 1609 265 1665 Si
292 1612 409 1666 sola
451 1612 545 1665 Dei
578 1612 845 1666 hactenus
877 1611 1072 1681 ignoti,
1114 1626 1259 1666 nunc
1287 1625 1416 1664 vero
1438 1624 1497 1663 se
1535 1607 1780 1663 revelan-

210 1702 303 1765 tis,
329 1701 581 1771 cognitio,
635 1701 703 1755 iis
750 1701 950 1769 quibus
989 1698 1168 1754 infusa
1200 1699 1381 1764 fuerit,
1416 1698 1646 1753 salutem
1692 1695 1776 1749 af-

205 1784 336 1853 fert,
366 1802 484 1856 seu,
512 1800 573 1842 ut
597 1788 977 1858 loquebantur,
1007 1789 1060 1842 in
1094 1786 1341 1844 Pleroma
1377 1786 1613 1851 inducit;
1647 1798 1776 1855 ergo

1887 597 2048 651 nismi
2076 595 2313 666 speciem
2360 595 2685 649 induxerant
2710 611 2726 660 ;
2759 594 2852 650 sed
2882 593 3118 650 ethnicis
3145 595 3276 665 ipsis
3300 594 3454 664 pejo-

1886 704 1994 752 res,
2034 688 2149 757 ipsa
2188 685 2411 741 moralia
2442 693 2733 755 prtecepta,
2757 700 2877 755 quas
2905 693 3097 739 natura
3141 685 3453 739 mortalium

1884 780 2139 835 cordibus
2185 778 2486 848 inscripsit,
2519 778 2599 832 sic
2633 792 2853 848 pessum
2897 776 3130 844 dedisse,
3170 786 3228 830 ut
3266 775 3455 832 fractis

1885 875 2156 947 repagulis
2188 873 2438 929 homines
2467 872 2522 926 in
2551 872 2821 942 pecudum
2863 871 3078 925 vivendi
3120 885 3322 924 morem
3356 870 3455 925 de-

1878 968 2135 1036 jicerent.
2165 967 2378 1039 Religio
2419 966 2731 1022 Christiana
2773 965 2827 1019 in
2867 965 3041 1019 sacris
3094 964 3455 1018 sanctissima:

1884 1058 2167 1114 Trinitatis
2207 1068 2257 1113 et
2302 1056 2703 1112 lncarnationis
2749 1055 3047 1126 mysteriis,
3092 1071 3190 1110 ceu
3243 1053 3455 1109 duobus

1885 1151 2219 1218 cardinibus,
2256 1158 2362 1205 tota
2392 1149 2735 1220 potissimum
2767 1148 3017 1211 vertitur,
3049 1146 3255 1217 Deique
3286 1148 3456 1201 verbo

1885 1253 1995 1298 tum
2021 1245 2247 1314 scripto,
2274 1252 2385 1297 tum
2417 1244 2614 1298 tradito
2638 1242 2844 1296 nititur.
2885 1241 3008 1294 Ητεο
3034 1249 3213 1295 autem
3256 1239 3456 1294 funda-

1885 1346 2063 1393 menta
2086 1336 2158 1390 ita
2192 1351 2529 1401 succussere,
2560 1346 2617 1389 ut
2650 1335 2892 1390 funditus
2932 1332 3217 1387 diruerint.
3245 1332 3320 1387 De
3354 1332 3453 1387 tri-

1884 1432 2055 1485 nitate
2083 1443 2438 1497 personarum
2470 1442 2577 1482 non
2617 1429 2669 1481 in
2714 1442 2779 1481 eo
2808 1434 3019 1480 tantum
3064 1426 3229 1495 impie
3251 1426 3457 1483 sentie-

1882 1526 2033 1587 bant,
2074 1521 2216 1591 quod
2259 1520 2513 1586 Mentem,
2559 1519 2883 1584 Veritatem,
2932 1517 3192 1583 Verbum,
3247 1515 3452 1580 Vitam,

1883 1615 2087 1679 Horon,
2142 1613 2456 1677 Christum,
2513 1608 2875 1673 Salvatorem,
2931 1609 3148 1663 diversa
3212 1609 3453 1673 nomina,

1882 1708 2079 1778 quibus
2108 1706 2490 1775 exprimuntur
2525 1704 2683 1759 unius
2722 1714 2777 1758 et
2812 1702 3053 1773 ejusdem
3079 1702 3201 1758 Filii
3234 1702 3331 1757 Dei
3357 1717 3454 1772 per

1882 1814 1940 1856 se
1999 1799 2353 1857 subsistentis
2406 1798 2789 1868 proprietates,
2841 1796 2896 1850 in
2952 1795 3178 1850 totidem
3244 1792 3454 1850 Eones

204 1893 317 1934 non
358 1894 496 1949 opus
539 1881 946 1951 eritoperibus,
983 1879 1038 1933 in
1080 1881 1271 1949 primis
1304 1879 1427 1949 quia
1460 1879 1527 1933 ab
1567 1878 1777 1932 illorum

1884 1892 2404 1961 transformassent;
2454 1892 2547 1945 sed
2602 1889 2747 1959 quod
2794 1887 2999 1943 Aiones
3054 1887 3173 1943 illos
3206 1887 3289 1941 vel
3332 1903 3455 1942 cum

203 1972 555 2032 necessitate.
608 1986 768 2040 quam
798 1970 885 2025 lex
924 1972 990 2026 ab
1023 1970 1230 2039 angelis
1272 1969 1381 2024 lata
1429 1967 1770 2038 iniungebat,

201 2060 418 2115 animas
450 2061 699 2117 liberavit
726 2078 824 2119 suo
878 2063 1116 2118 adventu
1167 2061 1437 2117 Salvator.
1471 2061 1527 2115 Si
1549 2059 1776 2129 quibus-

204 2152 330 2206 dam
387 2156 694 2209 necessaria
754 2156 866 2210 sint
887 2169 1083 2226 opera;
1135 2168 1230 2209 eos
1284 2153 1550 2207 duntaxat
1584 2152 1775 2221 juvare

202 2259 435 2319 queunt,
480 2251 676 2319 quibus
720 2250 981 2320 spiritalis
1036 2250 1265 2305 scientia
1317 2249 1506 2313 deest,
1561 2247 1775 2304 caeteris

203 2343 422 2413 penitus
449 2342 680 2398 inutilia.
712 2342 770 2397 Si
798 2343 1045 2415 spiritale
1076 2358 1266 2398 semen
1309 2343 1375 2396 ad
1407 2341 1635 2396 salutem
1660 2338 1775 2394 elli-

200 2444 325 2502 cax,
352 2452 416 2493 ex
440 2451 545 2506 quo
568 2438 740 2493 semel
771 2440 1038 2504 habitum,
1063 2439 1242 2509 perire
1274 2451 1549 2507 nunquam
1575 2444 1775 2506 potest.

202 2530 299 2583 sed
350 2541 579 2597 augetur
627 2545 862 2600 semper,
914 2531 1111 2585 crescit
1151 2538 1203 2584 et
1265 2528 1540 2599 perﬁcitur
1584 2544 1598 2581 :
1647 2542 1777 2597 ergo

201 2622 467 2692 quidquid
494 2633 656 2694 agant
696 2624 753 2688 ii,
782 2623 977 2692 quibus
1020 2622 1323 2691 inspersum
1378 2619 1562 2685 fuerit,
1604 2620 1779 2689 quod-

202 2730 422 2784 cunque
451 2715 717 2770 scelerum
747 2728 916 2783 genus
946 2724 1277 2784 perpetrent,
1326 2728 1354 2767 a
1394 2713 1566 2784 gratia
1596 2722 1651 2768 et
1692 2728 1780 2767 sa-

204 2808 319 2867 lute
348 2822 621 2876 nunquam
648 2808 924 2861 excident.
960 2806 1014 2860 Si
1047 2806 1281 2877 denique
1307 2821 1371 2861 ea
1405 2808 1669 2861 duntaxat
1697 2820 1780 2859 sa»

205 2900 375 2954 lutem
405 2899 732 2970 percipiunt,
766 2914 885 2967 quae
928 2899 1172 2967 suscepit
1214 2898 1493 2964 Christus,
1534 2898 1777 2969 hylicum

208 3006 339 3048 vero
370 2991 505 3047 nihil
537 2993 827 3062 assumpsit
863 3009 877 3047 :
908 3008 1036 3061 ergo
1067 2992 1202 3047 nihil
1222 2994 1541 3064 corporibus
1575 2994 1780 3063 imper-

206 3085 340 3139 titus
363 3092 465 3151 est,
511 3087 684 3155 iisque
733 3087 876 3140 nulla
930 3087 1199 3156 speranda
1249 3085 1599 3151 resurrectio.
1646 3084 1780 3140 Tam

203 3186 361 3232 arcte
384 3192 507 3231 cum
534 3178 647 3232 suis
689 3177 975 3247 principiis
1021 3178 1298 3232 cohaerent
1335 3191 1413 3231 eae
1440 3176 1793 3232 consecutio-

202 3285 327 3337 nes,
370 3280 432 3325 ut
464 3285 557 3325 eas
596 3273 811 3343 ipsimet
841 3269 1199 3326 Valentiniani
1235 3285 1364 3327 suas
1401 3270 1578 3341 palam
1619 3271 1777 3326 fateri

204 3379 315 3418 non
348 3367 756 3425 erubescerent.

283 3449 371 3503 75.
404 3450 543 3515 Jam,
575 3456 727 3518 puto,
758 3454 942 3506 nullus
976 3450 1252 3521 deinceps,
1284 3448 1389 3507 nisi
1418 3452 1511 3522 qui
1536 3460 1780 3509 veterum

204 3539 456 3593 omnium
504 3540 842 3596 auctoritatis
882 3542 1077 3612 jugum
1126 3541 1390 3599 audacius
1440 3546 1779 3614 excusserit,

210 3628 626 3687 Valentinianos
665 3633 730 3688 iis
790 3648 1038 3688 errorum
1077 3636 1345 3704 portentis
1373 3637 1656 3693 absolvere
1688 3654 1783 3693 co-

208 3721 425 3794 gitabit,
454 3724 654 3793 quibus
699 3724 1085 3780 insimulantur
1111 3736 1224 3781 tum
1270 3728 1337 3783 ab
1377 3729 1613 3796 Irenaeo,
1649 3738 1783 3785 teste

206 3816 363 3869 omni
409 3818 728 3886 exceptione
767 3820 981 3889 majori,
1016 3829 1130 3877 tum
1169 3838 1201 3877 a
1243 3823 1452 3878 caeteris
1503 3810 1778 3878 Patribus.

206 3904 327 3963 lmo
359 3908 597 3981 stupebit
627 3910 883 3967 cordatus
906 3912 1158 3982 quisque,
1196 3928 1262 3968 eo
1292 3929 1469 3984 usque
1501 3916 1779 3969 temerita-

203 3999 281 4054 tis
303 3999 619 4070 prorupisse
644 4003 909 4071 quosdam
935 4006 1290 4073 recentiores,
1326 4017 1386 4061 ut
1409 4007 1626 4062 testium
1652 4024 1784 4064 coas-

204 4096 499 4142 taneorum
540 4091 993 4163 oculatorumque
1031 4096 1352 4152 auctoritate
1408 4098 1637 4167 elevata,
1688 4115 1783 4155 eos

203 4186 477 4236 ex‘cusare
505 4182 658 4239 vanis
700 4185 983 4257 argutiolis
1027 4188 1293 4254 nitantur,
1328 4205 1467 4259 quos
1507 4190 1582 4244 illi
1618 4193 1784 4248 certis

203 4272 517 4328 rationibus
562 4274 890 4346 invictisque
930 4278 1257 4335 testimoniis
1311 4297 1436 4337 reos
1481 4298 1603 4340 esse
1649 4301 1782 4356 pro-

201 4361 379 4430 bant;
412 4374 464 4419 et
506 4379 574 4421 ne
622 4366 890 4437 desipiant
920 4369 1118 4439 perditi
1160 4371 1441 4439 homines,
1473 4375 1782 4432 immaniter

203 4457 520 4527 desipuisse
550 4469 771 4515 sanctos
818 4459 1006 4518 Patres
1040 4462 1265 4519 innuere
1313 4481 1421 4521 non
1470 4478 1777 4527 vereantur.

202 4550 540 4618 Attendant,
573 4568 790 4623 quaeso,
826 4553 1047 4626 benigni
1084 4556 1161 4610 illi
1206 4557 1582 4614 haereticorum
1616 4561 1782 4617 inter-
1812 4570 1852 4624 D

200 4651 410 4713 pretes.
448 4652 581 4714 quot
609 4654 662 4698 et
704 4655 905 4715 quanta
947 4649 1241 4718 postremis
1270 4650 1419 4707 hisce
1447 4654 1663 4709 saeculis
1695 4670 1783 4709 er-

203 4746 401 4789 rorum
463 4745 746 4803 monstra,
798 4738 1101 4809 stulidaque
1152 4739 1343 4797 deliria
1406 4746 1675 4815 pepererit
1729 4747 1782 4801 in

202 4829 401 4900 Anglia
426 4869 439 4894 ,
476 4830 799 4895 Germania,
836 4831 1158 4902 Hollandia,
1208 4837 1319 4891 imo
1357 4841 1545 4907 paucis
1586 4841 1784 4898 abhinc

202 4923 370 4978 annis
420 4923 475 4978 in
518 4924 689 4981 Gallia
744 4929 883 4984 male
929 4944 1121 4985 sanum
1171 4927 1530 4988 fanaticorum
1586 4945 1781 5005 caput;

199 5017 414 5087 quibus
443 5026 623 5075 tamen
678 5022 762 5076 sui
816 5037 927 5077 non
975 5023 1262 5079 defuerunt
1315 5028 1566 5095 asseclae,
1607 5046 1785 5101 neque

199 5125 439 5164 numero
475 5113 655 5180 pauci,
690 5129 867 5184 neque
901 5116 1091 5171 ordine
1122 5126 1175 5172 et
1211 5121 1439 5174 scientia
1468 5121 1639 5177 inﬁmi
1681 5141 1695 5178 :
1731 5134 1784 5179 et

193 5201 316 5270 jam
358 5200 521 5256 ﬁdem
564 5214 825 5272 superare
849 5220 960 5259 non
1002 5206 1291 5275 videbitur,
1328 5210 1596 5280 quosdam
1629 5214 1780 5282 prio-

193 5308 327 5347 rum
363 5295 686 5349 szeculorum
721 5296 970 5353 homines
992 5298 1071 5353 sic
1101 5300 1412 5369 insaniisse,
1444 5311 1502 5357 ut
1527 5315 1784 5361 enarrant

193 5382 413 5439 Patres.
461 5385 566 5439 Sed
623 5386 810 5443 missis
870 5388 1020 5444 hisce
1076 5394 1610 5461 concertationibus,
1661 5414 1783 5467 quae

195 5476 472 5531 hactenus
505 5477 768 5565 diximus,
805 5480 1089 5552 perspicue
1122 5482 1516 5549 demonstrant,
1542 5487 1780 5544 Valenti-

200 5569 407 5624 nianos
444 5581 609 5627 puros
648 5577 919 5642 putosque
947 5572 1194 5638 ethnicos
1220 5574 1409 5645 fuisse,
1448 5579 1541 5649 qui
1575 5581 1778 5637 ridicu-

274 5821 342 5857 ιε’
394 5810 513 5869 Lib.
547 5829 583 5880 ι,
618 5829 665 5871 c.
698 5815 749 5884 5,
782 5834 837 5874 η.
868 5819 920 5876 5.

1877 1986 1996 2054 ipso
2023 1983 2187 2039 Patre
2237 1979 2660 2044 confunderent,
2689 1978 2770 2032 uti
2800 1976 2980 2032 fecere
3011 1974 3235 2041 Noetus,
3265 1974 3457 2031 Sabel-

1876 2078 1983 2133 lius
2010 2086 2064 2132 et
2100 2076 2299 2131 Paulus
2332 2075 2769 2139 Samosatenus;
2812 2070 2894 2126 vel
2924 2071 3003 2126 sic
3037 2085 3065 2125 a
3099 2069 3263 2123 Patre
3297 2083 3458 2139 sepa-

1878 2178 2081 2234 rarent,
2113 2177 2172 2223 ut
2196 2168 2357 2237 longe
2382 2165 2660 2222 inferioris
2692 2172 2904 2218 natura:
2934 2177 3056 2217 esse
3094 2161 3322 2226 vellent,
3360 2174 3459 2215 nec

1878 2262 1997 2333 plus
2028 2276 2191 2332 quam
2224 2260 2449 2330 angelos
2480 2271 2601 2313 esse
2655 2256 2943 2321 sentirent,
2996 2269 3118 2323 quae
3161 2252 3281 2307 Arii
3307 2251 3460 2307 dein-

1879 2368 2005 2422 ceps
2032 2352 2373 2423 blasphemia
2413 2350 2536 2405 fuit.
2576 2346 2687 2403 Nec
2726 2346 2917 2402 melius
2960 2355 3142 2400 actum
3175 2358 3300 2399 cum
3330 2342 3459 2414 Spi-

1882 2445 1991 2498 ritu
2038 2452 2249 2507 sancto,
2296 2441 2388 2512 qui
2430 2449 2486 2494 et
2530 2441 2643 2509 ipse
2672 2438 2845 2509 gradu
2890 2436 3131 2502 dejectus
3179 2433 3246 2487 ad
3289 2445 3457 2503 ange-

1880 2535 2055 2591 lorum
2082 2546 2284 2591 sortem
2318 2534 2595 2603 relegatus
2643 2541 2753 2586 est.
2786 2529 2991 2599 Sicque
3023 2543 3127 2581 una
3167 2536 3223 2580 et
3266 2525 3457 2580 eadem

1882 2629 2104 2683 haeresis
2131 2644 2191 2681 ea
2223 2626 2384 2682 simul
2411 2641 2616 2680 venena
2659 2624 2889 2679 miscere
2930 2620 3104 2687 novit,
3134 2635 3253 2690 qua:
3295 2619 3456 2675 dein-

1881 2737 2006 2790 ceps
2056 2721 2273 2776 divisim
2324 2727 2613 2789 epotarent
2651 2716 2923 2774 Sabellius
2947 2716 3019 2780 (et
3046 2714 3231 2769 Arius.
3283 2713 3457 2780 Quam

1884 2815 2079 2868 misere
2126 2810 2290 2865 abiis
2334 2808 2535 2863 violata
2574 2807 2818 2879 mysterii
2859 2805 3253 2861 lncarnationis
3294 2805 3455 2867 fides,

1882 2922 1945 2961 ex
1989 2903 2150 2975 paulo
2171 2911 2298 2957 ante
2327 2902 2487 2956 dictis
2517 2899 2870 2954 manifestum
2916 2904 3016 2952 est.
3059 2896 3135 2952 lbi
3182 2910 3283 2951 nec
3316 2896 3457 2952 Deus

1884 3012 2102 3053 carnem
2149 2995 2405 3063 suscepit,
2436 3008 2536 3049 nec
2592 3001 2774 3057 natus,
2807 3005 2903 3045 nec
2953 3004 3146 3060 passus
3187 2989 3243 3043 in
3292 3003 3458 3042 carne

1884 3100 1989 3158 est,
2042 3103 2146 3143 nec
2198 3085 2433 3141 Verbum
2481 3098 2611 3140 caro
2660 3080 2866 3137 factum
2915 3091 3027 3145 est;
3064 3095 3163 3135 nec
3210 3076 3459 3133 Christus

1883 3194 2049 3235 verus
2076 3178 2235 3232 homo
2263 3175 2385 3242 fuit,
2426 3174 2518 3229 sed
2563 3171 2801 3227 hominis
2827 3170 3185 3224 simulacrum
3220 3178 3274 3223 et
3318 3180 3457 3221 vana

1883 3272 2112 3341 species,
2154 3285 2272 3340 qure
2321 3282 2516 3322 sensus
2542 3265 2843 3321 deluderet.
2873 3263 2986 3317 Etsi
3036 3261 3453 3331 Scripturarum

1879 3363 2035 3419 libris
2066 3372 2119 3417 et
2144 3360 2324 3417 verbis
2354 3361 2598 3429 pepercit
2624 3355 2891 3413 scelerata
2931 3353 3208 3409 Valentini
3235 3366 3454 3417 manus,

1880 3473 1973 3515 eas
2026 3467 2208 3512 tamen
2254 3471 2285 3510 a
2339 3467 2551 3509 summo
2592 3449 2839 3506 omnium
2878 3447 3115 3503 Parente
3161 3447 3456 3515 inspiratas

1882 3564 2130 3623 negasse,
2170 3552 2223 3604 in
2255 3547 2467 3603 fabulas
2497 3546 2643 3600 [cede
2674 3542 3049 3613 detorquendo
3094 3538 3450 3603 convertisse,

1881 3663 2049 3703 sacrae
2087 3643 2457 3717 apostolorum
2490 3640 2767 3696 traditioni
2797 3636 3142 3693 delirantium
3171 3634 3456 3689 hominum

1881 3754 2051 3811 nugas
2095 3736 2465 3802 substituisse,
2502 3734 2598 3788 Dei
2642 3732 2878 3789 Verbum
2913 3730 3143 3799 turpiter
3194 3726 3457 3793 abiecisse

1880 3830 2006 3885 fuit.
2032 3829 2108 3884 De
2133 3827 2347 3883 arbitrii
2372 3826 2647 3892 libertate,
2673 3823 3055 3889 bonorumque
3088 3832 3316 3889 cperum
3360 3830 3459 3871 ne-

1882 3922 2134 3978 cessitate
2161 3918 2295 3974 nihil
2349 3918 2524 3973 dicam
2569 3934 2582 3969 :
2634 3915 2803 3978 aliud,
2852 3915 3092 3967 maxima
3136 3910 3330 3965 saltem
3387 3921 3457 3963 ex

1881 4021 2055 4082 parte,
2080 4010 2229 4065 fatali
2268 4008 2591 4064 necessitate
2620 4006 3014 4070 constrictum;
3060 4002 3314 4069 alterum,
3357 4013 3455 4055 ceu

1881 4105 2016 4160 viles
2050 4101 2372 4174 quisquilias,
2407 4102 2475 4156 ad
2504 4115 2602 4156 eos
2644 4100 3019 4162 amandatum,
3050 4110 3189 4165 quos
3219 4090 3454 4162 spiritali

1882 4196 2091 4252 semine
2118 4193 2267 4249 haud
2298 4193 2650 4263 inspersisset
2678 4195 2857 4243 mater
2895 4185 3200 4242 Achamoth
3244 4200 3259 4237 :
3289 4191 3348 4238 ut
3376 4182 3455 4237 sic

1887 4288 1939 4341 in
1976 4284 2276 4356 Scripturis
2309 4283 2446 4338 nihil
2486 4283 2871 4336 intemeratum
2919 4287 3187 4344 maneret,
3222 4275 3317 4331 sed
3343 4285 3454 4330 tum

1882 4379 2164 4448 dogmata,
2199 4387 2311 4432 tum
2340 4384 2613 4446 praecepta
2643 4373 2857 4444 penitus
2888 4380 3130 4429 ruerent.

1959 4558 2048 4617 76.
2077 4556 2204 4613 Haec
2233 4556 2299 4611 de
2332 4553 2526 4610 haircsi
2573 4551 2962 4607 Valentiniana
3011 4549 3237 4605 dicenda
3295 4547 3453 4604 nobis

1881 4661 2057 4711 erant.
2095 4651 2151 4707 Si
2197 4653 2251 4706 in
2294 4664 2358 4705 ea
2403 4648 2719 4719 explicanda
2764 4646 2924 4718 paulo
2972 4645 3247 4716 longiores
3285 4643 3452 4700 exsti-

1882 4748 2129 4813 terimus,
2152 4743 2339 4799 lrenaei
2362 4742 2607 4811 exemplo
2631 4740 2878 4803 fecimus,
2907 4739 2996 4809 qui
3033 4737 3173 4794 hanc
3196 4736 3351 4815 longe
3376 4735 3451 4790 fu-

1881 4838 2009 4893 siori
2028 4847 2079 4892 et
2099 4835 2422 4891 accuratiori
2437 4833 2577 4906 style
2611 4848 2770 4902 quam
2785 4839 3012 4887 caeteras
3030 4816 3450 4901 omnes[XLVll]

1882 4938 2198 5003 persecutus
2232 4936 2333 4982 est.
2382 4926 2515 4982 Cum
2557 4926 2702 4979 enim
2738 4925 2791 4978 in
2830 4939 2973 4990 eam,
3018 4932 3073 4977 ut
3115 4923 3237 4992 plus
3280 4922 3449 4978 semel

1881 5024 2077 5080 asserit
2107 5025 2173 5090 ⁸³,
2220 5031 2476 5089 tanquam
2532 5020 2586 5073 in
2646 5019 2914 5073 sentinam
2964 5016 3255 5085 quamdam
3318 5031 3447 5072 con-

1881 5118 2136 5173 ilnxerint
2163 5116 2403 5170 omnium
2439 5112 2817 5166 haereticorum
2846 5110 3035 5165 sordes
3060 5117 3114 5164 et
3143 5110 3445 5179 spurcitiae,

1879 5211 1986 5275 vel,
2012 5218 2072 5264 ut
2106 5209 2289 5264 verbis
2330 5208 2448 5275 ejus
2474 5216 2615 5270 utar,
2642 5202 3141 5273 ἀνακεφαλαίωσις,
3184 5205 3445 5272 recapitu-

1878 5305 2005 5357 latio
2031 5303 2272 5359 omnium
2304 5301 2408 5367 sit;
2452 5315 2517 5354 ea
2547 5298 2713 5354 semel
2743 5312 2889 5353 reete
2935 5296 3209 5365 exposita,
3236 5307 3445 5351 caetera

1882 5395 2013 5450 nihil
2041 5406 2134 5450 ant
2163 5410 2354 5465 parum
2394 5392 2594 5462 negotii
2638 5390 2913 5446 facessere
2953 5396 3230 5459 poterunt.
3268 5388 3445 5455 Quare

1877 5498 1932 5543 et
1958 5488 2009 5541 in
2048 5491 2150 5545 hoc
2171 5490 2338 5544 etiam
2374 5485 2637 5542 lrenaaum
2669 5482 3029 5546 imitabimur,
3063 5482 3208 5551 quod
3242 5480 3443 5545 easie-

1878 5582 1999 5638 vius
2026 5583 2473 5653 perstringemus,
2516 5594 2577 5635 ea
2612 5579 2880 5635 duntaxat
2921 5574 3296 5639 observantes,
3324 5585 3441 5645 qua:

1018 5818 1062 5852 "
1090 5817 1168 5878 l9.
1198 5819 1359 5877 Praef.
1396 5821 1487 5877 lib.
1520 5837 1600 5891 nt,
1644 5832 1699 5879 et
1740 5823 1883 5880 Praef
1950 5824 2039 5881 lib.
2088 5840 2157 5880 tv.
