4180 6332
757 411 864 469 103
1566 402 2159 463 DlSSERTATlONES
2191 403 2495 463 PRAIVIJE
2529 403 2592 460 IN
2631 403 2886 462 lliEI‘ABl
2924 404 3194 462 LIBROS.
3895 402 4000 459 iul

755 533 1051 604 unicuique
1079 531 1299 603 pr0pria
1325 541 1506 600 erunt,
1541 548 1642 589 nec
1666 533 1789 588 aliis
1813 531 2152 588 communia.
2181 529 2334 584 Post-
2362 542 2406 597 Α
2437 529 2722 584 commodo
2751 529 3102 585 consulentes
3159 526 3521 587 servabimus,
3560 537 3724 595 quem
3759 523 4005 577 servavit

757 628 933 702 posito
984 637 1285 697 temporum
1333 627 1547 696 ordine,
1588 642 1711 684 eum
1767 635 2002 689 tantum,
2057 624 2324 678 lectorum
2435 633 2626 678 auctor
2659 633 2858 678 noster.

1955 916 2626 1007 ABTICULUS
2700 916 2822 1003 II.

1819 1109 1929 1172 DE
1978 1107 2418 1170 VALENTINI
2477 1104 2928 1168 DISCIPULIS.

2339 1283 2410 1296 ω

820 1431 909 1489 77.
933 1432 1274 1490 Consensum
1318 1433 1371 1487 in
1419 1447 1583 1487 unam
1631 1433 1822 1496 tidem,
1848 1431 2180 1503 peculiarem
2215 1447 2317 1489 so-

2426 1448 2583 1503 τερον
2616 1432 2673 1486 δὲ
2703 1426 2837 1502 ἦχον
2858 1430 2938 1494 εἰς
2953 1427 3122 1494 ἀκοὰς
3141 1427 3249 1483 τῶν
3267 1427 3783 1502 ὲμϐεὸροντημένων
3806 1427 4009 1500 ἐξήχη-

751 1522 860 1582 lius
899 1540 1042 1581 verae
1090 1539 1153 1580 ac
1204 1522 1483 1580 catholica:
1533 1523 1734 1579 Christi
1785 1522 2042 1578 Ecclesiae
2108 1523 2324 1577 laudem
2431 1540 2540 1577 σεν.
2570 1524 2736 1578 Addit
2764 1523 3123 1593 Augustinus,
3155 1521 3524 1578 Secundianos
3565 1523 3662 1577 hoc
3695 1541 3728 1576 a
3770 1521 4008 1576 Valenti-

752 1630 907 1684 esse;
936 1617 1216 1673 discordes
1245 1631 1375 1672 vero
1412 1615 1750 1686 turpiterque
1798 1629 1982 1670 secum
2026 1623 2328 1686 pugnantes
2428 1617 2602 1673 nianis
2624 1617 2824 1670 distare
2851 1617 2959 1670 dici
2988 1657 3005 1685 ,
3037 1619 3176 1689 quod
3215 1619 3415 1672 addant
3441 1633 3601 1688 opera
3626 1617 4006 1684 turpitudinis;

751 1708 805 1763 in
834 1708 938 1764 lide
961 1708 1284 1773 sententias,
1321 1708 1373 1763 in
1407 1707 1699 1763 haereticos
1721 1723 1914 1763 omnes
1936 1708 2158 1777 proprie
2185 1723 2324 1778 qua-

750 1801 911 1856 drare
959 1802 1166 1872 passim
1218 1810 1373 1856 notat
1410 1800 1664 1856 lrenaeus.
1719 1800 1776 1856 id
1809 1799 1911 1856 etsi
1941 1801 2007 1855 de
2049 1800 2327 1856 haereticis

751 1895 1004 1950 omnibus
1028 1895 1402 1962 verissimum,
1443 1911 1711 1966 nusquam
1764 1904 1943 1951 tamen
1977 1895 2175 1950 clarius
2207 1896 2322 1950 elu-

751 1993 862 2052 cet,
886 2001 1048 2056 quam
1082 1986 1171 2040 ubi
1203 1988 1269 2041 de
1304 1985 1580 2042 Gnosduis
1615 2003 1678 2042 ac
1710 1987 2114 2043 Valentinianis
2142 2003 2324 2044 sermo

749 2087 851 2134 est.
891 2077 1224 2146 Discrepant,
1256 2078 1438 2148 inquit
1465 2079 1553 2134 ille
1569 2079 1636 2146 ⁸⁸,
1668 2080 1731 2133 ab
1764 2081 1982 2135 invicem
2007 2088 2054 2133 et
2081 2079 2325 2133 doctrina

749 2181 799 2228 et
840 2171 1173 2236 traditione;
1199 2179 1246 2224 et
1280 2172 1369 2240 qui
1392 2171 1701 2227 recentiores
1728 2189 1908 2227 eorum
1939 2182 2322 2243 agnoscuntur,

747 2263 999 2335 affectant
1034 2280 1126 2332 per
1153 2264 1390 2333 singulos
1410 2265 1519 2318 dies
1552 2276 1738 2319 novum
1764 2265 1969 2335 aliquid
1997 2266 2320 2333 adiuvenire,

748 2367 795 2411 et
829 2357 1154 2426 fructiﬁcare
1183 2357 1324 2427 quod
1358 2373 1628 2428 nunquam
1653 2358 1933 2428 quicquam
1981 2358 2322 2428 excogitavit.

749 2448 816 2502 Et
841 2447 970 2502 alibi
999 2449 1086 2503 “:
1121 2449 1196 2502 Ab
1240 2449 1318 2503 his
1361 2459 1537 2502 autem
1584 2449 1675 2519 qui
1725 2449 1970 2518 pradicti
2015 2457 2160 2513 sunt,
2203 2449 2322 2518 jam

749 2539 929 2594 multa:
945 2546 1258 2610 propagines
1289 2540 1578 2593 multarum
1606 2542 1865 2594 Iiwresum
1892 2541 2055 2610 facta
2084 2551 2228 2604 sunt,
2263 2555 2320 2594 eo

748 2633 889 2702 quod
916 2633 1070 2686 multi
1092 2648 1157 2686 ea:
1185 2633 1336 2701 ipsis,
1364 2633 1466 2685 imo
1512 2649 1689 2685 omnes
1716 2632 1876 2686 velint
1921 2632 2161 2686 doctores
2190 2646 2323 2696 esse,

747 2725 1094 2795 etabicedere
1117 2725 1328 2796 quidem
1355 2725 1418 2778 ab
1447 2725 1635 2778 hwresi
1677 2726 1730 2778 in
1763 2741 1865 2790 qua
1903 2725 2144 2793 fuerunt,
2174 2723 2322 2777 aliud

747 2826 923 2873 autem
940 2821 1133 2888 dogma
1157 2820 1221 2880 ab
1257 2822 1366 2874 alia
1397 2821 1674 2887 sententia,
1723 2828 1768 2872 et
1802 2820 2044 2885 deinceps
2099 2818 2326 2876 alterum

748 2910 814 2965 ab
843 2909 1013 2965 altera
1041 2924 1442 2982 componentes,
1479 2929 1609 2966 nove
1657 2911 1843 2965 docere
1897 2911 2180 2976 insistunt;
2236 2927 2322 2966 se-

748 3004 990 3072 metipsos
1013 3005 1383 3067 adinventores
1407 3004 1678 3060 sententia:
1711 3021 2078 3075 quamcunque
2113 3020 2322 3073 compe-

747 3098 916 3167 gerint
937 3142 950 3166 ,
983 3109 1314 3154 enarrantes.
1341 3098 1546 3170 Nempe
1579 3114 1770 3155 omnes
1806 3114 1957 3154 novae
1992 3099 2324 3153 inventionis

749 3191 978 3263 gloriam
1032 3194 1349 3263 captabant,
1385 3205 1456 3259 et,
1512 3201 1571 3247 ut
1611 3208 1809 3248 nomen
1860 3193 1964 3248 sibi
2000 3193 2140 3262 apud
2194 3207 2320 3247 suos

746 3278 1014 3346 facerent,
1046 3292 1285 3337 veterem
1321 3298 1565 3338 errorem
1606 3283 1660 3337 ht
1720 3284 1881 3336 novis
1915 3284 2196 3338 erroribus
2226 3297 2321 3337 cu-

747 3373 978 3442 mulare,
1036 3374 1112 3430 illi
1170 3379 1324 3432 novis
1356 3375 1548 3430 saltem
1601 3391 1664 3432 ac
1713 3375 1949 3431 insolitis
2007 3377 2320 3432 nominibus

748 3479 946 3522 ornare
976 3466 1287 3523 studebant.
1341 3466 1455 3535 Qua
1483 3468 1629 3523 enim
1659 3467 1918 3524 libertate
1945 3483 1975 3523 a
2009 3469 2120 3523 suis
2146 3468 2320 3540 magi-

748 3560 900 3627 stris,
929 3561 1223 3632 veteribus}
1253 3561 1548 3626 Gnosticis,
1593 3562 1646 3617 in
1693 3561 1942 3632 pluribus
1990 3562 2325 3620 discesserat

753 3652 1098 3719 Valentinus,
1131 3657 1320 3712 eadem
1349 3659 1416 3714 ab
1445 3657 1562 3728 ipso
1592 3658 1647 3711 in
1686 3656 1874 3712 multis
1905 3671 2180 3712 secessere
2207 3656 2322 3711 dis-

745 3747 909 3818 cipuli
935 3747 1072 3817 ejus,
1106 3746 1389 3803 Secundus
1412 3789 1426 3812 ,
1463 3749 1773 3819 Epiphanes
1796 3791 1809 3813 ,
1838 3748 2182 3816 Ptolemaeus,
2215 3749 2319 3804 Co-

743 3837 1010 3901 lorbasus,
1036 3837 1272 3904 Marcus,
1301 3841 1468 3895 etalii
1497 3859 1510 3894 :
1535 3842 1670 3895 adeo
1685 3839 2140 3896 utTertulliani”
2162 3849 2320 3897 aetate

746 3945 949 4002 purus,
996 3940 1051 3985 et
1084 3930 1303 3999 qualem
1353 3932 1763 4001 excogitaverat
1821 3932 1937 4002 ipse
1975 3929 2316 3995 Valentinus,

744 4021 1270 4079 Valentinianismus
1326 4021 1438 4092 jatn
1500 4023 1691 4079 nullibi
1744 4031 2038 4086 terrarum,
2092 4033 2318 4093 prseter-

745 4129 910 4186 quam
954 4113 1299 4181 Antiochiae,
1359 4114 1461 4170 sub
1510 4114 1775 4169 Axionico
1830 4115 2060 4185 vigeret.
2119 4113 2314 4170 Caneri

746 4223 938 4265 omnes
965 4223 1104 4262 nova
1133 4215 1386 4279 suscepta
1413 4206 1584 4271 larva,
1602 4201 1912 4261 oblitterato
1931 4209 2091 4262 etiam
2114 4210 2319 4281 magis-

745 4301 817 4356 tri
848 4300 1069 4356 nomine
1091 4339 1107 4366 ,
1140 4314 1299 4354 suum
1349 4299 1579 4369 quisque
1636 4297 1828 4352 haeresi
1864 4298 2097 4368 propria:
2121 4316 2313 4356 nomen

751 4392 1150 4462 imposuerunt.

1307 4479 1347 4535 l.
1377 4479 1454 4535 De
1499 4479 1762 4538 Secundo.

2428 1709 2568 1764 forte
2617 1708 2739 1778 quia
2772 1716 2984 1778 turpem
3037 1719 3092 1766 et
3136 1711 3436 1766 obscenam
3470 1706 3748 1764 Valentini
3799 1708 3996 1764 doctri-

2429 1816 2553 1854 nam
2587 1801 2951 1872 impudentius
3003 1802 3376 1870 praedicabant
3409 1841 3423 1866 ,
3470 1801 3729 1870 omnique
3755 1797 4003 1869 deposita

2429 1893 2752 1948 verecundia
2792 1901 2911 1947 actu
2941 1892 3316 1962 perﬁciebant.
3355 1891 3544 1963 Neque
3595 1892 3738 1945 enim
3790 1891 4002 1962 princi.

2426 1984 2638 2054 piorum
2679 1991 2933 2039 auctores
2961 1993 3156 2051 erant,
3216 1984 3309 2038 sed
3343 1985 3460 2039 hac
3522 2000 3552 2038 a
3589 1981 3877 2042 Valentino
3908 1998 4009 2039 ac—

2424 2084 2707 2146 Ceperant,
2736 2077 2827 2145 qui
2854 2076 2898 2130 si
2924 2075 3203 2145 discipulis
3226 2075 3418 2132 melior
3442 2076 3680 2141 exstitit,
3707 2075 3846 2130 forte
3874 2076 4007 2142 quia

2425 2171 2586 2241 paulo
2612 2169 2991 2226 verecundior.
3033 2168 3102 2224 Et
3145 2170 3218 2224 ita
3248 2167 3416 2224 sentit
3463 2169 3833 2223 Damascenus
3861 2168 4008 2222 scri-

2427 2262 2562 2316 bens
2617 2264 2670 2315 in
2719 2261 2816 2317 lib.
2865 2261 2939 2316 De
2987 2261 3176 2316 lateres.
3216 2257 3588 2315 Secundianos
3655 2261 4009 2316 consensisse

2427 2369 2547 2409 cum
2574 2352 2884 2418 Valentino,
2922 2353 3026 2408 nisi
3065 2353 3208 2423 quod
3243 2368 3368 2408 eum
3407 2352 3460 2406 in
3490 2352 3730 2407 docenda
3766 2361 3818 2407 et
3847 2367 4011 2408 com-

2426 2447 2779 2502 memoranda
2838 2447 3180 2502 obscenitate
3227 2445 3387 2515 longe
3445 2445 3786 2516 multumque
3836 2461 4007 2517 supe-

2427 2542 2622 2596 rarint.

2499 2633 2586 2688 79.
2622 2632 2876 2688 Secundo
2910 2631 3154 2687 tribuunt
3197 2630 3437 2688 lrenmus
3486 2641 3540 2688 et
3593 2631 4006 2703 Ephiphanins,

2427 2728 2569 2797 quod
2603 2727 2940 2780 octonarium
2994 2727 3229 2796 primum
3264 2726 3579 2782 distinxerit
3611 2727 3664 2780 in
3694 2735 4004 2796 quaterna-

2427 2820 2570 2874 rium
2602 2820 2856 2874 dextrum
2902 2829 2957 2874 et
3008 2819 3316 2886 sinistrum,
3378 2819 3561 2875 lumen
3617 2828 3672 2875 et
3719 2819 4005 2875 tenebras.

2424 2910 2574 2968 Nova
2607 2912 2824 2981 quidem
2873 2921 2927 2966 et
2961 2912 3304 2982 arnigmatica
3333 2913 3524 2978 verba,
3554 2913 3646 2968 sed
3681 2928 3786 2967 non
3823 2927 4009 2967 novus

2423 3019 2600 3060 error.
2629 3003 2725 3057 His
2751 3003 2896 3057 enim
2936 3004 3312 3075 signiﬁcabat,
3347 3014 3407 3058 ut
3436 3019 3597 3075 supra
3632 3004 4008 3068 ostendimus.

2425 3095 2658 3164 primum
2682 3096 3024 3151 octonarium
3047 3111 3114 3150 ex
3144 3095 3340 3165 duplici
3371 3098 3719 3165 quaternario
3738 3096 3910 3151 conﬂa
3923 3098 4008 3165 ri;

2427 3186 2603 3242 altero
2627 3203 2692 3241 ex
2727 3187 3024 3257 imparibus
3057 3189 3319 3254 numeris,
3358 3204 3495 3258 quos
3521 3206 3588 3244 ex
3623 3188 4009 3260 Pythagoreo-

2424 3295 2544 3334 rum
2585 3287 2768 3336 mente
2808 3281 3030 3336 dextros
3059 3288 3113 3334 et
3144 3279 3349 3335 faustos
3376 3321 3391 3348 ,
3425 3281 3599 3336 altero
3650 3294 3718 3335 οι
3751 3281 4005 3350 paribus,

2422 3388 2565 3444 quos
2618 3373 2874 3428 sinistros
2914 3380 2968 3428 et
3024 3371 3288 3430 infaustos
3334 3375 3585 3429 vocabat.
3641 3372 3880 3443 ldipsum
3917 3385 4007 3430 est

2421 3467 2567 3537 quod
2599 3465 2915 3521 Ptolemaici
2973 3468 3391 3537 quaterniOnem
3433 3466 3793 3521 masculinum
3825 3477 3876 3520 et
3914 3466 4002 3522 fe-

2421 3558 2686 3613 mininum
2741 3558 3113 3628 appellabant.
3147 3559 3203 3612 In
3231 3574 3298 3614 eo
3335 3574 3466 3615 vero
3505 3559 3572 3614 ab
3616 3561 3702 3614 his
3740 3569 3796 3614 et
3825 3574 3855 3612 a
3891 3557 4005 3614 Va-

2420 3653 2628 3708 lentino
2663 3653 2917 3707 discessit
2941 3653 3061 3717 ille,
3108 3653 3251 3722 quod
3286 3653 3575 3717 Virtutem,
3608 3667 3726 3723 quae
3777 3667 3886 3721 pm
3923 3663 4009 3707 te-

2421 3747 2672 3800 meritate
2708 3745 2935 3811 defecit,
2970 3762 3075 3800 non
3114 3761 3142 3799 a
3183 3746 3403 3815 triginta
3429 3745 4004 3810 Eonibusderivarit,

2422 3839 2512 3892 sed
2545 3854 2575 3892 a
2608 3837 2875 3894 fructibus
2911 3854 3121 3894 eorum.
3156 3838 3376 3893 Scilicet
3404 3838 3660 3909 angelum
3695 3839 3999 3908 quemdam

2421 3931 2702 3986 inferioris
2731 3931 2938 3986 ordinis
2979 3947 3100 3986 esse
3124 3930 3312 3997 ﬁnxit,
3346 3946 3412 3986 ne
3441 3946 3546 4001 qua
3580 3931 3702 3986 labe
3737 3945 4009 4002 asperge-

2421 4035 2576 4080 retur
2606 4025 2855 4094 superius
2883 4025 3152 4078 Pleroma.

2939 4117 3002 4172 ll.
3027 4117 3103 4170 De
3134 4117 3408 4185 Epipliane

2489 4207 2578 4263 80.
2619 4207 2935 4263 Proximum
3004 4207 3259 4264 Secundo
3311 4209 3587 4264 subnectit
3654 4207 4003 4278 Epiphanem

2418 4299 2650 4363 Irenaeus
2686 4314 2700 4353 :
2732 4301 2797 4354 de
2849 4301 2952 4354 hoc
3005 4301 3170 4366 enim,
3207 4315 3307 4355 nec
3363 4302 3428 4355 de
3477 4300 3584 4356 alio
3637 4301 4002 4371 intelligenda

2418 4409 2539 4462 quae
2573 4395 2625 4446 in
2671 4394 2840 4448 veteri
2875 4393 3062 4448 lrenzei
3115 4392 3304 4447 Latina
3362 4395 3818 4464 interpretatione
3850 4396 4000 4466 legi-

2421 4501 2542 4540 mus
2574 4505 2587 4540 :
2623 4486 2774 4539 Alius
2801 4502 2918 4540 vero
2942 4486 3181 4556 quidam,
3212 4488 3299 4557 qui
3337 4501 3383 4541 et
3409 4487 3589 4542 clarus
3613 4498 3687 4542 est
3736 4490 4008 4558 magister

820 4574 912 4631 78.
943 4574 1156 4630 Primus
1194 4588 1355 4642 quem
1383 4582 1506 4643 post
1534 4572 1880 4629 Valentinum
1924 4576 2170 4646 proxime
2201 4591 2314 4629 me-
2346 4588 2388 4642 1)
2419 4579 2682 4647 ipsorum,
2724 4587 2831 4634 etc.
2885 4578 3129 4646 Quorum
3190 4580 3409 4650 quidem
3458 4582 3749 4636 verborum
3801 4581 4003 4639 Grazca

747 4676 965 4723 morant
992 4665 1248 4730 lrenacus,
1277 4664 1636 4736 Epiphanius,
1669 4665 2064 4732 'l‘heodoretus,
2092 4667 2310 4722 Tertul-

746 4761 949 4824 lianus,
974 4761 1060 4814 vel
1088 4758 1336 4830 quisquis
1383 4759 1522 4814 alius
1579 4770 1771 4815 auctor
1803 4771 1888 4815 est
1915 4761 2308 4828 Additamenti,

747 4856 892 4927 quod
913 4853 977 4907 ad
1007 4853 1208 4907 calcem
1238 4853 1361 4907 libri
1414 4852 1490 4908 De
1551 4855 2040 4923 prtescriptionibus
2091 4853 2310 4922 legitur,

746 4949 1089 5020 Augustinus
1127 4959 1181 5003 et
1215 4948 1331 5014 alii,
1389 4948 1673 5005 Secundus
1717 4957 1820 5003 est.
1864 4946 1995 5013 Quis
2029 4957 2083 5002 et
2109 4947 2311 5017 qualis,

749 5057 925 5112 quove
967 5043 1022 5097 in
1054 5043 1172 5097 loco
1220 5051 1402 5108 natus,
1453 5053 1697 5097 veterum
1741 5055 1902 5096 nemo
1953 5041 2201 5110 scripsit.
2254 5042 2310 5096 ld

745 5131 1012 5188 duntaxat
1049 5147 1108 5184 ex
1166 5130 1465 5200 Epiphanio
1507 5133 1551 5166 ⁸⁷
1591 5132 1887 5201 discimus,
1926 5133 2071 5204 quod
2114 5132 2314 5190 Valen-

746 5225 860 5280 tino
921 5239 1170 5289 comvus,
1210 5225 1524 5296 magistrum
1560 5240 1701 5280 noro
1739 5226 1920 5295 aliquo
1968 5226 2187 5282 invento
2225 5245 2317 5283 su-

746 5331 936 5386 perare
980 5316 1060 5369 sic
1096 5317 1355 5384 gestierit,
1396 5330 1453 5370 ut
1490 5327 1668 5371 tamen
1713 5320 1856 5386 quod
1894 5317 2319 5374 intereratinter

748 5410 1040 5469 utrumque
1072 5400 1390 5466 discrimen,
1423 5411 1590 5456 tutum
1622 5401 1739 5458 fere
1779 5403 1832 5458 in
1866 5405 2043 5460 verbis
2073 5407 2309 5461 haserit.

745 5489 877 5544 Nam
917 5490 1132 5554 eadem,
1155 5505 1272 5558 quae
1334 5489 1672 5559 Valentinus,
1725 5493 1956 5549 docebat
1985 5497 2190 5561 omnia,
2218 5497 2313 5552 sed

743 5583 1004 5654 ampliore
1040 5584 1222 5637 sonitu
1261 5583 1589 5640 furiosorum
1617 5600 1777 5640 aures
1803 5587 2055 5656 opplebat
2087 5589 2312 5643 ιΠάντα

747 5675 846 5749 μὲν
877 5676 944 5728 τὰ
977 5675 1117 5729 κατὰ
1170 5675 1260 5729 τὸν
1313 5677 1656 5732 Οὐαλεντῖνον
1711 5679 2016 5750 ἐξηγεῖται,
2053 5683 2309 5753 περισσό-

817 5888 855 5920 ⁸⁴
886 5887 1049 5957 lrcn.,
1078 5890 1168 5945 lib.
1201 5907 1236 5959 ι,
1267 5907 1383 5962 cap.
1422 5891 1511 5962 2!,
1541 5911 1593 5949 η.
1626 5893 1671 5948 5.
1733 5895 1775 5927 ⁸⁵
1813 5894 1888 5952 ld.
1923 5910 2040 5967 cap.
2069 5895 2158 5967 27,
2181 5912 2254 5977 ἐι.
2287 5896 2339 5964 τις

2418 4670 2546 4725 licet
2580 4671 2720 4739 apud
2744 4670 3100 4740 Epiphaniam
3139 4672 3543 4742 desiderentur,
3569 4675 3768 4729 merito
3802 4686 3994 4732 tamen

2418 4765 2496 4818 sic
2537 4764 2792 4819 habuisse
2823 4766 3050 4835 conjicit
3103 4763 3472 4822 Pearsonius:
3520 4766 3710 4831 ’Ἄλλος
3765 4767 3822 4821 δέ
3884 4787 4000 4836 τις,

2412 4856 2442 4909 ὁ
2474 4857 2567 4910 καὶ
2610 4857 2926 4929 Ἐπιφανὴς,
2976 4858 3287 4921 διδάσκαλος
3319 4859 3514 4913 αὐτῶν.
3577 4859 3676 4915 Ubi
3709 4861 4002 4926 imperitus

2422 4948 2692 5018 interpres
2725 4950 2928 5004 misere
2973 4950 3182 5019 lapsus,
3219 4948 3559 5006 Tcrtulliano
3593 4950 3994 5007 ollendiculum

2417 5041 2683 5110 praebuit;
2733 5057 2856 5094 nam
2902 5050 2957 5095 et
3011 5044 3128 5111 ipse
3162 5043 3418 5112 scripsit,
3468 5043 3778 5112 insigniori:
3838 5049 3987 5111 apud

2411 5149 2498 5187 eos
2544 5135 2806 5202 magistri.
2863 5134 3073 5204 Quippe
3134 5143 3327 5190 neuter
3373 5138 3684 5199 advertens,
3717 5135 3988 5191 Irenaeum

2413 5240 2545 5280 voce
2590 5227 2859 5297 ἐπιφανὴς
2916 5228 3157 5283 alludere
3222 5229 3286 5282 ad
3354 5230 3596 5283 haeretici
3641 5244 3859 5295 nomen,
3919 5246 3992 5287 ex

2415 5319 2633 5388 proprio
2715 5321 3098 5390 appellativum
3166 5320 3441 5387 fecerunt;
3495 5322 3711 5378 deﬁnita
3793 5321 3992 5378 Irenaei

2417 5413 2580 5466 verba
2619 5412 2670 5465 in
2699 5429 2897 5482 vagum
2926 5424 2976 5468 et
3015 5414 3352 5468 indefinitum
3387 5430 3720 5478 sermonem,
3755 5429 3822 5470 ex
3876 5433 3991 5486 quo

2416 5504 2612 5558 nullius
2669 5507 2910 5559 auctoris
2963 5522 3160 5560 nomen
3218 5507 3398 5577 colligi
3454 5517 3638 5576 queat,
3694 5523 3987 5578 perperam

2417 5606 2818 5651 convertentes.
2855 5597 2992 5664 Quin
3057 5607 3236 5652 tamen
3280 5599 3348 5653 de
3399 5599 3675 5669 Epiphane
3735 5601 3826 5655 hic
3858 5613 3992 5669 aut

2418 5687 2673 5754 lrenazus,
2722 5690 2973 5745 dubitare
3021 5707 3125 5746 non
3159 5692 3293 5746 sinit
3341 5691 3703 5761 Epiphanius,
3735 5692 3826 5762 qui
3885 5693 3990 5747 Se-

2419 5899 2463 5931 “
2496 5899 2632 5956 Adv.
2675 5900 2913 5970 Valcnt.,
2945 5919 2985 5958 c.
3031 5902 3078 5957 .l.
3123 5904 3165 5936 "
3197 5902 3462 5975 Epiphan.
3506 5903 3641 5959 llarr.
3678 5916 3828 5968 sui,
3867 5899 3892 5972 ἑ
3928 5901 3965 5962 i.
