4180 6332
225 441 312 496 105
913 439 1362 497 DISSERTATIO
1394 442 1435 505 I,
1472 441 1629 498 ΛΚΤ.
1671 441 1730 504 II,
1767 442 1853 496 DE
1892 440 2256 497 VALEN'I‘INI
2297 441 2696 498 DISCIPULIS.

3328 448 3426 502 106

222 555 387 608 eundo
430 559 742 624 proximum
799 569 1045 612 recenset
1087 559 1437 628 Epiphanem,
1508 561 1563 612 in
1610 575 1770 628 quem
1805 571 1849 625 Α
1879 561 2046 613 busvc
2100 557 2366 611 sordidari
2425 558 2742 612 criminibus
2793 560 3076 614 debuerint
3106 576 3258 615 suum
3292 563 3427 618 isto-

224 658 472 715 pralerea
506 655 755 718 apprime
778 651 1044 718 quadram
1076 667 1194 720 quae
1231 652 1377 706 claro
1410 653 1482 706 illi
1509 669 1603 708 seu
1642 655 1773 706 insi-

225 738 652 805 gniorimagislro
681 740 923 793 tribuunt
955 740 1186 795 lreuzeus
1217 741 1461 805 Latinus,
1495 752 1547 796 et
1566 742 1775 797 Tertul-

226 828 412 881 Iiauus.
442 828 745 899 Σύγχρονος
781 830 1030 887 Secundo
1064 833 1164 888 fuit
1209 836 1512 904 Epiphanes
1543 875 1557 900 ,
1618 836 1777 904 eique

225 923 442 992 proinde
496 925 786 991 successit,
840 942 944 980 non
995 937 1099 980 tam
1150 939 1412 996 tempore,
1463 944 1622 997 quam
1678 933 1774 983 do-

222 1014 391 1066 ctrina
437 1013 502 1067 δθ.
532 1013 907 1084 Carpocratis,
957 1019 1171 1072 infamis
1210 1021 1353 1074 illius
1407 1022 1776 1076 haeresiarchas

223 1105 286 1159 de
335 1121 442 1174 quo
491 1119 677 1175 postea
711 1109 1061 1178 disseremus,
1114 1115 1255 1168 filius
1306 1124 1444 1181 erat,
1486 1125 1539 1170 et
1584 1117 1774 1170 matris

222 1197 302 1250 cui
342 1212 536 1250 nomen
576 1199 936 1266 Alexandria;
989 1218 1052 1256 ex
1087 1214 1240 1272 patre
1273 1205 1484 1272 quidem
1539 1205 1775 1258 Alexan-

222 1289 435 1351 drinus,
485 1304 552 1342 ex
602 1302 775 1345 matre
824 1308 952 1347 vero
1000 1294 1380 1364 Cephalenius.
1438 1295 1774 1349 Liberalibus

222 1382 520 1449 disciplinis
560 1397 587 1434 a
636 1393 787 1450 patre
819 1401 919 1438 non
945 1389 1183 1456 segniter
1208 1388 1473 1451 excultus,
1505 1397 1686 1441 tantos
1711 1401 1774 1441 eo

221 1474 349 1527 duce
381 1475 432 1527 in
464 1474 738 1528 Platonica
783 1477 1118 1548 philosophia
1168 1495 1484 1550 progressus
1535 1481 1684 1542 fecit,
1721 1488 1776 1533 ut

217 1566 540 1632 exquisitam
575 1565 816 1620 hominis
867 1571 1231 1625 eruditionem
1285 1573 1623 1640 suspicerent
1662 1587 1776 1625 om-

219 1671 331 1710 nes.
383 1658 626 1730 Egregize
660 1661 872 1727 quidem
905 1663 1076 1727 dotes,
1123 1664 1216 1717 sed
1266 1678 1400 1731 quas
1433 1679 1554 1717 cum
1604 1666 1657 1718 in
1689 1668 1772 1718 sui

217 1749 404 1817 ipsius,
440 1764 550 1806 tum
588 1755 639 1807 in
663 1756 888 1809 aliorum
917 1758 1211 1826 perniciem
1239 1759 1433 1812 misere
1462 1759 1729 1813 convertit
1757 1777 1768 1811 :

217 1842 282 1896 iis
306 1844 502 1913 quippe
529 1848 745 1912 abusus,
803 1849 1005 1901 nefaria
1058 1849 1226 1916 patris
1258 1851 1506 1918 dogmata
1547 1850 1774 1919 amplia-

217 1936 289 1988 vit
335 1937 592 2008 [XLVIII]
625 1980 640 2002 ,
677 1941 1044 2007 audaciusque
1093 1942 1499 2007 disseminavit;
1550 1953 1660 1995 tum
1705 1944 1770 1996 ad
1805 1922 1845 1975 Β

216 2029 522 2084 Secundum
585 2047 642 2086 se
696 2043 854 2100 atque
894 2035 1010 2104 ejus
1061 2032 1298 2087 fautores
1339 2036 1646 2102 applicavit,
1707 2050 1772 2089 ac

215 2121 359 2174 illius
420 2122 472 2173 in
505 2136 561 2175 se
615 2123 784 2188 virus,
846 2125 946 2178 hoc
1004 2134 1104 2190 est,
1175 2126 1436 2179 imbutam
1498 2137 1770 2181 venenata

211 2213 442 2278 quadam
471 2224 617 2280 peste
642 2213 1024 2282 loquacitatem
1055 2221 1346 2283 expressit.
1392 2216 1595 2272 Omitto
1628 2221 1771 2287 quod

215 2306 548 2372 Epiphanius
563 2307 633 2359 ait
657 2307 717 2365 ⁸⁸,
751 2307 1010 2362 lsidorum
1037 2315 1320 2376 quemdam
1349 2311 1769 2379 (philosophum,

211 2412 276 2449 an
348 2399 663 2452 baereticnm
738 2396 1190 2466 Valentinianum,
1226 2402 1474 2464 dubitat,
1543 2402 1774 2456 aIIirmat

211 2504 339 2542 vero
370 2487 630 2542 Clemens
680 2489 1027 2550 Alex:ind.'°,
1070 2490 1319 2544 Basilidis
1363 2490 1531 2543 filium
1596 2494 1769 2544 exsti-

213 2577 366 2646 tisse)
423 2577 644 2643 scriptis
715 2574 1131 2642 Partenesibus,
1169 2577 1430 2645 Epiphaui
1494 2588 1770 2631 auctorem

210 2671 414 2724 erroris
477 2670 664 2733 fuisse,
722 2685 783 2723 ac
831 2667 1142 2723 Secundum
1197 2681 1250 2724 et
1285 2670 1620 2738 Epiphanem
1674 2671 1773 2724 has

209 2763 525 2815 Parzenescs
558 2761 623 2814 ad
651 2776 804 2813 usum
835 2770 1001 2816 sectis
1046 2776 1156 2814 suae
1197 2761 1558 2815 transtulisse.
1620 2759 1773 2828 Quod

206 2856 352 2908 enim
432 2853 617 2908 exiis
689 2851 1066 2908 Paraenesibns
1138 2853 1515 2923 Fragmentum
1580 2856 1773 2908 recitat

207 2947 464 3000 Clemens
496 2944 761 2999 Alexand.
793 2945 886 2998 lib.
925 2960 981 2998 ιιι
1012 2943 1230 3006 Strom.,
1266 2960 1387 3012 pag.
1444 2945 1568 3011 49.7,
1617 2962 1772 3011 repu-

206 3053 380 3108 gnare
439 3038 659 3091 videtur
717 3053 838 3089 cum
893 3038 1002 3100 iis,
1038 3052 1155 3105 quze
1199 3037 1266 3090 de
1313 3037 1568 3106 conjugio
1617 3040 1776 3093 docet

209 3131 522 3200 Epiphanes
555 3131 694 3198 apud
716 3130 968 3183 eumdem
991 3126 1350 3182 Clementem.
1386 3129 1656 3197 Quidquid
1681 3131 1770 3195 sit,

1881 668 1995 704 rum
2024 661 2075 704 et
2109 666 2299 705 cauum
2332 666 2584 720 synaxes,
2616 652 2839 718 quilibet
2871 653 3148 722 intelligit.

1946 744 2032 797 81.
2057 744 2184 808 Quae
2230 745 2387 797 fuerit
2423 744 2709 812 Epiphanis
2734 746 2798 799 de
2830 744 3092 800 IEonibus
3136 750 3427 812 sententia,

1876 836 2120 900 superius
2146 837 2512 904 exposuimus.
2551 837 2604 889 lu
2633 851 2694 890 eo
2739 838 3003 891 duntaxat
3045 853 3074 892 a
3113 840 3426 908 Valentino,

1876 937 1928 980 et
1958 925 2292 982 Ptolemaitis
2350 928 2651 992 dill'erebat,
2679 930 2818 998 quod
2852 932 3081 996 primum
3130 943 3426 1000 quaterna-

1878 1017 2013 1070 rimu
2051 1017 2172 1071 aliis
2206 1018 2516 1071 nominibus
2560 1019 2907 1085 exprimeret.
2949 1019 3147 1090 Nempe
3184 1024 3324 1090 quod
3350 1021 3428 1075 illi

1877 1105 2105 1174 Bytltum
2133 1118 2183 1160 et
2221 1109 2408 1173 Sigen,
2437 1107 2553 1159 Nun
2581 1118 2635 1161 et
2685 1109 2966 1163 Alelheian
3025 1111 3303 1172 dicebant.
3341 1112 3428 1164 hic

1877 1195 2151 1250 Mouoteta
2178 1207 2226 1249 ct
2265 1195 2526 1250 lIeuoteta
2552 1237 2565 1260 ,
2623 1197 2847 1250 Monada
2909 1208 2960 1251 ct
2995 1199 3125 1254 Ilen.
3180 1199 3426 1253 Totidem

1876 1304 2035 1343 voces
2085 1288 2396 1354 Platonieis,
2439 1304 2559 1342 cum
2608 1291 2673 1344 de
2715 1290 3001 1345 Divinitate
3048 1306 3226 1363 sermo
3289 1301 3428 1358 erat,

1876 1381 2194 1442 familiares,
2246 1390 2301 1432 ut
2355 1382 2602 1434 vidimus.
2666 1383 2730 1436 Et
2780 1383 3430 1452 eapropteraCIemente

1875 1473 2133 1527 Alexaud.
2167 1471 2507 1540 Μοναδικῆς
2557 1474 2828 1543 γνώσεως
2879 1486 3066 1530 auctor
3117 1478 3292 1531 dictus
3322 1489 3426 1537 est,

1876 1566 2083 1620 scilicet
2117 1584 2144 1621 a
2181 1568 2404 1622 hlonade
2461 1571 2548 1623 illa
2590 1571 2672 1623 vel
2706 1571 2972 1623 Monotete
2998 1614 3010 1635 ,
3057 1585 3215 1638 quam
3245 1584 3274 1622 a
3304 1568 3428 1622 Pla-

1877 1656 2171 1711 tonicorum
2207 1662 2393 1715 schola
2460 1661 2510 1714 in
2575 1674 2731 1713 suam
2771 1659 3072 1711 invexerat.
3133 1656 3336 1710 Cretera
3366 1657 3433 1710 de

1878 1749 2373 1808 Valentinianorum
2447 1752 2730 1822 bypothesi
2800 1752 3124 1806 disserentes
3179 1751 3429 1819 exposui—

1879 1854 1994 1891 mus

2249 1931 2333 1985 III.
2370 1932 2442 1985 De
2475 1931 2764 1998 Epiphania
2789 1930 3088 1996 discipulis.

1945 2023 2035 2078 89..
2067 2022 2236 2077 Sicuti
2260 2040 2384 2079 vero
2438 2025 2745 2093 Epiphanes
2797 2033 2979 2076 vetera
3040 2026 3427 2092 magistrorum

1875 2119 2159 2186 aenigmata
2188 2118 2339 2171 novis
2367 2119 2658 2170 obscurare
2685 2116 2874 2177 voluit,
2908 2115 2984 2169 sic
3035 2114 3284 2183 discipuli
3315 2113 3430 2180 ejus

1876 2212 2108 2279 majores
2138 2212 2312 2265 adhuc
2347 2207 2690 2278 praeceptoris
2743 2208 2906 2260 dictis
2963 2207 3215 2261 tenebras
3249 2205 3431 2260 ollim-

1875 2303 2004 2355 dere
2057 2303 2374 2369 gestiet-unt.
2425 2299 2460 2352 li
2512 2310 2638 2353 sunt
2681 2337 2697 2362 ,
2757 2306 2976 2349 auctore
3035 2297 3339 2367 Epiphanio
3363 2302 3429 2366 ’⁸,

1877 2407 2102 2460 quorum
2147 2390 2505 2458 nngas‘tacito
2539 2405 2826 2458 gerrouum
2875 2390 3089 2443 nomine
3129 2387 3436 2441 refertlre»

1879 2500 2025 2539 nzeus
2055 2499 2172 2552 cap.
2205 2485 2288 2548 II,
2322 2503 2374 2537 ιι.
2404 2485 2456 2540 5.
2489 2483 2725 2537 Primam
2776 2483 2981 2537 tetrada
3031 2497 3097 2535 ex
3137 2479 3432 2545 Proarchc,

1876 2579 2213 2640 Anennoeto,
2271 2578 2528 2639 Arrheto,
2589 2585 2643 2629 et
2697 2575 2898 2627 Aorato
2954 2573 3432 2642 coagmentabant.

1877 2667 1955 2721 Ex
1985 2667 2255 2722 Proarcbe
2287 2683 2413 2722 vero
2473 2669 2727 2721 emissum
2760 2681 2880 2720 esse
2939 2667 3113 2733 primo
3167 2667 3436 2734 etquintc

1878 2760 1997 2816 loco
2026 2764 2264 2826 Archen,
2289 2776 2353 2815 ex
2401 2762 2718 2815 Anennoeto
2771 2761 3007 2813 secundo
3050 2771 3102 2813 et
3133 2768 3288 2813 sexto
3317 2759 3433 2813 loco

1877 2854 2248 2922 Acatalepton,
2310 2868 2375 2906 ex
2426 2853 2660 2905 Arrlteto
2714 2852 2876 2904 tertio
2927 2861 2980 2903 et
3021 2853 3251 2919 septimo
3318 2851 3435 2906 loco

1877 2953 2300 3010 Anonomastou,
2351 2959 2416 2998 ex
2442 2943 2641 2996 Aorato
2671 2951 2849 2995 autem
2886 2953 3082 3011 quarto
3134 2952 3188 2997 et
3234 2953 3430 2997 octavo

1877 3037 1997 3091 loco
2031 3036 2341 3104 Agennetou
2387 3033 2723 3088 efl'utiebant.
2759 3033 2901 3099 Quas
2931 3035 3150 3102 quidem
3182 3035 3436 3104 ambages

1878 3129 1948 3198 (si
1979 3129 2098 3196 quis
2132 3137 2307 3179 tamen
2369 3125 2678 3193 hnjusmodi
2719 3123 2926 3180 deliriis
2957 3143 3149 3182 sensus
3213 3127 3434 3182 subesse

205 3225 522 3296 Epiphanes
569 3239 633 3277 ne
687 3224 935 3290 pluribus
1006 3222 1173 3276 exitio
1235 3221 1393 3288 foret,
1446 3223 1534 3276 diu
1591 3225 1773 3278 vivere
1804 3264 1844 3320 Ο
1880 3223 2070 3288 possit)
2132 3222 2185 3272 in
2235 3221 2375 3272 u0tis
2406 3220 2470 3271 ad
2521 3219 2666 3273 hunc
2704 3220 2879 3275 locum
2926 3223 3199 3276 extricare
3253 3224 3434 3277 conati

206 3319 508 3387 permissus
538 3333 643 3370 non
697 3325 799 3371 est.
839 3316 969 3369 Nam
1008 3331 1126 3369 cum
1174 3317 1239 3368 ad
1290 3332 1398 3369 xvu
1445 3318 1619 3371 artatis
1673 3333 1772 3369 an-

206 3426 338 3464 num
370 3409 748 3478 pervenisset,
785 3409 1076 3466 immatura
1110 3421 1281 3463 morte
1313 3422 1617 3478 przeventus
1648 3419 1730 3461 est
1758 3426 1772 3462 :

207 3517 319 3571 quo
354 3516 520 3566 anno,
552 3515 657 3553 non
697 3509 931 3556 constat.
966 3502 1032 3552 At
1066 3517 1187 3555 cum
1235 3499 1606 3553 Theodorctus
1642 3498 1777 3552 scri-

210 3596 307 3649 bat
369 3595 415 3625 ⁹¹
470 3608 593 3645 eum
647 3591 887 3646 Adriano
948 3593 1248 3662 imperante
1315 3592 1563 3645 lueresim
1622 3604 1774 3642 suam

212 3687 593 3749 continuasse,
640 3686 728 3736 vix
761 3685 886 3738 huic
914 3684 1141 3753 principi
1192 3683 1526 3750 superfuisse
1581 3682 1778 3749 potuit.

209 3777 395 3846 Quare
428 3776 512 3830 vel
545 3776 648 3831 sub
677 3775 791 3842 ejus
827 3775 1008 3841 linem,
1055 3777 1136 3828 vel
1163 3777 1303 3829 inter
1328 3777 1474 3828 initia
1516 3774 1775 3829 Antonini

209 3869 292 3924 Pii
338 3869 543 3924 obierit
581 3882 803 3922 necesse
835 3879 940 3922 est.
985 3867 1100 3922 Non
1156 3879 1330 3922 tamen
1388 3868 1544 3921 istius
1604 3876 1778 3920 morte

210 3977 592 4034 compressum
633 3961 853 4014 omnino
899 3960 1118 4014 malum.
1148 3962 1237 4015 Sic
1269 3963 1412 4015 enim
1451 3962 1633 4013 vivens
1654 3974 1780 4013 con-

214 4070 504 4113 terraneos
535 4073 680 4119 suos,
739 4073 805 4112 ex
843 4068 1038 4120 matre,
1070 4052 1430 4123 Cephalenios
1481 4065 1593 4104 tum
1645 4067 1781 4120 pra:-

208 4150 410 4217 stigiis,
473 4159 584 4202 tum
635 4148 936 4201 eruditione
995 4145 1395 4205 fascinaverat,
1449 4151 1508 4194 ttt
1567 4150 1780 4194 mortuo

210 4242 436 4296 divinos
459 4241 689 4294 honores
718 4239 1032 4302 detulerint,
1088 4236 1362 4302 templum,
1424 4235 1632 4296 altaria,
1664 4232 1778 4286 Mu—

213 4349 387 4388 saeum
422 4333 473 4385 in
509 4332 672 4386 Same
714 4333 846 4384 urbe
885 4328 1276 4392 cxstruxerint,
1333 4328 1598 4380 sacrificia
1633 4337 1686 4380 et
1720 4326 1779 4379 Ii-

210 4427 468 4482 bationes
519 4435 774 4493 tanquam
807 4424 913 4477 Deo
967 4422 1192 4490 singulis
1237 4421 1527 4475 noviluniis
1571 4420 1781 4474 obtule-

211 4520 353 4581 rint,
406 4519 650 4572 convivia
684 4518 929 4586 egerint,
980 4533 1040 4569 ac
1094 4516 1321 4584 hymnos
1364 4516 1410 4567 ei
1460 4514 1777 4568 cet-iuerint.

1880 3330 2087 3368 sumus.
2126 3315 2214 3368 Sic
2243 3315 2467 3383 primam
2512 3317 2754 3384 oguoada
2807 3317 3207 3384 grandioribus,
3266 3333 3434 3386 quam

1881 3409 2060 3461 cneteri
2110 3407 2364 3468 solerent,
2420 3406 2727 3461 nominibus
2782 3408 3058 3463 infuscare
3113 3411 3439 3478 placuitve-

1885 3500 2214 3552 teratoribus
2245 3498 2362 3551 istis
2390 3515 2404 3561 ;
2434 3508 2488 3551 et
2519 3512 2584 3552 ne
2633 3499 2864 3554 aliorum
2904 3500 3287 3556 Gnosticornm
3340 3518 3437 3556 ve-

1884 3592 2044 3659 stigia
2078 3591 2314 3660 relegere
2344 3590 2682 3657 viderentur,
2717 3593 2949 3663 Bythum
2979 3594 3160 3664 (quem
3193 3596 3282 3648 alii
3309 3611 3444 3651 con-

1877 3682 2020 3751 jugis
2082 3693 2383 3752 expertem,
2444 3683 2536 3738 alii
2606 3687 2899 3739 masculum
2933 3693 2988 3764 et
3042 3684 3316 3750 feminam,
3349 3686 3443 3744 alii

1884 3791 2058 3844 neque
2103 3779 2395 3832 masculum
2425 3821 2439 3845 ,
2495 3794 2669 3848 neque
2717 3778 2973 3831 feminam
2999 3793 3119 3832 esse
3163 3777 3444 3845 dicebant)

1883 3877 1936 3920 et
1968 3867 2126 3937 Sigen
2179 3870 2245 3923 de
2278 3872 2506 3940 pristina
2569 3873 2691 3926 sede
2721 3873 3034 3934 deturbare,
3071 3881 3130 3925 ut
3183 3885 3247 3924 eo
3293 3872 3437 3936 loco,

1883 3975 2042 4026 quem
2072 3960 2260 4029 reliqui
2290 3962 2481 4032 Bythio
2519 3973 2572 4016 et
2612 3963 2738 4015 Misi
2786 3963 3165 4032 assignabant,
3200 3962 3443 4017 colloca-

1886 4060 2022 4103 rent.
2076 4052 2181 4105 Sed
2232 4069 2405 4123 pugna
2462 4055 2511 4107 in
2553 4056 2734 4108 verbis
2791 4064 2930 4120 erat,
2998 4057 3188 4110 eadem
3229 4069 3442 4124 semper

1885 4153 2063 4198 stante
2096 4143 2404 4214 hypothesi.

2124 4237 2210 4292 IV.
2244 4239 2316 4291 De
2348 4237 2629 4294 Ptolemrco
2658 4242 2871 4310 eiusque
2896 4243 3190 4309 discipulis.

1953 4332 2041 4385 85.
2077 4331 2405 4399 Epiphauem
2441 4333 2644 4400 excipit
2689 4336 2827 4401 apud
2876 4335 3232 4403 I'ipiphanium
3261 4334 3445 4390 Ptole-

1886 4440 2074 4489 maeus,
2135 4425 2199 4476 de
2254 4425 2407 4492 cujus
2442 4435 2618 4491 aetate,
2674 4427 2846 4494 patria
2911 4436 2966 4479 et
3013 4429 3255 4482 moribus
3307 4429 3444 4482 nihil

1885 4517 2017 4570 certi
2081 4515 2292 4569 definiri
2351 4527 2547 4585 potest.
2585 4518 2818 4571 Secundi
2864 4526 2917 4572 et
2956 4517 3250 4588 Epiphanis
3283 4521 3444 4574 disci-

210 4614 370 4678 Quod
412 4613 587 4665 adhuc
611 4611 898 4680 Epiphanii
938 4612 1267 4679 temporibus
1293 4609 1591 4663 obtinebat.
1630 4605 1780 4659 Scri—
1811 4633 1852 4686 D
1885 4612 2101 4678 pulum,
2167 4619 2220 4661 et
2279 4610 2493 4678 utrique
2554 4625 2792 4665 coaevum
2828 4651 2843 4675 ,
2906 4612 3182 4681 magistris
3264 4621 3445 4667 tamen

211 4705 324 4773 psit
383 4704 524 4756 inter
564 4703 700 4756 alios
733 4703 930 4756 librum
977 4701 1049 4754 De
1110 4703 1350 4776 ‘justitia,
1392 4716 1453 4752 ex
1506 4715 1610 4768 quo
1665 4699 1776 4750 fra-

211 4806 434 4867 gmenta
473 4796 737 4864 quaedam,
783 4809 903 4863 quae
955 4796 1199 4848 insanam
1249 4794 1480 4847 hominis
1527 4792 1774 4857 impieta-

215 4902 326 4944 tem
356 4905 419 4942 ac
447 4888 727 4943 libidinem
762 4904 871 4955 pra:
899 4904 956 4942 se
982 4888 1182 4952 ferunt,
1212 4884 1498 4954 descripsit
1527 4885 1775 4938 Clemens

211 4982 644 5036 Alexandrinus.
683 4981 736 5032 lu
769 4995 832 5034 eo
857 4980 1124 5048 justitiam
1156 4980 1244 5033 Dei
1272 4979 1407 5032 dicit
1437 4994 1554 5031 esse
1579 4993 1774 5029 κοινω-

210 5074 336 5127 νίαν
368 5073 488 5125 τινὰ
541 5073 655 5144 μετ’
700 5073 960 5142 ἰσότητος,
1001 5075 1277 5141 quamdam
1324 5087 1440 5123 cum
1483 5071 1778 5139 azqualitate

211 5167 680 5220 communionem:
715 5164 946 5231 indeque
997 5162 1162 5217 infert
1213 5177 1298 5216 res
1343 5172 1590 5225 cunctas,
1634 5164 1778 5230 ipsas

212 5263 384 5314 etiam
415 5272 633 5318 uxores,
695 5257 837 5310 inter
871 5256 1120 5310 homines
1163 5270 1281 5309 esse
1315 5254 1510 5309 debere
1540 5270 1781 5308 commu-

211 5369 363 5407 nes:
397 5352 543 5422 quod
598 5351 815 5418 quidem
875 5350 1081 5404 erroris
1128 5358 1437 5417 portentum
1486 5363 1514 5399 a
1558 5345 1781 5399 Platone

211 5449 452 5514 accepit,
483 5445 574 5514 qui
604 5445 778 5498 sinon
822 5443 894 5497 ita
948 5457 1138 5512 reapse
1189 5443 1439 5505 senserit,
1494 5441 1559 5495 iis
1593 5440 1784 5494 saltem

212 5539 405 5591 verbis
429 5551 558 5591 usus
584 5545 670 5589 est
709 5535 804 5589 lib.
841 5551 874 5589 v
920 5536 996 5590 De
1045 5535 1330 5602 republica,
1374 5548 1492 5602 qua:
1524 5547 1645 5585 eum
1703 5533 1778 5585 ita

211 5628 458 5683 sensisse
509 5627 756 5691 pluribus
806 5641 1142 5695 persuasere.
1201 5626 1330 5693 Quae
1385 5625 1587 5679 fuerint
1615 5625 1780 5691 ,apud

212 5716 485 5773 scelestos
515 5717 764 5772 homines
793 5717 1064 5786 dogmatis
1096 5715 1252 5785 hujus
1283 5714 1779 5782 consectaria,qul-

325 5832 371 5865 ⁸⁸
398 5832 610 5900 Εῃῗριι..
662 5832 803 5886 lber.
847 5848 993 5897 xxxi,
1022 5832 1047 5904 §
1079 5835 1119 5887 l.

211 5916 272 5960 (ρ.
300 5907 354 5956 3.
432 5904 476 5934 "
504 5904 647 5957 Hier.
682 5919 855 5965 xuii,
887 5905 913 5974 §
945 5904 995 5956 7.

541 6001 816 6060 PATROL.
861 6002 977 6061 Gn.
1033 5998 1164 6066 VII.

1223 5835 1396 5897 ⁸⁹1ι1.,
1429 5833 1569 5887 Iber.
1599 5849 1770 5896 χχχιι,

1803 5833 1906 5905 §3.
1982 5835 2027 5864 9°
2051 5833 2170 5905 Lib.
2202 5850 2261 5887 ιιι
2317 5833 2543 5898 Strom.,
2573 5851 2623 5903 p.
2650 5833 2772 5889 M8.

1089 5906 1133 5935 ’³
1166 5905 1306 5960 llasr.
1342 5921 1490 5968 xxxi,
1524 5908 1550 5974 ἕ
1584 5906 1632 5972 I,
1678 5917 1730 5960 et
1754 5903 1887 5959 hair.
1927 5921 2117 5969 χχχιιι,
2148 5903 2174 5973 §
2205 5907 2252 5956 l.

1885 4702 2042 4771 longe
2109 4702 2406 4756 doctiorem
2465 4701 2636 4756 fuisse
2684 4703 2958 4772 significat
3011 4703 3153 4756 idem
3213 4703 3443 4772 Epipha-

1883 4795 2003 4846 nius
2027 4793 2110 4859 ⁹³;
2145 4795 2212 4847 de
2252 4795 2463 4849 caeteris
2488 4795 2807 4848 altissimum
2856 4796 2996 4863 apud
3017 4805 3230 4850 veteres
3279 4796 3445 4850 silen-

1884 4889 2035 4942 tium.
2103 4888 2290 4943 Plures
2352 4889 2569 4960 quidem
2642 4889 2985 4958 conjecturas
3029 4889 3114 4942 his
3158 4888 3228 4943 de
3281 4889 3446 4943 rebus

1882 4984 2134 5054 proponit.
2171 4982 2479 5038 Dodwellus
2518 4984 2744 5038 Dissert.
2787 4998 2838 5035 tv
2888 4981 2940 5035 in
2985 4980 3205 5052 Iren.,§
3277 4980 3344 5033 28
3390 4993 3446 5036 et

1883 5088 2061 5144 seqq,
2086 5076 2177 5128 sed
2208 5091 2330 5144 qua:
2351 5078 2437 5128 vix
2476 5075 2612 5143 apud
2644 5075 2780 5128 alios
2813 5090 2974 5143 quam
2999 5076 3248 5129 credulos
3272 5077 3445 5128 lecto-

1877 5177 1964 5217 res
2024 5165 2180 5217 tidem
2245 5167 2554 5218 obtineant.
2617 5165 2746 5218 Illud
2802 5165 3064 5219 duntaxat
3121 5181 3186 5219 ex
3243 5164 3444 5220 Irenaeo

1880 5254 2202 5309 concludere
2233 5272 2542 5325 possumus,
2579 5257 2955 5315 Ptolemaeum.
3021 5258 3117 5312 etsi
3149 5257 3288 5311 forte
3343 5257 3445 5308 Va-

1881 5347 2145 5402 lentinum
2203 5351 2420 5416 viderit,
2483 5366 2547 5404 eo
2600 5361 2778 5404 tamen
2813 5351 3082 5418 juniorcm
3117 5348 3305 5404 fuisse.
3337 5347 3445 5403 Iste

1881 5441 2146 5510 siquidem
2203 5442 2550 5495 'I‘heodadem
2599 5443 2884 5511 quemdam
2933 5443 3308 5512 apostolorum
3365 5444 3448 5497 di-

1883 5534 2145 5604 scipulum
2170 5534 2369 5590 vidisse
2395 5549 2453 5611 se
2493 5535 2768 5604 jactabat,
2816 5545 2875 5589 ut
2913 5536 3195 5589 diximus:
3234 5546 3286 5588 at
3337 5533 3447 5587 Ire-

1885 5641 2030 5680 [treus
2050 5627 2146 5681 lib.
2206 5643 2264 5692 tt,
2298 5644 2418 5697 C'Ip.
2479 5630 2570 5692 δῦ,
2606 5647 2661 5684 ιι.
2701 5629 2758 5694 5,
2815 5629 3049 5682 afﬁrmat
3097 5625 3445 5681 Ptolemaeum

1884 5720 2160 5785 apostolos
2207 5734 2480 5787 nunquam
2524 5720 2758 5783 vidisse,
2809 5721 2915 5771 imo
2967 5717 3254 5787 vestigium
3312 5729 3447 5782 apo-

2849 5835 2890 5866 “
2939 5834 3056 5890 Lib.
3089 5847 3104 5884 ι
3164 5831 3305 5884 liter.
3334 5828 3445 5882 (ab.

3093 6001 3134 6054 ή-
