4180 6332
769 387 867 443 μη

1600 382 2186 444 DlSSERTATlONES
2220 381 2524 439 PRIEVIIE
2560 383 2626 440 IN
2649 383 2904 443 IRENAEI
2938 386 3201 444 LIBROS.

3869 397 3969 455 108

761 503 882 560 stoli
920 519 986 560 ne
1015 505 1312 561 lnsomniis
1368 504 1588 576 quidem
1646 513 1952 560 assecutum
2011 502 2175 557 fuisse
2203 518 2217 556 :
2253 501 2306 556 id
2336 503 2386 563 Α
2413 501 2540 571 παρ’
2563 501 2742 565 αὐτοῖς
2771 502 2924 573 Βυθῷ
2948 503 3201 576 καλουμέκ

2413 501 2540 571 παρ’
2563 501 2742 565 αὐτοῖς
2771 502 2924 573 Βυθῷ
2948 503 3279 576 καλουμένῳ,
3304 505 3560 575 ὲπεύόηοὴέ
3586 524 3645 561 τε
3669 507 3760 562 καὶ
3784 509 3970 582 ἐχαρι-

760 606 844 652 est
881 635 896 661 ,
921 605 1075 650 :rtate
1103 597 1372 666 juniorem
1403 596 1570 652 fuisse
1592 636 1607 664 ,
1648 611 1810 665 quam
1854 605 1912 651 ut
1945 594 2013 648 ad
2040 592 2311 664 apostolo-

760 703 878 742 rum
915 687 1206 756 discipulos
1260 688 1570 760 pertingere
1607 692 1867 758 potuerit.
1924 687 2157 742 Tantam
2203 685 2309 740 sibi

757 776 956 833 famam
1004 779 1144 848 apud
1191 777 1600 835 Valentinianos
1641 778 1844 834 fecerat
1892 778 1982 832 ille
2009 818 2022 843 ,
2057 791 2115 832 ut
2144 777 2307 846 hujus

756 870 941 924 schola
1011 871 1242 926 nominis
1278 870 1595 926 celebritate
1630 881 1854 925 crateras
1902 884 2093 924 omnes
2143 869 2305 939 longe

757 972 1052 1031 superaret.
1105 963 1251 1018 lianc
1288 972 1439 1017 vocat
1462 961 1697 1017 lrenteus
1727 962 1772 992 ”
1819 962 2134 1032 ἀπάνθισμα
2207 961 2307 1031 τῆς

755 1057 1100 1111 Οὐαλεντίνου
1153 1057 1363 1128 σχολῆςο
1427 1056 1580 1127 quasi
1657 1057 1904 1121 diceret,
1978 1056 2306 1111 lectissimos

755 1164 999 1219 quosque
1047 1164 1076 1206 e
1122 1147 1520 1204 Valentinianis
1555 1148 1726 1202 hortis
1780 1148 2063 1216 decerptos
2121 1145 2302 1211 liores,

754 1243 894 1312 quod
916 1257 949 1298 e
967 1243 1340 1297 subtilioribus
1369 1244 1676 1312 quibusque
1699 1240 2091 1296 Valentiniana:
2108 1240 2305 1295 scholae

753 1335 1019 1407 dogmatis
1048 1337 1392 1407 bypotliesim
1426 1351 1576 1390 suam
1611 1335 1931 1389 adornasset
1959 1332 2301 1386 Ptolemaeus.

753 1428 1114 1494 Quamobrem
1146 1444 1266 1483 cum
1301 1429 1456 1483 istius
1518 1426 1916 1482 Valentinianaa
1957 1437 2116 1482 seeae
2146 1442 2303 1498 cory-

751 1520 890 1590 ι)ὴωὶ
917 1519 1112 1590 placita
1133 1531 1242 1589 prae
1260 1519 1472 1574 caneris
1494 1519 1817 1588 exagitanda
1845 1519 1947 1574 sibi
1978 1520 2304 1588 suscepisset

751 1621 1149 1666 auctornoster
1212 1612 1383 1682 (ratus
1405 1612 1681 1675 nimirum,
1715 1612 1776 1665 iis
1808 1611 1971 1667 semel
2004 1609 2302 1676 subversis,

751 1702 980 1757 aliorum
1015 1703 1224 1757 ruinam
1288 1703 1440 1758 brevi
1495 1705 1853 1771 secuturam),
1883 1704 2092 1756 cmteris
2139 1701 2299 1754 etiam

749 1796 1054 1849 accuratius
1091 1805 1144 1848 et
1178 1794 1350 1849 fusius
1392 1795 1671 1862 explicare
1730 1811 1949 1850 suarum
2007 1810 2128 1851 esse
2179 1810 2300 1864 par-

751 1885 882 1938 tium
943 1887 1236 1940 arbitratus
1271 1896 1374 1942 est.
1429 1886 1484 1947 ιι.
1525 1891 1627 1942 hac
1682 1888 1908 1956 proinde
1945 1888 2302 1957 explicatione

749 1978 930 2048 priora
980 1994 1168 2033 novem
1229 1979 1352 2033 libri
1391 1980 1548 2048 primi
1584 1980 1759 2049 capita
1823 1980 2124 2050 insumpsit.
2163 1979 2300 2047 Quin

747 2069 973 2124 cnim-in
1008 2069 1073 2124 iis
1103 2071 1370 2138 capitibus
1404 2070 1682 2124 Ptolemaei
1712 2071 2035 2126 sententiam
2077 2072 2299 2135 referat,

745 2163 835 2214 vix
870 2162 1124 2215 dubitem.
1166 2160 1302 2216 Nam
1337 2161 1735 2218 in-Praefatione
1763 2165 1992 2232 spondet
2017 2177 2074 2218 se
2094 2172 2299 2217 senten-

746 2255 869 2305 tiam
896 2269 1069 2306 eorum
1096 2292 1110 2315 ,
1140 2253 1227 2318 qui
1269 2259 1393 2308 sunt
1429 2256 1569 2309 circa
1621 2254 1979 2320 Ptolemaeum,
2037 2256 2144 2309 τῶν
2176 2258 2301 2328 περὶ

745 2344 1093 2414 Πτολεμαῖον,
1117 2345 1508 2413 compendose
1533 2354 1586 2400 et
1611 2346 1897 2402 manifeste
1930 2357 2296 2403 ostensurum.

744 2435 849 2491 Ubi
884 2435 1007 2490 licet
1037 2435 1427 2501 Hellenismus,
1458 2436 1567 2490 τῶν
1641 2440 1768 2510 περὶ
1818 2439 2164 2510 Πτολεμαῖον,
2200 2456 2297 2511 pro

743 2528 940 2598 linguae
970 2527 1169 2583 Graece
1193 2529 1374 2598 genio,
1428 2529 1722 2597 ἀμφίϐολος
1765 2531 1857 2591 sit,
1900 2540 1953 2585 et
2011 2532 2077 2586 de
2122 2532 2300 2586 Ptole-

743 2620 934 2673 maieis
957 2634 1107 2687 reque
1141 2635 1203 2672 ae
1247 2621 1312 2673 de
1366 2619 1651 2675 Ptolemmo
1707 2622 1822 2691 ipso
1860 2622 2120 2692 explicari
2176 2638 2297 2691 pos-

741 2710 840 2773 sit;
891 2710 955 2763 de
1015 2709 1307 2779 posteriori
1344 2718 1522 2764 tamen
1569 2713 1836 2781 pra-cipue
1888 2711 2296 2780 intelligendum

742 2814 863 2853 esse
904 2801 1281 2863 demonstrat,
1319 2802 1461 2868 quod
1513 2811 1750 2855 reserata
1801 2800 1910 2868 jam
1980 2801 2294 2871 hypothesr.

741 2893 996 2946 narrandi
1031 2891 1190 2946 finem
1226 2892 1453 2956 faciens,
1484 2893 1634 2946 addit
1662 2893 1800 2961 apud
1827 2903 2062 2947 veterem
2123 2892 2294 2946 inter-

740 2993 948 3050 pretem
999 2983 1051 3035 in
1115 2981 1221 3036 lirie
1274 2982 1464 3051 capitis
1506 2980 1583 3035 8:
1621 2980 1686 3034 Et
1747 2981 2056 3035 Ptoleniwus
2088 2982 2294 3050 quidem

738 3078 836 3128 ita.
873 3073 1002 3141 Quae
1029 3075 1243 3142 quidem
1289 3073 1391 3128 etsi
1427 3073 1478 3126 in
1507 3073 1770 3127 hodierno
1819 3073 2108 3142 Epiphauii
2145 3081 2293 3126 textu

737 3165 926 3220 Graeco
987 3165 1403 3229 desiderentur,
1453 3165 1680 3218 credere
1726 3165 1900 3219 satius
1961 3174 2042 3217 est
2077 3165 2142 3217 ab
2190 3166 2292 3218 hoc

739 3259 953 3333 [XLIX]
1008 3261 1230 3325 omissa,
1259 3275 1419 3329 quam
1447 3260 1512 3313 ab
1543 3260 1836 3328 interprete
1882 3268 2070 3312 contra
2117 3258 2292 3313 Graeci

738 3355 956 3416 codicis,
986 3368 1143 3421 quem
1168 3367 1277 3421 pra:
1307 3353 1476 3407 oculis
1500 3353 1755 3416 habebat,
1793 3353 1948 3407 ﬁdem
1975 3353 2174 3406 addita.
2200 3350 2290 3405 Sic

739 3444 1006 3499 intellexit
1031 3442 1418 3508 Tertullianus,
1448 3458 1543 3498 nec
1566 3444 1631 3497 ad
1665 3444 1828 3497 alium
1861 3459 2020 3512 quam
2053 3445 2118 3496 ad
2153 3443 2290 3497 Pto-

737 3533 983 3588 lenaeum
1031 3533 1303 3602 pertinere
1346 3534 1525 3603 priora
1588 3533 1774 3598 ireniei
1828 3537 2005 3604 capita
2059 3537 2286 3590 censuit.

737 3625 1032 3694 Explicatis
1093 3625 1234 3678 enim
1287 3639 1349 3678 ex
1384 3623 1570 3678 lrenaai
1603 3637 1802 3690 mente,
1835 3633 1888 3679 et
1940 3625 2129 3679 iisdem
2155 3639 2291 3694 pene

734 3718 935 3780 verbis,
965 3719 1179 3786 triginta
1218 3716 1504 3780 Aionibus,
1537 3716 1636 3771 hos
1685 3717 1913 3770 subinde
1951 3728 2108 3770 vocat
2135 3719 2290 3785 fami-

733 3811 857 3861 liam
890 3809 1174 3863 Ptolemwi.
1205 3808 1268 3861 Et
1295 3815 1475 3877 postea
1511 3823 1629 3876 cap.
1665 3808 1728 3860 l2
1755 3807 1935 3861 Jcsum
1962 3823 2025 3862 ex
2056 3807 2289 3862 )Eonnm

733 3902 972 3954 ninnium
1004 3900 1265 3970 symbolis
1286 3912 1597 3954 concretum
1618 3900 1869 3969 appellat,
1895 3899 2288 3953 Miscellaneam

739 3990 1028 4047 Ptolemtei.
1088 3991 1149 4043 Et
1187 4006 1305 4059 cap.
1350 3990 1415 4043 19
1447 4005 1566 4044 cum
1600 3990 1896 4058 spiritalem
1942 3991 2289 4044 Achamothae

734 4092 1055 4149 conceptum
1099 4081 1475 4151 descripsisset
1508 4099 1519 4134 :
1572 4080 1683 4134 lloc
1708 4092 1805 4145 est,
1841 4083 2035 4151 inquit,
2087 4083 2287 4134 mulum

733 4175 797 4228 de
836 4176 982 4228 asino
1030 4175 1256 4242 pingere,
1288 4184 1334 4224 et
1371 4171 1711 4226 Ptolemwum
1753 4173 2038 4225 describere
2088 4175 2150 4224 de
2189 4171 2290 4225 Va-

730 4268 949 4319 lentino.
999 4266 1089 4320 Sic
1138 4275 1302 4317 totum
1363 4264 1488 4317 illud
1541 4264 1977 4317 Valentinianum
2029 4276 2284 4334 systema,

734 4358 876 4421 quod
906 4356 1059 4410 initio
1086 4355 1203 4409 libri
1232 4355 1389 4422 primi
1423 4356 1670 4423 exposuit
1718 4355 1967 4414 lrenieus,
2012 4356 2078 4407 ad
2114 4355 2289 4410 Ptole-

734 4463 925 4502 maeum
961 4446 1049 4501 ille
1097 4460 1307 4514 semper
1338 4444 1540 4498 retulit.
1573 4444 1726 4498 Unde
1777 4444 2143 4509 inferendum,
2194 4461 2288 4501 eos

2413 607 2560 644 σατο.
2597 590 2777 662 Longe
2824 593 3012 648 melius
3069 595 3251 649 lrenaei
3301 607 3535 652 mentem
3579 602 3788 669 accepit
3839 598 3962 656 Ter-

2409 680 2688 747 tullianus,
2714 682 2828 751 qui,
2859 698 2978 752 quze
3009 684 3108 739 hoc
3145 699 3262 752 cap.
3300 683 3366 739 l2
3419 698 3600 741 narrat
3626 686 3886 757 Irenaeus,
3913 690 3966 746 in

2409 772 2762 826 emendatores
2793 771 3057 828 Ptolema'i
3090 778 3322 831 confert.
3352 773 3675 833 Exstiterunt
3705 785 3864 847 enim,
3893 784 3971 840 ait

2409 880 2527 934 cap.
2555 866 2650 932 35,
2671 868 2736 922 de
2764 867 2942 922 schola
2964 870 3147 938 ipsius,
3182 870 3426 940 discipuli
3454 887 3614 941 super
3633 875 3968 942 magistrum,

2406 961 2495 1029 qui
2525 959 2715 1028 duplex
2734 962 3034 1032 conjugium
3064 962 3230 1032 Bytho
3250 979 3343 1017 suo
3368 965 3695 1034 aﬂingerent,
3718 973 3826 1020 etc.
3855 963 3969 1023 Hoc

2406 1065 2535 1104 vero
2566 1051 2829 1107 duntaxat
2880 1068 2910 1108 a
2943 1052 3204 1124 magistro
3245 1055 3632 1125 discrepabant
3681 1057 3964 1128 discipuli,

2405 1142 2547 1212 quod
2577 1143 2663 1198 ille
2689 1159 2849 1198 unam
2882 1143 3191 1214 eonjugem,
3220 1145 3482 1200 Ennaaam
3529 1163 3724 1217 nempe
3745 1162 3841 1202 seu
3869 1164 3966 1205 co-

2405 1236 2749 1305 gitationem;
2785 1236 2874 1290 isti
2907 1235 3196 1304 duplicem,
3230 1237 3610 1307 cogitationem
3644 1246 3700 1293 et
3723 1238 3969 1294 volunta-

2408 1336 2536 1394 tem,
2571 1328 2741 1400 Bytho
2793 1343 2890 1383 suo
2937 1328 3234 1385 tribuerent
3277 1347 3291 1384 :
3344 1331 3417 1386 ita
3467 1340 3526 1384 ut
3566 1333 3848 1400 utriusque
3896 1345 3968 1386 ex

2403 1435 2556 1489 aquo
2588 1420 2915 1493 suffragante
2937 1436 3100 1491 opera
3138 1421 3252 1477 Nun
3283 1434 3337 1480 et
3381 1425 3663 1481 Aletheian
3692 1426 3967 1495 produxe—

2405 1511 2727 1584 ritBythus,
2778 1515 3135 1584 respondente
3172 1514 3253 1570 Nu
3289 1516 3573 1587 voluntati,
3597 1518 3842 1573 Aletheia
3872 1532 3970 1573 co-

2401 1601 2688 1672 gitationi:
2740 1619 2863 1660 cum
2914 1621 2944 1661 e
2973 1608 3248 1662 contrario
3286 1608 3445 1663 vellet
3488 1607 3966 1680 Ptolemams,‘By-

2405 1695 2553 1751 thum
2604 1709 2703 1766 per
2763 1712 2923 1750 unam
2985 1698 3368 1768 cogitationem
3433 1701 3684 1756 emisisse
3726 1701 3855 1757 'Nun
3909 1711 3970 1758 et

2403 1786 2701 1841 Aletheian.
2739 1789 2868 1856 Quae
2892 1791 3106 1861 quidem
3135 1792 3518 1860 discipulorum
3568 1795 3840 1850 sententia
3875 1811 3970 1851 ra-

2408 1876 2538 1930 tioni
2563 1879 2733 1948 magis
2762 1892 3126 1938 consentanea
3153 1883 3460 1939 videbatur.
3489 1883 3626 1940 Cum
3652 1887 3795 1941 enim
3821 1888 3968 1943 utri-

2405 1985 2509 2039 que
2542 1971 2594 2024 in
2623 1985 2688 2026 eo
2721 1974 3112 2042 consentirent,
3140 1977 3284 2046 quod
3309 1975 3540 2032 xEonum
3573 1979 3831 2051 conjuges
3852 1995 3969 2035 me-

2404 2076 2492 2115 ras
2521 2077 2705 2118 eorum
2735 2064 3043 2122 affectiones
3095 2080 3214 2122 esse
3244 2078 3581 2134 assererent,
3626 2079 3686 2128 ut
3710 2074 3966 2142 superius

2401 2154 3006 2226 probavimus;‘:equius
3033 2157 3320 2214 videbatur
3359 2161 3740 2231 cogitationem
3795 2163 3966 2219 simul

2403 2254 2457 2302 et
2484 2246 2837 2313 voluntatem,
2873 2248 3186 2307 all‘ectiones
3227 2267 3256 2305 a
3293 2252 3463 2322 Bytho
3510 2253 3872 2319 indistinctas,
3905 2256 3967 2312 in

2399 2336 2806 2406 productlonem
2835 2338 2909 2391 Nu
2938 2350 2991 2394 et
3023 2339 3277 2396 Aletheia:
3307 2341 3547 2410 inﬂuere,
3567 2359 3724 2412 quam
3753 2347 3964 2415 cogita-

2401 2428 2601 2482 tionem
2637 2437 2843 2484 tantum
2875 2431 3075 2485 omissa
3109 2432 3408 2489 voluntate.
3450 2435 3657 2490 Caetera
3694 2436 3824 2491 nihil
3849 2437 3968 2492 dis-

2399 2521 2642 2575 sidebant
2671 2522 2919 2592 discipuli
2948 2539 2978 2577 a
3021 2526 3299 2593 magistro.
3321 2526 3417 2581 Hie
3445 2543 3576 2584 vero
3610 2528 3772 2598 paulo
3800 2529 3968 2585 aliter

2399 2620 2562 2681 atque
2594 2613 2907 2668 Valentinus
2962 2615 3028 2668 de
3080 2614 3343 2681 Termino,
3385 2617 3603 2675 Christo
3645 2629 3702 2674 et
3751 2618 3964 2689 Spiritu

2397 2709 2604 2768 sancto,
2643 2718 2706 2759 ac
2730 2703 2854 2757 Jesu
2877 2704 3162 2758 sentiebat.
3199 2704 3305 2760 Sed
3326 2708 3610 2778 utriusque
3632 2711 3963 2764 sententiain

2398 2809 2560 2866 supra
2596 2798 2661 2851 de
2711 2795 2996 2852 Valentino
3022 2805 3245 2866 agentes
3301 2801 3676 2868 exposuimus,
3720 2799 3809 2855 ubi
3832 2815 3965 2857 cum

2399 2888 2453 2942 in
2510 2885 2831 2962 explicanda
2902 2887 3243 2944 enucleatius
3301 2889 3578 2946 Ptolemaei
3677 2889 3970 2961 hypothesi

2395 2979 2596 3034 diutius
2629 2977 3051 3044 ineubuerimus,
3079 2980 3213 3034 nihil
3247 2980 3334 3035 hic
3373 2980 3655 3036 dicendum
3687 2989 3965 3047 superest.

2395 3072 2625 3141 Scripsit
2678 3071 2725 3126 is
2768 3071 3045 3138 epistolam
3099 3070 3165 3123 ad
3224 3069 3589 3124 mulierculam
3643 3071 3965 3139 quamdam,

2319 3190 2360 3246 ο
2397 3167 2615 3222 nomine
2661 3165 2900 3230 Floram,
2929 3180 3090 3233 quam
3151 3166 3438 3234 descripsit
3491 3163 3842 3233 Epiphanius,
3906 3164 3968 3221 in

2393 3274 2495 3326 qua
2555 3258 2746 3328 Legem
2803 3258 3118 3323 Mosaicam,
3166 3274 3258 3314 seu
3311 3259 3756 3322 Pentateuchum,
3804 3273 3833 3312 a
3869 3274 3968 3313 su-

2390 3364 2576 3418 premo
2613 3351 2720 3403 Deo
2749 3359 2801 3406 et
2831 3350 2989 3405 Patre
3022 3350 3284 3404 sancitam
3327 3360 3508 3418 negat,
3548 3350 3641 3404 scd
3692 3349 3967 3406 trifariam

2393 3440 2822 3494 distribuendam
2868 3454 2987 3494 esse
3025 3449 3229 3493 censet.
3268 3438 3520 3503 andam
3559 3440 3718 3504 enim,
3760 3440 3967 3509 inquit,

2392 3532 2459 3585 ad
2486 3532 2653 3600 ipsum
2680 3530 2840 3584 Deum
2866 3531 3071 3600 (mundi
3101 3531 3461 3597 conditorem)
3491 3532 3704 3600 ejusque
3729 3535 3972 3586 sanctio-

2390 3641 2478 3677 nes
2516 3626 2767 3692 pertinent
2795 3638 2814 3676 .'
2844 3623 2949 3677 alia
2990 3634 3163 3677 autent
3209 3622 3347 3676 Mosi
3377 3625 3649 3677 tribuenda
3684 3633 3828 3688 sunt,
3856 3643 3970 3680 non

2389 3717 2596 3786 quidem
2629 3726 2888 3786 quatenus
2915 3717 3114 3785 aliquid
3146 3733 3177 3770 a
3228 3716 3336 3769 Deo
3375 3715 3518 3769 illius
3542 3717 3835 3770 interventu
3869 3719 3973 3773 de-

2391 3817 2585 3862 cretum
2634 3809 2848 3872 esl;sed
2886 3819 3137 3876 quatenus
3181 3826 3271 3876 per
3331 3826 3385 3862 se
3436 3825 3495 3862 ac
3546 3818 3730 3874 suapte
3773 3823 3969 3878 sponte

2390 3899 2642 3953 nonnulla
2695 3902 3008 3953 constituit:
3039 3900 3264 3953 aliorum
3317 3902 3534 3969 denique
3573 3902 3824 3968 seniores,
3865 3905 3968 3972 qui

2390 3992 2441 4044 in
2469 3992 2655 4060 populo
2707 4001 2880 4057 erant,
2922 4001 3165 4045 auctores
3215 3993 3552 4056 exstiterunt,
3583 4010 3646 4045 ac
3675 3995 3840 4061 primi
3872 3996 3970 4050 illi

2390 4082 2591 4151 privata
2615 4082 2855 4151 quaedam
2883 4091 3137 4151 prwcepta
3159 4082 3386 4136 inserere
3409 4091 3531 4136 sunt
3569 4085 3708 4136 ausi.
3740 4083 3832 4139 Sic
3858 4101 3970 4140 ve-

2393 4181 2594 4226 terator
2646 4171 2755 4237 ille,
2800 4173 3107 4236 Valentini,
3173 4172 3514 4242 aliorumque
3565 4174 3970 4234 Gnosticorum

2389 4264 2672 4335 principiis
2710 4265 2995 4331 inhaerens,
3024 4267 3112 4333 qui
3142 4281 3414 4320 summum
3463 4267 3628 4320 Deum
3662 4269 3806 4321 velut
3843 4273 3973 4327 otio

2391 4369 2690 4427 torpentem
2719 4357 2820 4410 sibi
2873 4357 3169 4426 lingebant,
3201 4359 3291 4427 qui
3315 4359 3556 4426 deposita
3594 4361 3775 4413 mundi
3811 4364 3975 4432 regi-

2389 4453 2548 4505 minis
2571 4449 2957 4515 sollicitudine,
2985 4449 3099 4516 ejus
3131 4462 3313 4504 curam
3343 4466 3558 4505 omnem
3589 4453 3796 4521 angelis
3825 4469 3972 4510 cre-

731 4554 960 4608 quorum
992 4537 1318 4591 sententiam
1371 4534 1626 4588 describit
1675 4535 1907 4591 lrenazus
1949 4552 2067 4607 cap.
2098 4538 2164 4592 l2
2204 4539 2284 4592 his
2319 4528 2362 4581 Β
2392 4546 2563 4598 deret.
2597 4543 2672 4596 Ex
2699 4557 2804 4610 quo
2849 4542 3178 4611 sequebatur
3225 4552 3463 4597 veterem
3500 4544 3667 4614 legem
3719 4547 3858 4602 nihil
3893 4553 3973 4605 ad

733 4646 854 4699 quae
899 4629 1035 4698 apud
1070 4637 1308 4682 veterem
1362 4627 1708 4696 interpretem
1742 4628 1993 4695 leguntur
2053 4631 2236 4684 verbis
2268 4649 2281 4684 :

746 4723 808 4776 lli
833 4740 948 4777 vero
977 4725 1065 4785 qui
1088 4731 1208 4776 sunt
1246 4723 1386 4774 circa
1419 4720 1758 4776 Ptolemaeum
1786 4722 2110 4788 scientiores,
2151 4725 2282 4778 duas

738 4816 980 4884 ronjuges
1003 4815 1190 4868 habere
1214 4831 1330 4867 eum
1379 4813 1587 4882 Bython
1614 4817 1810 4879 dicant,
1840 4826 1968 4882 etc.,
2010 4817 2285 4871 Ptolemmi

731 4906 1018 4976 discipulos
1054 4906 1310 4974 quosdam
1337 4920 1456 4958 esse
1483 4920 1510 4958 a
1558 4908 1798 4977 magistri
1832 4909 2073 4962 doctrina
2129 4911 2288 4978 dege-

732 5015 911 5064 neres,
947 5015 1050 5052 uon
1083 4999 1422 5052 Ptolemzeum
1449 4998 1640 5066 ipsum,
1677 5002 1826 5067 cujus
1866 5001 2080 5071 placita,
2112 5017 2284 5072 eaque

731 5095 967 5156 diversa,
1016 5093 1127 5161 jam
1189 5092 1488 5146 retulerat:
1542 5094 1825 5162 minusque
1886 5110 2033 5150 recte
2091 5097 2283 5152 fecisse

735 5184 1120 5253 Epiphanium,
1174 5184 1285 5251 qui,
1317 5198 1432 5252 quae
1462 5184 1655 5254 plurali
1687 5201 1914 5239 numero
1941 5200 2284 5255 expresserat

733 5278 990 5340 lrena'us,
1016 5277 1068 5328 in
1100 5273 1431 5344 singularem
1471 5278 1817 5339 converterit,
1857 5287 1909 5330 ct
1939 5295 2055 5346 qua:
2101 5279 2187 5332 ille
2218 5280 2282 5333 de

733 5367 1010 5434 discipulis
1068 5378 1274 5420 tantum
1325 5367 1637 5434 scripserat,
1667 5370 1732 5421 ad
1782 5370 1960 5423 hoset
2009 5372 2072 5423 ad
2110 5373 2280 5438 magi-

731 5470 901 5511 strum
937 5473 1000 5510 ex
1028 5473 1201 5525 mque,
1236 5460 1343 5512 imo
1368 5461 1431 5513 ad
1463 5460 1622 5512 istum
1652 5461 1919 5529 praecipue
1949 5462 2233 5515 detersi-rit
2266 5481 2275 5515 :

744 5550 797 5600 Ὀ
832 5549 1174 5617 Πτολεμαῖος,
1229 5551 1318 5601 καὶ
1346 5554 1391 5602 oi
1432 5551 1525 5602 σὺν
1559 5551 1722 5620 αὐτῷ,
1774 5553 1850 5603 ἔτι
1899 5555 2280 5624 ἐμπειρότερος

730 5643 856 5710 ἡμῖν
894 5640 982 5693 τοῦ
1021 5641 1220 5693 ἑαυτῶν
1248 5641 1582 5708 διδασκάλου,
1611 5641 1700 5694 δύο
1742 5642 1999 5710 συζύγους
2032 5645 2104 5714 τῷ
2137 5646 2274 5714 Θεῷ,

802 5813 843 5840 ³³
869 5810 1025 5865 Prmf.
1063 5813 1154 5866 lib.
1188 5824 1222 5861 I.

2389 4654 2508 4694 eum
2538 4639 2823 4707 pertinere.
2853 4636 2955 4690 Sed
2977 4637 3041 4689 de
3066 4635 3148 4688 his
3180 4650 3365 4703 supra.

2913 4727 2976 4780 V.
3013 4727 3088 4780 De
3115 4726 3420 4780 Colorbaso.

2460 4825 2546 4879 Si.
2576 4822 2917 4876 Ptolemaicis
2947 4821 3048 4874 illis
3073 4821 3210 4888 apud
3235 4819 3492 4873 lrenceum
3528 4822 3785 4886 succedit,
3815 4823 3976 4878 Mar-

2390 4931 2558 4984 coque
2596 4915 2749 4982 prmit
2779 4913 3128 4966 Colorbasus.
3191 4909 3448 4976 Quamvis
3493 4912 3635 4966 enim
3668 4912 3827 4980 hujus
3872 4932 3978 4970 no-

2391 5023 2512 5060 men
2541 5009 2714 5068 sileat,
2744 5006 2808 5057 ad
2845 5006 3012 5072 ipsum
3041 5013 3214 5055 tamen
3246 5003 3533 5072 pertinere,
3564 5019 3678 5072 quae
3709 5020 3831 5073 cap.
3869 5009 3976 5071 £2,

2393 5116 2445 5151 ιι.
2475 5101 2528 5161 3,
2559 5097 2723 5151 refert
2755 5098 2947 5165 placita
2990 5111 3173 5148 eorum
3221 5098 3308 5162 qui
3348 5095 3705 5157 prudentiores
3736 5097 3976 5154 illorum

2389 5188 2864 5256 (Ptolemaicorum
2896 5185 3121 5251 scilicet)
3158 5197 3414 5254 putantur
3470 5201 3612 5248 esse,
3672 5198 3819 5255 patet
3898 5205 3977 5245 ex

2389 5280 2686 5351 Epiphanio
2719 5280 2848 5334 hair.
2868 5293 3029 5342 xxxv,
3059 5281 3196 5331 unde
3219 5277 3543 5331 coni-ludere
3571 5277 3720 5343 licet,
3757 5278 3974 5335 Color.

2389 5375 2574 5425 basum
2623 5370 2896 5424 Ptolemaei
2960 5370 3285 5436 discipulum
3339 5369 3537 5433 fuisse;
3599 5384 3664 5422 an
3719 5385 3857 5425 vero
3915 5385 3980 5428 et

2389 5465 2594 5519 Marci?
2629 5465 2787 5532 paulo
2830 5464 3000 5530 major
3045 5464 3348 5516 dillicultas.
3403 5462 3459 5512 Id
3488 5463 3703 5529 quidem
3756 5473 3980 5524 asserit

2387 5558 2735 5626 Epiphanius,
2793 5557 3037 5609 scribens
3072 5555 3426 5608 Colorbasum
3473 5569 3498 5606 a
3528 5554 3692 5608 Marci
3737 5563 3982 5624 praesti-

2390 5649 2492 5717 giis
2518 5647 2745 5702 ineptias
2768 5661 2892 5701 suas
2927 5660 3268 5715 corrogassc,
3306 5647 3578 5713 fuisseque
3633 5647 3678 5698 ci
3714 5649 3978 5715 primum
