4180 6332
151 409 236 467 109

846 406 1294 466 DISSEBTATIO
1328 410 1370 476 l,
1406 408 1565 466 ΛΒΤ.
1604 409 1668 475 ll,
1706 409 1792 464 DE
1826 409 2192 464 VALENTINI
2233 407 2630 467 DlSClPULlS.

3259 419 3363 476 “0

147 542 249 581 cum
298 525 483 582 Marco
514 528 856 596 societatem,
897 539 954 585 et
1016 531 1324 600 dogmatum
1383 533 1688 586 consensio-
1724 539 1770 592 Α
1799 548 1938 587 mam
1961 535 2200 604 ogdoada
2228 533 2534 602 explicabat
2559 533 2904 594 Colorbasus.
2945 534 3022 590 llli
3070 539 3213 592 enim
3252 555 3364 609 pri-

146 634 278 685 nem;
303 629 488 688 postea
515 621 665 674 velut
685 631 847 689 caput
878 639 907 674 a
957 625 1233 692 serpentis
1262 639 1496 693 corpore
1525 625 1696 678 divul-

144 722 266 774 sum,
297 708 548 774 plurimis
579 711 744 766 exitio
781 711 969 765 fuisse.
1027 713 1280 784 Idemque
1321 718 1595 788 colligitur
1625 735 1689 774 ex

141 800 422 868 Augustino
442 810 498 854 et
532 801 871 858 Damasceno
912 804 1005 858 lib.
1063 806 1138 859 De
1176 807 1384 872 hwres.,
1426 824 1489 863 ac
1512 809 1689 866 Theo-

143 893 306 946 doreto
361 892 457 947 lib.
491 909 535 957 ι,
570 908 695 964 cap.
728 895 814 949 12.
864 897 969 952 Sed
1019 912 1209 952 vereor
1251 908 1307 952 ut
1357 900 1688 971 Epiphanius

140 984 350 1052 primum
380 986 666 1055 deceptus,
718 987 853 1042 alios
886 990 1098 1043 demum
1136 992 1188 1044 in
1225 1005 1467 1046 errorem
1500 1010 1684 1050 secum

139 1075 418 1130 abduxerit.
447 1076 583 1130 Nam
612 1079 861 1143 lrenzcus,
890 1081 976 1134 cui
1031 1082 1208 1150 potior
1239 1083 1393 1148 fides,
1419 1084 1684 1140 Colorba-

139 1181 242 1220 sum
272 1184 371 1222 non
402 1168 597 1235 Marci,
639 1171 733 1226 sed
781 1171 1056 1228 Ptolemzei
1100 1175 1406 1232 auditorem
1437 1178 1589 1242 facit,
1623 1192 1683 1234 ut

138 1275 246 1316 mox
272 1262 614 1330 videbamus,
651 1273 704 1320 et
730 1267 1002 1322 Valentini
1056 1269 1352 1339 discipulos
1376 1272 1566 1329 ordine
1594 1290 1678 1329 re-

135 1367 340 1408 censens
371 1355 673 1412 Colorbaso
714 1359 951 1413 Marcum
981 1364 1273 1430 postponit.
1305 1365 1415 1420 lino
1457 1382 1577 1436 cap.
1615 1368 1678 1422 14

135 1443 281 1500 Marci
312 1448 650 1516 hypothesim
673 1453 1045 1520 expositurus,
1077 1472 1297 1526 remque
1327 1474 1355 1510 a
1389 1460 1563 1526 capite
1589 1476 1676 1514 re-

134 1547 318 1604 petens,
347 1541 483 1593 satis
513 1542 836 1610 perspicuis,
865 1546 916 1598 ni
950 1546 1129 1614 fallor,
1179 1549 1359 1604 verbis
1383 1551 1673 1620 significat,

133 1623 243 1680 huic
262 1627 613 1684 Colorbasuni
642 1633 741 1687 vite
774 1636 964 1689 ducem
994 1635 1183 1693 fuisse.
1217 1639 1306 1692 Ait
1330 1643 1493 1703 enim,
1522 1641 1672 1696 Har-

132 1730 230 1769 cum
254 1718 446 1774 vulvam
473 1732 522 1775 et
550 1729 926 1794 susceptorium
958 1727 1233 1786 Colorbasi
1258 1732 1467 1788 Silentii
1490 1751 1675 1791 semet-

130 1808 468 1875 ipsum-solum
501 1816 684 1884 fuisse,
736 1821 931 1875 dixisse
958 1836 976 1874 :
1006 1824 1176 1888 ὅυτως
1205 1827 1427 1898 Μάρκος
1463 1831 1670 1901 μήτραν

131 1901 208 1953 καὶ
233 1902 492 1974 ἐκδοχεῖον
523 1909 620 1977 τῆς
655 1911 996 1982 Κολορϐάσου
1025 1917 1187 1988 Σιγῆς
1229 1919 1328 1987 (sic
1370 1921 1673 1993 legendum)

131 1994 435 2066 εἰσηγήσατο
462 1999 625 2052 αὑτὸν
682 2001 985 2070 μονώτατον
1010 2008 1284 2075 γεγονέναι
1310 2008 1501 2077 λέγων.
1535 2010 1675 2065 Mar-

128 2099 210 2138 cus
237 2098 408 2140 autem
449 2089 609 2144 vulva
643 2101 697 2145 et
727 2099 1123 2163 susceptor-ium
1156 2100 1440 2155 Colorbasi
1497 2104 1673 2156 Silen-

129 2175 176 2224 tii
207 2176 301 2229 dici
334 2194 437 2231 non
493 2181 782 2248 potuisset,
810 2185 912 2238 nisi
971 2201 997 2238 a
1045 2186 1344 2244 Colorbaso
1411 2192 1668 2260 mysteria

129 2263 608 2323 Valentinianorum
661 2270 814 2341 Siges
866 2276 1091 2330 edoctus
1126 2277 1338 2343 fuisset,
1379 2295 1497 2348 qua:
1522 2283 1572 2333 in
1607 2296 1671 2336 eo

129 2361 360 2423 tanquam
389 2358 440 2410 in
477 2360 631 2413 vulva
653 2361 876 2416 formam
911 2368 1668 2439 etincrementumaccipien-

126 2445 206 2511 tia,
250 2448 368 2502 inde
405 2450 458 2503 in
498 2452 671 2506 lucem
715 2456 1113 2513 emitterentur.
1160 2459 1270 2514 Nec
1309 2464 1669 2517 omittendum

125 2538 246 2603 quod
301 2540 440 2594 idem
474 2542 710 2599 lrenteus
738 2550 1000 2603 recensita
1028 2550 1140 2620 jam
1193 2552 1470 2609 Colorbasi
1509 2564 1563 2610 et
1589 2557 1671 2611 di-

124 2630 431 2696 scipulorum
463 2635 581 2703 ejus
607 2637 819 2704 ἣξει-θεῖ,
850 2642 914 2695 ad
947 2641 1183 2697 Marcum
1208 2660 1506 2701 sermonem
1536 2664 1670 2702 con-

124 2733 318 2776 vertens
353 2726 538 2780 subdit
575 2746 588 2780 :
625 2729 772 2784 Alius
801 2749 916 2785 vero
962 2736 1175 2802 quidam
1210 2754 1274 2791 ea:
1303 2739 1388 2804 iis,
1427 2741 1516 2807 qui
1548 2753 1667 2794 sunt

122 2815 240 2875 apud
269 2829 369 2880 eos,
404 2821 652 2888 magistri
711 2825 1100 2878 emendatorem
1163 2843 1216 2880 se
1264 2844 1373 2883 esse
1404 2832 1666 2901 glorians,

123 2899 314 2957 Marcus
367 2920 442 2961 est
484 2920 662 2963 autem
703 2912 782 2964 illi
827 2931 1037 2981 nomen,
1073 2927 1179 2973 etc.
1212 2921 1291 2975 Ad
1342 2899 1476 2977 alios
1519 2936 1668 2979 certe

118 3004 340 3057 spectare
393 3014 553 3065 posse
604 3017 708 3055 non
742 3005 994 3059 videntur
1020 3024 1079 3062 ea
1136 3011 1324 3078 verba,
1375 3031 1436 3066 ea:
1472 3017 1537 3068 iis
1573 3018 1666 3085 qui

116 3096 217 3136 tant
241 3091 375 3152 apud
401 3106 510 3152 eos,
541 3105 704 3158 quam
750 3095 816 3147 ad
866 3095 1009 3158 illos,
1043 3100 1108 3152 de
1129 3103 1324 3167 quibus
1349 3120 1470 3159 mox
1508 3107 1666 3160 dixe—

118 3181 204 3235 rat,
233 3180 397 3229 multa
426 3193 602 3233 autent
628 3200 802 3251 pugna
825 3188 966 3252 apud
992 3204 1078 3241 eos
1107 3193 1261 3245 etiam
1280 3198 1342 3247 de
1358 3195 1656 3262 Saluatore,
1686 3224 1727 3280 ς

115 3263 464 3326 Colorbaszeos
522 3275 752 3329 scilicet.
784 3277 849 3330 Et
890 3282 1010 3348 quis
1048 3283 1138 3337 ille
1189 3289 1468 3356 magister,
1506 3291 1658 3356 cujus

115 3361 498 3415 emendatorem
527 3379 586 3417 se
616 3380 738 3419 esse
771 3366 1104 3436 gloriabatur
1152 3373 1381 3442 Marcus,
1417 3377 1516 3430 nisi
1550 3378 1658 3431 Co-

112 3444 352 3512 lurliasus,
413 3454 478 3506 de
537 3470 647 3522 quo
694 3473 812 3511 mox
854 3473 1162 3516 sermonem
1213 3463 1448 3519 fecerat?
1474 3465 1656 3535 Neque

115 3543 237 3595 enim
269 3545 380 3598 hzec
403 3547 469 3599 ad
497 3545 841 3602 Ptolemteum
873 3551 1061 3605 referri
1089 3564 1333 3622 possunt,
1359 3559 1514 3627 cujus
1544 3561 1656 3613 ha:-

114 3636 252 3688 resim
310 3638 470 3707 longe
505 3649 664 3691 antea
725 3642 1029 3711 descripsit,
1083 3657 1138 3698 et
1199 3655 1340 3703 inter
1382 3667 1540 3719 quem
1592 3671 1656 3707 ac

114 3724 323 3780 ltlarcum
356 3730 539 3796 plures
571 3729 706 3782 alios
742 3733 937 3788 schola:
967 3735 1348 3794 Valentiniana:
1377 3745 1536 3797 duces
1569 3744 1652 3796 in-

113 3822 328 3876 terserit.
362 3821 482 3876 Non
515 3824 674 3878 aliter
701 3825 978 3889 lrcnazum,
1024 3832 1167 3896 quod
1197 3831 1262 3884 ad
1293 3832 1650 3888 Colorbasnm

113 3915 302 3977 attinet,
356 3917 631 3972 intellexit
663 3919 1052 3986 Tertullianus,
1091 3924 1224 3977 Adv.
1269 3924 1504 3989 Valent.,
1529 3945 1649 3998 cap.

111 3998 153 4048 4.
182 4003 259 4054 Ait
307 4008 476 4071 enim,
522 4007 872 4075 Valentinum,
928 4015 1206 4083 cujusdam
1243 4019 1427 4070 veteris
1458 4020 1653 4086 opinio-

112 4093 176 4142 nis
203 4111 364 4151 semen
400 4112 637 4166 nactum,
669 4103 954 4158 Colorbaso
985 4108 1119 4158 viam
1181 4108 1508 4173 delineasse;
1538 4127 1650 4162 eam

110 4191 412 4246 postmodum
448 4190 790 4248 Ptolemtcum
834 4199 1094 4262 intrasse;
1125 4200 1400 4252 deduxisse
1441 4202 1649 4254 demum

111 4270 460 4330 Heracleanem
494 4281 613 4333 inde
647 4285 880 4338 tramites
926 4287 1200 4355 quosdam,
1253 4299 1298 4342 et
1325 4289 1648 4352 Secundum,

107 4373 144 4412 et
186 4383 388 4436 magum
434 4371 697 4428 Marcum.
765 4376 915 4430 Viam
941 4379 1474 4436 scilicctColorbaso
1500 4382 1645 4434 aliir-

109 4464 198 4506 mat
225 4460 525 4516 delineasse
554 4463 916 4532 Valentinum,
948 4479 1004 4522 ut
1036 4472 1172 4524 scite
1220 4473 1476 4526 observat
1513 4473 1649 4527 Dod-

107 4547 268 4602 wcllus
293 4553 373 4617 ‘5;
419 4555 563 4606 viam
603 4560 845 4612 eamdem
877 4560 1106 4615 intrasse
1167 4563 1545 4631 Ptolemaeum;
1578 4582 1639 4618 cx
1677 4560 1720 4616 D

109 4641 268 4693 eadem
309 4645 396 4696 illa
453 4649 534 4698 via
571 4652 839 4704 tramitem
891 4655 1175 4710 deduxisse
1218 4655 1487 4720 Marcum;
1545 4659 1642 4712 vice

111 4731 288 4786 scilicet
317 4735 577 4805 allegoria
627 4741 822 4810 ubique
875 4746 1208 4799 continuata.
1246 4747 1341 4801 Ubi
1387 4748 1512 4801 licet
1537 4750 1639 4804 Co-

106 4819 354 4878 lorbasutn
386 4828 675 4884 Ptolcrnmo
705 4848 767 4885 ac
807 4833 1057 4890 Secundo
1088 4841 1320 4904 priorem
1354 4839 1536 4894 facere
1563 4841 1642 4894 vi-

107 4917 303 4984 deatur;
347 4924 400 4973 in
462 4937 568 4990 quo
611 4925 813 4993 lapsum
847 4943 968 4982 eum
1019 4939 1169 4996 puto,
1227 4942 1280 4983 et
1321 4934 1388 4985 ab
1437 4931 1638 4986 lrenzeo

106 4998 186 5072 [L]
231 5013 556 5076 recessisse;
587 5015 639 5066 in
674 5030 736 5069 eo
771 5027 945 5072 tamen
989 5020 1116 5073 huic
1147 5024 1462 5089 asseutitur,
1493 5027 1636 5092 quod

108 5092 313 5153 Marcum
345 5102 643 5160 Colorbaso
669 5111 1021 5174 posteriorem
1065 5114 1272 5167 innuat.
1315 5114 1423 5168 Nec
1459 5132 1637 5171 moror

105 5193 220 5253 quod
246 5194 294 5246 in
324 5195 413 5248 lib.
449 5195 526 5249 De
580 5203 893 5268 μνωδενίριη
928 5219 1045 5270 cap.
1091 5204 1177 5265 50.
1209 5206 1294 5259 ille
1329 5209 1454 5261 huic
1501 5223 1637 5275 pra:-

105 5294 326 5344 pouatur.
382 5286 514 5339 Nam
548 5287 864 5360 Catalogum
903 5293 1051 5346 lllllln
1114 5298 1510 5364 lnereticorum,
1543 5299 1634 5367 qui

109 5371 157 5420 ad
210 5375 406 5429 calcem
488 5378 610 5432 libri
680 5380 757 5433 De
798 5387 1088 5453 prtescript.
1151 5388 1364 5458 legitur,
1425 5393 1630 5458 genui—

106 5479 204 5514 num
254 5464 568 5523 Tertulliani
617 5469 781 5524 fetum
836 5492 938 5529 non
981 5492 1099 5532 esse
1126 5482 1474 5536 consentiunt
1507 5498 1632 5537 eru-

104 5558 196 5610 diti.

155 5653 230 5706 8‘5.
262 5654 441 5725 Longe
474 5657 632 5711 aliter
665 5668 824 5726 atque
855 5661 1039 5715 caeteri
1089 5659 1450 5716 Valentiniani
1513 5666 1626 5732 pri-

188 5837 224 5868 "
259 5842 388 5896 Diss.
423 5858 472 5896 tv
538 5845 589 5898 in
628 5844 841 5918 lren.,§
869 5846 952 5901 19.
1067 5848 1110 5878 ⁸⁸
1148 5847 1332 5901 Matth.
1367 5861 1493 5912 xm,
1529 5845 1580 5899 5.

1707 1876 1747 1930 Β

1796 633 1913 673 mos
1948 628 2070 674 octo
2119 619 2325 674 Eones
2360 621 2629 691 gradatim
2667 621 2897 677 alterum
2948 625 3016 678 ab
3073 625 3244 683 altero
3278 629 3358 683 sic

1795 711 2052 765 emissum
2086 711 2358 780 volebant,
2394 723 2454 767 ut
2478 715 2835 782 posteriorem
2870 718 3080 773 tetrada
3129 734 3157 773 a
3189 722 3355 790 priori

1789 802 2007 870 penitus
2033 814 2338 871 separatam
2385 807 2738 862 etiuferioris
2788 820 2996 864 natura:
3047 825 3165 866 esse
3190 815 3358 867 senti-

1790 904 1934 946 rent.
1965 892 2062 947 Hic
2089 910 2218 948 vero
2249 897 2475 966 primam
2508 899 2752 966 ogdoada
2809 915 2915 954 non
2947 902 3231 972 gradatim,
3258 919 3355 960 seu

1785 982 1905 1036 καθ’
1930 984 2214 1050 ὑπόϐασιν,
2263 988 2356 1042 sed
2404 988 2562 1043 simul
2590 999 2648 1042 et
2676 991 2727 1043 in
2775 1007 2960 1058 unum,
2985 993 3121 1064 ὁμοῦ
3156 995 3249 1048 καὶ
3275 997 3356 1060 εἰς

1785 1074 1952 1141 ἅπαξ,
2002 1078 2258 1133 emissam
2305 1095 2426 1136 esse
2449 1084 2711 1137 censebat
2749 1101 2761 1136 :
2791 1084 2927 1138 adeo
2976 1097 3033 1138 ut
3064 1101 3167 1140 non
3202 1088 3353 1143 multi

1781 1165 2009 1234 Eones,
2040 1171 2133 1224 sed
2175 1188 2312 1227 unus
2335 1185 2387 1227 et
2416 1176 2556 1229 idem
2586 1185 2748 1243 esset,
2793 1179 2881 1245 qui
2913 1193 3009 1248 pro
3034 1181 3199 1236 variis
3227 1197 3357 1252 ope-

1781 1259 2083 1315 rationibus
2105 1272 2160 1316 et
2203 1265 2621 1333 proprietatibus
2644 1268 2789 1321 varia
2818 1272 3104 1326 sortiretur
3135 1276 3352 1328 nomina

1779 1359 1833 1405 et
1877 1353 2288 1422 appellationes,
2322 1356 2497 1412 Patris
2520 1358 2791 1423 videlicet,
2824 1376 2946 1415 cum
2975 1364 3176 1434 aliquid
3205 1368 3356 1420 emit-

1780 1454 1893 1500 tere
1915 1447 2170 1516 cogitavit
2188 1449 2466 1515 Veritatis,
2480 1452 2568 1504 ubi
2583 1465 2772 1519 ea'qute
2786 1455 2956 1508 emisit
2975 1472 3097 1509 vera
3117 1457 3346 1525 (uerunt,

1777 1535 2043 1606 Hominis,
2068 1557 2182 1593 cum
2198 1541 2356 1595 voluit
2373 1546 2702 1610 semetipsum
2724 1551 3009 1612 ostendere,
3038 1558 3143 1605 etc.
3166 1548 3353 1604 Homi-

1776 1646 1900 1684 nem
1951 1634 2114 1687 etiam
2171 1645 2223 1689 et
2272 1635 2566 1692 Eeclesiam
2612 1655 2713 1694 neu
2741 1657 2769 1693 a
2812 1640 2954 1710 Lego
2981 1653 3035 1696 et
3065 1643 3194 1709 Zoe,
3229 1661 3349 1698 cum

1778 1721 1901 1774 aliis
1930 1719 2349 1788 Valentinianis,
2377 1727 2468 1780 sed
2494 1728 2673 1796 potius
2699 1728 2879 1798 Logon
2909 1741 2957 1785 et
2978 1731 3119 1786 Zoen
3154 1734 3222 1787 ab
3246 1734 3352 1788 llo-

1777 1813 1924 1867 mine
1954 1824 2006 1867 et
2035 1813 2276 1869 Ecclesia
2324 1819 2548 1885 produci
2603 1834 2725 1874 cum
2755 1820 3031 1876 veteribus
3073 1823 3348 1880 Gnosticis

1777 1904 2075 1959 asserebat.
2131 1905 2208 1960 De
2238 1908 2522 1964 Salvatore
2575 1921 2752 1966 autem
2802 1930 2908 1968 non
2943 1930 3044 1968 una
3080 1927 3220 1982 erat,
3247 1921 3342 1972 sed

1775 1995 2057 2065 multiplex
2105 1999 2247 2066 apud
2289 2000 2658 2057 Colorbasacos
2690 2007 2976 2060 sententia.
3012 2007 3238 2073 Quidam
3269 2025 3334 2064 ex

1774 2083 2004 2139 [Eonum
2038 2089 2277 2144 omnium
2303 2093 2564 2161 symbolis
2591 2094 2879 2150 con'llatum
2906 2113 3027 2153 esse
3059 2099 3340 2164 dicebant,

1773 2187 1827 2230 et
1855 2193 1915 2232 ea
1950 2182 2155 2235 ratione
2177 2182 2464 2253 εὑδοκητὸν
2495 2187 2546 2237 in
2592 2187 2882 2258 Evangelia
2913 2191 3018 2245 dici
3058 2194 3338 2262 putabant,

1773 2265 1898 2320 dum
1925 2269 2181 2324 nimirum
2209 2271 2372 2325 Pater
2405 2273 2600 2328 Filium
2635 2280 2968 2347 compellans
3014 2284 3089 2335 ait
3122 2281 3342 2351 ιΟὗτός

1772 2359 1990 2415 ἐστινό
2022 2364 2149 2429 Υἱός
2166 2382 2284 2434 μου
2317 2370 2349 2420 ό
2370 2369 2689 2436 ἀγαπητὸς,
2721 2372 2789 2424 ἐν
2812 2365 2859 2439 ᾧ
2889 2374 3208 2444 εὐδόκησα,
3239 2379 3339 2433 Hic

1773 2463 1846 2506 est
1881 2452 2053 2509 Filius
2097 2473 2242 2510 meus
2273 2458 2497 2513 dilectus
2526 2463 2582 2515 in
2631 2479 2733 2532 quo
2771 2467 2897 2518 mihi
2945 2469 3065 2521 bene
3111 2476 3340 2538 compla-

1772 2549 1854 2597 cui
1881 2545 1925 2576 ³⁸
1966 2563 1979 2598 :
2023 2551 2166 2615 quod
2217 2551 2468 2606 videlicet
2518 2555 2771 2610 universo
2807 2557 3092 2613 Plerontati
3157 2559 3337 2617 Patris

1773 2637 1996 2706 gloriam
2022 2653 2118 2707 per
2147 2657 2269 2694 eum
2303 2642 2577 2700 illustrare
2614 2647 2899 2715 placuerit.
2961 2651 3067 2704 Alii
3100 2666 3223 2706 eum
3267 2673 3336 2709 ex

1771 2731 1901 2784 solis
1934 2733 2113 2786 decem
2159 2734 2440 2803 onnibus,
2483 2754 2615 2806 quos
2643 2739 2878 2794 Verbum
2915 2753 2970 2795 et
3015 2743 3132 2798 Vita
3168 2746 3220 2798 in
3249 2746 3333 2799 lu-

1770 2837 1887 2876 cem
1921 2823 2248 2893 cxtulerunt,
2282 2829 2603 2895 productum
2631 2830 2796 2886 fuisse
2821 2834 3135 2901 tradebant;
3164 2847 3221 2890 ut
3251 2839 3333 2892 sic

1769 2915 2132 2983 explicarent,
2157 2933 2252 2970 cur
2282 2920 2546 2973 interdum
2577 2923 2628 2974 in
2679 2924 2973 2992 Evangelio
3011 2927 3244 2982 Verbum
3277 2941 3332 2985 et

1770 3007 1888 3060 Vita
1916 3018 2158 3073 vocetur,
2207 3013 2346 3079 quod
2396 3013 2605 3069 scilicet
2634 3018 2774 3071 avita
2825 3021 3039 3072 nomina
3069 3021 3325 3076 retineat.

1767 3097 1871 3151 Alii
1907 3115 2027 3152 eum
2067 3100 2266 3156 Christi
2297 3113 2348 3156 et
2393 3104 2628 3174 Spiritus
2661 3110 2856 3174 sancti,
2907 3112 2997 3178 qui
3067 3111 3326 3170 fulciendi.

1767 3187 2086 3245 Pleromatis
2111 3208 2271 3247 causa
2314 3197 2558 3264 producti
2600 3211 2745 3262 sunt,
2780 3201 3019 3255 sobolem
3048 3219 3167 3258 esse
3208 3222 3322 3259 ma-

1761 3278 1976 3348 lebant;
2029 3294 2426 3354 etmepropter
2472 3288 2745 3344 Christum
2779 3295 2951 3360 patrio
2980 3298 3196 3350 nomine
3221 3313 3322 3366 ap-

1759 3369 1967 3437 pellari.
2005 3372 2110 3426 Alii
2135 3391 2257 3429 eum
2283 3392 2350 3430 ex
2376 3377 2656 3433 duodecim
2687 3381 2791 3436 illis
2821 3381 3110 3450 Eonibus,
3136 3388 3227 3456 qui
3253 3405 3318 3443 ex

1760 3458 1989 3514 llomine
2015 3473 2068 3517 et
2096 3463 2333 3519 Ecclesia
2363 3469 2715 3534 exstiterunt,
2745 3480 2922 3526 ortum
2955 3490 3076 3530 esse
3099 3487 3323 3532 conten-

1758 3554 1954 3607 debant
1987 3572 2000 3607 :
2034 3555 2264 3625 hincque
2297 3557 2408 3611 fieri
2440 3569 2498 3613 ut
2529 3559 2757 3628 ipsemet
2778 3578 2898 3617 sese
2928 3564 3122 3619 Filium
3147 3567 3292 3621 bomi
3320 3599 3324 3604 -

1759 3646 1842 3698 nis
1868 3647 2209 3714 confiteatur,
2263 3661 2520 3721 tanquam
2567 3654 2801 3708 hominis
2838 3669 3108 3725 nepotem.
3136 3661 3319 3726 Quan-

1759 3753 1942 3806 quant,
1980 3742 2054 3793 ait
2082 3740 2453 3796 Tertullianus
2483 3759 2601 3814 cap.
2660 3747 2754 3800 ult.
2805 3755 2926 3802 adv.
2971 3748 3172 3804 Valent.
3201 3762 3321 3820 post

1757 3825 2042 3892 lrcnaauni,
2075 3842 2193 3882 sunt
2228 3835 2313 3899 qui
2340 3831 2538 3885 Filium
2570 3835 2793 3890 hominis
2825 3840 3036 3893 aliunde
3065 3859 3316 3911 concepe-

1757 3917 1864 3969 rint
1916 3921 2191 3972 dicendum
2233 3963 2246 3985 ,
2299 3923 2439 3990 quod
2502 3926 2758 3980 nimirum
2811 3944 3100 3997 supremus
3161 3931 3320 3985 Pater

1755 4018 2077 4080 quandoque
2134 4013 2365 4070 hominis
2421 4018 2683 4072 vocabulo
2733 4032 3160 4089 nuncuparetur,
3194 4040 3314 4076 cum

1756 4101 2005 4157 videlicet
2060 4107 2294 4173 seipsum
2325 4109 2634 4164 hominibus
2675 4114 3020 4168 manifestum
3060 4114 3314 4171 faciebat.

1758 4194 1959 4248 Przcter
1983 4211 2076 4249 eos
2101 4212 2334 4264 errores,
2375 4216 2508 4268 quos
2551 4201 2907 4258 Colorbasaais
2935 4207 3177 4261 tribuunt
3204 4210 3318 4264 lre-

1756 4300 1920 4349 natus,
1943 4286 2308 4342 Tertullianus
2334 4301 2386 4343 et
2416 4292 2764 4360 Epiphanius,
2796 4298 2941 4350 addit
2980 4299 3313 4368 Augustinus

1755 4377 1847 4430 lib.
1877 4378 1953 4431 De
1978 4379 2189 4445 hwres.,
2213 4385 2354 4448 quod
2387 4383 2549 4436 vitam
2581 4386 2816 4440 omnium
2847 4389 3121 4443 hominum
3147 4401 3200 4445 et
3222 4408 3316 4461 ge-

1758 4471 2086 4523 nerationem
2136 4473 2188 4524 iu
2257 4485 2463 4541 septem
2523 4476 2812 4536 sideribus.
2868 4490 3074 4548 septem
3105 4484 3313 4538 scilicet

1759 4561 2010 4630 planetis,
2050 4565 2348 4618 consistere
2376 4567 2727 4621 atllrmaverit
2772 4569 3118 4626 Colorbasus.
3161 4576 3314 4640 Quod

1753 4667 1782 4705 e
1816 4653 2211 4708 Platonicorum
2270 4657 2477 4711 lacunis
2525 4660 2794 4714 hauserat.
2824 4662 2958 4715 Nam
3008 4665 3040 4716 ii
3075 4667 3309 4719 animam

1752 4744 2039 4797 animalem
2083 4762 2146 4799 ex
2185 4748 2414 4801 circuitu
2470 4752 2770 4805 coaleslium
2804 4756 3127 4807 mundorum
3156 4757 3314 4809 nobis

1750 4838 2004 4891 advenire
2039 4838 2309 4903 dicebant,
2349 4852 2401 4893 et
2427 4845 2736 4896 eorunulem
2771 4844 3007 4896 motibus
3033 4843 3181 4896 fatali
3214 4863 3302 4899 ne-

1751 4929 2003 4982 cessitate
2034 4933 2385 4984 constrictam
2442 4934 2844 5001 obtemperare,
2886 4944 2945 4985 ut
2968 4935 3215 5001 superius
3243 4951 3311 4989 ex

1745 5019 2044 5075 Jamblicbo
2071 5025 2436 5091 probavimns.

2214 5117 2295 5170 Vl.
2328 5119 2404 5170 De
2433 5118 2613 5170 Marco
2649 5135 2821 5187 mago.

1806 5207 1896 5260 86.
1920 5207 1958 5260 E
1990 5209 2264 5264 Colorbasi
2299 5214 2480 5265 schola
2525 5214 2722 5280 prodiit
2755 5213 2986 5276 Marcus,
3030 5231 3128 5284 pro
3158 5234 3306 5272 more

1735 5311 2105 5354 veteratornm
2168 5305 2378 5355 illorum
2443 5304 2689 5372 magistri
2748 5305 2937 5357 deliria
2999 5309 3150 5361 novis
3195 5311 3306 5362 ine-

1742 5392 1864 5458 pliis
1897 5395 2285 5448 cumulaturus.
2342 5395 2381 5447 E
2431 5394 2678 5449 Basilidis
2718 5396 2961 5451 Gnostici
3010 5401 3177 5466 stirpe
3205 5404 3303 5454 tle-

1741 5488 2017 5540 scendisse
2045 5487 2232 5540 scribit
2283 5487 2644 5559 Hieronymus
2700 5491 2782 5554 "7;
2817 5492 2958 5558 quod
2995 5493 3038 5543 si
3092 5509 3299 5555 rerum,

1739 5577 1892 5627 avitae
1920 5577 2208 5644 impietatis
2240 5593 2339 5628 non
2369 5579 2604 5646 degener
2637 5580 2734 5632 fuit
2762 5582 2996 5634 soboles.
3030 5582 3301 5636 Fauiosis-

1738 5667 1904 5718 simus
1926 5666 2025 5719 fuit
2058 5668 2193 5736 apud
2227 5667 2650 5733 Valentinianus,
2685 5673 2924 5740 nullique
2969 5674 3108 5726 illius
3147 5678 3298 5730 stilio-

1696 5849 1738 5883 ⁹⁷
1775 5846 1868 5914 Ep.
1900 5847 1988 5911 55,
2023 5849 2091 5901 :il.
2126 5850 2214 5915 9.9,
2249 5861 2284 5905 t.
2324 5851 2384 5903 I\'
2442 5870 2562 5905 nm".
2597 5858 2733 5914 edit,
