4180 6332
823 401 919 460 lii

1626 395 2210 454 DISSERTATIONES
2241 392 2549 449 f’RJEV’l/E
2586 391 2650 447 ΙΝ
2688 391 2945 447 [BENE]
2980 391 3246 449 LIBROS.

3945 397 4038 453 ΗΞ

820 527 885 580 la
912 525 1130 588 ducum,
1164 535 1230 577 ne
1257 520 1477 591 quidem
1503 519 1606 590 ipsi
1659 517 1969 581 Ptolemaeo,
2003 528 2110 570 tum
2145 518 2385 586 loquaci-
2415 520 2456 574 A
2488 530 2613 568 num
2670 517 2718 569 in
2761 515 2961 569 Christi
2996 516 3339 585 sanguinem,
3397 514 3675 590 invisibili,
3711 531 3837 571 vera
3869 527 4035 572 tamen

820 627 950 683 tate,
989 625 1099 669 tum
1123 614 1516 683 discipulorum
1542 625 1770 666 numero
1787 609 2077 671 secundus,
2107 610 2213 662 imo
2234 606 2377 662 mille

819 709 1044 764 nocendi
1111 707 1317 762 artibus
1374 705 1638 773 superior.
1695 703 1761 758 Et
1823 710 2110 770 eapropter
2176 699 2377 753 utrius-

814 812 919 866 que
977 798 1224 854 haeresim
1277 794 1553 850 vafritiem
1596 808 1658 847 ac
1718 794 1922 849 scelera
1983 792 2197 860 speciali
2248 807 2376 845 cura

815 905 878 944 ac
909 889 1097 945 fusiori
1137 888 1277 960 ston
1309 888 1590 960 descripsit
1623 887 1884 941 lrenaeus.
1913 886 2014 951 Qui
2047 886 2170 937 dum
2211 883 2374 937 Marci

813 998 1032 1038 errores
1060 998 1123 1038 ac
1153 983 1282 1036 vitia
1314 983 1560 1036 confutat
1587 996 1650 1035 ac
1672 980 1868 1050 prodit,
1899 993 2197 1048 supponere
2224 977 2364 1030 vide-

814 1084 901 1128 tur
929 1073 1105 1128 adhuc
1133 1073 1184 1126 in
1210 1073 1346 1127 vivis
1404 1073 1746 1142 superstitem
1813 1084 2056 1125 manere.
2093 1068 2376 1124 Scribebat

811 1181 976 1237 porro
1030 1165 1088 1221 S.
1125 1166 1310 1220 doetor
1361 1164 1460 1219 sub
1507 1164 1801 1219 Eleutherii
1841 1162 2180 1232 pontificatu.
2217 1161 2374 1215 annis

810 1260 932 1330 plus
985 1259 1165 1312 minus
1217 1266 1338 1325 post
1366 1256 1639 1311 Christum
1695 1267 1882 1308 natum
1934 1254 2055 1308 180.
2088 1253 2219 1307 Cum
2248 1268 2374 1307 vero

805 1353 916 1420 jam
968 1353 1124 1422 longe
1160 1353 1374 1421 lateque
1437 1358 1734 1420 propagata
1790 1362 1933 1404 esset
1988 1346 2372 1400 Marcosiorum

809 1457 982 1512 secta,
1015 1447 1067 1501 in
1107 1447 1393 1516 ipsumque
1453 1444 1620 1500 etiam
1669 1441 2018 1498 Occidentem
2061 1442 2372 1504 invasisset,

811 1557 910 1596 nec
939 1541 989 1595 id
1019 1541 1120 1594 nisi
1154 1539 1388 1608 plurium
1425 1551 1692 1590 annorum
1726 1535 1901 1604 spatio
1927 1535 2037 1588 fieri
2072 1534 2370 1602 potuisset,

808 1649 914 1688 non
952 1631 1089 1687 male
1120 1630 1415 1699 coniecerit
1442 1627 1688 1699 quisquis
1727 1625 1881 1693 huius
1905 1625 2054 1679 initia
2083 1625 2147 1678 ad
2171 1639 2370 1677 annum

809 1726 1029 1780 circiter
1057 1723 1180 1787 160,
1215 1721 1324 1777 imo
1354 1719 1512 1789 paulo
1539 1718 1702 1772 citius
1729 1719 1795 1772 ad
1832 1730 2069 1771 extrema
2104 1714 2370 1770 Valentini

807 1818 931 1871 vitae
986 1825 1225 1883 tempora
1271 1812 1538 1867 retulerit.
1582 1810 1904 1878 Magicarum
1961 1809 2364 1878 praestigiarum

805 1907 1169 1978 peritissimus
1195 1919 1316 1958 cum
1341 1913 1498 1958 esset-
1517 1901 1751 1966 Marcus,
1785 1916 1880 1969 pro
1906 1916 2053 1955 more
2085 1898 2366 1955 GnOSliCO-

806 2013 926 2051 rmn
960 1996 1220 2057 omnium,
1281 1993 1371 2061 qui
1408 2001 1602 2047 tetrum
1657 1990 1783 2044 illud
1839 1990 2083 2044 scientia:
2140 2003 2365 2055 genusa

805 2086 1099 2140 Platonicis
1146 2085 1422 2150 magistris
1477 2083 1589 2137 suis
1640 2091 1987 2149 acceperant,
2032 2065 2225 2150 quibus
2269 2082 2368 2155 sub

804 2175 1052 2244 specioso
1131 2172 1397 2242 theurgias
1449 2173 1665 2225 nomine
1701 2172 1936 2225 maxime
1996 2170 2259 2224 familiare
2304 2186 2366 2224 ac

805 2283 1018 2323 summo
1051 2268 1101 2321 in
1140 2267 1346 2321 honore
1376 2265 1500 2329 fuit,
1534 2277 1592 2318 ut
1617 2264 1759 2333 apud
1809 2264 2190 2335 Porphyrium,
2221 2263 2364 2318 Jam-

803 2359 1043 2413 blichum
1070 2366 1148 2410 .et
1197 2356 1330 2411 alios
1363 2356 1550 2410 videre
1580 2364 1691 2418 est;
1746 2355 1940 2408 mirum
1987 2365 2110 2422 quot
2142 2357 2288 2408 viros
2315 2366 2368 2410 et

805 2448 1061 2502 mulieres
1090 2449 1142 2500 in
1176 2446 1424 2499 fraudem
1458 2445 1755 2508 induxerit,
1790 2454 1843 2498 et
1902 2445 1965 2497 ad
1996 2461 2055 2499 se
2091 2456 2365 2498 converte-

806 2541 896 2606 rit,
918 2540 1064 2594 velut
1091 2541 1156 2593 ad
1183 2537 1454 2592 hominem
1486 2536 1742 2604 singulari
1779 2535 2009 2604 quadam
2052 2537 2275 2590 scicntia
2301 2552 2366 2592 ac

804 2639 1073 2701 potestate
1104 2629 1405 2698 praeditum.
1436 2625 1629 2679 Parum
1667 2636 1810 2681 esset
1842 2626 1884 2679 si
1911 2625 2193 2679 mulierum
2220 2640 2368 2678 meu-

806 2728 949 2781 tibus
976 2726 1262 2786 duntaxat,
1300 2736 1404 2775 non
1435 2721 1599 2773 etiam
1627 2720 1947 2788 corporibus
1982 2719 2203 2773 insidias
2228 2730 2368 2772 stru-

806 2818 973 2872 xisset
998 2815 1083 2870 ille
1113 2813 1373 2884 perditus.
1430 2811 1737 2866 Daemonem
1773 2811 2061 2878 quemdam
2113 2809 2367 2863 habuisse

805 2909 1096 2980 paredrum
1129 2922 1222 2960 seu
1251 2919 1585 2959 assessorem
1623 2902 1931 2971 suspicatur
1977 2904 2235 2965 Irenaaus,
2273 2919 2366 2956 cu-

800 3004 889 3072 jus
917 3015 1081 3070 opera
1111 3009 1220 3051 tuin
1256 2998 1372 3066 ipse
1398 2995 1653 3049 vaticinia
1681 2993 1925 3062 quasdam
1964 2995 2124 3048 edere
2156 2995 2363 3049 videre-

804 3107 920 3160 tur,
957 3106 1067 3148 tum
1102 3094 1262 3148 etiam
1313 3089 1572 3154 elliceret,
1606 3099 1660 3141 ut
1688 3089 1884 3141 misere
1917 3088 2150 3142 seducta:
2179 3090 2366 3142 mulie-

805 3185 896 3241 res
924 3186 1367 3239 vaticinarentur.
1398 3181 1752 3235 Potissimum
1768 3181 1910 3233 enim
1941 3180 2083 3233 circa
2117 3180 2367 3235 mulieres

803 3279 1039 3334 studium
1071 3286 1124 3331 et
1145 3290 1364 3343 operam
1389 3274 1753 3341 impendebat,
1784 3289 1875 3327 eas
1912 3276 2209 3341 praesertim
2245 3287 2366 3340 quise

801 3366 1299 3440 eleganter-cultas,
1359 3366 1552 3435 Opibus
1587 3364 1956 3419 abundabant.
1998 3362 2242 3417 Nefarias
2272 3365 2367 3416 ho-

803 3463 968 3516 minis
1019 3468 1187 3522 artes,
1243 3456 1566 3526 prmstigias,
1625 3456 2030 3523 horrendasque
2078 3455 2364 3508 verborum

800 3552 1080 3615 formulas,
1117 3549 1313 3618 quibus
1347 3548 1822 3624 simplicioresad
1884 3545 2170 3609 insaniam,
2225 3561 2367 3598 eam-

799 3646 1034 3712 demque
1061 3656 1245 3696 secum
1273 3640 1665 3708 blaspbemiam
1706 3639 1978 3705 adigebat,
2007 3636 2120 3690 fuse
2159 3638 2364 3700 descri-

798 3737 879 3793 bit
910 3737 1143 3790 lrenaius
1166 3749 1285 3803 cap.
1323 3733 1388 3786 12
1421 3742 1475 3786 et
1496 3747 1649 3800 seqq.
1685 3732 1790 3786 Sed
1819 3732 1946 3783 illud
1981 3745 2084 3783 non
2111 3731 2365 3784 omitten-

799 3830 924 3882 dum
991 3827 1215 3880 sceleris
1280 3838 1465 3893 genus,
1511 3824 1652 3891 quod
1717 3823 1912 3916 nedqm
1973 3823 2359 3885 sacerdotium,

802 3920 946 3974 nulla
1001 3925 1221 3985 accepta
1277 3917 1575 3969 secundum
1617 3914 1872 3967 Ecclesiae
1927 3914 2073 3984 leges
2104 3928 2362 3966 manuum

800 4009 1170 4079 impositione,
1218 4007 1315 4061 sibi
1364 4016 1666 4074 arrogaret,
1731 4008 1823 4061 sed
1857 4016 1910 4060 et
1942 4007 2263 4061 mulieribus
2302 4008 2360 4060 .in

797 4101 1102 4170 prostitutae
1154 4099 1424 4168 pudicitia:
1479 4100 1709 4166 pretium
1764 4115 1858 4166 per
1896 4115 2162 4154 sunnnum
2207 4100 2360 4154 nefas

797 4189 1186 4244 committeret.
1215 4189 1416 4259 Nempe
1445 4205 1566 4243 cum
1618 4191 1791 4258 probe
1820 4192 2023 4250 conscii
2047 4202 2230 4244 essent
2259 4192 2359 4260 ipsi

796 4283 961 4336 etiam
1013 4282 1365 4351 perditissimi
1398 4283 1601 4351 quique
1626 4299 1811 4338 eorum
1842 4294 2143 4352 temporum
2191 4283 2360 4337 luere-

799 4375 912 4438 tiei,
955 4374 1154 4428 nullam
1189 4375 1303 4428 sine
1332 4389 1458 4426 vero
1486 4373 1754 4427 sacrificio
1784 4376 2148 4429 Christianam
2188 4377 2360 4430 socie-

797 4478 963 4521 tatem
1003 4481 1121 4520 esse
1157 4481 1335 4536 posse,
1366 4465 1415 4518 id
1441 4474 1713 4535 utcunque
1765 4467 2089 4520 adumbrare
2112 4468 2357 4522 studebat

797 4558 1027 4614 Marcus.
1064 4559 1195 4612 Nam
1217 4559 1404 4627 pocula
1436 4559 1562 4612 vino
1593 4558 1736 4626 (albo
1772 4559 1956 4626 procul
1987 4560 2167 4626 dubio)
2197 4561 2350 4613 mista
2386 4539 2428 4593 Β

796 4668 1117 4707 consecrare
1145 4668 1203 4706 se
1235 4651 1469 4722 fingens,
1507 4650 1732 4720 prolatis
1777 4639 2111 4707 solemnibus
2142 4654 2354 4706 invoca-

799 4745 960 4799 tionis
991 4746 1187 4811 verbis,
1220 4745 1486 4800 efficiebat
1545 4757 1604 4800 ut
1646 4746 1940 4807 rubicunda
1988 4755 2042 4798 et
2087 4761 2351 4812 purpurea

794 4845 1121 4906 apparerent
1160 4856 1171 4889 :
1207 4846 1264 4890 ut
1312 4840 1386 4891 sic
1438 4838 1843 4891 existimaretur
1886 4852 2116 4906 superna
2168 4837 2352 4891 Gratia

792 4930 1112 4998 sanguinem
1146 4943 1298 4982 suum
1333 4945 1427 4994 per
1470 4930 1640 4998 ipsius
1673 4929 2068 4983 invocationem
2113 4928 2164 4982 in
2193 4945 2354 4997 pocu-

793 5021 902 5074 lum
949 5020 1076 5073 illud
1120 5019 1321 5073 stillare
1399 5021 1552 5087 Quod
1588 5031 1641 5073 et
1697 5038 1725 5074 a
1762 5021 2081 5074 mulieribus
2111 5020 2350 5076 factitari

794 5111 1133 5180 postmodum
1164 5111 1404 5180 jnbebat.
1432 5113 1529 5167 Ubi
1566 5112 1720 5166 facile
1763 5113 2058 5165 adverterit
2105 5114 2350 5182 quisquis

796 5202 1060 5270 tantisper
1093 5204 1399 5272 anticipatis
1448 5203 1886 5256 Calvinianorum
1918 5216 1970 5258 et
2013 5204 2351 5259 Lutherano-

795 5311 912 5347 rum
940 5294 1285 5362 Opinionibus
1317 5295 1551 5347 animum
1579 5310 1778 5349 exuere
1809 5295 2063 5358 voluerit,
2095 5305 2199 5348 tam
2246 5297 2352 5352 alte

799 5397 924 5438 tunc
989 5386 1244 5452 temporis
1302 5401 1488 5439 eorum
1545 5387 1634 5454 qui
1697 5387 2070 5439 Christianum
2133 5403 2352 5453 nomen,

792 5478 955 5529 etiam
981 5478 1162 5546 specie
1193 5487 1367 5541 tenus,
1397 5478 1810 5544 profitebantur,
1831 5480 2024 5533 animis
2047 5479 2170 5533 illud
2203 5483 2348 5536 inse-

795 5572 956 5632 disse,
1017 5586 1170 5623 sacra
1216 5571 1352 5624 dona
1405 5575 1819 5627 consecratione
1871 5573 2012 5626 facta
2059 5574 2108 5626 in
2164 5590 2348 5626 verum

791 5662 994 5728 Christi
1028 5680 1224 5732 corpus
1254 5674 1307 5717 et
1357 5668 1672 5735 sanguinem
1721 5671 1983 5732 converti,
2017 5682 2079 5721 eo
2127 5682 2348 5721 conver-

791 5757 965 5812 sionis
992 5773 1206 5825 genere,
1237 5775 1353 5828 qua
1377 5776 1517 5813 nunc
1551 5764 2070 5818 transsubstantatio
2125 5763 2346 5826 dicitur,

791 5860 850 5902 ut
877 5850 911 5903 ii
930 5852 1018 5920 qui
1047 5850 1279 5920 legitima
1296 5854 1610 5908 auctoritate
1635 5868 1698 5908 ac
1714 5862 1979 5926 potestate
2002 5855 2240 5907 destituit
2265 5869 2344 5904 vi-

2483 607 2690 661 ratione
2739 619 3059 661 convertere
3116 620 3173 659 se
3210 621 3315 658 non
3369 621 3524 674 posse
3580 608 3744 676 probe
3773 609 4037 674 sciebant,

2479 701 2767 770 priestigiis
2795 709 3096 762 uterentur,
3136 708 3189 751 ut
3223 699 3271 752 id
3300 700 3510 768 operari
3543 715 3600 752 se
3632 702 4036 769 persuaderent.

2476 795 2608 863 Age,
2652 807 2856 862 quaeso,
2891 791 2971 846 fac
2997 791 3233 844 Marcum
3269 801 3321 845 et
3347 791 3459 858 ejus
3485 793 3716 846 asseclas
3755 793 3804 846 in
3837 794 4040 848 Eucha.

2479 887 2628 939 ristia
2669 886 2801 939 nihil
2853 885 2997 938 aliud
3033 884 3318 952 agnovisse
3375 900 3532 950 quam
3589 901 3792 938 meram
3837 887 4036 941 Christi

2477 979 2719 1044 corporis
2735 984 2785 1028 et
2806 975 3083 1042 sanguinis
3107 973 3351 1042 figuram,
3383 976 3570 1028 eadem
3606 990 3819 1039 semper
3856 991 4037 1044 perse-

2477 1078 2700 1121 verante
2716 1069 3010 1121 substantia
3037 1065 3146 1138 [LI]
3181 1065 3336 1134 panis
3352 1075 3404 1119 et
3422 1066 3528 1119 vini
3550 1078 3665 1135 post
3683 1071 4040 1124 consecratio-

2474 1174 2629 1223 nem;
2693 1159 2883 1227 utquid
2921 1169 3028 1211 tam
3061 1172 3286 1226 operose
3309 1158 3609 1212 studuisset
3640 1160 3821 1212 vinum
3862 1159 4039 1215 album

2477 1252 2530 1305 in
2560 1252 2779 1306 rubrum
2813 1251 3054 1306 colorem
3091 1260 3456 1315 commutare,
3489 1252 3916 1321 sanguinemque
3947 1255 4039 1307 de-

2475 1357 2638 1410 super
2669 1341 2962 1396 stillantem
3015 1342 3274 1397 cxliibere
3303 1351 3354 1395 et
3385 1343 3704 1409 praedicare,
3740 1344 3842 1396 nisi
3878 1343 4037 1396 Chri-

2474 1435 2770 1488 stianorum
2811 1434 3051 1486 omnium
3077 1448 3137 1487 ea
3167 1444 3292 1487 tunc
3320 1433 3508 1488 fuisset
3538 1436 3823 1499 sententia,
3853 1435 4037 1488 vinum

2474 1525 2891 1580 consecratione
2925 1523 3063 1577 facta
3098 1539 3202 1577 non
3228 1539 3468 1590 manere,
3495 1527 3585 1580 sed
3622 1527 3671 1579 in
3705 1542 3892 1580 verum
3915 1543 4039 1579 san-

2474 1620 2688 1687 guinem
2739 1617 3016 1671 converti?
3045 1617 3279 1671 Facinus
3306 1618 3568 1673 hactenus
3613 1620 3664 1672 in
3691 1619 3922 1672 coetibus
3949 1634 4039 1673 ec-

2474 1711 2797 1765 clesiasticis
2850 1712 3152 1764 inauditum
3195 1712 3610 1766 exhorruissent
3675 1711 3907 1780 quique,
3941 1727 4040 1766 nec

2474 1802 2662 1856 fuisset
2694 1803 2784 1872 qui
2847 1819 2909 1857 co
2963 1803 3193 1870 liquore,
3252 1804 3340 1870 qui
3376 1803 3692 1871 sanguinem
3742 1801 4036 1865 retulisset,

2469 1909 2732 1964 quemque
2759 1911 2942 1948 verum
2975 1910 3092 1948 esse
3121 1894 3433 1962 sanguinem
3457 1894 3715 1963 jactasset
3743 1894 4034 1962 impostor,

2470 1991 2604 2044 labia
2629 2000 2910 2042 cruentare
2941 2005 3045 2040 non
3076 1987 3399 2056 refugisset;
3435 2003 3556 2040 cum
3610 1996 3787 2040 tamen
3831 2001 3894 2041 ex
3931 1990 4044 2042 Ire-

2470 2097 2583 2138 naeo
2610 2092 2840 2147 constet,
2891 2082 3093 2135 nullum
3146 2082 3332 2145 fuisse,
3361 2083 3449 2149 qui
3477 2097 3542 2135 ex
3573 2096 3635 2135 eo
3681 2088 3901 2150 gustare
3931 2095 4039 2136 non

2468 2176 2707 2247 gestiret.
2736 2174 2887 2228 Adeo
2940 2175 3104 2227 inﬁxa
3153 2185 3273 2227 erat
3316 2174 3555 2226 onmimn
3602 2173 4038 2227 Christianorum

2469 2270 2664 2323 animis
2696 2284 2756 2322 ea
2805 2268 3092 2332 sententia,
3153 2265 3549 2321 Eucharistiam
3584 2281 3766 2319 verum
3828 2266 4037 2321 Christi

2469 2375 2663 2428 corpus
2691 2367 2747 2412 et
2767 2359 3081 2426 sanguinem
3106 2370 3240 2410 esse.
3267 2356 3384 2408 Alio
3414 2356 3804 2424 prmstigiarum
3837 2369 4039 2421 genere

2470 2454 2648 2507 fucum
2683 2451 2797 2505 suis
2822 2449 3062 2503 faciebat
3095 2463 3300 2516 magus.
3331 2446 3460 2501 Nam
3493 2457 3615 2517 post
3657 2447 3980 2516 sacrilegam
4007 2461 4038 2498 a

2469 2544 2787 2598 mulieribus
2822 2552 3139 2596 attentatam
3182 2539 3674 2601 consecrationem,
3726 2538 3839 2606 ipse
3884 2537 4038 2590 aliud

2470 2636 2717 2706 poculum
2759 2635 2916 2704 longe
2946 2639 3116 2703 majus
3153 2648 3237 2695 eo,
3275 2630 3419 2699 quod
3463 2646 3489 2682 a
3523 2629 3837 2683 muliercula
3869 2630 4040 2682 sedu-

2469 2740 2553 2783 cta
2587 2740 2961 2782 consecratum
2987 2727 3183 2788 fuerat,
3211 2725 3510 2793 proferens,
3540 2732 3704 2791 atque
3735 2737 3797 2775 ex
3828 2722 4041 2774 minore

2468 2820 2628 2884 illo,a
2660 2820 2887 2873 muliere
2924 2828 3268 2881 consecrato,
3320 2817 3370 2869 in
3408 2816 3459 2869 i‘d
3489 2816 3630 2884 quod
3663 2831 3688 2866 a
3717 2829 3774 2868 se
3812 2813 4042 2866 allatura

2467 2922 2586 2967 erat
2641 2913 3046 2970 transfundens.
3079 2911 3376 2980 praamissis
3416 2910 3659 2962 ridiculis
3709 2909 4042 2977 quibusdam

2472 3005 2673 3067 verbis,
2730 3005 3019 3067 elliciebat,
3073 3011 3127 3055 ut
3180 3018 3430 3071 magnum
3467 3001 3719 3069 poculum
3776 3015 3842 3054 ex
3868 3013 4046 3069 parvo

2469 3112 2639 3165 usque
2666 3096 2799 3150 adeo
2829 3096 3162 3164 impleretur,
3205 3103 3261 3146 ut
3292 3094 3455 3146 etiam
3491 3091 3868 3161 superﬂueret.

2541 3189 2626 3241 87.
2675 3188 2769 3241 llis
2804 3204 2865 3241 ac
2900 3187 3171 3242 similibus
3203 3187 3339 3240 dolis
3377 3186 3584 3241 Marcus
3618 3186 3839 3255 ejusque
3866 3185 4046 3240 disci-

2468 3280 2610 3348 puli,
2670 3280 2858 3333 iisdem
2910 3279 3257 3334 veteratoriis
3307 3280 3513 3332 artibus
3568 3278 3794 3342 eruditi,
3843 3275 4047 3330 orbem

2473 3373 2910 3434 circumeuntes,
2960 3371 3100 3426 foeda
3140 3372 3388 3424 vitiorum
3425 3380 3479 3424 et
3517 3384 3764 3422 errorum
3801 3368 4048 3423 colluvie

2471 3464 2609 3516 hunc
2644 3463 2970 3518 infecerunt.
3003 3465 3083 3517 Ab
3116 3463 3239 3516 Asia
3270 3463 3467 3516 malum
3504 3463 3737 3529 ctrpisse
3766 3461 3995 3513 videtur
4028 3479 4043 3516 :

2470 3555 2735 3609 diaconus
2767 3555 2911 3607 enim
2947 3554 3066 3620 illc,
3099 3557 3255 3625 cujus
3287 3568 3543 3618 uxorem,
3575 3552 3898 3619 hospitalem
3940 3553 4049 3605 ho-

2467 3651 2627 3704 minis
2663 3651 3076 3704 bcneficentiam
3108 3641 3551 3703 remuneraturus
3577 3645 3785 3698 Marcus
3815 3654 4050 3698 constu-

2467 3741 2676 3809 pravit,
2713 3741 2947 3794 Asianus
2978 3749 3115 3794 erat.
3157 3737 3289 3791 inde
3327 3737 3381 3790 in
3413 3734 3666 3790 occiduas
3707 3740 3888 3800 partes
3929 3731 4048 3786 dif-

2465 3833 2677 3896 fusum,
2745 3831 3134 3886 Rbodanenses
3199 3829 3444 3898 regiones
3513 3834 3702 3881 snnut.
3762 3825 3805 3878 Α
3863 3821 4048 3877 Marci

2465 3926 2774 3993 discipulis,
2813 3925 2989 3994 potius
3022 3939 3180 3990 quam
3218 3922 3283 3973 ab
3325 3920 3441 3988 ipso
3474 3917 3733 3985 magistro
3770 3915 3872 3968 huc
3911 3916 4046 3969 illa-

2473 4028 2583 4071 tum
2612 4018 2773 4071 fuisse
2793 4058 2806 4081 ,
2836 3997 2898 4069 es
2924 4017 3112 4069 lrenaei
3139 4013 3320 4068 verbis
3337 4012 3583 4066 concludi
3615 4025 3770 4078 posse
3791 4009 4044 4064 videtur.

2464 4110 2654 4164 Mirum
2728 4111 2892 4178 igitur
2953 4110 3369 4177 Hieronymum,
3434 4113 3542 4157 tum
3618 4103 3672 4156 in
3729 4117 3849 4170 cap.
3903 4119 4046 4156 LXIV

2462 4201 2643 4267 Isaias,
2701 4210 2812 4254 tum
2866 4199 3090 4268 epistola
3134 4198 3245 4268 jam
3294 4199 3458 4251 citata
3505 4194 3840 4249 confidenter
3887 4196 4046 4251 seri-

2462 4296 2666 4362 psisse,
2711 4294 2864 4360 quasi
2899 4307 2962 4346 ex
3001 4292 3204 4346 lrenteo
3240 4306 3252 4342 :
3287 4286 3424 4357 quod
3462 4286 3673 4339 Marcus
3705 4286 3927 4349 quidam
3976 4288 4049 4342 dc

2460 4384 2713 4438 Basilidis
2737 4382 2970 4437 Gnastici
2991 4384 3150 4449 stirpe
3183 4379 3527 4441 descendens,
3552 4394 3776 4445 prtmum
3805 4379 3872 4429 ad
3899 4378 4050 4432 Gal-

2461 4478 2560 4531 (ias
2612 4477 2801 4530 venerit
2845 4489 2863 4527 :
2913 4487 2959 4528 et
3007 4491 3093 4527 eas
3141 4483 3314 4534 partes
3353 4487 3444 4539 per
3487 4486 3617 4539 quas
3663 4466 3958 4523 Rhodanus
3994 4480 4050 4524 et

2461 4568 2726 4622 Garumna
2769 4571 2964 4635 ﬂuunt,
3006 4583 3101 4620 sua
3133 4566 3373 4620 doctrina
3423 4563 3757 4617 maculaverit
3792 4579 3810 4615 :
3853 4566 4050 4617 maxi—

2459 4680 2636 4731 meque
2672 4663 2868 4714 nobiles
2895 4660 3148 4728 feminas,
3179 4659 3420 4727 quaedam
3454 4659 3507 4709 in
3537 4658 3738 4709 occulto
3771 4658 4049 4724 mysteria

2464 4753 2860 4820 repromittens,
2899 4751 2996 4803 hoc
3028 4766 3204 4803 errore
3235 4750 3532 4811 seduxerit,
3574 4747 3784 4815 magicis
3818 4748 4047 4802 artibus

2459 4857 2504 4898 et
2529 4853 2732 4897 secreta
2756 4859 3033 4912 corporum
3056 4843 3318 4910 voluptate
3342 4857 3572 4894 amorem
3598 4845 3678 4893 sui
3709 4840 4042 4897 concilians.

2465 4935 2597 4989 Inde
2644 4933 2953 5002 Pyrcnmum
2999 4934 3255 4984 transiens
3296 4930 3583 4999 Hispanias
3631 4931 3940 4997 occuparit,
3985 4941 4045 5009 .et

2458 5030 2555 5080 ltoc
2591 5027 2764 5079 studio
2807 5025 3077 5089 habuerit,
3113 5035 3165 5076 ut
3209 5026 3418 5078 divitum
3458 5025 3671 5085 domus,
3707 5031 3756 5076 et
3795 5022 3851 5075 in
3891 5024 4048 5091 ipsis

2457 5122 2680 5187 feminas
2715 5120 2944 5169 maxime
2975 5131 3260 5186 appeteret,
3291 5134 3407 5188 qua:
3438 5119 3704 5170 ducuntur
3734 5115 3898 5168 rariis
3942 5119 4051 5170 de-

2454 5211 2692 5273 sideriis,
2728 5225 2924 5277 semper
2955 5209 3238 5273 discentes,
3273 5219 3318 5262 et
3349 5222 3612 5277 nunquam
3646 5207 3711 5257 ud
3748 5207 4049 5262 scientiam

2456 5301 2691 5353 veritatis
2737 5299 3109 5369 pervenientes.
3157 5297 3271 5352 Hoc
3323 5297 3411 5350 ille
3459 5294 3751 5367 (lrenwus)
3803 5299 4048 5366 scripsit

2454 5405 2572 5445 ante
2603 5409 2767 5445 annos
2792 5393 2996 5444 circiter
3029 5402 3313 5455 trecentos;
3341 5401 3386 5444 et
3418 5392 3617 5458 scripsit
3646 5391 3696 5442 in
3728 5390 3809 5442 Itis
3835 5392 4051 5459 libris,

2452 5501 2581 5553 quos
2614 5486 2864 5538 adversus
2895 5501 3068 5538 omnes
3106 5485 3326 5539 Itwreses
3357 5484 3655 5537 doctissimo
3691 5491 3735 5533 et
3764 5483 4048 5549 eloquen-

2452 5579 2653 5630 tissimo
2698 5594 2932 5631 sermone
2974 5581 3284 5647 composuit.
3328 5577 3614 5644 Quamvis,
3665 5584 3721 5629 ut
3759 5575 3874 5628 dixi
3910 5616 3926 5641 ,
3989 5580 4051 5634 id

2453 5669 2691 5721 lrenatus
2732 5668 2896 5722 Marci
2933 5669 3210 5738 discipulis
3243 5671 3508 5733 ascribat,
3545 5670 3681 5732 quod
3716 5669 3768 5718 in
3805 5664 4051 5726 Gallias

2452 5761 2713 5823 uenerint,
2761 5771 2806 5812 et
2850 5778 2934 5814 eas
2977 5772 3150 5829 partes
3192 5778 3283 5828 per
3321 5777 3449 5830 quas
3494 5759 3778 5812 Rhodanus
3814 5768 3866 5812 et
3923 5761 4053 5818 Ca-

2451 5870 2635 5906 rttmna
2670 5855 2868 5921 ﬂuunt,
2902 5870 2997 5907 sua
3027 5854 3264 5908 doctrina
3295 5853 3699 5915 maculaverit“;
3729 5851 3910 5907 nolim
3951 5864 4052 5911 u-

2394 3205 2434 3262 C
