4180 6332
157 344 237 397 ll5
847 332 1302 394 DISSEHTATIO
1338 333 1376 391 l.
1420 331 1577 386 ΛΒΤ.
1623 330 1683 397 ll,
1723 332 1806 385 DE
1847 327 2638 402 VALENTINLDISCIPULIS.

3253 326 3354 379 414

157 481 254 518 men
282 477 393 518 cum
427 463 784 532 Hieronymo,
821 462 910 528 qui
947 458 1074 512 illud
1113 459 1209 525 ipsi
1251 455 1430 511 Marco
1466 454 1683 517 tribuit,
1716 465 1760 518 Α
1789 451 2196 507 conferentibus
2226 462 2280 506 et
2311 460 2541 521 quatuor
2581 451 2686 503 illis
2727 451 2996 518 snpremis
3028 447 3350 515 Virtutibus,

156 568 377 624 proterve
407 556 766 618 contendere,
810 564 958 607 ratus
1003 552 1256 606 videlicet
1295 549 1522 604 alterum
1563 562 1683 599 cum

158 649 302 701 altero
325 647 474 702 facile
498 648 776 702 cenciliari
810 630 991 715 posse.
1022 647 1091 698 At
1117 645 1254 712 quod
1287 641 1496 695 Marcus
1523 640 1686 710 Pyre-

159 757 303 796 u:eum
335 745 602 795 transiens
636 739 921 807 Hispanias
952 737 1260 805 occuparit,
1299 742 1502 786 tantum
1535 734 1689 786 abest

157 834 388 900 scripsisse
419 833 682 886 Irenwum
717 834 766 885 in
804 831 884 884 his
909 829 1057 883 libris
1087 845 1213 897 quos
1237 828 1485 880 adversus
1513 841 1686 878 omnes

155 923 345 978 hmreses
374 925 694 990 composuit,
721 933 782 976 ut
815 936 884 975 ne
912 922 1127 990 quidem
1155 920 1397 987 cogitare
1429 915 1682 985 potuerit.

156 1017 314 1070 Fuisse
337 1016 546 1082 quidem
577 1014 815 1068 Marcum
844 1013 1158 1079 quemdam,
1195 1010 1284 1079 qui
1307 1007 1686 1063 Gnosticorum

155 1122 340 1160 errores
384 1109 433 1158 in
483 1106 760 1172 Hispaniis
804 1103 1276 1166 dissetninaverit,
1321 1101 1519 1155 diserte
1554 1099 1687 1152 seri-

155 1198 264 1251 bunt
295 1198 546 1264 Sulpitius
581 1195 814 1250 Severus
848 1195 938 1248 lib.
987 1210 1024 1248 tt
1061 1193 1202 1246 Hist.
1226 1208 1391 1252 επεν..
1423 1206 1470 1246 c.
1505 1190 1603 1255 60,
1635 1199 1688 1242 et

155 1286 362 1343 lsidorus
389 1289 727 1359 Hispalensis
760 1287 851 1341 lib.
885 1287 961 1340 De
995 1289 1175 1354 script.
1209 1286 1391 1339 eccles.
1429 1284 1535 1338 Sed
1565 1298 1687 1336 eum

151 1395 176 1434 ε
197 1381 401 1450 Memphi
429 1385 480 1438 in
513 1383 746 1453 .‘Egypto
773 1381 1056 1436 oriundum
1081 1419 1094 1443 ,
1129 1389 1274 1432 secta
1299 1377 1686 1439 Manicheum,

154 1489 205 1527 ac
235 1476 428 1529 szeculis
461 1476 672 1529 duobus
700 1475 880 1528 Marco
905 1472 1056 1538 Mago
1090 1471 1447 1524 recentiorem
1483 1466 1683 1530 fuisse,

152 1582 202 1619 cx
241 1569 412 1623 iisdem
462 1579 628 1638 patet.
666 1568 881 1623 Addunt
922 1569 1100 1629 enim,
1148 1564 1386 1618 Marcum
1429 1561 1692 1628 Memphi-

154 1669 340 1722 taninn,
385 1675 509 1714 cum
562 1661 615 1713 in
672 1659 959 1728 Hispanias
1007 1657 1348 1720 advenisset,
1394 1652 1692 1720 discipulos

152 1750 377 1806 habuisse
413 1753 697 1807 mulierem
741 1751 1062 1820 quamdam,
1097 1751 1311 1821 Agapen
1349 1748 1597 1811 nomine,
1641 1754 1694 1800 et

154 1841 386 1909 Elpidium
409 1844 728 1906 Rhetorem,
755 1859 784 1898 a
812 1842 1006 1912 quibus
1030 1842 1309 1895 institutus
1341 1839 1441 1892 fuit
1477 1837 1693 1891 Priscil-
1725 1831 1765 1884 Β

150 1932 318 2000 lianus,
376 1935 467 2004 qui
515 1951 543 1988 a
586 1935 819 1990 concilio
858 1934 1342 2001 Caesaraugustam
1391 1944 1534 1982 anno
1588 1928 1692 1983 580

150 2039 249 2077 cum
282 2027 483 2096 Elpidio
533 2029 791 2097 magistro
831 2028 1116 2081 damnatus
1156 2026 1274 2090 fuit,
1309 2035 1362 2079 et
1407 2040 1550 2079 anno
1586 2022 1691 2078 585

149 2116 362 2172 Treviris
406 2119 564 2188 jussu
618 2120 834 2173 Maximi
903 2119 1118 2190 tyranni
1167 2119 1343 2185 capite
1390 2126 1688 2170 truncatus.

148 2207 228 2262 Vel
257 2225 377 2279 ergo
426 2213 683 2266 memoria
721 2212 902 2279 lapsus
949 2211 1326 2282 Hieronymus,
1367 2209 1449 2261 vel
1493 2210 1686 2263 homo-

147 2304 300 2373 nymia
339 2305 599 2374 deceptus
637 2301 875 2358 Marcum
909 2302 1334 2374 Memphitanum
1378 2317 1502 2357 cum
1539 2300 1691 2370 Mago

147 2397 379 2453 confudit.

201 2487 277 2545 88.
328 2489 573 2560 Longum
627 2500 792 2554 esset,
848 2489 956 2544 imo
998 2503 1457 2558 supervacaneum
1510 2490 1693 2558 singu-

144 2579 212 2635 las
254 2584 668 2652 prmstigiatoris
717 2584 876 2651 hujus
919 2582 1149 2651 ineptias
1191 2595 1493 2636 recensere.
1544 2580 1691 2635 Nihil

145 2673 336 2743 quippe,
377 2684 473 2727 aut
504 2690 694 2743 parum
734 2689 762 2726 a
795 2674 1002 2728 czeteris
1039 2672 1428 2728 Valentinianis
1461 2671 1692 2728 disside-

145 2764 239 2830 bat,
273 2769 371 2820 nisi
412 2769 560 2835 quod
605 2777 661 2820 ut
701 2767 854 2836 nugis
899 2769 1128 2836 pretium
1164 2767 1387 2820 adderet
1435 2765 1691 2833 impervia

144 2863 368 2927 quadam
413 2861 742 2924 obscuritas,
781 2875 902 2929 qum
939 2860 1026 2913 alii
1066 2859 1276 2930 planius
1303 2869 1359 2913 et
1393 2858 1692 2931 simplicius

144 2952 431 3019 tradebant,
475 2953 567 3007 hic
609 2952 967 3023 Pythagorica
1015 2951 1266 3007 tnetltodo
1305 2965 1454 3018 usus,
1493 2945 1693 3018 allego-

143 3039 242 3094 rica
280 3044 695 3108 elementorum,
741 3046 1061 3105 litterarum,
1105 3043 1461 3116 syllabarum,
1502 3051 1557 3097 et
1595 3059 1691 3097 nu-

144 3148 396 3190 merorum
445 3138 738 3209 farragine,
791 3138 998 3192 ﬁctitiis
1047 3137 1371 3192 Pleromatis
1416 3137 1690 3208 mysteriis

144 3229 411 3298 caliginem
452 3230 732 3286 effundere
764 3231 1075 3301 satagebat.
1115 3229 1320 3300 Nempe
1365 3239 1537 3285 totum
1575 3229 1695 3285 Ple-

143 3332 276 3373 roma
321 3322 497 3375 instar
545 3321 782 3375 nominis
825 3321 1137 3390 cujusdam;
1190 3322 1446 3385 tetradas,
1491 3322 1692 3376 decada

141 3417 188 3462 et
238 3412 502 3480 ogdoada,
563 3411 734 3465 instar
791 3413 1012 3466 totidem
1077 3411 1434 3483 syllabarum;
1493 3409 1695 3465 Eones

141 3515 256 3556 vero
283 3503 531 3574 singulos
566 3504 735 3556 instar
758 3503 1097 3574 singularum
1127 3504 1456 3568 litterarum,
1481 3517 1548 3556 ex
1578 3503 1698 3571 qui-

142 3592 230 3648 bus
258 3599 544 3667 mysticum
574 3595 897 3653 Pleromatjs
923 3611 1119 3650 nomen
1149 3595 1505 3661 coalesceret,
1543 3595 1696 3650 exhi-

142 3686 307 3741 bebat.
361 3688 602 3742 Litteras
656 3702 782 3742 vero
836 3688 1026 3758 viginti
1079 3699 1313 3756 quatuor
1361 3686 1698 3751 Graecorum,

144 3776 272 3832 velut
303 3778 629 3850 ἀπορροίας,
661 3779 860 3849 εηῒυυὶα
883 3778 1126 3846 quaedam
1156 3791 1276 3831 esse
1311 3776 1694 3839 contendebat,

145 3876 241 3924 tres
295 3885 389 3926 eas
444 3870 705 3937 Virtutes,
771 3872 968 3939 quibus
1031 3870 1319 3925 universus
1380 3883 1696 3940 superorum

145 3959 523 4014 elementorum
583 3975 841 4014 numerus
901 3961 1228 4025 continetur,
1295 3962 1694 4016 adumbrantia.

147 4049 226 4105 Sic
260 4062 440 4108 mutas
475 4067 668 4108 novem
715 4052 944 4120 litteras,
976 4053 1156 4108 Patris
1181 4064 1236 4108 et
1266 4054 1528 4109 Veritatis
1563 4056 1701 4108 ima-

144 4144 282 4213 gines
312 4160 435 4201 esse
475 4146 690 4200 dicebat
727 4161 741 4198 :
789 4145 933 4214 quod
963 4144 1214 4199 videlicet
1253 4146 1382 4200 muti
1429 4146 1529 4214 ipsi
1568 4147 1694 4214 sint,

146 4233 238 4289 hoc
257 4246 358 4303 est,
385 4237 674 4307 ejusmodi,
700 4237 789 4307 qui
817 4235 976 4291 nullis
1001 4237 1179 4292 verbis
1205 4237 1433 4305 exprimi
1456 4239 1697 4307 possint;

145 4329 487 4385 semivocales
524 4339 725 4393 autem,
757 4344 878 4399 qua:
910 4339 1036 4384 octo
1080 4341 1226 4394 sunt,
1261 4329 1421 4385 Verbi
1456 4342 1510 4385 et
1537 4330 1697 4397 Vitae;

149 4421 280 4488 quod
314 4424 458 4476 inter
495 4421 709 4475 vocales
735 4431 788 4474 et
823 4433 1187 4476 consonantes
1214 4423 1361 4477 velut
1397 4425 1584 4478 mediae
1616 4425 1700 4478 in-

1789 557 1892 594 non
1930 542 2143 607 quidem
2189 540 2497 594 immediate
2527 547 2578 592 et
2609 552 2705 607 per
2739 541 2970 608 seipsas,
3004 539 3094 593 sed
3127 555 3222 609 per
3258 555 3355 592 an-

1788 635 1965 702 gelum
2012 634 2348 695 Gabrielem,
2399 634 2486 702 qui
2534 633 2727 696 Verbi;
2778 633 3037 702 Spiritum
3084 640 3352 690 sanctum.

1788 726 1879 794 qui
1913 724 2076 790 Vitae;
2118 725 2382 778 Altissimi
2426 726 2702 788 virtutem,
2751 740 2870 791 quae
2915 723 3190 789 Hominis;
3235 722 3355 777 Vir-

1788 818 1969 885 ginem
1999 817 2253 885 denique,
2287 832 2404 886 quae
2434 817 2687 870 Ecclesiae
2722 816 2897 870 locum
2931 814 3224 884 suppleret.
3265 813 3357 869 Sic

1789 917 1965 960 autem
2004 924 2031 960 a
2065 909 2227 962 Maria
2263 911 2314 962 in
2353 909 2528 963 lucem
2562 910 2765 962 editum
2801 909 2989 973 fuisse,
3032 919 3090 963 ut
3117 925 3210 978 per
3241 919 3361 964 ute-

1791 1015 1908 1052 rum
1945 1000 2083 1068 ejus,
2125 1015 2220 1054 ceu
2259 1017 2395 1070 aqua
2433 1017 2526 1070 per
2568 1001 2754 1055 tubum
2796 1002 3087 1068 transiens,
3118 1002 3253 1054 nihil
3289 1016 3357 1056 ex

1790 1107 1848 1144 ea
1883 1094 2195 1161 sumpserit.
2221 1094 2275 1146 In
2304 1109 2429 1148 eunt
2459 1109 2605 1158 vero,
2635 1110 2755 1148 cunt
2787 1095 2852 1147 ad
2877 1109 3066 1162 aquam
3097 1094 3357 1158 venisset,

1791 1183 2055 1238 columbae
2087 1187 2260 1239 instar
2289 1187 2637 1240 descendisse
2668 1202 2961 1256 supernum
2996 1186 3358 1253 Salvatorem,

1792 1276 1882 1344 qui
1924 1293 2045 1330 cum
2091 1277 2323 1330 XEonum
2371 1279 2609 1332 omnium
2660 1279 2799 1333 fetus
2829 1289 2990 1342 esset,
3021 1279 3262 1333 omnium
3308 1279 3360 1332 in

1793 1382 1850 1421 se
1886 1369 2136 1422 virtutem
2170 1372 2640 1438 corr-plectebatur
2672 1389 2685 1424 :
2717 1372 2967 1440 Intncque
2997 1386 3115 1425 esse
3145 1372 3235 1440 qui
3266 1386 3363 1441 per

1792 1474 1852 1514 os
1885 1458 2007 1514 Jesu
2052 1463 2216 1516 verba
2261 1461 2475 1528 fecerit,
2520 1479 2686 1532 seque
2727 1463 2923 1517 Filium
2958 1461 3195 1518 hominis
3229 1478 3363 1519 con-

1796 1553 1966 1608 fessus
1997 1555 2177 1619 fuerit,
2207 1557 2349 1625 quod
2384 1572 2680 1625 supernum
2712 1554 2994 1609 Hominem
3028 1564 3238 1624 patrem
3265 1558 3362 1610 ha-

1793 1647 1964 1703 bat-ct.

1867 1790 1952 1844 90.
1994 1788 2142 1842 Mitto
2181 1804 2311 1857 quas
2346 1789 2411 1841 de
2449 1789 2629 1842 mundi
2673 1786 2829 1854 hujus
2858 1788 3204 1856 aspectabilis
3239 1799 3362 1845 ortu

1797 1896 1965 1950 nugas
1997 1882 2371 1936 venditabant.
2401 1880 2555 1932 Hunc.
2591 1881 2655 1933 ad
2687 1881 2975 1950 imaginem
3001 1896 3363 1950 supernorum

1794 1974 1871 2026 sic
1902 1973 2176 2027 conditum
2213 1973 2490 2034 volebant,
2527 1981 2582 2024 ut
2623 1973 2674 2024 in
2709 1972 2936 2039 singulis
2969 1972 3084 2027 fere
3119 1974 3365 2041 partibus

1793 2066 2037 2119 Pleroma
2091 2066 2341 2121 referret.
2393 2065 2727 2120 Platonicum
2771 2068 2823 2120 id
2878 2065 3070 2136 dogma
3120 2066 3286 2121 fuisse
3333 2081 3366 2120 a

1795 2161 2142 2228 nugatoribus
2207 2161 2326 2215 istis
2380 2173 2655 2214 recocuun
2710 2161 2959 2229 superius
3007 2159 3364 2217 ostendimus.

1795 2251 1863 2306 Ut
1915 2255 2091 2306 autem
2152 2253 2566 2317 continuandis,
2613 2253 2654 2307 si
2719 2254 2935 2323 superis
2979 2251 3111 2323 [ιιι]
3163 2252 3365 2322 placet,

1797 2353 1872 2397 tot
1903 2354 1953 2398 et
1990 2346 2154 2399 tantis
2202 2354 2396 2399 emota:
2433 2345 2629 2399 mentis
2668 2345 3037 2400 deliramentis
3079 2358 3363 2400 sacrarum

1795 2436 2199 2506 Scripturarum
2253 2441 2549 2493 auctoritas
2599 2453 2709 2492 non
2759 2438 2990 2503 deesset,
3038 2436 3368 2506 stupendum

1794 2539 2022 2598 quantas
2059 2529 2416 2583 admoverent
2461 2530 2766 2593 machinas,
2814 2539 2872 2583 ut
2915 2544 3008 2583 eas
3047 2538 3153 2583 tam
3201 2527 3369 2596 impie

1794 2636 1957 2689 quam
1998 2621 2221 2674 ridicule
2254 2621 2647 2689 discerperent,
2691 2629 3035 2685 consuereut,
3074 2632 3127 2675 et
3152 2620 3368 2675 obtorto

1793 2713 1932 2768 collo
1961 2713 2012 2764 in
2039 2712 2246 2766 alienus
2277 2714 2595 2781 ineptosque
2622 2728 2814 2768 sensus
2844 2715 3142 2768 traherent.
3168 2712 3367 2766 Parum

1794 2806 2009 2869 fuisset,
2033 2799 2135 2857 nisi
2165 2805 2483 2858 innumeras
2507 2806 2895 2873 propemodum
2922 2806 3209 2860 duxissent
3235 2821 3368 2874 apo-

1795 2900 2026 2966 crypbas
2055 2897 2378 2966 spuriasqne
2406 2898 2741 2965 Scripturas,
2772 2899 2971 2966 quibus
3002 2896 3184 2950 fucum
3217 2897 3366 2951 face-

1794 3000 1913 3045 rent
1956 2990 2240 3060 imperitis.
2288 2990 2434 3056 Quos
2476 2991 2645 3045 libros
2697 2992 3132 3059 supposuissent,
3167 2991 3369 3046 Irenaeo

1795 3093 1984 3138 nostro
2013 3084 2291 3152 sigillatim
2322 3070 2628 3138 edisserere
2663 3098 2767 3137 non
2803 3083 3025 3152 placuit.
3061 3083 3116 3137 ιιι
3154 3092 3367 3138 tantum

1723 3187 1767 3244 ο
1800 3185 2040 3236 constat,
2083 3176 2364 3229 ridiculam
2409 3175 2574 3241 illam,
2621 3191 2780 3244 quam
2828 3175 2894 3229 de
2931 3176 3149 3230 Christo
3199 3191 3370 3244 puero

1798 3267 2047 3324 fabellam
2103 3280 2362 3325 enarrant
2407 3285 2528 3338 cap.
2582 3269 2652 3323 20
2696 3284 2989 3324 occurrere
3034 3271 3086 3324 in
3137 3273 3368 3341 pseudo-

1796 3360 2089 3430 Evangelio
2130 3360 2373 3415 infantiae
2403 3361 2633 3427 Christi,
2667 3362 2808 3430 quod
2837 3359 3066 3415 Arabice
3103 3376 3226 3414 cum
3257 3360 3368 3416 La-

1798 3457 1906 3510 tina
1953 3455 2398 3523 interpretatione
2442 3453 2610 3508 edidit
2660 3453 2926 3507 Henricus
2969 3452 3172 3518 Sikius,
3214 3461 3270 3509 et
3313 3455 3366 3507 in

1798 3546 1920 3599 aliis
1959 3547 2278 3614 quibusdam
2321 3547 2560 3614 ejusdem
2600 3542 2827 3599 furfuris
2859 3547 3098 3617 scriptis,
3141 3560 3367 3616 qttorum

1801 3641 2148 3695 meminimus
2183 3641 2234 3694 in
2276 3643 2418 3694 notis
2451 3640 2515 3688 ml
2548 3640 2691 3693 hunc
2721 3638 2924 3694 locum.

1871 3778 1960 3833 9i.
2012 3777 2216 3844 Quibus
2253 3778 2556 3846 sacrilegiis
2598 3777 2969 3831 venerandum
3010 3774 3370 3830 Eucharistiae

1803 3872 2145 3941 mysterium,
2178 3880 2232 3924 et
2263 3869 2637 3925 Ordinatiouis
2667 3879 3070 3924 sacramentum
3107 3868 3371 3922 contami-

1803 3972 2045 4026 nassent,
2084 3977 2145 4016 ac
2182 3962 2425 4016 funditus
2454 3965 2799 4026 evertissent,
2829 3962 2940 4030 jam
2982 3962 3233 4014 vidimus.
3273 3957 3368 4014 Mi-

1805 4069 1920 4106 rum
1985 4054 2029 4108 si
2091 4054 2210 4108 aliis
2281 4057 2636 4109 sacramentis
2696 4053 3030 4125 pepercisset
3097 4052 3368 4119 impietas.

1802 4143 2079 4212 Baptismo
2118 4144 2405 4211 profanum
2446 4145 2714 4211 quoddam
2756 4155 2809 4198 et
2853 4159 2884 4198 a
2931 4143 3133 4198 Satana
3173 4156 3368 4211 sugge-

1805 4245 1944 4289 stum
1979 4235 2304 4288 initiationis
2339 4250 2532 4302 genus,
2569 4236 2634 4289 ad
2669 4237 2810 4290 sacri
2845 4235 2985 4289 illius
3019 4234 3244 4299 lavacri,
3275 4248 3368 4303 per

1805 4326 1943 4393 quod
1973 4325 2038 4378 ad
2072 4326 2235 4379 Deum
2267 4339 2668 4395 regeneramur,
2696 4325 3059 4388 eversionem,
3099 4324 3372 4393 totiusque

1806 4418 1939 4471 adeo
1975 4417 2094 4470 lldei
2137 4418 2522 4485 abjectionem,
2572 4415 2983 4470 substituet-ant.
3031 4415 3370 4483 Redemptio-

148 4513 378 4579 terjectae
406 4514 536 4576 sint,
573 4523 738 4581 atque
775 4521 888 4567 uta
921 4515 1290 4582 superioribus
1321 4514 1588 4580 deﬂuant,
1630 4518 1698 4570 ita
1737 4537 1780 4590 υ
1809 4523 1928 4562 nem
1989 4508 2256 4562 vocabant
2313 4509 2408 4573 illi,
2463 4509 2710 4578 hancque
2769 4509 2858 4573 iis,
2917 4507 3006 4577 qui
3069 4508 3370 4577 perfectam

149 4603 379 4660 vicissim
451 4606 710 4659 inferiora
783 4605 849 4658 ad
908 4619 1000 4658 eas
1053 4607 1360 4661 referantur
1419 4621 1434 4659 :
1489 4608 1702 4662 vocales

150 4712 320 4764 porro,
357 4713 476 4766 qua:
509 4697 640 4765 ipsae
677 4711 893 4766 quoque
931 4710 1138 4765 septem
1182 4708 1326 4765 sunt,
1371 4697 1616 4753 Hominis
1652 4709 1703 4753 et

152 4788 424 4853 Ecclesirc;
465 4788 683 4858 quando
717 4789 934 4857 quidem
977 4804 1079 4842 vox
1124 4804 1218 4858 per
1259 4790 1538 4844 Hominem
1580 4808 1704 4862 pro-

152 4896 344 4949 gressa,
394 4883 576 4936 omnia
622 4879 954 4935 informavit.
989 4879 1112 4935 Fuit
1154 4882 1338 4951 itaque
1381 4884 1493 4937 lnec
1539 4883 1702 4937 Marci

155 4974 428 5038 sententia,
467 4973 710 5040 singulos
740 4973 941 5028 .Eones
977 4974 1028 5028 in
1067 4973 1372 5028 Pleromate
1403 4976 1705 5045 peculiares

153 5079 273 5120 suos
325 5066 580 5119 habuisse
635 5065 982 5122 characteres
1033 5075 1086 5119 et
1132 5082 1310 5130 sonos,
1362 5070 1425 5121 ad
1475 5085 1703 5138 quorum

157 5157 433 5226 imaginem
473 5159 666 5213 littera:
695 5159 1003 5214 Grzecorum
1027 5175 1303 5229 expressae
1339 5161 1470 5215 sint.

219 5250 307 5306 89.
344 5253 415 5306 De
454 5250 584 5305 Jesu
615 5251 833 5307 Christo
870 5253 1057 5307 eadem
1098 5268 1257 5320 pene,
1299 5269 1361 5308 ac
1394 5255 1574 5309 centeri
1609 5255 1706 5308 Va-

156 5341 448 5409 lentiniani,
475 5343 756 5400 eﬂ'utiebat
780 5363 795 5400 :
823 5363 944 5400 eum
973 5347 1176 5402 scilicet
1201 5363 1227 5401 a
1259 5363 1436 5402 rerum
1469 5351 1707 5404 omnium

159 5447 393 5504 parente,
423 5437 584 5492 Verbi
620 5453 783 5507 opera
816 5440 1068 5503 electum,
1101 5448 1157 5492 ut
1191 5438 1366 5510 ipsum
1400 5442 1710 5498 hominibus

162 5538 332 5583 notum
378 5530 613 5596 faceret,
654 5532 721 5585 ad
762 5547 1008 5600 supernae
1047 5530 1274 5586 Virtutis
1307 5532 1711 5602 imaginemdis-

163 5632 428 5686 pensatum
500 5625 666 5680 fuisse
717 5644 729 5680 :
775 5627 1128 5694 quamobrem
1172 5627 1241 5679 ab
1278 5627 1344 5680 iis
1390 5625 1709 5691 Virtutibus,

167 5727 276 5779 qua:
305 5729 332 5768 a
366 5714 541 5769 Verbo
572 5725 626 5769 et
662 5714 804 5779 Vita,
833 5714 1065 5772 Homine
1094 5727 1148 5773 et
1174 5718 1414 5773 Ecclesia
1445 5716 1712 5786 proﬂuxe-

171 5813 298 5869 raut,
331 5807 651 5877 productum
687 5807 874 5876 fuisse,
912 5806 1056 5862 adid
1089 5821 1268 5864 tamen
1305 5823 1523 5878 operam
1559 5825 1710 5866 suam

1805 4603 2002 4669 γνῶσιν
2045 4602 2327 4656 consecuti
2363 4603 2598 4667 fuerant,
2640 4602 3005 4656 necessariam
3054 4616 3173 4654 esse
3219 4601 3371 4654 dice—

1803 4695 1958 4758 bant,
2003 4706 2062 4747 ut
2115 4694 2167 4746 in
2216 4692 2506 4758 Virtutem,
2550 4709 2668 4762 quae
2712 4708 2873 4762 super
2923 4693 3109 4746 omnia-
3144 4693 3370 4756 eminet,

1807 4796 2280 4857 regenerarcntur.
2335 4788 2513 4842 Aliter
2562 4788 2706 4841 enim
2761 4789 2875 4841 tieri
2930 4803 3035 4840 nun
3087 4800 3266 4855 posse,
3313 4795 3373 4838 ut

1807 4883 2057 4948 cuiquam
2103 4883 2279 4935 aditus
2319 4884 2385 4935 ad
2426 4880 2673 4953 Pleroma
2716 4890 2926 4950 pateret
2961 4900 2974 4935 :
3011 4883 3207 4951 quippe
3248 4897 3369 4936 cum

1807 4989 1867 5027 ea
1901 4983 2070 5038 esset,
2108 4990 2226 5042 quae.
2267 4988 2434 5042 usque
2474 4975 2539 5027 ad
2580 4975 2827 5029 intimum
2869 4975 3028 5045 Bytlti
3071 4974 3247 5030 sinunt
3277 4990 3370 5029 eos

1807 5065 2085 5120 evelleret.
2143 5066 2273 5119 Eant
2345 5081 2506 5135 porro
2569 5067 3020 5135 redemptionem,
3093 5065 3368 5133 vulgarem

1808 5158 2247 5214 Christianorum
2286 5162 2610 5230 baptismum
2650 5161 2865 5215 inlinito
2907 5175 3168 5232 superare
3201 5162 3373 5214 inter-

1809 5252 1951 5304 vallo
1975 5267 2079 5306 non
2108 5253 2341 5322 pudebat
2371 5269 2639 5309 asserere.
2674 5254 2772 5309 llic
2801 5255 3065 5323 siquidem
3099 5254 3371 5317 animalis,

1811 5345 1900 5399 illa
1937 5346 2228 5414 spiritalis;
2265 5347 2352 5400 bic
2396 5362 2424 5400 a
2457 5329 2750 5416 conspicuo
2781 5347 2905 5401 Jesu
2948 5348 3248 5410 institutus,
3280 5346 3371 5399 illa

1811 5437 1878 5490 ab
1905 5451 1968 5490 eo
1991 5438 2080 5509 qui
2109 5438 2159 5490 in
2182 5452 2306 5491 eum
2335 5438 2633 5504 descendit,
2661 5440 2968 5504 Saluatore;
2997 5441 3082 5493 hic
3110 5439 3173 5493 ad
3202 5439 3374 5507 poeni-

1814 5536 2038 5587 tentiam
2096 5535 2474 5598 anuuntiatus,
2534 5551 2630 5588 nec
2695 5551 2783 5599 eo,
2842 5550 3001 5602 quem
3059 5533 3373 5588 c.0nferebat

1812 5624 2071 5689 Joannes,
2120 5628 2322 5680 virtute
2357 5629 2633 5695 superior;
2681 5628 2766 5680 illa
2811 5628 3206 5694 consequeuda
3246 5640 3372 5695 per-

1815 5716 2064 5772 fectionis
2089 5732 2250 5771 causa
2280 5718 2514 5786 desuper
2538 5719 2724 5771 allata.
2759 5717 2882 5773 llaec
2909 5719 3050 5771 inter
3078 5717 3373 5771 Marcosios

1815 5809 2228 5865 conveniebant.
2272 5813 2338 5864 At
2370 5826 2499 5865 vero
2531 5811 2595 5867 de
2634 5811 3037 5881 ltedcmptionis
3069 5808 3226 5865 modo
3257 5811 3369 5864 dis-
