4180 6332
804 353 906 410 115

1607 349 2199 410 DISSERTATIONES
2230 349 2533 407 PREVLE
2568 350 2633 406 ΙΝ
2673 349 2930 406 ΙΒΕΝᾹΖΙ-
2951 348 3216 406 LIBROS.

3929 345 4023 401 116

807 473 1150 529 sentiebant:
1180 472 1468 538 Quoniam,
1490 473 1986 541 inquitlrenasus”,
2015 474 2370 544 unusquisque
2402 479 2445 534 Α
2477 472 2710 528 rioribus
2743 472 3007 527 inferatur
3042 469 3433 526 Heracleonem
3468 466 3734 521 Valentini
3778 467 4024 536 dogmata

807 568 1047 632 illorum,
1095 566 1535 635 quemadmodum
1574 567 1674 636 ipsi
1726 566 1928 634 volunt,
1971 570 2186 620 tradunt
2232 585 2366 621 eam.

810 656 1010 722 Quanti
1043 657 1181 710 enim
1218 667 1338 712 sunt
1369 656 1674 728 hujusmodi
1714 659 1981 713 sententia:
2025 659 2232 728 mystici
2270 675 2368 710 an-

810 753 1023 815 tistites,
1054 760 1128 804 tot
1154 760 1276 804 sunt
1305 760 1351 803 ct
1381 751 1779 819 rcdemptiones.

881 842 971 896 92.
1006 840 1110 894 Alii
1143 849 1403 909 apparato
1429 841 1651 908 nuptiali
1677 840 1950 907 cubiculo,
1985 841 2228 912 mysticis
2249 841 2369 910 qui-

811 933 1043 987 busdam
1105 931 1320 994 ritibus,
1387 930 1733 999 profanisque
1789 933 2074 986 verborum
2128 930 2373 985 formulis

809 1024 1111 1078 initiandos
1153 1040 1282 1080 suos
1323 1025 1743 1080 consecrabant.
1789 1023 1881 1080 Hae
1917 1023 2186 1092 spiritales
2226 1025 2373 1092 ipsos-

810 1132 932 1171 rum
966 1118 1185 1187 nuptias,
1221 1119 1286 1172 ad
1316 1132 1676 1188 supernorum
1709 1116 2083 1188 coniugiorum
2114 1117 2373 1171 similitu-

814 1209 1021 1265 dinem.
1071 1210 1177 1264 Alii
1233 1211 1484 1280 baptismi
1533 1211 1896 1264 caeremonias
1959 1209 2373 1264 adnmbrabant.

815 1301 950 1355 Nam
1003 1302 1069 1356 ad
1114 1317 1310 1371 aquam
1352 1305 1610 1358 ducentes
1651 1316 1765 1368 eos,
1811 1302 1954 1356 inter
1998 1300 2376 1370 baptizandnm

816 1395 934 1449 haec
965 1395 1127 1449 verba
1155 1395 1508 1465 proferebant
1542 1413 1556 1448 :
1602 1391 1667 1448 In
1698 1409 1883 1448 nomen
1920 1384 2377 1464 incognitiPatris

820 1489 1088 1553 omnium;
1120 1490 1174 1541 in
1212 1487 1492 1542 Veritatem
1525 1496 1747 1540 matrem
1780 1489 2009 1541 omnium
2038 1502 2056 1539 :
2084 1488 2140 1540 in
2167 1487 2382 1540 descen-

818 1583 1024 1636 dentem
1057 1583 1112 1635 in
1146 1581 1356 1647 Jcsum,
1381 1585 1450 1634 ad
1483 1582 1773 1634 unitionem
1808 1590 1854 1633 et
1891 1580 2295 1648 redempt.’onem
2331 1586 2380 1632 et

819 1672 1240 1725 communionem
1287 1672 1560 1724 virtutum.
1601 1669 1705 1724 Alii
1757 1679 1814 1724 ut
1860 1680 2122 1724 terrorem
2168 1670 2381 1724 miseris

822 1766 1157 1829 incuterent,
1206 1764 1468 1819 insulsam
1502 1776 1558 1820 et
1587 1780 1745 1821 sensu
1777 1776 2000 1818 vacuam
2036 1763 2379 1833 grandiornm

823 1854 1213 1910 Hebraicarum
1264 1870 1455 1912 vocum
1504 1865 1823 1924 eangestum
1871 1854 2186 1909 ell‘erebant.
2243 1852 2378 1906 Tum

822 1951 1227 2006 Catholicorum
1254 1950 1538 2006 unctiones
1559 1948 1821 2017 remulsti,
1845 1949 2085 2004 initiatos
2111 1962 2234 2002 suos
2254 1962 2383 2015 opo-

824 2045 1072 2099 balsamo
1111 2043 1404 2114 angebant.
1435 2045 1664 2112 Quidam
1700 2051 1880 2111 spreto
1911 2057 2062 2110 aqua:
2093 2041 2380 2108 baptismo,

824 2137 1008 2191 oleum
1048 2147 1103 2192 et
1132 2150 1327 2208 aquam
1369 2153 1473 2190 una
1508 2135 1931 2206 permiscebant,
1977 2148 2038 2187 ac
2077 2133 2128 2186 in
2173 2147 2381 2193 eorum,

825 2242 963 2296 quos
1007 2226 1318 2291 initiabunt,
1364 2236 1525 2296 caput
1565 2226 1895 2294 injiciebant,
1939 2225 2103 2278 verba
2142 2223 2384 2290 quaedam

828 2320 896 2373 ab
935 2320 1000 2373 iis
1046 2334 1165 2387 quae
1215 2319 1454 2373 diximus
1503 2319 1647 2372 haud
1697 2315 1985 2370 dissimilia
2032 2314 2383 2384 proferentes.

827 2413 1012 2482 Atque
1038 2413 1141 2482 ipsi
1168 2429 1386 2484 quoque
1415 2406 1715 2467 balsamum
1751 2411 2099 2466 adhibebant.
2137 2409 2237 2460 Alii
2274 2409 2386 2460 haec

828 2507 1010 2560 omnia
1035 2507 1404 2576 improbantes
1429 2515 1480 2560 et
1505 2506 1874 2572 repudiantes,
1899 2502 2077 2556 divina
2108 2499 2384 2571 mysteria,

829 2613 948 2664 quae
978 2611 1078 2652 nec
1117 2600 1391 2663 sensibus,
1429 2611 1528 2650 nec
1563 2604 1742 2650 mente
1776 2594 1977 2665 percipi
2015 2601 2260 2660 possunt,
2295 2605 2392 2660 per

831 2706 919 2746 res
950 2693 1178 2747 sensiles
1208 2702 1262 2747 et
1290 2707 1579 2760 corporeas
1611 2695 1915 2763 peragenda
1947 2705 2065 2747 esse
2102 2688 2386 2758 negabant.

827 2785 1238 2854 Perfectamque
1285 2786 1709 2855 redemptionem
1753 2785 2050 2855 spiritalem
2094 2797 2234 2849 esse,
2285 2799 2388 2836 non

831 2878 1196 2948 corporalem,
1246 2887 1300 2932 et
1354 2878 1408 2931 in
1460 2878 1751 2933 ineﬂ'abilis
1799 2876 2189 2946 magnitudinis
2235 2875 2388 2945 agni-

833 2975 980 3029 tione
1034 2976 1266 3044 positam
1311 2989 1430 3029 esse
1475 2973 1789 3028 censebant.
1843 2970 1920 3023 Ex
1970 2971 2051 3023 bis
2094 2965 2387 3038 specialem

829 3065 1118 3133 quamdam
1147 3066 1522 3120 haereticorum
1552 3074 1755 3120 sectam
1782 3064 1907 3117 fecit
1931 3059 2388 3124 Theodoretus”,

2470 565 2774 634 amplexum
2820 563 3009 626 fuisse,
3066 561 3167 633 ipsi
3229 572 3405 616 tamen
3457 560 3734 614 Valentino
3788 573 4025 615 coaevum

2469 655 2742 709 exstitisse
2792 653 3037 709 concludi
3081 666 3240 722 posse
3285 666 3387 705 non
3435 661 3580 720 puto.
3629 650 3805 716 Quare
3847 649 4027 702 malim

2473 747 2613 802 illius
2638 757 2854 802 aetatem
2885 746 2938 800 in
2964 745 3169 800 incerto
3199 744 3522 812 relinquere,
3550 759 3710 812 quam
3736 743 4028 812 quidquam

2475 849 2675 894 temere
2708 839 2951 893 delinire.
2995 836 3305 906 Scripserat
3340 835 3636 890 Heracleon
3677 834 4030 889 Commenta-

2475 930 2610 991 rios,
2639 930 2827 984 saltem
2861 930 2915 982 in
2953 927 3179 982 Joannis
3206 927 3578 996 Evangelium.
3610 927 3741 982 Nam
3775 925 4032 995 Origenes

2474 1024 2527 1077 in
2565 1023 2702 1086 suis,
2736 1021 2915 1089 plures
2958 1021 3100 1076 illius
3143 1021 3484 1076 diversorum
3527 1020 3766 1073 locorum
3818 1017 4035 1085 exposi-

2477 1116 2650 1168 tiones
2687 1114 2848 1168 refert
2879 1125 2934 1169 et
2964 1116 3230 1169 confutet.
3265 1113 3406 1180 Quin
3440 1113 3600 1166 etiam
3633 1111 3822 1163 merito
3855 1111 4036 1161 redar-

2476 1205 2616 1276 guit,
2642 1206 2780 1272 quod
2825 1205 2907 1259 bis
2943 1205 3165 1259 Joannis
3199 1205 3402 1269 verbis,
3431 1203 3600 1273 χωρὶς
3629 1199 3793 1252 αὑτοῦ
3827 1197 4038 1266 ἐγένετο

2478 1297 2595 1350 οὐδὲ
2629 1299 2708 1361 ἓν,
2754 1297 2866 1350 sine
2898 1297 3020 1365 ipso,
3042 1300 3243 1365 factum
3267 1305 3342 1350 est
3371 1294 3524 1360 nihil,
3565 1294 3907 1360 impudenter
3947 1289 4039 1343 ado

2479 1391 2606 1444 dere
2633 1405 2796 1444 ausus
2823 1388 3036 1452 fuisset,
3064 1389 3172 1442 τῶν
3199 1391 3254 1441 ὲν
3283 1389 3359 1457 τῷ
3386 1387 3595 1457 κόσμῳ,
3628 1385 3719 1439 καὶ
3749 1388 3812 1454 τῇ
3841 1384 4039 1447 κτίσει,

2480 1497 2658 1535 eorum
2695 1497 2812 1549 qua:
2857 1481 2910 1534 in
2951 1482 3144 1534 mundo
3183 1489 3327 1544 sunt,
3365 1490 3412 1533 et
3451 1481 3742 1543 creatione;
3777 1489 3834 1531 ut
3881 1476 4046 1530 nimi-

2482 1590 2600 1630 rum
2655 1575 2777 1628 hinc
2828 1588 2947 1628 cum
3009 1573 3220 1626 castoris
3277 1570 3670 1626 Valentinianis
3725 1568 4040 1634 conficeret,

2482 1683 2589 1722 non
2625 1667 2802 1721 omnia
2849 1682 2950 1736 per
2992 1667 3228 1722 Verburu
3278 1666 3495 1721 condita
3542 1662 3706 1717 fuisse
3755 1680 3767 1714 :
3808 1659 4045 1716 Eonnm

2482 1760 2696 1828 quidem
2747 1757 3086 1824 inferiorum,
3129 1773 3193 1811 ac
3242 1755 3426 1810 mundi
3475 1754 3664 1823 ipsius,
3716 1749 4047 1818 interpositu

2485 1851 2786 1920 Demiurgi,
2827 1860 3107 1906 auctorem
3139 1864 3292 1915 esse;
3326 1858 3380 1902 at
3414 1861 3520 1901 non
3551 1847 3884 1914 superiorum
3914 1855 4052 1909 qua-

2486 1951 2608 1997 tuor
2636 1941 2896 1997 tEonum.
2925 1940 3048 1997 Illos
3083 1940 3431 1996 Heracleonis
3462 1940 3511 1992 in
3543 1936 3765 1992 Joannis
3798 1936 4052 2002 Evange-

2485 2035 2613 2090 lium
2647 2034 3085 2098 Commentarios,
3123 2035 3166 2087 si
3214 2047 3318 2086 non
3367 2045 3476 2100 prze
3525 2028 3717 2094 oculis,
3763 2024 3954 2080 saltem
3995 2022 4055 2076 in

2487 2140 2666 2185 mente
2705 2129 2956 2184 habuisse
2998 2128 3206 2182 videtur
3249 2124 3493 2187 Pbotius,
3519 2130 3576 2175 ut
3614 2122 3747 2175 scite
3781 2127 3937 2171 notat
3975 2116 4052 2170 cl.

2485 2222 2717 2278 Grabius
2745 2222 2795 2275 in
2817 2220 3060 2289 Spicileg.
3079 2218 3122 2284 ⁸,
3147 2216 3358 2287 quando
3380 2216 3538 2283 epist.
3570 2212 3667 2268 154
3698 2212 3762 2264 ad
3788 2207 4054 2263 Joannem

2487 2312 2985 2383 ProtOSpalbarium
3055 2310 3232 2378 (apud
3293 2307 3554 2361 Grabium
3628 2304 3764 2370 male
3830 2301 4057 2355 omnino

2488 2409 2897 2476 Aspatharium;
2938 2420 3133 2474 nempe
3179 2404 3354 2456 littera
3399 2419 3433 2454 οι
3490 2400 3576 2453 hic
3618 2396 3909 2452 numeralis
3953 2396 4057 2454 est)

2490 2506 2738 2575 scripsit:
2762 2502 2894 2557 osse
2911 2501 3020 2572 γὰρ
3040 2501 3123 2570 ἐφ’
3147 2497 3298 2570 ὕϐρει
3323 2497 3416 2550 καὶ
3435 2495 3649 2566 διαὸολῇ
3674 2495 3765 2548 τοῦ
3789 2495 3955 2564 νόμον
3977 2495 4058 2559 τὸ,

2497 2617 2516 2651 c
2537 2599 2601 2650 Ἣ
2625 2597 2779 2668 χάρις
2804 2595 2859 2648 δὲ
2884 2593 2977 2648 καὶ
2997 2593 3219 2663 ἀλήθεια
3243 2591 3307 2643 δι’
3339 2589 3508 2660 Ἰησοῦ
3530 2587 3760 2658 Χριστοῦ
3783 2587 4020 2668 ἐγένετο-
4037 2606 4054 2638 ›

2489 2689 2601 2748 τοῖς
2641 2667 3009 2751 εὐάγγελικοῖς
3052 2682 3269 2750 Θεσμοῖς
3309 2679 3694 2748 περιήρμοσεν.
3746 2667 4061 2740 Ἡρακλέων

2491 2775 2598 2847 γὰρ
2627 2776 2690 2828 ἂν
2721 2773 2890 2836 οὕτως
2916 2774 3079 2836 εἴποι,
3103 2771 3196 2823 καὶ
3219 2768 3479 2829 οἱπαῐδες
3517 2762 3902 2836 Ἡρακλέωνος.
3936 2757 3990 2815 Ν
3996 2775 4063 2811 οη

2492 2871 2625 2925 enim
2655 2868 2707 2919 in
2742 2865 3106 2918 contumeliam
3136 2871 3184 2915 et
3219 2860 3635 2914 criminationem
3670 2855 3814 2922 Legis
3856 2853 4062 2905 dictum

2494 2963 2628 3016 illud
2653 2977 2669 3013 :
2696 2977 2713 3009 ι
2747 2957 2933 3011 Gratia
2956 2968 3126 3008 autem
3159 2962 3203 3005 et
3229 2954 3417 3004 veritas
3445 2965 3536 3017 per
3573 2947 3753 3000 Iesum
3790 2945 4066 2996 Christum

2495 3056 2635 3126 facta
2651 3062 2743 3115 est,
2759 3070 2776 3100 ι
2810 3047 3117 3116 euangelicis
3132 3045 3346 3099 sancitis
3365 3042 3737 3109 adaptabatur.
3763 3035 4066 3089 Ileraclean

829 3124 992 3227 quam
1022 3159 1469 3222 Ascodrutarum,
1504 3172 1595 3212 seu
1631 3156 2110 3226 Ascodrupitarnm
2139 3161 2324 3216 vocat;
2363 3164 2391 3203 a
2420 3169 2460 3226 ο
2496 3124 2573 3197 ita
2607 3139 2820 3203 diceret,
2853 3146 2900 3189 et
2929 3131 3271 3188 Heracleonis
3297 3131 3414 3227 ﬁlii.
3437 3130 3654 3227 ⁵(μῶρε
3685 3126 3861 3227 innuit
3890 3124 4070 3227 Hera-

831 3251 1030 3317 quibus
1066 3259 1131 3306 etv
1163 3250 1303 3320 apud
1337 3266 1474 3320 quos
1505 3251 1707 3304 nullum
1751 3248 2012 3304 celebrari
2047 3242 2388 3316 baptismatis

833 3344 1152 3414 mysterium
1184 3345 1402 3399 asserit.
1437 3345 1518 3398 An
1552 3342 1712 3396 iidem
1748 3341 1859 3394 sint
1889 3355 2011 3393 cum
2038 3335 2388 3399 Ascodrobis,

832 3436 1032 3503 quibus
1084 3436 1354 3506 Ancyram
1399 3435 1622 3489 Galatia:
1675 3447 1772 3488 suo
1827 3441 2067 3500 tempore
2123 3427 2388 3490 infestari,

833 3525 960 3580 alibi
992 3541 1123 3582 vero
1155 3535 1426 3581 terrarum
1461 3523 1697 3596 ignorari
1733 3525 2005 3580 scribebat
2037 3521 2394 3590 Hieronymus

831 3614 885 3669 in
920 3612 1092 3684 Epist.
1122 3617 1415 3689 ad‘Galat.,
1439 3617 1709 3671 afﬁrmare
1741 3632 1843 3670 non
1872 3616 2060 3670 ausim.

907 3713 994 3767 93.
1035 3712 1139 3767 Alii
1173 3713 1406 3782 denique
1437 3712 1859 3781 redemptionem
1891 3711 1942 3764 in
1971 3711 2096 3764 vita:
2127 3708 2282 3761 tinem
2310 3720 2395 3759 re-

829 3804 1115 3872 jiciebant.
1160 3804 1292 3860 Cum
1324 3804 1448 3873 quis
1479 3803 1645 3873 igitur
1684 3819 1748 3857 ex
1787 3803 1887 3857 bac
1923 3802 2031 3855 vita
2069 3811 2394 3854 excessurus

835 3911 973 3961 erat,
1005 3896 1163 3967 hujus
1194 3896 1360 3965 capiti
1390 3894 1568 3949 oleum
1597 3903 1647 3948 et
1678 3908 1872 3963 aquam
1906 3892 2237 3962 injicientes,
2267 3889 2398 3942 ridi-

837 3982 976 4036 culis
1021 3992 1339 4036 caeterorum
1385 3982 1772 4035 Marcosiorum
1813 3979 2397 4034 adhibitisinvocatio-

838 4071 1020 4137 nibus,
1057 4073 1276 4141 insuper
1297 4072 1587 4139 iubebant,
1617 4081 1673 4124 ut
1700 4085 1818 4124 cum
1846 4072 1908 4123 ad
1937 4070 2302 4137 Principatus,
2337 4084 2398 4124 ac

839 4163 1167 4223 Polestates.
1209 4165 1631 4233 etDemiurgum
1673 4165 1931 4227 venisset,
1972 4164 2136 4218 certis
2174 4163 2396 4228 quibus-

839 4259 963 4310 dam
1009 4256 1209 4317 verbis,
1255 4271 1374 4324 qua:
1411 4255 1578 4309 relert
1616 4256 1870 4319 Irenzeus,
1914 4270 2006 4309 eos
2031 4253 2398 4322 compellaret,

839 4349 1038 4418 quibus
1067 4363 1259 4403 inanus
1293 4364 1477 4404 eorum
1509 4347 1789 4418 elingeret.
1822 4346 1932 4401 Nec
1965 4347 2173 4400 illorum
2206 4363 2398 4400 nomen

840 4441 1108 4509 expressit
1156 4440 1408 4493 lrenaeus.
1461 4438 1565 4492 Sed
1617 4455 1683 4493 ex
1736 4439 2034 4507 Epiphanio
2068 4439 2082 4468 ¹
2122 4438 2395 4497 discimus,

842 4533 1256 4587 lleraeleonitas
1316 4533 1505 4596 fuisse,
1567 4533 1634 4586 ab
1690 4531 2022 4587 Heracleone
2074 4533 2150 4585 sic
2207 4532 2395 4585 dictos.

844 4626 997 4678 llnnc
1051 4625 1347 4680 Colorbaso
1400 4625 1729 4681 successisse
1787 4632 1967 4693 putat;
2033 4622 2401 4678 Tertullianus

843 4733 973 4771 vero
1014 4717 1363 4772 Colorbasum
1409 4719 1546 4772 inter
1591 4727 1644 4772 et
1692 4715 2080 4770 lleracleonem
2132 4716 2405 4770 interserit

845 4812 1218 4865 Ptolcmseum.
1256 4812 1329 4864 Ex
1360 4811 1562 4866 [remeo
1594 4809 1774 4878 colligi
1804 4823 1958 4877 posse
1996 4809 2209 4862 videtur
2240 4807 2405 4861 Marci

836 4902 1167 4969 'discipulnrn
1220 4902 1387 4956 fuisse
1425 4919 1437 4954 :
1488 4917 1608 4956 cum
1646 4902 1792 4955 illius
1833 4899 2031 4970 placita
2075 4899 2216 4951 inter
2259 4900 2405 4950 varia

849 4995 1236 5049 Marcosiorum
1261 4995 1512 5065 dogmata
1543 4994 1766 5048 referat.
1793 4992 2140 5060 Augustinus,
2167 4991 2250 5044 cui
2277 5004 2408 5042 con-

852 5086 1057 5139 sentire
1098 5087 1314 5139 videtur
1359 5094 1412 5139 et
1460 5087 1844 5148 Damascenus,
1892 5083 2195 5150 utriusque,
2237 5081 2404 5137 Marci

853 5177 1103 5231 videlicet
1135 5186 1188 5229 et
1215 5176 1517 5239 Colerbasi,
1549 5175 1869 5244 discipulum
1912 5172 2076 5234 fuisse
2117 5182 2288 5239 putat.
2331 5174 2406 5227 Ex

851 5266 1137 5334 Origene',
1177 5268 1440 5322 Valentini
1483 5268 1784 5336 discipulus
1821 5267 1995 5320 dictus
2029 5274 2144 5330 est;
2190 5280 2257 5320 ex
2289 5265 2409 5319 Cle-

852 5371 1034 5413 mente
1081 5362 1446 5416 Alexandrino
1469 5365 1518 5427 ³,.
1559 5365 1794 5417 maxima
1848 5359 1990 5413 illius
2044 5362 2094 5413 in
2139 5358 2409 5414 Valentini

854 5451 1040 5504 schola
1068 5443 1168 5506 fuit
1202 5455 1550 5509 existimatio.
1583 5457 1686 5511 Sed
1717 5458 1830 5510 haec
1864 5455 2043 5509 omnia
2070 5453 2270 5507 nullam
2296 5467 2414 5508 cer—

860 5555 966 5595 tam
1002 5555 1303 5613 temporum
1340 5559 1522 5600 notam
1564 5549 1850 5617 designant
1898 5569 1908 5600 :
1951 5555 2000 5600 et
2047 5555 2103 5598 ut
2136 5560 2198 5599 ex
2238 5553 2414 5613 postc-

967 5728 1012 5758 "‘
1047 5726 1163 5778 Lib.
1193 5743 1232 5787 I,
1259 5742 1375 5793 cap.
1410 5728 1497 5791 2|,
1539 5744 1590 5778 η.
1631 5727 1679 5778 1.

863 5795 886 5827 ⁸
919 5796 1086 5850 Clem.
1120 5799 1299 5863 Alcm,
1333 5800 1422 5851 lib.
1458 5815 1505 5850 iv
1539 5797 1762 5859 Strom.,
1800 5812 1850 5866 p.
1885 5794 2005 5851 502.

1792 5726 1833 5755 ⁸³³
1866 5726 1980 5795 Lib.
2012 5740 2064 5795 ι,
2112 5723 2225 5795 ςη9
2273 5731 2326 5795 et
2379 5720 2462 5795 l0.

2105 5795 2124 5824 ⁸
2161 5793 2412 5861 Spicileg.
2451 5791 2595 5845 Patr.
2626 5797 2679 5844 et
2710 5787 2849 5841 llrcr.
2885 5802 2920 5840 ιι
2949 5798 3096 5852 suam,
3131 5799 3181 5853 p.
3228 5782 3346 5835 ll'Z.

2494 3235 2730 3290 cleonem
2768 3230 2822 3283 in
2859 3227 2972 3281 suis
2999 3223 3412 3280 Commentariis
3437 3223 3548 3276 hare
3581 3218 3856 3285 Evangelii
3894 3217 4068 3271 verba

2493 3328 2547 3383 in
2581 3321 2960 3382 contumeliam
2995 3317 3129 3386 legis
3156 3317 3472 3370 detorsisse.
3504 3312 3657 3365 Aliud
3689 3311 3853 3363 etiam
3892 3308 4070 3361 Hera-

2494 3420 2698 3478 cleonis
2747 3415 3128 3484 Fragmentum
3182 3409 3248 3462 de
3302 3409 3559 3476 martyrio
3607 3401 3773 3457 refert
3812 3402 4073 3456 Clemens

2494 3510 2758 3566 Alexand.
2799 3509 2921 3563 loco
2965 3518 3090 3559 mox
3135 3501 3374 3562 laudato,
3415 3498 3556 3566 quod
3596 3511 3658 3548 ex
3699 3493 3980 3560 aliquibus
4018 3492 4071 3545 in

2494 3605 2693 3658 Lucam
2725 3595 3142 3656 Commentariis
3168 3592 3495 3658 exscriptum
3533 3588 3762 3640 videtur.
3794 3584 3890 3639 Ubi
3918 3584 4070 3637 enim

2495 3696 2758 3767 praemisit
2789 3693 3041 3747 Clemens
3064 3690 3206 3742 hunc
3239 3682 3513 3752 Evangelii
3543 3681 3698 3735 Lucae
3732 3695 3830 3741 xu,
3869 3678 3960 3740 H,
3996 3676 4074 3730 lo-

2497 3807 2621 3844 cum
2654 3808 2679 3842 :.
2695 3787 2827 3841 Cum
2856 3797 3028 3839 autent
3055 3779 3357 3835 induxerint
3382 3792 3470 3828 vos
3497 3775 3549 3826 in
3585 3787 3902 3842 synagogas,
3933 3779 4073 3832 etc.,

2499 3881 2766 3950 subiungit
2820 3897 2834 3933 :
2884 3876 3081 3930 Τοῦτον
3147 3869 3508 3942 ἐξηγούμενος
3559 3864 3647 3914 τὸν
3693 3863 3853 3912 τόπον
3902 3860 4075 3931 Ἱιραο

2501 3973 2757 4026 κλέων....
2787 3972 2926 4023 κατὰ
2956 3968 3097 4033 λέξιν
3139 3963 3323 4034 φησίν,
3354 3970 3456 4015 etc.
3504 3955 3659 4008 Hunc
3692 3953 3865 4005 locum
3908 3967 4075 4018 expo-

2501 4084 2625 4119 nens
2648 4062 2801 4136 [ιλιι]
2828 4060 3190 4114 Heraclcon...
3218 4057 3297 4107 his
3323 4053 3489 4106 verbis
3515 4048 3665 4110 dicit,
3691 4054 3796 4098 etc.
3820 4042 3877 4094 In
3908 4039 4077 4095 Εείοο

2501 4161 2581 4228 gis
2648 4135 2959 4226 propheticis
3033 4154 3100 4205 ad
3173 4148 3374 4203 calcem
3447 4141 3684 4210 ejusdem
3748 4135 4074 4197 Clementis,

2501 4225 2788 4304 occasione
2819 4245 3010 4300 horum
3041 4241 3265 4296 Joannis
3296 4236 3553 4304 Baptistae
3586 4229 3897 4289 verborum,
3929 4225 4073 4279 Luc.

2505 4355 2580 4398 ut,
2637 4337 2702 4390 16
2747 4354 2760 4388 :
2807 4334 2926 4402 Ipse
2975 4348 3060 4383 vos
3108 4327 3392 4396 baptizabit
3436 4325 3489 4377 in
3536 4320 3738 4386 Spiritu
3785 4329 3974 4369 sancto
4027 4325 4077 4369 et

2504 4430 2636 4498 igni,
2679 4426 2878 4480 citatur
2909 4424 3076 4475 altera
3117 4417 3462 4473 lleracleonis
3506 4411 3772 4467 sententia
3811 4407 4076 4469 dicentis,

2506 4521 2766 4592 quosdam
2789 4518 2910 4585 igne
2938 4515 3178 4583 signasse
3207 4524 3363 4563 aures
3378 4522 3589 4568 eorum,
3609 4504 3699 4572 qui
3725 4500 4078 4568 baptismatis

2506 4614 2738 4685 sigiilum
2782 4617 3123 4678 acceperant,
3164 4608 3233 4660 ita
3281 4602 3640 4670 intelligentes
3681 4597 3808 4650 illud
3850 4607 4077 4663 aposto-

2507 4710 2690 4761 licum.
2726 4705 2864 4757 Tum
2892 4703 3134 4769 proxime
3162 4697 3498 4752 subnectitur
3531 4694 3582 4760 ᾧ.
3620 4692 3684 4745 17
3717 4714 3726 4745 ;
3757 4689 3924 4757 Cujus
3951 4705 4082 4741 uen-

2508 4798 2753 4858 tilabrum
2784 4797 2836 4847 in
2869 4808 3054 4846 manus
3079 4791 3211 4858 ejus.
3240 4798 3348 4842 etc.
3374 4785 3583 4851 Quibus
3610 4782 3812 4836 ﬁrmari
3858 4779 4082 4833 videtur

2510 4904 2695 4943 eorum
2719 4888 3050 4955 conjectura,
3076 4884 3167 4951 qui
3189 4881 3500 4936 existimant
3524 4877 3592 4929 ab
3612 4872 3946 4928 Heracleone
3965 4870 4082 4925 elu-

2514 4986 2767 5039 cubratos
2803 4982 2964 5033 etiam
2995 4980 3045 5031 in
3078 4976 3277 5028 Lucam
3319 4965 3765 5026 Commentarios.
3797 4963 4081 5017 Caeterum

2515 5093 2631 5130 cum
2679 5073 2948 5126 Valentino
2980 5070 3130 5140 paria
3172 5066 3412 5126 sensisse,
3452 5061 3538 5117 sed.
3583 5060 3806 5111 novitate
3838 5059 4083 5125 quadam

2512 5165 2960 5238 pronuntiationis
3007 5160 3229 5214 uoluisse
3273 5155 3439 5210 videri
3487 5152 3594 5206 alia
3641 5151 3857 5210 sentire,
3909 5149 4085 5200 tradit

2513 5261 2898 5320 'l'ertullianus,
2965 5255 3049 5308 vel
3103 5253 3238 5305 alius
3294 5247 3471 5318 quivis
3519 5259 3638 5313 cap.
3693 5243 3761 5296 49
3843 5244 3942 5295 lib.
4006 5242 4083 5295 De

2513 5353 2829 5424 prwscript.,
2851 5349 2933 5403 cui
2958 5344 3302 5400 consentiunt
3319 5337 3644 5409 Epiphanius
3665 5345 3718 5390 et
3741 5333 3830 5386 alii
3857 5347 4081 5387 omnes.

2517 5449 2631 5503 Hoc
2654 5447 2917 5499 duntaxat
2943 5459 2984 5494 a-
3007 5438 3344 5494 Ptolemaicis
3376 5434 3680 5494 dill'erebat,
3707 5429 3846 5497 quod
3883 5445 4087 5497 supre~

2518 5554 2661 5593 mum
2693 5537 2930 5589 omnium
2977 5545 3272 5601 parentem,
3307 5545 3463 5597 quem
3499 5527 3533 5580 ii
3565 5526 3791 5594 Bythum
3823 5525 4080 5577 nomina-

2596 5717 2611 5746 ¹
2649 5716 2788 5770 υτον.
2825 5729 3006 5769 xxxvr.
3111 5715 3129 5743 ’
3160 5711 3213 5767 ιη
3260 5709 3440 5776 Joan.,
3495 5727 3547 5780 p.
3589 5706 3677 5769 60,
3720 5704 3851 5760 edit.
3918 5705 4086 5764 ﬂuet.
