  <div class='ocr_page' id='page_1' title='image "/cluster/home/n/w/nwhite01/storage/ocr_20150623/7 pars.1/pst.000005711833/072.png"; bbox 0 0 4180 6332; ppageno 0'>
   <div class='ocr_carea' id='block_1_1' title="bbox 249 341 350 400">
    <p class='ocr_par' dir='ltr' id='par_1_1' title="bbox 249 341 350 400">
     <span class='ocr_line' id='line_1_1' title="bbox 249 341 350 400; baseline -0.03 0"><span class='ocrx_word' id='word_1_1' title='bbox 249 341 350 400; x_wconf 79' lang='grc'><strong>117</strong></span> 
     </span>
    </p>
   </div>
   <div class='ocr_carea' id='block_1_2' title="bbox 966 314 2763 394">
    <p class='ocr_par' dir='ltr' id='par_1_2' title="bbox 966 314 2763 394">
     <span class='ocr_line' id='line_1_2' title="bbox 966 314 2763 394; baseline -0.009 -8"><span class='ocrx_word' id='word_1_2' title='bbox 966 327 1420 389; x_wconf 74' lang='lat' dir='ltr'><strong>DISSERTATIO</strong></span> <span class='ocrx_word' id='word_1_3' title='bbox 1452 329 1494 394; x_wconf 86' lang='lat' dir='ltr'><strong>l,</strong></span> <span class='ocrx_word' id='word_1_4' title='bbox 1530 324 1688 382; x_wconf 72' lang='grc' dir='ltr'><strong>ΛΒΤ.</strong></span> <span class='ocrx_word' id='word_1_5' title='bbox 1726 319 1813 385; x_wconf 92' lang='grc'><strong>111,</strong></span> <span class='ocrx_word' id='word_1_6' title='bbox 1852 317 1939 374; x_wconf 87' lang='lat' dir='ltr'><strong>DE</strong></span> <span class='ocrx_word' id='word_1_7' title='bbox 1975 315 2338 374; x_wconf 69' lang='lat' dir='ltr'><strong>VALEN&#39;FINI</strong></span> <span class='ocrx_word' id='word_1_8' title='bbox 2377 314 2763 372; x_wconf 77' lang='lat' dir='ltr'><strong>MAGISTRIS.</strong></span> 
     </span>
    </p>
   </div>
   <div class='ocr_carea' id='block_1_3' title="bbox 3358 318 3458 373">
    <p class='ocr_par' dir='ltr' id='par_1_3' title="bbox 3358 318 3458 373">
     <span class='ocr_line' id='line_1_3' title="bbox 3358 318 3458 373; baseline 0.02 -2"><span class='ocrx_word' id='word_1_9' title='bbox 3358 318 3458 373; x_wconf 87' lang='grc'><strong>118</strong></span> 
     </span>
    </p>
   </div>
   <div class='ocr_carea' id='block_1_4' title="bbox 236 438 3454 526">
    <p class='ocr_par' dir='ltr' id='par_1_4' title="bbox 236 438 3454 526">
     <span class='ocr_line' id='line_1_4' title="bbox 236 438 3454 526; baseline -0.006 -10"><span class='ocrx_word' id='word_1_10' title='bbox 236 459 388 524; x_wconf 88' lang='lat' dir='ltr'><strong>bant,</strong></span> <span class='ocrx_word' id='word_1_11' title='bbox 428 458 520 514; x_wconf 90' lang='lat' dir='ltr'><strong>ille</strong></span> <span class='ocrx_word' id='word_1_12' title='bbox 554 457 838 514; x_wconf 75' lang='lat' dir='ltr'><strong>liotninem</strong></span> <span class='ocrx_word' id='word_1_13' title='bbox 876 456 1197 526; x_wconf 72' lang='lat' dir='ltr'><strong>appellaret,</strong></span> <span class='ocrx_word' id='word_1_14' title='bbox 1232 463 1291 508; x_wconf 88' lang='lat' dir='ltr'><strong>ut</strong></span> <span class='ocrx_word' id='word_1_15' title='bbox 1326 461 1512 509; x_wconf 88' lang='lat' dir='ltr'><strong>auctor</strong></span> <span class='ocrx_word' id='word_1_16' title='bbox 1551 460 1633 506; x_wconf 84' lang='lat' dir='ltr'><strong>est</strong></span> <span class='ocrx_word' id='word_1_17' title='bbox 1671 449 1796 517; x_wconf 84' lang='lat' dir='ltr'><strong>Epi-</strong></span> <span class='ocrx_word' id='word_1_18' title='bbox 1823 449 1870 505; x_wconf 74' lang='grc' dir='ltr'><strong>Α</strong></span> <span class='ocrx_word' id='word_1_19' title='bbox 1896 443 2153 514; x_wconf 80' lang='lat' dir='ltr'><strong>quidquid</strong></span> <span class='ocrx_word' id='word_1_20' title='bbox 2174 441 2413 512; x_wconf 74' lang='lat' dir='ltr'><strong>egissent</strong></span> <span class='ocrx_word' id='word_1_21' title='bbox 2444 441 2496 494; x_wconf 93' lang='lat' dir='ltr'><strong>in</strong></span> <span class='ocrx_word' id='word_1_22' title='bbox 2521 440 2622 494; x_wconf 90' lang='lat' dir='ltr'><strong>hac</strong></span> <span class='ocrx_word' id='word_1_23' title='bbox 2642 440 2772 506; x_wconf 89' lang='lat' dir='ltr'><strong>vita,</strong></span> <span class='ocrx_word' id='word_1_24' title='bbox 2798 453 2826 492; x_wconf 90' lang='lat' dir='ltr'><strong>a</strong></span> <span class='ocrx_word' id='word_1_25' title='bbox 2847 438 3029 510; x_wconf 81' lang='lat' dir='ltr'><strong>judice</strong></span> <span class='ocrx_word' id='word_1_26' title='bbox 3053 453 3151 495; x_wconf 91' lang='lat' dir='ltr'><strong>nec</strong></span> <span class='ocrx_word' id='word_1_27' title='bbox 3174 441 3454 511; x_wconf 83' lang='lat' dir='ltr'><strong>prehendi,</strong></span> 
     </span>
    </p>
   </div>
   <div class='ocr_carea' id='block_1_5' title="bbox 235 530 3456 625">
    <p class='ocr_par' dir='ltr' id='par_1_5' title="bbox 235 530 3456 625">
     <span class='ocr_line' id='line_1_5' title="bbox 235 530 3456 625; baseline -0.003 -15"><span class='ocrx_word' id='word_1_28' title='bbox 235 554 495 625; x_wconf 82' lang='lat' dir='ltr'><strong>phanius.</strong></span> <span class='ocrx_word' id='word_1_29' title='bbox 538 551 725 606; x_wconf 81' lang='lat' dir='ltr'><strong>Eidem</strong></span> <span class='ocrx_word' id='word_1_30' title='bbox 762 553 980 618; x_wconf 84' lang='lat' dir='ltr'><strong>insuper</strong></span> <span class='ocrx_word' id='word_1_31' title='bbox 1026 549 1248 605; x_wconf 86' lang='lat' dir='ltr'><strong>ascribit</strong></span> <span class='ocrx_word' id='word_1_32' title='bbox 1288 547 1550 619; x_wconf 79' lang='lat' dir='ltr'><strong>Origenes</strong></span> <span class='ocrx_word' id='word_1_33' title='bbox 1571 545 1614 607; x_wconf 85' lang='grc'><strong>⁸,</strong></span> <span class='ocrx_word' id='word_1_34' title='bbox 1655 543 1799 614; x_wconf 91' lang='lat' dir='ltr'><strong>quod</strong></span> <span class='ocrx_word' id='word_1_35' title='bbox 1898 549 1999 591; x_wconf 89' lang='lat' dir='ltr'><strong>nec</strong></span> <span class='ocrx_word' id='word_1_36' title='bbox 2029 533 2270 625; x_wconf 63' lang='lat' dir='ltr'><strong>conspiCi</strong></span> <span class='ocrx_word' id='word_1_37' title='bbox 2302 541 2545 600; x_wconf 71' lang='grc' dir='ltr'><strong>Ροεεθηιο</strong></span> <span class='ocrx_word' id='word_1_38' title='bbox 2583 530 2887 625; x_wconf 54' lang='grc' dir='ltr'><strong>Εέρτοῐηθιξ</strong></span> <span class='ocrx_word' id='word_1_39' title='bbox 2919 533 3099 625; x_wconf 56' lang='grc' dir='ltr'><strong>οηξηῖθ</strong></span> <span class='ocrx_word' id='word_1_40' title='bbox 3151 532 3252 586; x_wconf 70' lang='lat' dir='ltr'><strong>Sibi</strong></span> <span class='ocrx_word' id='word_1_41' title='bbox 3292 533 3456 590; x_wconf 68' lang='lat' dir='ltr'><strong>“cere</strong></span> 
     </span>
    </p>
   </div>
   <div class='ocr_carea' id='block_1_6' title="bbox 235 636 1796 709">
    <p class='ocr_par' dir='ltr' id='par_1_6' title="bbox 235 636 1796 709">
     <span class='ocr_line' id='line_1_6' title="bbox 235 636 1796 709; baseline -0.008 -12"><span class='ocrx_word' id='word_1_42' title='bbox 235 641 474 699; x_wconf 89' lang='lat' dir='ltr'><strong>animam</strong></span> <span class='ocrx_word' id='word_1_43' title='bbox 509 651 699 698; x_wconf 91' lang='lat' dir='ltr'><strong>natura</strong></span> <span class='ocrx_word' id='word_1_44' title='bbox 726 639 1087 709; x_wconf 83' lang='lat' dir='ltr'><strong>immortalem</strong></span> <span class='ocrx_word' id='word_1_45' title='bbox 1126 653 1246 695; x_wconf 88' lang='lat' dir='ltr'><strong>esse</strong></span> <span class='ocrx_word' id='word_1_46' title='bbox 1287 653 1392 691; x_wconf 91' lang='lat' dir='ltr'><strong>non</strong></span> <span class='ocrx_word' id='word_1_47' title='bbox 1434 636 1796 698; x_wconf 75' lang='lat' dir='ltr'><strong>existimaret,</strong></span> 
     </span>
    </p>
   </div>
   <div class='ocr_carea' id='block_1_7' title="bbox 1899 622 3455 689">
    <p class='ocr_par' dir='ltr' id='par_1_7' title="bbox 1899 622 3455 689">
     <span class='ocr_line' id='line_1_7' title="bbox 1899 622 3455 689; baseline -0.001 -8"><span class='ocrx_word' id='word_1_48' title='bbox 1899 627 2169 689; x_wconf 87' lang='lat' dir='ltr'><strong>arbitrati,</strong></span> <span class='ocrx_word' id='word_1_49' title='bbox 2193 623 2491 680; x_wconf 79' lang='lat' dir='ltr'><strong>facinorum</strong></span> <span class='ocrx_word' id='word_1_50' title='bbox 2516 624 2756 677; x_wconf 91' lang='lat' dir='ltr'><strong>omnium</strong></span> <span class='ocrx_word' id='word_1_51' title='bbox 2787 637 2852 677; x_wconf 87' lang='lat' dir='ltr'><strong>ac</strong></span> <span class='ocrx_word' id='word_1_52' title='bbox 2877 622 3160 678; x_wconf 89' lang='lat' dir='ltr'><strong>libidinum</strong></span> <span class='ocrx_word' id='word_1_53' title='bbox 3178 638 3334 679; x_wconf 73' lang='lat' dir='ltr'><strong>emno</strong></span> <span class='ocrx_word' id='word_1_54' title='bbox 3359 643 3455 680; x_wconf 83' lang='lat' dir='ltr'><strong>vo-</strong></span> 
     </span>
    </p>
   </div>
   <div class='ocr_carea' id='block_1_8' title="bbox 234 711 1885 803">
    <p class='ocr_par' dir='ltr' id='par_1_8' title="bbox 234 724 1798 803">
     <span class='ocr_line' id='line_1_8' title="bbox 234 724 1798 803; baseline -0.006 -15"><span class='ocrx_word' id='word_1_55' title='bbox 234 735 326 788; x_wconf 85' lang='lat' dir='ltr'><strong>sed</strong></span> <span class='ocrx_word' id='word_1_56' title='bbox 360 732 792 803; x_wconf 83' lang='lat' dir='ltr'><strong>corruptibilem.</strong></span> <span class='ocrx_word' id='word_1_57' title='bbox 834 730 901 784; x_wconf 84' lang='lat' dir='ltr'><strong>At</strong></span> <span class='ocrx_word' id='word_1_58' title='bbox 946 745 1006 784; x_wconf 90' lang='lat' dir='ltr'><strong>ea</strong></span> <span class='ocrx_word' id='word_1_59' title='bbox 1060 736 1175 784; x_wconf 88' lang='lat' dir='ltr'><strong>erat</strong></span> <span class='ocrx_word' id='word_1_60' title='bbox 1214 729 1516 784; x_wconf 90' lang='lat' dir='ltr'><strong>communis</strong></span> <span class='ocrx_word' id='word_1_61' title='bbox 1559 724 1798 780; x_wconf 83' lang='lat' dir='ltr'><strong>Valenti-</strong></span> 
     </span>
    </p>
   </div>
   <div class='ocr_carea' id='block_1_9' title="bbox 1803 711 3454 803">
    <p class='ocr_par' dir='ltr' id='par_1_9' title="bbox 1897 711 3454 785">
     <span class='ocr_line' id='line_1_9' title="bbox 1897 711 3454 785; baseline 0.001 -16"><span class='ocrx_word' id='word_1_62' title='bbox 1897 715 2053 770; x_wconf 83' lang='lat' dir='ltr'><strong>lutari</strong></span> <span class='ocrx_word' id='word_1_63' title='bbox 2073 731 2179 771; x_wconf 94' lang='lat' dir='ltr'><strong>non</strong></span> <span class='ocrx_word' id='word_1_64' title='bbox 2195 711 2765 783; x_wconf 66' lang='lat' dir='ltr'><strong>erubescebant.;H:ec</strong></span> <span class='ocrx_word' id='word_1_65' title='bbox 2785 722 2941 768; x_wconf 86' lang='lat' dir='ltr'><strong>erant</strong></span> <span class='ocrx_word' id='word_1_66' title='bbox 2955 714 3169 768; x_wconf 78' lang='lat' dir='ltr'><strong>exitiosi</strong></span> <span class='ocrx_word' id='word_1_67' title='bbox 3187 715 3454 785; x_wconf 85' lang='lat' dir='ltr'><strong>dogmatis</strong></span> 
     </span>
    </p>
   </div>
   <div class='ocr_carea' id='block_1_10' title="bbox 236 816 1789 879">
    <p class='ocr_par' dir='ltr' id='par_1_10' title="bbox 236 816 1789 879">
     <span class='ocr_line' id='line_1_10' title="bbox 236 816 1789 879; baseline -0.005 -3"><span class='ocrx_word' id='word_1_68' title='bbox 236 822 526 877; x_wconf 88' lang='lat' dir='ltr'><strong>nianorum</strong></span> <span class='ocrx_word' id='word_1_69' title='bbox 578 823 819 878; x_wconf 89' lang='lat' dir='ltr'><strong>omnium</strong></span> <span class='ocrx_word' id='word_1_70' title='bbox 877 822 943 875; x_wconf 89' lang='lat' dir='ltr'><strong>de</strong></span> <span class='ocrx_word' id='word_1_71' title='bbox 994 821 1170 875; x_wconf 89' lang='lat' dir='ltr'><strong>anima</strong></span> <span class='ocrx_word' id='word_1_72' title='bbox 1223 817 1441 873; x_wconf 88' lang='lat' dir='ltr'><strong>animali</strong></span> <span class='ocrx_word' id='word_1_73' title='bbox 1503 816 1789 879; x_wconf 87' lang='lat' dir='ltr'><strong>sententia,</strong></span> 
     </span>
    </p>
   </div>
   <div class='ocr_carea' id='block_1_11' title="bbox 233 911 1792 982">
    <p class='ocr_par' dir='ltr' id='par_1_11' title="bbox 233 911 1792 982">
     <span class='ocr_line' id='line_1_11' title="bbox 233 911 1792 982; baseline -0.001 -17"><span class='ocrx_word' id='word_1_74' title='bbox 233 929 396 982; x_wconf 87' lang='lat' dir='ltr'><strong>quam</strong></span> <span class='ocrx_word' id='word_1_75' title='bbox 436 913 523 968; x_wconf 88' lang='lat' dir='ltr'><strong>vel</strong></span> <span class='ocrx_word' id='word_1_76' title='bbox 565 914 744 982; x_wconf 91' lang='lat' dir='ltr'><strong>perire</strong></span> <span class='ocrx_word' id='word_1_77' title='bbox 784 914 866 966; x_wconf 78' lang='lat' dir='ltr'><strong>vel</strong></span> <span class='ocrx_word' id='word_1_78' title='bbox 909 911 1113 967; x_wconf 89' lang='lat' dir='ltr'><strong>servari</strong></span> <span class='ocrx_word' id='word_1_79' title='bbox 1159 911 1441 981; x_wconf 84' lang='lat' dir='ltr'><strong>putabant,</strong></span> <span class='ocrx_word' id='word_1_80' title='bbox 1486 918 1649 980; x_wconf 89' lang='lat' dir='ltr'><strong>prout</strong></span> <span class='ocrx_word' id='word_1_81' title='bbox 1682 924 1792 964; x_wconf 84' lang='lat' dir='ltr'><strong>me-</strong></span> 
     </span>
    </p>
   </div>
   <div class='ocr_carea' id='block_1_12' title="bbox 233 1002 1089 1074">
    <p class='ocr_par' dir='ltr' id='par_1_12' title="bbox 233 1002 1089 1074">
     <span class='ocr_line' id='line_1_12' title="bbox 233 1002 1089 1074; baseline -0.001 -16"><span class='ocrx_word' id='word_1_82' title='bbox 233 1002 366 1058; x_wconf 85' lang='lat' dir='ltr'><strong>liora</strong></span> <span class='ocrx_word' id='word_1_83' title='bbox 398 1004 482 1058; x_wconf 91' lang='lat' dir='ltr'><strong>vel</strong></span> <span class='ocrx_word' id='word_1_84' title='bbox 518 1005 783 1060; x_wconf 82' lang='lat' dir='ltr'><strong>deteriora</strong></span> <span class='ocrx_word' id='word_1_85' title='bbox 819 1004 1089 1074; x_wconf 80' lang='lat' dir='ltr'><strong>elegisset.</strong></span> 
     </span>
    </p>
   </div>
   <div class='ocr_carea' id='block_1_13' title="bbox 301 1093 1791 1164">
    <p class='ocr_par' dir='ltr' id='par_1_13' title="bbox 301 1093 1791 1164">
     <span class='ocr_line' id='line_1_13' title="bbox 301 1093 1791 1164; baseline 0.001 -15"><span class='ocrx_word' id='word_1_86' title='bbox 301 1093 394 1152; x_wconf 68' lang='lat'><strong>94.</strong></span> <span class='ocrx_word' id='word_1_87' title='bbox 427 1093 534 1149; x_wconf 90' lang='lat' dir='ltr'><strong>Sed</strong></span> <span class='ocrx_word' id='word_1_88' title='bbox 570 1104 627 1149; x_wconf 91' lang='lat' dir='ltr'><strong>ut</strong></span> <span class='ocrx_word' id='word_1_89' title='bbox 666 1097 732 1150; x_wconf 93' lang='lat' dir='ltr'><strong>ad</strong></span> <span class='ocrx_word' id='word_1_90' title='bbox 769 1096 818 1150; x_wconf 90' lang='lat' dir='ltr'><strong>id</strong></span> <span class='ocrx_word' id='word_1_91' title='bbox 858 1104 1216 1158; x_wconf 77' lang='lat' dir='ltr'><strong>revertamur,</strong></span> <span class='ocrx_word' id='word_1_92' title='bbox 1248 1102 1390 1150; x_wconf 88' lang='lat' dir='ltr'><strong>unde</strong></span> <span class='ocrx_word' id='word_1_93' title='bbox 1433 1095 1663 1164; x_wconf 78' lang='lat' dir='ltr'><strong>digressi</strong></span> <span class='ocrx_word' id='word_1_94' title='bbox 1700 1112 1791 1150; x_wconf 88' lang='lat' dir='ltr'><strong>su-</strong></span> 
     </span>
    </p>
   </div>
   <div class='ocr_carea' id='block_1_14' title="bbox 231 1186 1788 1258">
    <p class='ocr_par' dir='ltr' id='par_1_14' title="bbox 231 1186 1788 1258">
     <span class='ocr_line' id='line_1_14' title="bbox 231 1186 1788 1258; baseline 0.003 -19"><span class='ocrx_word' id='word_1_95' title='bbox 231 1200 375 1250; x_wconf 79' lang='lat' dir='ltr'><strong>mus,</strong></span> <span class='ocrx_word' id='word_1_96' title='bbox 421 1187 672 1257; x_wconf 86' lang='lat' dir='ltr'><strong>quilibet,</strong></span> <span class='ocrx_word' id='word_1_97' title='bbox 717 1187 879 1240; x_wconf 88' lang='lat' dir='ltr'><strong>etiam</strong></span> <span class='ocrx_word' id='word_1_98' title='bbox 931 1186 1235 1241; x_wconf 86' lang='lat' dir='ltr'><strong>tacentibus</strong></span> <span class='ocrx_word' id='word_1_99' title='bbox 1275 1187 1450 1251; x_wconf 88' lang='lat' dir='ltr'><strong>nobis,</strong></span> <span class='ocrx_word' id='word_1_100' title='bbox 1504 1189 1788 1258; x_wconf 86' lang='lat' dir='ltr'><strong>perspicit,</strong></span> 
     </span>
    </p>
   </div>
   <div class='ocr_carea' id='block_1_15' title="bbox 231 1275 1784 1349">
    <p class='ocr_par' dir='ltr' id='par_1_15' title="bbox 231 1275 1784 1349">
     <span class='ocr_line' id='line_1_15' title="bbox 231 1275 1784 1349; baseline 0.001 -18"><span class='ocrx_word' id='word_1_101' title='bbox 231 1276 487 1344; x_wconf 86' lang='lat' dir='ltr'><strong>superius</strong></span> <span class='ocrx_word' id='word_1_102' title='bbox 521 1277 797 1345; x_wconf 77' lang='lat' dir='ltr'><strong>expositas</strong></span> <span class='ocrx_word' id='word_1_103' title='bbox 824 1275 1208 1332; x_wconf 57' lang='lat' dir='ltr'><strong>hereticorum</strong></span> <span class='ocrx_word' id='word_1_104' title='bbox 1236 1279 1636 1349; x_wconf 89' lang='lat' dir='ltr'><strong>redemptiones</strong></span> <span class='ocrx_word' id='word_1_105' title='bbox 1671 1294 1784 1333; x_wconf 90' lang='lat' dir='ltr'><strong>ma-</strong></span> 
     </span>
    </p>
   </div>
   <div class='ocr_carea' id='block_1_16' title="bbox 230 1369 1788 1440">
    <p class='ocr_par' dir='ltr' id='par_1_16' title="bbox 230 1369 1788 1440">
     <span class='ocr_line' id='line_1_16' title="bbox 230 1369 1788 1440; baseline 0.001 -17"><span class='ocrx_word' id='word_1_106' title='bbox 230 1385 391 1424; x_wconf 84' lang='lat' dir='ltr'><strong>nasse</strong></span> <span class='ocrx_word' id='word_1_107' title='bbox 414 1369 480 1423; x_wconf 92' lang='lat' dir='ltr'><strong>ab</strong></span> <span class='ocrx_word' id='word_1_108' title='bbox 505 1369 729 1438; x_wconf 85' lang='lat' dir='ltr'><strong>impuris</strong></span> <span class='ocrx_word' id='word_1_109' title='bbox 747 1369 1090 1424; x_wconf 83' lang='lat' dir='ltr'><strong>ethnicorum</strong></span> <span class='ocrx_word' id='word_1_110' title='bbox 1114 1369 1493 1436; x_wconf 88' lang='lat' dir='ltr'><strong>initiamentis,</strong></span> <span class='ocrx_word' id='word_1_111' title='bbox 1516 1387 1637 1440; x_wconf 67' lang='lat' dir='ltr'><strong>quae</strong></span> <span class='ocrx_word' id='word_1_112' title='bbox 1655 1372 1788 1426; x_wconf 91' lang='lat' dir='ltr'><strong>tanti</strong></span> 
     </span>
    </p>
   </div>
   <div class='ocr_carea' id='block_1_17' title="bbox 228 1459 1789 1531">
    <p class='ocr_par' dir='ltr' id='par_1_17' title="bbox 228 1459 1789 1531">
     <span class='ocr_line' id='line_1_17' title="bbox 228 1459 1789 1531; baseline 0.001 -17"><span class='ocrx_word' id='word_1_113' title='bbox 228 1459 414 1515; x_wconf 90' lang='lat' dir='ltr'><strong>fecere</strong></span> <span class='ocrx_word' id='word_1_114' title='bbox 462 1459 753 1525; x_wconf 86' lang='lat' dir='ltr'><strong>Platonici,</strong></span> <span class='ocrx_word' id='word_1_115' title='bbox 785 1461 942 1516; x_wconf 89' lang='lat' dir='ltr'><strong>tetris</strong></span> <span class='ocrx_word' id='word_1_116' title='bbox 987 1475 1264 1531; x_wconf 75' lang='lat' dir='ltr'><strong>magorum</strong></span> <span class='ocrx_word' id='word_1_117' title='bbox 1297 1461 1507 1515; x_wconf 91' lang='lat' dir='ltr'><strong>artibus</strong></span> <span class='ocrx_word' id='word_1_118' title='bbox 1553 1477 1662 1530; x_wconf 67' lang='lat' dir='ltr'><strong>pra:</strong></span> <span class='ocrx_word' id='word_1_119' title='bbox 1686 1475 1789 1515; x_wconf 78' lang='lat' dir='ltr'><strong>cte-</strong></span> 
     </span>
    </p>
   </div>
   <div class='ocr_carea' id='block_1_18' title="bbox 230 1550 1788 1623">
    <p class='ocr_par' dir='ltr' id='par_1_18' title="bbox 230 1550 1788 1623">
     <span class='ocr_line' id='line_1_18' title="bbox 230 1550 1788 1623; baseline 0.001 -18"><span class='ocrx_word' id='word_1_120' title='bbox 230 1550 361 1606; x_wconf 89' lang='lat' dir='ltr'><strong>teris</strong></span> <span class='ocrx_word' id='word_1_121' title='bbox 393 1551 708 1620; x_wconf 88' lang='lat' dir='ltr'><strong>mancipati.</strong></span> <span class='ocrx_word' id='word_1_122' title='bbox 744 1550 815 1606; x_wconf 91' lang='lat' dir='ltr'><strong>Ut</strong></span> <span class='ocrx_word' id='word_1_123' title='bbox 865 1551 1007 1605; x_wconf 82' lang='lat' dir='ltr'><strong>enim</strong></span> <span class='ocrx_word' id='word_1_124' title='bbox 1035 1552 1199 1608; x_wconf 88' lang='lat' dir='ltr'><strong>certis</strong></span> <span class='ocrx_word' id='word_1_125' title='bbox 1225 1551 1544 1623; x_wconf 89' lang='lat' dir='ltr'><strong>quibusdam</strong></span> <span class='ocrx_word' id='word_1_126' title='bbox 1595 1553 1788 1607; x_wconf 91' lang='lat' dir='ltr'><strong>ritibus</strong></span> 
     </span>
    </p>
   </div>
   <div class='ocr_carea' id='block_1_19' title="bbox 228 1645 1785 1716">
    <p class='ocr_par' dir='ltr' id='par_1_19' title="bbox 228 1645 1785 1716">
     <span class='ocr_line' id='line_1_19' title="bbox 228 1645 1785 1716; baseline 0 -18"><span class='ocrx_word' id='word_1_127' title='bbox 228 1659 292 1698; x_wconf 91' lang='lat' dir='ltr'><strong>ac</strong></span> <span class='ocrx_word' id='word_1_128' title='bbox 327 1645 673 1709; x_wconf 80' lang='lat' dir='ltr'><strong>caeremoniis</strong></span> <span class='ocrx_word' id='word_1_129' title='bbox 716 1645 996 1715; x_wconf 80' lang='lat' dir='ltr'><strong>gentilium</strong></span> <span class='ocrx_word' id='word_1_130' title='bbox 1025 1654 1214 1716; x_wconf 69' lang='lat' dir='ltr'><strong>mystae</strong></span> <span class='ocrx_word' id='word_1_131' title='bbox 1255 1645 1610 1700; x_wconf 86' lang='lat' dir='ltr'><strong>secretiorum</strong></span> <span class='ocrx_word' id='word_1_132' title='bbox 1649 1658 1785 1714; x_wconf 82' lang='lat' dir='ltr'><strong>quo-</strong></span> 
     </span>
    </p>
   </div>
   <div class='ocr_carea' id='block_1_20' title="bbox 226 1737 1786 1807">
    <p class='ocr_par' dir='ltr' id='par_1_20' title="bbox 226 1737 1786 1807">
     <span class='ocr_line' id='line_1_20' title="bbox 226 1737 1786 1807; baseline 0 -16"><span class='ocrx_word' id='word_1_133' title='bbox 226 1751 457 1805; x_wconf 84' lang='lat' dir='ltr'><strong>rumque</strong></span> <span class='ocrx_word' id='word_1_134' title='bbox 479 1750 756 1791; x_wconf 88' lang='lat' dir='ltr'><strong>sacrorum</strong></span> <span class='ocrx_word' id='word_1_135' title='bbox 774 1739 1065 1807; x_wconf 88' lang='lat' dir='ltr'><strong>participes</strong></span> <span class='ocrx_word' id='word_1_136' title='bbox 1082 1737 1277 1799; x_wconf 76' lang='lat' dir='ltr'><strong>eﬂ‘ecti.</strong></span> <span class='ocrx_word' id='word_1_137' title='bbox 1305 1737 1653 1807; x_wconf 80' lang='lat' dir='ltr'><strong>perfectionis</strong></span> <span class='ocrx_word' id='word_1_138' title='bbox 1672 1738 1786 1807; x_wconf 91' lang='lat' dir='ltr'><strong>api-</strong></span> 
     </span>
    </p>
   </div>
   <div class='ocr_carea' id='block_1_21' title="bbox 1893 805 3454 878">
    <p class='ocr_par' dir='ltr' id='par_1_21' title="bbox 1893 805 3454 878">
     <span class='ocr_line' id='line_1_21' title="bbox 1893 805 3454 878; baseline 0 -14"><span class='ocrx_word' id='word_1_139' title='bbox 1893 808 2197 865; x_wconf 90' lang='lat' dir='ltr'><strong>necessaria</strong></span> <span class='ocrx_word' id='word_1_140' title='bbox 2234 807 2568 864; x_wconf 82' lang='lat' dir='ltr'><strong>consectaria</strong></span> <span class='ocrx_word' id='word_1_141' title='bbox 2597 846 2611 869; x_wconf 91' lang='lat'><strong>,</strong></span> <span class='ocrx_word' id='word_1_142' title='bbox 2642 817 2701 860; x_wconf 92' lang='lat' dir='ltr'><strong>ut</strong></span> <span class='ocrx_word' id='word_1_143' title='bbox 2750 805 2858 874; x_wconf 87' lang='lat' dir='ltr'><strong>jam</strong></span> <span class='ocrx_word' id='word_1_144' title='bbox 2889 807 3257 878; x_wconf 81' lang='lat' dir='ltr'><strong>exposuimus.</strong></span> <span class='ocrx_word' id='word_1_145' title='bbox 3300 808 3454 875; x_wconf 84' lang='lat' dir='ltr'><strong>Quod</strong></span> 
     </span>
    </p>
   </div>
   <div class='ocr_carea' id='block_1_22' title="bbox 1894 900 3456 972">
    <p class='ocr_par' dir='ltr' id='par_1_22' title="bbox 1894 900 3456 972">
     <span class='ocr_line' id='line_1_22' title="bbox 1894 900 3456 972; baseline 0.001 -18"><span class='ocrx_word' id='word_1_146' title='bbox 1894 915 2023 956; x_wconf 89' lang='lat' dir='ltr'><strong>vero</strong></span> <span class='ocrx_word' id='word_1_147' title='bbox 2047 900 2296 956; x_wconf 90' lang='lat' dir='ltr'><strong>barbaris</strong></span> <span class='ocrx_word' id='word_1_148' title='bbox 2327 902 2650 970; x_wconf 90' lang='lat' dir='ltr'><strong>quibusdam</strong></span> <span class='ocrx_word' id='word_1_149' title='bbox 2680 902 2922 966; x_wconf 84' lang='lat' dir='ltr'><strong>vocibus,</strong></span> <span class='ocrx_word' id='word_1_150' title='bbox 2954 902 3371 972; x_wconf 87' lang='lat' dir='ltr'><strong>peregrinisque</strong></span> <span class='ocrx_word' id='word_1_151' title='bbox 3392 917 3456 956; x_wconf 84' lang='lat' dir='ltr'><strong>ac</strong></span> 
     </span>
    </p>
   </div>
   <div class='ocr_carea' id='block_1_23' title="bbox 1894 993 3454 1050">
    <p class='ocr_par' dir='ltr' id='par_1_23' title="bbox 1894 993 3454 1050">
     <span class='ocr_line' id='line_1_23' title="bbox 1894 993 3454 1050; baseline 0.001 -3"><span class='ocrx_word' id='word_1_152' title='bbox 1894 993 2127 1049; x_wconf 87' lang='lat' dir='ltr'><strong>insolitis</strong></span> <span class='ocrx_word' id='word_1_153' title='bbox 2156 995 2446 1050; x_wconf 88' lang='lat' dir='ltr'><strong>verborum</strong></span> <span class='ocrx_word' id='word_1_154' title='bbox 2471 994 2716 1050; x_wconf 84' lang='lat' dir='ltr'><strong>formulis</strong></span> <span class='ocrx_word' id='word_1_155' title='bbox 2752 995 2991 1050; x_wconf 64' lang='lat' dir='ltr'><strong>hatretici</strong></span> <span class='ocrx_word' id='word_1_156' title='bbox 3025 1009 3152 1050; x_wconf 89' lang='lat' dir='ltr'><strong>suos</strong></span> <span class='ocrx_word' id='word_1_157' title='bbox 3179 994 3454 1049; x_wconf 83' lang='lat' dir='ltr'><strong>initiantes</strong></span> 
     </span>
    </p>
   </div>
   <div class='ocr_carea' id='block_1_24' title="bbox 1892 1083 3448 1160">
    <p class='ocr_par' dir='ltr' id='par_1_24' title="bbox 1892 1083 3448 1160">
     <span class='ocr_line' id='line_1_24' title="bbox 1892 1083 3448 1160; baseline -0.001 -17"><span class='ocrx_word' id='word_1_158' title='bbox 1892 1096 2200 1152; x_wconf 86' lang='lat' dir='ltr'><strong>uterentur,</strong></span> <span class='ocrx_word' id='word_1_159' title='bbox 2230 1083 2652 1160; x_wconf 80' lang='lat' dir='ltr'><strong>Pythagoricum</strong></span> <span class='ocrx_word' id='word_1_160' title='bbox 2684 1088 2848 1142; x_wconf 87' lang='lat' dir='ltr'><strong>etiam</strong></span> <span class='ocrx_word' id='word_1_161' title='bbox 2880 1083 3291 1143; x_wconf 79' lang='lat' dir='ltr'><strong>etPiatonieum</strong></span> <span class='ocrx_word' id='word_1_162' title='bbox 3309 1097 3448 1142; x_wconf 76' lang='lat' dir='ltr'><strong>erat.</strong></span> 
     </span>
    </p>
   </div>
   <div class='ocr_carea' id='block_1_25' title="bbox 1892 1178 3450 1250">
    <p class='ocr_par' dir='ltr' id='par_1_25' title="bbox 1892 1178 3450 1250">
     <span class='ocr_line' id='line_1_25' title="bbox 1892 1178 3450 1250; baseline 0.001 -17"><span class='ocrx_word' id='word_1_163' title='bbox 1892 1179 2031 1246; x_wconf 86' lang='lat' dir='ltr'><strong>Quid</strong></span> <span class='ocrx_word' id='word_1_164' title='bbox 2079 1189 2132 1234; x_wconf 89' lang='lat' dir='ltr'><strong>et</strong></span> <span class='ocrx_word' id='word_1_165' title='bbox 2160 1189 2420 1247; x_wconf 87' lang='lat' dir='ltr'><strong>quantum</strong></span> <span class='ocrx_word' id='word_1_166' title='bbox 2449 1179 2716 1250; x_wconf 83' lang='lat' dir='ltr'><strong>ejusmodi</strong></span> <span class='ocrx_word' id='word_1_167' title='bbox 2755 1178 3037 1234; x_wconf 86' lang='lat' dir='ltr'><strong>vocabulis</strong></span> <span class='ocrx_word' id='word_1_168' title='bbox 3083 1179 3135 1232; x_wconf 92' lang='lat' dir='ltr'><strong>in</strong></span> <span class='ocrx_word' id='word_1_169' title='bbox 3167 1180 3450 1248; x_wconf 89' lang='lat' dir='ltr'><strong>gentilium</strong></span> 
     </span>
    </p>
   </div>
   <div class='ocr_carea' id='block_1_26' title="bbox 1889 1268 3450 1341">
    <p class='ocr_par' dir='ltr' id='par_1_26' title="bbox 1889 1268 3450 1341">
     <span class='ocr_line' id='line_1_26' title="bbox 1889 1268 3450 1341; baseline 0.001 -17"><span class='ocrx_word' id='word_1_170' title='bbox 1889 1270 2062 1325; x_wconf 89' lang='lat' dir='ltr'><strong>sacris</strong></span> <span class='ocrx_word' id='word_1_171' title='bbox 2112 1269 2371 1325; x_wconf 91' lang='lat' dir='ltr'><strong>adhibitis</strong></span> <span class='ocrx_word' id='word_1_172' title='bbox 2418 1271 2719 1326; x_wconf 90' lang='lat' dir='ltr'><strong>tribuerent</strong></span> <span class='ocrx_word' id='word_1_173' title='bbox 2749 1270 3072 1341; x_wconf 68' lang='lat' dir='ltr'><strong>Pythagora:</strong></span> <span class='ocrx_word' id='word_1_174' title='bbox 3123 1279 3176 1324; x_wconf 91' lang='lat' dir='ltr'><strong>et</strong></span> <span class='ocrx_word' id='word_1_175' title='bbox 3211 1268 3450 1326; x_wconf 85' lang='lat' dir='ltr'><strong>Platonis</strong></span> 
     </span>
    </p>
   </div>
   <div class='ocr_carea' id='block_1_27' title="bbox 1891 1358 3450 1431">
    <p class='ocr_par' dir='ltr' id='par_1_27' title="bbox 1891 1358 3450 1431">
     <span class='ocr_line' id='line_1_27' title="bbox 1891 1358 3450 1431; baseline 0 -17"><span class='ocrx_word' id='word_1_176' title='bbox 1891 1358 2170 1428; x_wconf 89' lang='lat' dir='ltr'><strong>discipuli,</strong></span> <span class='ocrx_word' id='word_1_177' title='bbox 2202 1367 2388 1414; x_wconf 92' lang='lat' dir='ltr'><strong>notum</strong></span> <span class='ocrx_word' id='word_1_178' title='bbox 2422 1368 2504 1414; x_wconf 86' lang='lat' dir='ltr'><strong>est</strong></span> <span class='ocrx_word' id='word_1_179' title='bbox 2533 1374 2601 1414; x_wconf 82' lang='lat' dir='ltr'><strong>ex</strong></span> <span class='ocrx_word' id='word_1_180' title='bbox 2627 1360 2914 1431; x_wconf 86' lang='lat' dir='ltr'><strong>Porphyrii</strong></span> <span class='ocrx_word' id='word_1_181' title='bbox 2939 1360 3162 1428; x_wconf 87' lang='lat' dir='ltr'><strong>epistola</strong></span> <span class='ocrx_word' id='word_1_182' title='bbox 3199 1361 3266 1414; x_wconf 88' lang='lat' dir='ltr'><strong>ad</strong></span> <span class='ocrx_word' id='word_1_183' title='bbox 3306 1361 3450 1414; x_wconf 81' lang='lat' dir='ltr'><strong>Ane-</strong></span> 
     </span>
    </p>
   </div>
   <div class='ocr_carea' id='block_1_28' title="bbox 1887 1450 3450 1521">
    <p class='ocr_par' dir='ltr' id='par_1_28' title="bbox 1887 1450 3450 1521">
     <span class='ocr_line' id='line_1_28' title="bbox 1887 1450 3450 1521; baseline 0 -14"><span class='ocrx_word' id='word_1_184' title='bbox 1887 1453 2106 1517; x_wconf 88' lang='lat' dir='ltr'><strong>boncm,</strong></span> <span class='ocrx_word' id='word_1_185' title='bbox 2133 1461 2187 1505; x_wconf 90' lang='lat' dir='ltr'><strong>et</strong></span> <span class='ocrx_word' id='word_1_186' title='bbox 2213 1450 2532 1511; x_wconf 85' lang='lat' dir='ltr'><strong>Jamblicho,</strong></span> <span class='ocrx_word' id='word_1_187' title='bbox 2554 1462 2690 1506; x_wconf 89' lang='lat' dir='ltr'><strong>sect.</strong></span> <span class='ocrx_word' id='word_1_188' title='bbox 2733 1466 2829 1516; x_wconf 83' lang='lat' dir='ltr'><strong>vn,</strong></span> <span class='ocrx_word' id='word_1_189' title='bbox 2855 1465 2973 1521; x_wconf 89' lang='lat' dir='ltr'><strong>cap.</strong></span> <span class='ocrx_word' id='word_1_190' title='bbox 2996 1451 3030 1504; x_wconf 72' lang='grc'>4</span> <span class='ocrx_word' id='word_1_191' title='bbox 3072 1459 3126 1505; x_wconf 91' lang='lat' dir='ltr'><strong>et</strong></span> <span class='ocrx_word' id='word_1_192' title='bbox 3158 1451 3209 1517; x_wconf 84' lang='lat'><strong>5,</strong></span> <span class='ocrx_word' id='word_1_193' title='bbox 3237 1461 3294 1505; x_wconf 93' lang='lat' dir='ltr'><strong>ut</strong></span> <span class='ocrx_word' id='word_1_194' title='bbox 3313 1451 3450 1507; x_wconf 83' lang='lat' dir='ltr'><strong>alios</strong></span> 
     </span>
    </p>
   </div>
   <div class='ocr_carea' id='block_1_29' title="bbox 1886 1539 3450 1610">
    <p class='ocr_par' dir='ltr' id='par_1_29' title="bbox 1886 1539 3450 1610">
     <span class='ocr_line' id='line_1_29' title="bbox 1886 1539 3450 1610; baseline 0.001 -15"><span class='ocrx_word' id='word_1_195' title='bbox 1886 1549 2116 1597; x_wconf 83' lang='lat' dir='ltr'><strong>taceam.</strong></span> <span class='ocrx_word' id='word_1_196' title='bbox 2142 1541 2216 1595; x_wconf 87' lang='lat' dir='ltr'><strong>Ea</strong></span> <span class='ocrx_word' id='word_1_197' title='bbox 2249 1539 2926 1609; x_wconf 87' lang='lat' dir='ltr'><strong>licetmortalibusignota,</strong></span> <span class='ocrx_word' id='word_1_198' title='bbox 2955 1555 3115 1596; x_wconf 91' lang='lat' dir='ltr'><strong>sensu</strong></span> <span class='ocrx_word' id='word_1_199' title='bbox 3131 1540 3450 1610; x_wconf 85' lang='lat' dir='ltr'><strong>pler-umque</strong></span> 
     </span>
    </p>
   </div>
   <div class='ocr_carea' id='block_1_30' title="bbox 1887 1632 3446 1701">
    <p class='ocr_par' dir='ltr' id='par_1_30' title="bbox 1887 1632 3446 1701">
     <span class='ocr_line' id='line_1_30' title="bbox 1887 1632 3446 1701; baseline 0.001 -16"><span class='ocrx_word' id='word_1_200' title='bbox 1887 1650 2076 1700; x_wconf 87' lang='lat' dir='ltr'><strong>vacua,</strong></span> <span class='ocrx_word' id='word_1_201' title='bbox 2111 1643 2164 1688; x_wconf 91' lang='lat' dir='ltr'><strong>et</strong></span> <span class='ocrx_word' id='word_1_202' title='bbox 2199 1632 2595 1701; x_wconf 79' lang='lat' dir='ltr'><strong>significatione</strong></span> <span class='ocrx_word' id='word_1_203' title='bbox 2634 1647 2814 1697; x_wconf 84' lang='lat' dir='ltr'><strong>cassa,</strong></span> <span class='ocrx_word' id='word_1_204' title='bbox 2863 1647 2977 1701; x_wconf 85' lang='lat' dir='ltr'><strong>prae</strong></span> <span class='ocrx_word' id='word_1_205' title='bbox 3016 1633 3224 1687; x_wconf 79' lang='lat' dir='ltr'><strong>cteteris</strong></span> <span class='ocrx_word' id='word_1_206' title='bbox 3267 1642 3446 1688; x_wconf 88' lang='lat' dir='ltr'><strong>tamen</strong></span> 
     </span>
    </p>
   </div>
   <div class='ocr_carea' id='block_1_31' title="bbox 1887 1724 3446 1795">
    <p class='ocr_par' dir='ltr' id='par_1_31' title="bbox 1887 1724 3446 1795">
     <span class='ocr_line' id='line_1_31' title="bbox 1887 1724 3446 1795; baseline -0.002 -13"><span class='ocrx_word' id='word_1_207' title='bbox 1887 1728 2173 1782; x_wconf 87' lang='lat' dir='ltr'><strong>convenire</strong></span> <span class='ocrx_word' id='word_1_208' title='bbox 2190 1725 2387 1780; x_wconf 86' lang='lat' dir='ltr'><strong>divinis</strong></span> <span class='ocrx_word' id='word_1_209' title='bbox 2413 1724 2835 1779; x_wconf 79' lang='lat' dir='ltr'><strong>existimabant:</strong></span> <span class='ocrx_word' id='word_1_210' title='bbox 2866 1734 2976 1778; x_wconf 92' lang='lat' dir='ltr'><strong>tum</strong></span> <span class='ocrx_word' id='word_1_211' title='bbox 2993 1725 3136 1793; x_wconf 81' lang='lat' dir='ltr'><strong>quod</strong></span> <span class='ocrx_word' id='word_1_212' title='bbox 3157 1727 3207 1778; x_wconf 88' lang='lat' dir='ltr'><strong>in</strong></span> <span class='ocrx_word' id='word_1_213' title='bbox 3227 1725 3446 1795; x_wconf 83' lang='lat' dir='ltr'><strong>Assyria</strong></span> 
     </span>
    </p>
   </div>
   <div class='ocr_carea' id='block_1_32' title="bbox 224 1797 3444 1900">
    <p class='ocr_par' dir='ltr' id='par_1_32' title="bbox 224 1797 3444 1900">
     <span class='ocr_line' id='line_1_32' title="bbox 224 1797 3444 1900; baseline -0.002 -18"><span class='ocrx_word' id='word_1_214' title='bbox 224 1843 341 1882; x_wconf 90' lang='lat' dir='ltr'><strong>cem</strong></span> <span class='ocrx_word' id='word_1_215' title='bbox 383 1830 632 1900; x_wconf 86' lang='lat' dir='ltr'><strong>attigisse</strong></span> <span class='ocrx_word' id='word_1_216' title='bbox 667 1797 1063 1885; x_wconf 73' lang='lat' dir='ltr'><strong>censebantur:</strong></span> <span class='ocrx_word' id='word_1_217' title='bbox 1096 1831 1178 1885; x_wconf 91' lang='lat' dir='ltr'><strong>sic</strong></span> <span class='ocrx_word' id='word_1_218' title='bbox 1213 1838 1270 1884; x_wconf 89' lang='lat' dir='ltr'><strong>et</strong></span> <span class='ocrx_word' id='word_1_219' title='bbox 1307 1797 1448 1899; x_wconf 76' lang='lat' dir='ltr'><strong>apud</strong></span> <span class='ocrx_word' id='word_1_220' title='bbox 1491 1797 1785 1883; x_wconf 78' lang='lat' dir='ltr'><strong>Marcosios</strong></span> <span class='ocrx_word' id='word_1_221' title='bbox 1815 1797 1861 1857; x_wconf 75' lang='grc' dir='ltr'>Β</span> <span class='ocrx_word' id='word_1_222' title='bbox 1889 1831 1942 1877; x_wconf 84' lang='lat' dir='ltr'><strong>et</strong></span> <span class='ocrx_word' id='word_1_223' title='bbox 1982 1820 2213 1892; x_wconf 67' lang='lat' dir='ltr'><strong>Egypto</strong></span> <span class='ocrx_word' id='word_1_224' title='bbox 2245 1821 2451 1900; x_wconf 88' lang='lat' dir='ltr'><strong>pridem</strong></span> <span class='ocrx_word' id='word_1_225' title='bbox 2503 1829 2781 1887; x_wconf 88' lang='lat' dir='ltr'><strong>usurpata,</strong></span> <span class='ocrx_word' id='word_1_226' title='bbox 2814 1820 2902 1873; x_wconf 90' lang='lat' dir='ltr'><strong>ubi</strong></span> <span class='ocrx_word' id='word_1_227' title='bbox 2938 1821 3170 1889; x_wconf 90' lang='lat' dir='ltr'><strong>primum</strong></span> <span class='ocrx_word' id='word_1_228' title='bbox 3217 1822 3444 1876; x_wconf 90' lang='lat' dir='ltr'><strong>deorum</strong></span> 
     </span>
    </p>
   </div>
   <div class='ocr_carea' id='block_1_33' title="bbox 222 1921 1783 1994">
    <p class='ocr_par' dir='ltr' id='par_1_33' title="bbox 222 1921 1783 1994">
     <span class='ocr_line' id='line_1_33' title="bbox 222 1921 1783 1994; baseline 0.003 -20"><span class='ocrx_word' id='word_1_229' title='bbox 222 1921 313 1991; x_wconf 90' lang='lat' dir='ltr'><strong>qui</strong></span> <span class='ocrx_word' id='word_1_230' title='bbox 335 1921 723 1994; x_wconf 88' lang='lat' dir='ltr'><strong>redemptionis</strong></span> <span class='ocrx_word' id='word_1_231' title='bbox 741 1923 929 1977; x_wconf 88' lang='lat' dir='ltr'><strong>ritibus</strong></span> <span class='ocrx_word' id='word_1_232' title='bbox 953 1921 1116 1978; x_wconf 90' lang='lat' dir='ltr'><strong>semel</strong></span> <span class='ocrx_word' id='word_1_233' title='bbox 1141 1922 1435 1979; x_wconf 83' lang='lat' dir='ltr'><strong>defunctus</strong></span> <span class='ocrx_word' id='word_1_234' title='bbox 1459 1940 1783 1979; x_wconf 90' lang='lat' dir='ltr'><strong>arcanorum</strong></span> 
     </span>
    </p>
   </div>
   <div class='ocr_carea' id='block_1_34' title="bbox 224 2016 1783 2080">
    <p class='ocr_par' dir='ltr' id='par_1_34' title="bbox 224 2016 1783 2080">
     <span class='ocr_line' id='line_1_34' title="bbox 224 2016 1783 2080; baseline 0.003 -12"><span class='ocrx_word' id='word_1_235' title='bbox 224 2024 387 2068; x_wconf 67' lang='lat' dir='ltr'><strong>sectae</strong></span> <span class='ocrx_word' id='word_1_236' title='bbox 404 2016 662 2071; x_wconf 86' lang='lat' dir='ltr'><strong>conscius</strong></span> <span class='ocrx_word' id='word_1_237' title='bbox 686 2016 860 2072; x_wconf 66' lang='lat' dir='ltr'><strong>factus</strong></span> <span class='ocrx_word' id='word_1_238' title='bbox 890 2016 1088 2080; x_wconf 81' lang='lat' dir='ltr'><strong>fuerat,</strong></span> <span class='ocrx_word' id='word_1_239' title='bbox 1113 2016 1178 2070; x_wconf 93' lang='lat' dir='ltr'><strong>ad</strong></span> <span class='ocrx_word' id='word_1_240' title='bbox 1200 2016 1548 2080; x_wconf 82' lang='lat' dir='ltr'><strong>perfectionis</strong></span> <span class='ocrx_word' id='word_1_241' title='bbox 1571 2019 1783 2073; x_wconf 89' lang='lat' dir='ltr'><strong>culmen</strong></span> 
     </span>
    </p>
   </div>
   <div class='ocr_carea' id='block_1_35' title="bbox 223 2108 1786 2168">
    <p class='ocr_par' dir='ltr' id='par_1_35' title="bbox 223 2108 1786 2168">
     <span class='ocr_line' id='line_1_35' title="bbox 223 2108 1786 2168; baseline 0.003 -8"><span class='ocrx_word' id='word_1_242' title='bbox 223 2116 448 2161; x_wconf 82' lang='lat' dir='ltr'><strong>evectus</strong></span> <span class='ocrx_word' id='word_1_243' title='bbox 473 2108 904 2164; x_wconf 82' lang='lat' dir='ltr'><strong>existimabatur.</strong></span> <span class='ocrx_word' id='word_1_244' title='bbox 927 2111 1063 2166; x_wconf 84' lang='lat' dir='ltr'><strong>Hinc</strong></span> <span class='ocrx_word' id='word_1_245' title='bbox 1087 2113 1415 2168; x_wconf 90' lang='lat' dir='ltr'><strong>initiationes</strong></span> <span class='ocrx_word' id='word_1_246' title='bbox 1431 2111 1670 2166; x_wconf 87' lang='lat' dir='ltr'><strong>ethnicis</strong></span> <span class='ocrx_word' id='word_1_247' title='bbox 1704 2110 1786 2164; x_wconf 92' lang='lat' dir='ltr'><strong>di-</strong></span> 
     </span>
    </p>
   </div>
   <div class='ocr_carea' id='block_1_36' title="bbox 219 2198 1778 2270">
    <p class='ocr_par' dir='ltr' id='par_1_36' title="bbox 219 2198 1778 2270">
     <span class='ocr_line' id='line_1_36' title="bbox 219 2198 1778 2270; baseline 0.003 -19"><span class='ocrx_word' id='word_1_248' title='bbox 219 2208 323 2252; x_wconf 68' lang='lat' dir='ltr'><strong>ctae</strong></span> <span class='ocrx_word' id='word_1_249' title='bbox 339 2198 573 2267; x_wconf 73' lang='grc' dir='ltr'><strong>τελεταὶ,</strong></span> <span class='ocrx_word' id='word_1_250' title='bbox 608 2201 732 2270; x_wconf 90' lang='lat' dir='ltr'><strong>quia</strong></span> <span class='ocrx_word' id='word_1_251' title='bbox 760 2201 1150 2269; x_wconf 61' lang='lat' dir='ltr'><strong>perfectionem</strong></span> <span class='ocrx_word' id='word_1_252' title='bbox 1175 2203 1370 2258; x_wconf 77' lang='lat' dir='ltr'><strong>afferre</strong></span> <span class='ocrx_word' id='word_1_253' title='bbox 1395 2203 1778 2268; x_wconf 88' lang='lat' dir='ltr'><strong>credebantur;</strong></span> 
     </span>
    </p>
   </div>
   <div class='ocr_carea' id='block_1_37' title="bbox 219 2287 1781 2364">
    <p class='ocr_par' dir='ltr' id='par_1_37' title="bbox 219 2287 1781 2364">
     <span class='ocr_line' id='line_1_37' title="bbox 219 2287 1781 2364; baseline 0.004 -22"><span class='ocrx_word' id='word_1_254' title='bbox 219 2287 500 2346; x_wconf 74' lang='lat' dir='ltr'><strong>Marcosiis</strong></span> <span class='ocrx_word' id='word_1_255' title='bbox 544 2306 673 2346; x_wconf 87' lang='lat' dir='ltr'><strong>vero</strong></span> <span class='ocrx_word' id='word_1_256' title='bbox 722 2291 1142 2363; x_wconf 81' lang='grc' dir='ltr'>ἀπολυτρώσεις,</span> <span class='ocrx_word' id='word_1_257' title='bbox 1197 2298 1337 2364; x_wconf 91' lang='lat' dir='ltr'><strong>quod</strong></span> <span class='ocrx_word' id='word_1_258' title='bbox 1393 2296 1664 2350; x_wconf 88' lang='lat' dir='ltr'><strong>hominem</strong></span> <span class='ocrx_word' id='word_1_259' title='bbox 1714 2295 1781 2349; x_wconf 92' lang='lat' dir='ltr'><strong>ab</strong></span> 
     </span>
    </p>
   </div>
   <div class='ocr_carea' id='block_1_38' title="bbox 215 2383 1778 2452">
    <p class='ocr_par' dir='ltr' id='par_1_38' title="bbox 215 2383 1778 2452">
     <span class='ocr_line' id='line_1_38' title="bbox 215 2383 1778 2452; baseline 0.005 -19"><span class='ocrx_word' id='word_1_260' title='bbox 215 2383 364 2436; x_wconf 82' lang='lat' dir='ltr'><strong>omni</strong></span> <span class='ocrx_word' id='word_1_261' title='bbox 408 2383 760 2438; x_wconf 88' lang='lat' dir='ltr'><strong>mortalitatis</strong></span> <span class='ocrx_word' id='word_1_262' title='bbox 797 2383 949 2449; x_wconf 56' lang='lat' dir='ltr'><strong>face,</strong></span> <span class='ocrx_word' id='word_1_263' title='bbox 982 2395 1036 2440; x_wconf 92' lang='lat' dir='ltr'><strong>et</strong></span> <span class='ocrx_word' id='word_1_264' title='bbox 1073 2386 1544 2452; x_wconf 89' lang='lat' dir='ltr'><strong>imperfectionum</strong></span> <span class='ocrx_word' id='word_1_265' title='bbox 1591 2387 1778 2441; x_wconf 86' lang='lat' dir='ltr'><strong>radice</strong></span> 
     </span>
    </p>
   </div>
   <div class='ocr_carea' id='block_1_39' title="bbox 215 2472 1776 2545">
    <p class='ocr_par' dir='ltr' id='par_1_39' title="bbox 215 2472 1776 2545">
     <span class='ocr_line' id='line_1_39' title="bbox 215 2472 1776 2545; baseline 0.002 -17"><span class='ocrx_word' id='word_1_266' title='bbox 215 2472 555 2542; x_wconf 74' lang='lat' dir='ltr'><strong>ignorantia,</strong></span> <span class='ocrx_word' id='word_1_267' title='bbox 585 2473 904 2531; x_wconf 89' lang='lat' dir='ltr'><strong>liberarent.</strong></span> <span class='ocrx_word' id='word_1_268' title='bbox 938 2476 1165 2531; x_wconf 88' lang='lat' dir='ltr'><strong>Easdem</strong></span> <span class='ocrx_word' id='word_1_269' title='bbox 1192 2477 1300 2530; x_wconf 87' lang='lat' dir='ltr'><strong>suis</strong></span> <span class='ocrx_word' id='word_1_270' title='bbox 1337 2475 1658 2545; x_wconf 84' lang='lat' dir='ltr'><strong>frequenter</strong></span> <span class='ocrx_word' id='word_1_271' title='bbox 1692 2478 1776 2531; x_wconf 84' lang='lat' dir='ltr'><strong>in-</strong></span> 
     </span>
    </p>
   </div>
   <div class='ocr_carea' id='block_1_40' title="bbox 217 2564 1779 2639">
    <p class='ocr_par' dir='ltr' id='par_1_40' title="bbox 217 2564 1779 2639">
     <span class='ocr_line' id='line_1_40' title="bbox 217 2564 1779 2639; baseline 0.003 -21"><span class='ocrx_word' id='word_1_272' title='bbox 217 2564 512 2621; x_wconf 88' lang='lat' dir='ltr'><strong>culcabant</strong></span> <span class='ocrx_word' id='word_1_273' title='bbox 530 2564 820 2633; x_wconf 83' lang='lat' dir='ltr'><strong>Platonici,</strong></span> <span class='ocrx_word' id='word_1_274' title='bbox 855 2583 953 2623; x_wconf 88' lang='lat' dir='ltr'><strong>ceu</strong></span> <span class='ocrx_word' id='word_1_275' title='bbox 988 2570 1052 2624; x_wconf 92' lang='lat' dir='ltr'><strong>ad</strong></span> <span class='ocrx_word' id='word_1_276' title='bbox 1077 2570 1271 2623; x_wconf 71' lang='lat' dir='ltr'><strong>animae</strong></span> <span class='ocrx_word' id='word_1_277' title='bbox 1291 2571 1664 2639; x_wconf 88' lang='lat' dir='ltr'><strong>purgationem</strong></span> <span class='ocrx_word' id='word_1_278' title='bbox 1691 2584 1779 2639; x_wconf 90' lang='lat' dir='ltr'><strong>ap-</strong></span> 
     </span>
    </p>
   </div>
   <div class='ocr_carea' id='block_1_41' title="bbox 214 2657 1776 2733">
    <p class='ocr_par' dir='ltr' id='par_1_41' title="bbox 214 2657 1776 2733">
     <span class='ocr_line' id='line_1_41' title="bbox 214 2657 1776 2733; baseline 0.003 -22"><span class='ocrx_word' id='word_1_279' title='bbox 214 2657 388 2727; x_wconf 87' lang='lat' dir='ltr'><strong>prime</strong></span> <span class='ocrx_word' id='word_1_280' title='bbox 437 2661 800 2716; x_wconf 86' lang='lat' dir='ltr'><strong>nccessarias:</strong></span> <span class='ocrx_word' id='word_1_281' title='bbox 837 2671 1102 2730; x_wconf 83' lang='lat' dir='ltr'><strong>quatenus</strong></span> <span class='ocrx_word' id='word_1_282' title='bbox 1133 2662 1401 2733; x_wconf 90' lang='lat' dir='ltr'><strong>religiosis</strong></span> <span class='ocrx_word' id='word_1_283' title='bbox 1446 2663 1662 2729; x_wconf 87' lang='lat' dir='ltr'><strong>ritibus,</strong></span> <span class='ocrx_word' id='word_1_284' title='bbox 1719 2673 1776 2716; x_wconf 93' lang='lat' dir='ltr'><strong>ut</strong></span> 
     </span>
    </p>
   </div>
   <div class='ocr_carea' id='block_1_42' title="bbox 214 2751 1775 2823">
    <p class='ocr_par' dir='ltr' id='par_1_42' title="bbox 214 2751 1775 2823">
     <span class='ocr_line' id='line_1_42' title="bbox 214 2751 1775 2823; baseline 0.004 -19"><span class='ocrx_word' id='word_1_285' title='bbox 214 2751 505 2817; x_wconf 83' lang='lat' dir='ltr'><strong>vocabant,</strong></span> <span class='ocrx_word' id='word_1_286' title='bbox 537 2761 830 2821; x_wconf 78' lang='lat' dir='ltr'><strong>expurgata</strong></span> <span class='ocrx_word' id='word_1_287' title='bbox 858 2754 1063 2816; x_wconf 92' lang='lat' dir='ltr'><strong>anima,</strong></span> <span class='ocrx_word' id='word_1_288' title='bbox 1093 2765 1212 2823; x_wconf 88' lang='lat' dir='ltr'><strong>apta</strong></span> <span class='ocrx_word' id='word_1_289' title='bbox 1263 2756 1521 2809; x_wconf 85' lang='lat' dir='ltr'><strong>evaderet</strong></span> <span class='ocrx_word' id='word_1_290' title='bbox 1559 2757 1626 2810; x_wconf 92' lang='lat' dir='ltr'><strong>ad</strong></span> <span class='ocrx_word' id='word_1_291' title='bbox 1646 2753 1775 2810; x_wconf 90' lang='lat' dir='ltr'><strong>deos</strong></span> 
     </span>
    </p>
   </div>
   <div class='ocr_carea' id='block_1_43' title="bbox 212 2842 1774 2918">
    <p class='ocr_par' dir='ltr' id='par_1_43' title="bbox 212 2842 1774 2918">
     <span class='ocr_line' id='line_1_43' title="bbox 212 2842 1774 2918; baseline 0.005 -23"><span class='ocrx_word' id='word_1_292' title='bbox 212 2842 585 2910; x_wconf 86' lang='lat' dir='ltr'><strong>suscipiendos</strong></span> <span class='ocrx_word' id='word_1_293' title='bbox 613 2843 956 2914; x_wconf 68' lang='lat' dir='ltr'><strong>fatidicmque</strong></span> <span class='ocrx_word' id='word_1_294' title='bbox 982 2861 1165 2900; x_wconf 92' lang='lat' dir='ltr'><strong>eorum</strong></span> <span class='ocrx_word' id='word_1_295' title='bbox 1191 2847 1473 2914; x_wconf 89' lang='lat' dir='ltr'><strong>potestatis</strong></span> <span class='ocrx_word' id='word_1_296' title='bbox 1505 2848 1774 2918; x_wconf 85' lang='lat' dir='ltr'><strong>particeps</strong></span> 
     </span>
    </p>
   </div>
   <div class='ocr_carea' id='block_1_44' title="bbox 213 2935 1772 3006">
    <p class='ocr_par' dir='ltr' id='par_1_44' title="bbox 213 2935 1772 3006">
     <span class='ocr_line' id='line_1_44' title="bbox 213 2935 1772 3006; baseline 0.003 -16"><span class='ocrx_word' id='word_1_297' title='bbox 213 2935 388 2991; x_wconf 81' lang='lat' dir='ltr'><strong>fieret.</strong></span> <span class='ocrx_word' id='word_1_298' title='bbox 410 2935 647 3006; x_wconf 84' lang='lat' dir='ltr'><strong>Legatur</strong></span> <span class='ocrx_word' id='word_1_299' title='bbox 674 2938 1034 3001; x_wconf 83' lang='lat' dir='ltr'><strong>Jamblichus.</strong></span> <span class='ocrx_word' id='word_1_300' title='bbox 1057 2950 1188 2995; x_wconf 81' lang='lat' dir='ltr'><strong>seet.</strong></span> <span class='ocrx_word' id='word_1_301' title='bbox 1217 2955 1299 3004; x_wconf 83' lang='grc' dir='ltr'><strong>ιιι,</strong></span> <span class='ocrx_word' id='word_1_302' title='bbox 1319 2955 1350 2993; x_wconf 92' lang='lat' dir='ltr'><strong>v</strong></span> <span class='ocrx_word' id='word_1_303' title='bbox 1375 2949 1429 2994; x_wconf 91' lang='lat' dir='ltr'><strong>et</strong></span> <span class='ocrx_word' id='word_1_304' title='bbox 1453 2956 1504 2996; x_wconf 69' lang='grc' dir='ltr'><strong>κ.</strong></span> <span class='ocrx_word' id='word_1_305' title='bbox 1528 2939 1633 2994; x_wconf 86' lang='lat' dir='ltr'><strong>Sed</strong></span> <span class='ocrx_word' id='word_1_306' title='bbox 1662 2943 1772 2995; x_wconf 84' lang='lat' dir='ltr'><strong>sic-</strong></span> 
     </span>
    </p>
   </div>
   <div class='ocr_carea' id='block_1_45' title="bbox 213 3024 1770 3100">
    <p class='ocr_par' dir='ltr' id='par_1_45' title="bbox 213 3024 1770 3100">
     <span class='ocr_line' id='line_1_45' title="bbox 213 3024 1770 3100; baseline 0.006 -22"><span class='ocrx_word' id='word_1_307' title='bbox 213 3024 286 3079; x_wconf 90' lang='lat' dir='ltr'><strong>uti</strong></span> <span class='ocrx_word' id='word_1_308' title='bbox 333 3041 398 3081; x_wconf 81' lang='lat' dir='ltr'><strong>es</strong></span> <span class='ocrx_word' id='word_1_309' title='bbox 449 3027 713 3084; x_wconf 71' lang='lat' dir='ltr'><strong>haereticis</strong></span> <span class='ocrx_word' id='word_1_310' title='bbox 771 3028 938 3099; x_wconf 87' lang='lat' dir='ltr'><strong>aliqui</strong></span> <span class='ocrx_word' id='word_1_311' title='bbox 975 3031 1156 3084; x_wconf 86' lang='lat' dir='ltr'><strong>divina</strong></span> <span class='ocrx_word' id='word_1_312' title='bbox 1210 3031 1466 3100; x_wconf 85' lang='lat' dir='ltr'><strong>mysteria</strong></span> <span class='ocrx_word' id='word_1_313' title='bbox 1519 3045 1618 3098; x_wconf 89' lang='lat' dir='ltr'><strong>per</strong></span> <span class='ocrx_word' id='word_1_314' title='bbox 1683 3048 1770 3090; x_wconf 89' lang='lat' dir='ltr'><strong>res</strong></span> 
     </span>
    </p>
   </div>
   <div class='ocr_carea' id='block_1_46' title="bbox 1888 1896 3444 1986">
    <p class='ocr_par' dir='ltr' id='par_1_46' title="bbox 1888 1896 3444 1986">
     <span class='ocr_line' id='line_1_46' title="bbox 1888 1896 3444 1986; baseline -0.002 -16"><span class='ocrx_word' id='word_1_315' title='bbox 1888 1915 2067 1970; x_wconf 89' lang='lat' dir='ltr'><strong>cultus</strong></span> <span class='ocrx_word' id='word_1_316' title='bbox 2095 1896 2345 1980; x_wconf 65' lang='lat' dir='ltr'><strong>eﬂloruif,</strong></span> <span class='ocrx_word' id='word_1_317' title='bbox 2379 1917 2571 1986; x_wconf 89' lang='lat' dir='ltr'><strong>hisque</strong></span> <span class='ocrx_word' id='word_1_318' title='bbox 2620 1917 2797 1984; x_wconf 84' lang='lat' dir='ltr'><strong>majus</strong></span> <span class='ocrx_word' id='word_1_319' title='bbox 2844 1929 2907 1969; x_wconf 91' lang='lat' dir='ltr'><strong>ac</strong></span> <span class='ocrx_word' id='word_1_320' title='bbox 2955 1913 3444 1982; x_wconf 87' lang='lat' dir='ltr'><strong>frequentius-cum</strong></span> 
     </span>
    </p>
   </div>
   <div class='ocr_carea' id='block_1_47' title="bbox 1889 2009 3445 2074">
    <p class='ocr_par' dir='ltr' id='par_1_47' title="bbox 1889 2009 3445 2074">
     <span class='ocr_line' id='line_1_47' title="bbox 1889 2009 3445 2074; baseline 0.001 -14"><span class='ocrx_word' id='word_1_321' title='bbox 1889 2009 2208 2064; x_wconf 87' lang='lat' dir='ltr'><strong>mortalibus</strong></span> <span class='ocrx_word' id='word_1_322' title='bbox 2267 2009 2580 2064; x_wconf 87' lang='lat' dir='ltr'><strong>intercessit</strong></span> <span class='ocrx_word' id='word_1_323' title='bbox 2629 2010 3049 2074; x_wconf 86' lang='lat' dir='ltr'><strong>commercium,</strong></span> <span class='ocrx_word' id='word_1_324' title='bbox 3103 2023 3164 2062; x_wconf 91' lang='lat' dir='ltr'><strong>ea</strong></span> <span class='ocrx_word' id='word_1_325' title='bbox 3233 2011 3445 2064; x_wconf 59' lang='lat' dir='ltr'><strong>exteris</strong></span> 
     </span>
    </p>
   </div>
   <div class='ocr_carea' id='block_1_48' title="bbox 1885 2100 3442 2172">
    <p class='ocr_par' dir='ltr' id='par_1_48' title="bbox 1885 2100 3442 2172">
     <span class='ocr_line' id='line_1_48' title="bbox 1885 2100 3442 2172; baseline -0.003 -14"><span class='ocrx_word' id='word_1_326' title='bbox 1885 2101 2133 2158; x_wconf 90' lang='lat' dir='ltr'><strong>omnibus</strong></span> <span class='ocrx_word' id='word_1_327' title='bbox 2157 2103 2488 2170; x_wconf 83' lang='lat' dir='ltr'><strong>antiquiora,</strong></span> <span class='ocrx_word' id='word_1_328' title='bbox 2515 2104 2726 2172; x_wconf 89' lang='lat' dir='ltr'><strong>diisque</strong></span> <span class='ocrx_word' id='word_1_329' title='bbox 2761 2104 2971 2157; x_wconf 89' lang='lat' dir='ltr'><strong>notiora</strong></span> <span class='ocrx_word' id='word_1_330' title='bbox 2999 2117 3060 2156; x_wconf 90' lang='lat' dir='ltr'><strong>ac</strong></span> <span class='ocrx_word' id='word_1_331' title='bbox 3088 2100 3442 2156; x_wconf 84' lang='lat' dir='ltr'><strong>familiariora</strong></span> 
     </span>
    </p>
   </div>
   <div class='ocr_carea' id='block_1_49' title="bbox 1885 2194 3440 2265">
    <p class='ocr_par' dir='ltr' id='par_1_49' title="bbox 1885 2194 3440 2265">
     <span class='ocr_line' id='line_1_49' title="bbox 1885 2194 3440 2265; baseline 0 -18"><span class='ocrx_word' id='word_1_332' title='bbox 1885 2209 2005 2248; x_wconf 91' lang='lat' dir='ltr'><strong>esse</strong></span> <span class='ocrx_word' id='word_1_333' title='bbox 2037 2194 2370 2249; x_wconf 79' lang='lat' dir='ltr'><strong>viderentur.</strong></span> <span class='ocrx_word' id='word_1_334' title='bbox 2402 2194 2607 2262; x_wconf 87' lang='lat' dir='ltr'><strong>Quibus</strong></span> <span class='ocrx_word' id='word_1_335' title='bbox 2647 2195 2837 2250; x_wconf 89' lang='lat' dir='ltr'><strong>iisdem</strong></span> <span class='ocrx_word' id='word_1_336' title='bbox 2879 2195 3179 2249; x_wconf 89' lang='lat' dir='ltr'><strong>rationibus</strong></span> <span class='ocrx_word' id='word_1_337' title='bbox 3209 2194 3440 2265; x_wconf 82' lang='lat' dir='ltr'><strong>permoti</strong></span> 
     </span>
    </p>
   </div>
   <div class='ocr_carea' id='block_1_50' title="bbox 1884 2282 3440 2355">
    <p class='ocr_par' dir='ltr' id='par_1_50' title="bbox 1884 2282 3440 2355">
     <span class='ocr_line' id='line_1_50' title="bbox 1884 2282 3440 2355; baseline 0.003 -19"><span class='ocrx_word' id='word_1_338' title='bbox 1884 2283 2160 2349; x_wconf 86' lang='lat' dir='ltr'><strong>Marcosii,</strong></span> <span class='ocrx_word' id='word_1_339' title='bbox 2192 2282 2484 2350; x_wconf 27' lang='lat' dir='ltr'><strong>Hebra‘ica,</strong></span> <span class='ocrx_word' id='word_1_340' title='bbox 2515 2284 2806 2340; x_wconf 89' lang='lat' dir='ltr'><strong>Chaldaica</strong></span> <span class='ocrx_word' id='word_1_341' title='bbox 2837 2294 2892 2339; x_wconf 90' lang='lat' dir='ltr'><strong>et</strong></span> <span class='ocrx_word' id='word_1_342' title='bbox 2925 2285 3153 2355; x_wconf 84' lang='lat' dir='ltr'><strong>Syriaca</strong></span> <span class='ocrx_word' id='word_1_343' title='bbox 3179 2286 3440 2341; x_wconf 83' lang='lat' dir='ltr'><strong>vocabula</strong></span> 
     </span>
    </p>
   </div>
   <div class='ocr_carea' id='block_1_51' title="bbox 1883 2376 3442 2447">
    <p class='ocr_par' dir='ltr' id='par_1_51' title="bbox 1883 2376 3442 2447">
     <span class='ocr_line' id='line_1_51' title="bbox 1883 2376 3442 2447; baseline 0.003 -19"><span class='ocrx_word' id='word_1_344' title='bbox 1883 2376 2004 2430; x_wconf 89' lang='lat' dir='ltr'><strong>aliis</strong></span> <span class='ocrx_word' id='word_1_345' title='bbox 2031 2377 2283 2432; x_wconf 88' lang='lat' dir='ltr'><strong>omnibus</strong></span> <span class='ocrx_word' id='word_1_346' title='bbox 2330 2378 2752 2446; x_wconf 86' lang='lat' dir='ltr'><strong>anteponebant;</strong></span> <span class='ocrx_word' id='word_1_347' title='bbox 2793 2378 2935 2447; x_wconf 89' lang='lat' dir='ltr'><strong>quod</strong></span> <span class='ocrx_word' id='word_1_348' title='bbox 2970 2379 3034 2432; x_wconf 91' lang='lat' dir='ltr'><strong>iis</strong></span> <span class='ocrx_word' id='word_1_349' title='bbox 3061 2379 3299 2432; x_wconf 90' lang='lat' dir='ltr'><strong>omnium</strong></span> <span class='ocrx_word' id='word_1_350' title='bbox 3330 2377 3442 2446; x_wconf 79' lang='lat' dir='ltr'><strong>pri-</strong></span> 
     </span>
    </p>
   </div>
   <div class='ocr_carea' id='block_1_52' title="bbox 1882 2466 3437 2536">
    <p class='ocr_par' dir='ltr' id='par_1_52' title="bbox 1882 2466 3437 2536">
     <span class='ocr_line' id='line_1_52' title="bbox 1882 2466 3437 2536; baseline 0.003 -16"><span class='ocrx_word' id='word_1_351' title='bbox 1882 2466 1982 2520; x_wconf 89' lang='lat' dir='ltr'><strong>mis</strong></span> <span class='ocrx_word' id='word_1_352' title='bbox 2014 2475 2066 2522; x_wconf 91' lang='lat' dir='ltr'><strong>et</strong></span> <span class='ocrx_word' id='word_1_353' title='bbox 2115 2468 2536 2536; x_wconf 88' lang='lat' dir='ltr'><strong>antiquissimis,</strong></span> <span class='ocrx_word' id='word_1_354' title='bbox 2586 2468 2807 2524; x_wconf 90' lang='lat' dir='ltr'><strong>oracula</strong></span> <span class='ocrx_word' id='word_1_355' title='bbox 2846 2483 2941 2522; x_wconf 90' lang='lat' dir='ltr'><strong>sua</strong></span> <span class='ocrx_word' id='word_1_356' title='bbox 2999 2467 3227 2523; x_wconf 87' lang='lat' dir='ltr'><strong>fudisset</strong></span> <span class='ocrx_word' id='word_1_357' title='bbox 3274 2469 3437 2536; x_wconf 90' lang='lat' dir='ltr'><strong>Deus,</strong></span> 
     </span>
    </p>
   </div>
   <div class='ocr_carea' id='block_1_53' title="bbox 1879 2559 3436 2632">
    <p class='ocr_par' dir='ltr' id='par_1_53' title="bbox 1879 2559 3436 2632">
     <span class='ocr_line' id='line_1_53' title="bbox 1879 2559 3436 2632; baseline 0.003 -19"><span class='ocrx_word' id='word_1_358' title='bbox 1879 2574 2052 2629; x_wconf 89' lang='lat' dir='ltr'><strong>caque</strong></span> <span class='ocrx_word' id='word_1_359' title='bbox 2082 2560 2200 2614; x_wconf 89' lang='lat' dir='ltr'><strong>soni</strong></span> <span class='ocrx_word' id='word_1_360' title='bbox 2236 2559 2526 2615; x_wconf 87' lang='lat' dir='ltr'><strong>insolentia</strong></span> <span class='ocrx_word' id='word_1_361' title='bbox 2563 2561 2882 2617; x_wconf 90' lang='lat' dir='ltr'><strong>incutiendo</strong></span> <span class='ocrx_word' id='word_1_362' title='bbox 2922 2561 3298 2631; x_wconf 90' lang='lat' dir='ltr'><strong>imperitorum</strong></span> <span class='ocrx_word' id='word_1_363' title='bbox 3341 2576 3436 2632; x_wconf 83' lang='lat' dir='ltr'><strong>pe-</strong></span> 
     </span>
    </p>
   </div>
   <div class='ocr_carea' id='block_1_54' title="bbox 1879 2652 2844 2722">
    <p class='ocr_par' dir='ltr' id='par_1_54' title="bbox 1879 2652 2844 2722">
     <span class='ocr_line' id='line_1_54' title="bbox 1879 2652 2844 2722; baseline 0 -17"><span class='ocrx_word' id='word_1_364' title='bbox 1879 2652 2117 2706; x_wconf 89' lang='lat' dir='ltr'><strong>ctoribus</strong></span> <span class='ocrx_word' id='word_1_365' title='bbox 2154 2653 2348 2706; x_wconf 88' lang='lat' dir='ltr'><strong>terrori</strong></span> <span class='ocrx_word' id='word_1_366' title='bbox 2384 2655 2594 2722; x_wconf 84' lang='lat' dir='ltr'><strong>aptiora</strong></span> <span class='ocrx_word' id='word_1_367' title='bbox 2640 2662 2844 2708; x_wconf 90' lang='lat' dir='ltr'><strong>essent.</strong></span> 
     </span>
    </p>
   </div>
   <div class='ocr_carea' id='block_1_55' title="bbox 1946 2742 3435 2815">
    <p class='ocr_par' dir='ltr' id='par_1_55' title="bbox 1946 2742 3435 2815">
     <span class='ocr_line' id='line_1_55' title="bbox 1946 2742 3435 2815; baseline 0.001 -18"><span class='ocrx_word' id='word_1_368' title='bbox 1946 2743 2034 2797; x_wconf 81' lang='lat'><strong>95.</strong></span> <span class='ocrx_word' id='word_1_369' title='bbox 2072 2742 2344 2799; x_wconf 87' lang='lat' dir='ltr'><strong>Hactenus</strong></span> <span class='ocrx_word' id='word_1_370' title='bbox 2375 2746 2663 2800; x_wconf 87' lang='lat' dir='ltr'><strong>recensitis</strong></span> <span class='ocrx_word' id='word_1_371' title='bbox 2694 2761 2855 2815; x_wconf 89' lang='lat' dir='ltr'><strong>quam</strong></span> <span class='ocrx_word' id='word_1_372' title='bbox 2889 2756 3146 2801; x_wconf 87' lang='lat' dir='ltr'><strong>accurate</strong></span> <span class='ocrx_word' id='word_1_373' title='bbox 3192 2746 3307 2801; x_wconf 87' lang='lat' dir='ltr'><strong>fieri</strong></span> <span class='ocrx_word' id='word_1_374' title='bbox 3338 2761 3435 2815; x_wconf 87' lang='lat' dir='ltr'><strong>po-</strong></span> 
     </span>
    </p>
   </div>
   <div class='ocr_carea' id='block_1_56' title="bbox 1879 2835 3431 2909">
    <p class='ocr_par' dir='ltr' id='par_1_56' title="bbox 1879 2835 3431 2909">
     <span class='ocr_line' id='line_1_56' title="bbox 1879 2835 3431 2909; baseline 0 -19"><span class='ocrx_word' id='word_1_375' title='bbox 1879 2837 1998 2903; x_wconf 91' lang='lat' dir='ltr'><strong>tuit,</strong></span> <span class='ocrx_word' id='word_1_376' title='bbox 2035 2836 2097 2891; x_wconf 89' lang='lat' dir='ltr'><strong>iis</strong></span> <span class='ocrx_word' id='word_1_377' title='bbox 2117 2852 2253 2906; x_wconf 90' lang='lat' dir='ltr'><strong>quos</strong></span> <span class='ocrx_word' id='word_1_378' title='bbox 2280 2837 2515 2893; x_wconf 83' lang='lat' dir='ltr'><strong>lrenaeus</strong></span> <span class='ocrx_word' id='word_1_379' title='bbox 2546 2835 2836 2893; x_wconf 82' lang='lat' dir='ltr'><strong>Valentino</strong></span> <span class='ocrx_word' id='word_1_380' title='bbox 2871 2839 3060 2893; x_wconf 87' lang='lat' dir='ltr'><strong>tribuit</strong></span> <span class='ocrx_word' id='word_1_381' title='bbox 3116 2837 3392 2909; x_wconf 88' lang='lat' dir='ltr'><strong>discipulis</strong></span> <span class='ocrx_word' id='word_1_382' title='bbox 3413 2880 3431 2904; x_wconf 87' lang='lat'><strong>,</strong></span> 
     </span>
    </p>
   </div>
   <div class='ocr_carea' id='block_1_57' title="bbox 1876 2929 3433 3000">
    <p class='ocr_par' dir='ltr' id='par_1_57' title="bbox 1876 2929 3433 3000">
     <span class='ocr_line' id='line_1_57' title="bbox 1876 2929 3433 3000; baseline 0.001 -16"><span class='ocrx_word' id='word_1_383' title='bbox 1876 2930 1941 2984; x_wconf 88' lang='lat' dir='ltr'><strong>ad</strong></span> <span class='ocrx_word' id='word_1_384' title='bbox 1973 2938 2327 2998; x_wconf 90' lang='lat' dir='ltr'><strong>utrorumque</strong></span> <span class='ocrx_word' id='word_1_385' title='bbox 2358 2929 2646 3000; x_wconf 90' lang='lat' dir='ltr'><strong>magistros</strong></span> <span class='ocrx_word' id='word_1_386' title='bbox 2679 2945 2859 2985; x_wconf 84' lang='lat' dir='ltr'><strong>sermo</strong></span> <span class='ocrx_word' id='word_1_387' title='bbox 2880 2945 2999 2985; x_wconf 93' lang='lat' dir='ltr'><strong>cum</strong></span> <span class='ocrx_word' id='word_1_388' title='bbox 3027 2933 3216 2986; x_wconf 90' lang='lat' dir='ltr'><strong>eodem</strong></span> <span class='ocrx_word' id='word_1_389' title='bbox 3244 2932 3433 2986; x_wconf 64' lang='lat' dir='ltr'><strong>confe~</strong></span> 
     </span>
    </p>
   </div>
   <div class='ocr_carea' id='block_1_58' title="bbox 1875 3021 3430 3094">
    <p class='ocr_par' dir='ltr' id='par_1_58' title="bbox 1875 3021 3430 3094">
     <span class='ocr_line' id='line_1_58' title="bbox 1875 3021 3430 3094; baseline 0.003 -19"><span class='ocrx_word' id='word_1_390' title='bbox 1875 3022 2097 3077; x_wconf 87' lang='lat' dir='ltr'><strong>rendus.</strong></span> <span class='ocrx_word' id='word_1_391' title='bbox 2147 3021 2291 3076; x_wconf 89' lang='lat' dir='ltr'><strong>Nihil</strong></span> <span class='ocrx_word' id='word_1_392' title='bbox 2329 3024 2527 3092; x_wconf 87' lang='lat' dir='ltr'><strong>quippe</strong></span> <span class='ocrx_word' id='word_1_393' title='bbox 2559 3022 2851 3088; x_wconf 79' lang='lat' dir='ltr'><strong>efficacius,</strong></span> <span class='ocrx_word' id='word_1_394' title='bbox 2884 3034 2937 3078; x_wconf 91' lang='lat' dir='ltr'><strong>et</strong></span> <span class='ocrx_word' id='word_1_395' title='bbox 2966 3025 3161 3080; x_wconf 88' lang='lat' dir='ltr'><strong>merito</strong></span> <span class='ocrx_word' id='word_1_396' title='bbox 3188 3025 3430 3094; x_wconf 88' lang='lat' dir='ltr'><strong>quidem,</strong></span> 
     </span>
    </p>
   </div>
   <div class='ocr_carea' id='block_1_59' title="bbox 211 3114 3431 3196">
    <p class='ocr_par' dir='ltr' id='par_1_59' title="bbox 211 3114 3431 3196">
     <span class='ocr_line' id='line_1_59' title="bbox 211 3114 3431 3196; baseline -0.001 -22"><span class='ocrx_word' id='word_1_397' title='bbox 211 3118 438 3173; x_wconf 72' lang='lat' dir='ltr'><strong>sensiles</strong></span> <span class='ocrx_word' id='word_1_398' title='bbox 473 3127 528 3173; x_wconf 90' lang='lat' dir='ltr'><strong>et</strong></span> <span class='ocrx_word' id='word_1_399' title='bbox 558 3133 853 3188; x_wconf 88' lang='lat' dir='ltr'><strong>corporeas</strong></span> <span class='ocrx_word' id='word_1_400' title='bbox 885 3124 1189 3192; x_wconf 84' lang='lat' dir='ltr'><strong>peragenda</strong></span> <span class='ocrx_word' id='word_1_401' title='bbox 1224 3140 1342 3179; x_wconf 89' lang='lat' dir='ltr'><strong>esse</strong></span> <span class='ocrx_word' id='word_1_402' title='bbox 1365 3127 1660 3195; x_wconf 85' lang='lat' dir='ltr'><strong>negabant;</strong></span> <span class='ocrx_word' id='word_1_403' title='bbox 1693 3128 1769 3182; x_wconf 85' lang='lat' dir='ltr'><strong>sic</strong></span> <span class='ocrx_word' id='word_1_404' title='bbox 1797 3133 1841 3196; x_wconf 74' lang='grc' dir='ltr'>ε</span> <span class='ocrx_word' id='word_1_405' title='bbox 1874 3115 1972 3186; x_wconf 89' lang='lat' dir='ltr'><strong>ipsi</strong></span> <span class='ocrx_word' id='word_1_406' title='bbox 2004 3116 2175 3170; x_wconf 92' lang='lat' dir='ltr'><strong>visum</strong></span> <span class='ocrx_word' id='word_1_407' title='bbox 2201 3124 2285 3172; x_wconf 90' lang='lat' dir='ltr'><strong>est</strong></span> <span class='ocrx_word' id='word_1_408' title='bbox 2313 3117 2381 3170; x_wconf 92' lang='lat' dir='ltr'><strong>ad</strong></span> <span class='ocrx_word' id='word_1_409' title='bbox 2408 3114 2909 3172; x_wconf 90' lang='lat' dir='ltr'><strong>Valentinianorum</strong></span> <span class='ocrx_word' id='word_1_410' title='bbox 2942 3119 3212 3172; x_wconf 90' lang='lat' dir='ltr'><strong>insaniam</strong></span> <span class='ocrx_word' id='word_1_411' title='bbox 3247 3129 3431 3174; x_wconf 86' lang='lat' dir='ltr'><strong>retun-</strong></span> 
     </span>
    </p>
   </div>
   <div class='ocr_carea' id='block_1_60' title="bbox 212 3209 1770 3288">
    <p class='ocr_par' dir='ltr' id='par_1_60' title="bbox 212 3209 1770 3288">
     <span class='ocr_line' id='line_1_60' title="bbox 212 3209 1770 3288; baseline 0.007 -27"><span class='ocrx_word' id='word_1_412' title='bbox 212 3209 373 3263; x_wconf 90' lang='lat' dir='ltr'><strong>etiam</strong></span> <span class='ocrx_word' id='word_1_413' title='bbox 407 3225 473 3266; x_wconf 81' lang='lat' dir='ltr'><strong>ex</strong></span> <span class='ocrx_word' id='word_1_414' title='bbox 510 3210 804 3267; x_wconf 88' lang='lat' dir='ltr'><strong>Platonieis</strong></span> <span class='ocrx_word' id='word_1_415' title='bbox 837 3213 1080 3283; x_wconf 90' lang='lat' dir='ltr'><strong>quidam,</strong></span> <span class='ocrx_word' id='word_1_416' title='bbox 1112 3223 1169 3269; x_wconf 92' lang='lat' dir='ltr'><strong>ut</strong></span> <span class='ocrx_word' id='word_1_417' title='bbox 1196 3213 1551 3288; x_wconf 85' lang='lat' dir='ltr'><strong>Porphyrius,</strong></span> <span class='ocrx_word' id='word_1_418' title='bbox 1581 3219 1770 3273; x_wconf 82' lang='lat' dir='ltr'><strong>existi-</strong></span> 
     </span>
    </p>
   </div>
   <div class='ocr_carea' id='block_1_61' title="bbox 210 3299 1767 3374">
    <p class='ocr_par' dir='ltr' id='par_1_61' title="bbox 210 3299 1767 3374">
     <span class='ocr_line' id='line_1_61' title="bbox 210 3299 1767 3374; baseline 0.008 -22"><span class='ocrx_word' id='word_1_419' title='bbox 210 3299 434 3354; x_wconf 86' lang='lat' dir='ltr'><strong>mabant</strong></span> <span class='ocrx_word' id='word_1_420' title='bbox 471 3317 624 3356; x_wconf 89' lang='lat' dir='ltr'><strong>usum</strong></span> <span class='ocrx_word' id='word_1_421' title='bbox 655 3317 838 3357; x_wconf 91' lang='lat' dir='ltr'><strong>rerum</strong></span> <span class='ocrx_word' id='word_1_422' title='bbox 878 3306 1261 3372; x_wconf 89' lang='lat' dir='ltr'><strong>materialium,</strong></span> <span class='ocrx_word' id='word_1_423' title='bbox 1314 3309 1366 3362; x_wconf 91' lang='lat' dir='ltr'><strong>in</strong></span> <span class='ocrx_word' id='word_1_424' title='bbox 1397 3311 1589 3374; x_wconf 87' lang='lat' dir='ltr'><strong>sacris,</strong></span> <span class='ocrx_word' id='word_1_425' title='bbox 1623 3310 1767 3365; x_wconf 91' lang='lat' dir='ltr'><strong>haud</strong></span> 
     </span>
    </p>
   </div>
   <div class='ocr_carea' id='block_1_62' title="bbox 209 3394 1765 3465">
    <p class='ocr_par' dir='ltr' id='par_1_62' title="bbox 209 3394 1765 3465">
     <span class='ocr_line' id='line_1_62' title="bbox 209 3394 1765 3465; baseline 0.009 -21"><span class='ocrx_word' id='word_1_426' title='bbox 209 3404 508 3461; x_wconf 85' lang='lat' dir='ltr'><strong>congruum</strong></span> <span class='ocrx_word' id='word_1_427' title='bbox 543 3408 665 3449; x_wconf 89' lang='lat' dir='ltr'><strong>esse</strong></span> <span class='ocrx_word' id='word_1_428' title='bbox 708 3394 832 3463; x_wconf 87' lang='lat' dir='ltr'><strong>diis,</strong></span> <span class='ocrx_word' id='word_1_429' title='bbox 869 3397 961 3465; x_wconf 91' lang='lat' dir='ltr'><strong>qui</strong></span> <span class='ocrx_word' id='word_1_430' title='bbox 994 3411 1020 3450; x_wconf 90' lang='lat' dir='ltr'><strong>a</strong></span> <span class='ocrx_word' id='word_1_431' title='bbox 1055 3399 1283 3453; x_wconf 84' lang='lat' dir='ltr'><strong>materia</strong></span> <span class='ocrx_word' id='word_1_432' title='bbox 1308 3403 1528 3456; x_wconf 89' lang='lat' dir='ltr'><strong>omnino</strong></span> <span class='ocrx_word' id='word_1_433' title='bbox 1567 3406 1765 3459; x_wconf 89' lang='lat' dir='ltr'><strong>secreti</strong></span> 
     </span>
    </p>
   </div>
   <div class='ocr_carea' id='block_1_63' title="bbox 209 3484 1768 3564">
    <p class='ocr_par' dir='ltr' id='par_1_63' title="bbox 209 3484 1768 3564">
     <span class='ocr_line' id='line_1_63' title="bbox 209 3484 1768 3564; baseline 0.01 -26"><span class='ocrx_word' id='word_1_434' title='bbox 209 3484 496 3539; x_wconf 78' lang='lat' dir='ltr'><strong>exsistunt.</strong></span> <span class='ocrx_word' id='word_1_435' title='bbox 515 3484 570 3539; x_wconf 80' lang='lat' dir='ltr'><strong>id</strong></span> <span class='ocrx_word' id='word_1_436' title='bbox 589 3502 714 3543; x_wconf 89' lang='lat' dir='ltr'><strong>vero</strong></span> <span class='ocrx_word' id='word_1_437' title='bbox 729 3488 827 3541; x_wconf 90' lang='lat' dir='ltr'><strong>sibi</strong></span> <span class='ocrx_word' id='word_1_438' title='bbox 851 3488 918 3543; x_wconf 92' lang='lat' dir='ltr'><strong>de</strong></span> <span class='ocrx_word' id='word_1_439' title='bbox 936 3503 1029 3542; x_wconf 91' lang='lat' dir='ltr'><strong>sua</strong></span> <span class='ocrx_word' id='word_1_440' title='bbox 1051 3491 1418 3560; x_wconf 87' lang='lat' dir='ltr'><strong>redemptione</strong></span> <span class='ocrx_word' id='word_1_441' title='bbox 1434 3498 1768 3564; x_wconf 81' lang='lat' dir='ltr'><strong>spondebant</strong></span> 
     </span>
    </p>
   </div>
   <div class='ocr_carea' id='block_1_64' title="bbox 210 3575 1765 3671">
    <p class='ocr_par' dir='ltr' id='par_1_64' title="bbox 210 3575 1765 3671">
     <span class='ocr_line' id='line_1_64' title="bbox 210 3575 1765 3671; baseline 0.009 -40"><span class='ocrx_word' id='word_1_442' title='bbox 210 3575 480 3641; x_wconf 71' lang='lat' dir='ltr'><strong>Marcosii,</strong></span> <span class='ocrx_word' id='word_1_443' title='bbox 514 3587 574 3632; x_wconf 85' lang='lat' dir='ltr'><strong>ut</strong></span> <span class='ocrx_word' id='word_1_444' title='bbox 607 3594 728 3634; x_wconf 89' lang='lat' dir='ltr'><strong>eum</strong></span> <span class='ocrx_word' id='word_1_445' title='bbox 762 3582 1393 3671; x_wconf 44' lang='lat' dir='ltr'><strong>perfectibnisogradum,</strong></span> <span class='ocrx_word' id='word_1_446' title='bbox 1428 3589 1765 3656; x_wconf 75' lang='lat' dir='ltr'><strong>perfectissi-</strong></span> 
     </span>
    </p>
   </div>
   <div class='ocr_carea' id='block_1_65' title="bbox 209 3669 1761 3752">
    <p class='ocr_par' dir='ltr' id='par_1_65' title="bbox 209 3669 1761 3752">
     <span class='ocr_line' id='line_1_65' title="bbox 209 3669 1761 3752; baseline 0.01 -30"><span class='ocrx_word' id='word_1_447' title='bbox 209 3683 346 3722; x_wconf 87' lang='lat' dir='ltr'><strong>mam</strong></span> <span class='ocrx_word' id='word_1_448' title='bbox 376 3669 626 3725; x_wconf 86' lang='lat' dir='ltr'><strong>videlicet</strong></span> <span class='ocrx_word' id='word_1_449' title='bbox 655 3683 709 3726; x_wconf 90' lang='lat' dir='ltr'><strong>et</strong></span> <span class='ocrx_word' id='word_1_450' title='bbox 735 3677 977 3729; x_wconf 89' lang='lat' dir='ltr'><strong>numeris</strong></span> <span class='ocrx_word' id='word_1_451' title='bbox 1013 3669 1262 3732; x_wconf 79' lang='lat' dir='ltr'><strong>omnibus</strong></span> <span class='ocrx_word' id='word_1_452' title='bbox 1291 3679 1618 3747; x_wconf 89' lang='lat' dir='ltr'><strong>absolutam,</strong></span> <span class='ocrx_word' id='word_1_453' title='bbox 1658 3697 1761 3752; x_wconf 84' lang='lat' dir='ltr'><strong>qua</strong></span> 
     </span>
    </p>
   </div>
   <div class='ocr_carea' id='block_1_66' title="bbox 209 3762 1760 3845">
    <p class='ocr_par' dir='ltr' id='par_1_66' title="bbox 209 3762 1760 3845">
     <span class='ocr_line' id='line_1_66' title="bbox 209 3762 1760 3845; baseline 0.011 -31"><span class='ocrx_word' id='word_1_454' title='bbox 209 3762 316 3816; x_wconf 87' lang='lat' dir='ltr'><strong>sola</strong></span> <span class='ocrx_word' id='word_1_455' title='bbox 341 3771 451 3816; x_wconf 89' lang='lat' dir='ltr'><strong>stat</strong></span> <span class='ocrx_word' id='word_1_456' title='bbox 477 3764 649 3828; x_wconf 89' lang='lat' dir='ltr'><strong>salus,</strong></span> <span class='ocrx_word' id='word_1_457' title='bbox 674 3767 1033 3834; x_wconf 91' lang='lat' dir='ltr'><strong>cognitionem</strong></span> <span class='ocrx_word' id='word_1_458' title='bbox 1068 3770 1356 3827; x_wconf 81' lang='lat' dir='ltr'><strong>ineffabilis</strong></span> <span class='ocrx_word' id='word_1_459' title='bbox 1383 3772 1627 3838; x_wconf 90' lang='lat' dir='ltr'><strong>Virtutis,</strong></span> <span class='ocrx_word' id='word_1_460' title='bbox 1655 3792 1760 3845; x_wconf 90' lang='lat' dir='ltr'><strong>quo</strong></span> 
     </span>
    </p>
   </div>
   <div class='ocr_carea' id='block_1_67' title="bbox 209 3849 1759 3933">
    <p class='ocr_par' dir='ltr' id='par_1_67' title="bbox 209 3849 1759 3933">
     <span class='ocr_line' id='line_1_67' title="bbox 209 3849 1759 3933; baseline 0.012 -29"><span class='ocrx_word' id='word_1_461' title='bbox 209 3866 272 3906; x_wconf 88' lang='lat' dir='ltr'><strong>ne</strong></span> <span class='ocrx_word' id='word_1_462' title='bbox 290 3849 508 3920; x_wconf 88' lang='lat' dir='ltr'><strong>quidem</strong></span> <span class='ocrx_word' id='word_1_463' title='bbox 525 3853 687 3909; x_wconf 75' lang='lat' dir='ltr'><strong>Petro</strong></span> <span class='ocrx_word' id='word_1_464' title='bbox 706 3866 761 3910; x_wconf 91' lang='lat' dir='ltr'><strong>et</strong></span> <span class='ocrx_word' id='word_1_465' title='bbox 787 3856 974 3925; x_wconf 84' lang='lat' dir='ltr'><strong>Paulo,</strong></span> <span class='ocrx_word' id='word_1_466' title='bbox 1020 3871 1112 3915; x_wconf 92' lang='lat' dir='ltr'><strong>aut</strong></span> <span class='ocrx_word' id='word_1_467' title='bbox 1151 3863 1240 3916; x_wconf 87' lang='lat' dir='ltr'><strong>alii</strong></span> <span class='ocrx_word' id='word_1_468' title='bbox 1273 3865 1445 3919; x_wconf 86' lang='lat' dir='ltr'><strong>cuivis</strong></span> <span class='ocrx_word' id='word_1_469' title='bbox 1484 3868 1759 3933; x_wconf 80' lang='lat' dir='ltr'><strong>apostolo-</strong></span> 
     </span>
    </p>
   </div>
   <div class='ocr_carea' id='block_1_68' title="bbox 210 3946 1758 4022">
    <p class='ocr_par' dir='ltr' id='par_1_68' title="bbox 210 3946 1758 4022">
     <span class='ocr_line' id='line_1_68' title="bbox 210 3946 1758 4022; baseline 0.008 -28"><span class='ocrx_word' id='word_1_470' title='bbox 210 3956 320 3996; x_wconf 91' lang='lat' dir='ltr'><strong>rum</strong></span> <span class='ocrx_word' id='word_1_471' title='bbox 342 3946 444 4014; x_wconf 77' lang='lat' dir='ltr'><strong>lsic</strong></span> <span class='ocrx_word' id='word_1_472' title='bbox 467 3947 945 4020; x_wconf 87' lang='lat' dir='ltr'><strong>blasphemabanl)</strong></span> <span class='ocrx_word' id='word_1_473' title='bbox 967 3955 1247 4021; x_wconf 82' lang='lat' dir='ltr'><strong>pervenire.</strong></span> <span class='ocrx_word' id='word_1_474' title='bbox 1265 3953 1345 4009; x_wconf 88' lang='lat' dir='ltr'><strong>fas</strong></span> <span class='ocrx_word' id='word_1_475' title='bbox 1368 3957 1484 4022; x_wconf 83' lang='lat' dir='ltr'><strong>fuit,</strong></span> <span class='ocrx_word' id='word_1_476' title='bbox 1506 3960 1758 4021; x_wconf 80' lang='lat' dir='ltr'><strong>assecuti;</strong></span> 
     </span>
    </p>
   </div>
   <div class='ocr_carea' id='block_1_69' title="bbox 1874 3210 3429 3280">
    <p class='ocr_par' dir='ltr' id='par_1_69' title="bbox 1874 3210 3429 3280">
     <span class='ocr_line' id='line_1_69' title="bbox 1874 3210 3429 3280; baseline 0.001 -17"><span class='ocrx_word' id='word_1_477' title='bbox 1874 3210 2126 3275; x_wconf 86' lang='lat' dir='ltr'><strong>dendam,</strong></span> <span class='ocrx_word' id='word_1_478' title='bbox 2158 3224 2318 3278; x_wconf 86' lang='lat' dir='ltr'><strong>quam</strong></span> <span class='ocrx_word' id='word_1_479' title='bbox 2348 3218 2406 3264; x_wconf 94' lang='lat' dir='ltr'><strong>ut</strong></span> <span class='ocrx_word' id='word_1_480' title='bbox 2437 3210 2692 3266; x_wconf 87' lang='lat' dir='ltr'><strong>infamem</strong></span> <span class='ocrx_word' id='word_1_481' title='bbox 2724 3226 2906 3266; x_wconf 91' lang='lat' dir='ltr'><strong>eorum</strong></span> <span class='ocrx_word' id='word_1_482' title='bbox 2939 3211 3203 3280; x_wconf 89' lang='lat' dir='ltr'><strong>originem</strong></span> <span class='ocrx_word' id='word_1_483' title='bbox 3235 3214 3429 3280; x_wconf 80' lang='lat' dir='ltr'><strong>prode-</strong></span> 
     </span>
    </p>
   </div>
   <div class='ocr_carea' id='block_1_70' title="bbox 1874 3301 3430 3374">
    <p class='ocr_par' dir='ltr' id='par_1_70' title="bbox 1874 3301 3430 3374">
     <span class='ocr_line' id='line_1_70' title="bbox 1874 3301 3430 3374; baseline 0.002 -19"><span class='ocrx_word' id='word_1_484' title='bbox 1874 3310 1976 3367; x_wconf 90' lang='lat' dir='ltr'><strong>ret,</strong></span> <span class='ocrx_word' id='word_1_485' title='bbox 2011 3315 2124 3366; x_wconf 85' lang='lat' dir='ltr'><strong>seu,</strong></span> <span class='ocrx_word' id='word_1_486' title='bbox 2154 3309 2212 3355; x_wconf 94' lang='lat' dir='ltr'><strong>ut</strong></span> <span class='ocrx_word' id='word_1_487' title='bbox 2239 3302 2420 3357; x_wconf 84' lang='lat' dir='ltr'><strong>verbis</strong></span> <span class='ocrx_word' id='word_1_488' title='bbox 2449 3301 2592 3358; x_wconf 93' lang='lat' dir='ltr'><strong>illius</strong></span> <span class='ocrx_word' id='word_1_489' title='bbox 2617 3311 2761 3368; x_wconf 91' lang='lat' dir='ltr'><strong>utar,</strong></span> <span class='ocrx_word' id='word_1_490' title='bbox 2788 3304 3008 3372; x_wconf 75' lang='lat' dir='ltr'><strong>referret</strong></span> <span class='ocrx_word' id='word_1_491' title='bbox 3024 3319 3116 3374; x_wconf 93' lang='lat' dir='ltr'><strong>spu</strong></span> <span class='ocrx_word' id='word_1_492' title='bbox 3129 3305 3430 3359; x_wconf 81' lang='lat' dir='ltr'><strong>rcissimum</strong></span> 
     </span>
    </p>
   </div>
   <div class='ocr_carea' id='block_1_71' title="bbox 1876 3393 3430 3465">
    <p class='ocr_par' dir='ltr' id='par_1_71' title="bbox 1876 3393 3430 3465">
     <span class='ocr_line' id='line_1_71' title="bbox 1876 3393 3430 3465; baseline 0.004 -20"><span class='ocrx_word' id='word_1_493' title='bbox 1876 3393 2070 3461; x_wconf 79' lang='lat' dir='ltr'><strong>fontem</strong></span> <span class='ocrx_word' id='word_1_494' title='bbox 2101 3401 2150 3446; x_wconf 87' lang='lat' dir='ltr'><strong>et</strong></span> <span class='ocrx_word' id='word_1_495' title='bbox 2178 3393 2401 3447; x_wconf 86' lang='lat' dir='ltr'><strong>radicem</strong></span> <span class='ocrx_word' id='word_1_496' title='bbox 2426 3409 2627 3459; x_wconf 80' lang='lat' dir='ltr'><strong>eorum,</strong></span> <span class='ocrx_word' id='word_1_497' title='bbox 2659 3396 2737 3448; x_wconf 80' lang='lat' dir='ltr'><strong>uti</strong></span> <span class='ocrx_word' id='word_1_498' title='bbox 2761 3395 3133 3465; x_wconf 80' lang='lat' dir='ltr'><strong>intelligeretur</strong></span> <span class='ocrx_word' id='word_1_499' title='bbox 3156 3398 3334 3461; x_wconf 87' lang='lat' dir='ltr'><strong>arbor,</strong></span> <span class='ocrx_word' id='word_1_500' title='bbox 3366 3399 3430 3452; x_wconf 82' lang='lat' dir='ltr'><strong>de</strong></span> 
     </span>
    </p>
   </div>
   <div class='ocr_carea' id='block_1_72' title="bbox 1873 3489 3430 3559">
    <p class='ocr_par' dir='ltr' id='par_1_72' title="bbox 1873 3489 3430 3559">
     <span class='ocr_line' id='line_1_72' title="bbox 1873 3489 3430 3559; baseline 0.001 -17"><span class='ocrx_word' id='word_1_501' title='bbox 1873 3505 1977 3558; x_wconf 87' lang='lat' dir='ltr'><strong>qua</strong></span> <span class='ocrx_word' id='word_1_502' title='bbox 2003 3489 2332 3558; x_wconf 76' lang='lat' dir='ltr'><strong>deﬂuxerunt</strong></span> <span class='ocrx_word' id='word_1_503' title='bbox 2356 3489 2486 3543; x_wconf 82' lang='lat' dir='ltr'><strong>tales</strong></span> <span class='ocrx_word' id='word_1_504' title='bbox 2518 3490 2720 3557; x_wconf 78' lang='lat' dir='ltr'><strong>fructus</strong></span> <span class='ocrx_word' id='word_1_505' title='bbox 2743 3489 2783 3543; x_wconf 82' lang='lat'><strong>‘.</strong></span> <span class='ocrx_word' id='word_1_506' title='bbox 2819 3490 2992 3544; x_wconf 90' lang='lat' dir='ltr'><strong>Veros</strong></span> <span class='ocrx_word' id='word_1_507' title='bbox 3015 3492 3278 3559; x_wconf 88' lang='lat' dir='ltr'><strong>siquidem</strong></span> <span class='ocrx_word' id='word_1_508' title='bbox 3305 3494 3430 3545; x_wconf 86' lang='lat' dir='ltr'><strong>stir-</strong></span> 
     </span>
    </p>
   </div>
   <div class='ocr_carea' id='block_1_73' title="bbox 1874 3580 3425 3649">
    <p class='ocr_par' dir='ltr' id='par_1_73' title="bbox 1874 3580 3425 3649">
     <span class='ocr_line' id='line_1_73' title="bbox 1874 3580 3425 3649; baseline 0.003 -16"><span class='ocrx_word' id='word_1_509' title='bbox 1874 3581 1955 3649; x_wconf 89' lang='lat' dir='ltr'><strong>pis</strong></span> <span class='ocrx_word' id='word_1_510' title='bbox 1988 3596 2097 3636; x_wconf 72' lang='lat' dir='ltr'><strong>suae</strong></span> <span class='ocrx_word' id='word_1_511' title='bbox 2125 3591 2398 3644; x_wconf 87' lang='lat' dir='ltr'><strong>auctores,</strong></span> <span class='ocrx_word' id='word_1_512' title='bbox 2430 3580 2702 3636; x_wconf 89' lang='lat' dir='ltr'><strong>Simonem</strong></span> <span class='ocrx_word' id='word_1_513' title='bbox 2727 3591 2782 3636; x_wconf 91' lang='lat' dir='ltr'><strong>et</strong></span> <span class='ocrx_word' id='word_1_514' title='bbox 2813 3581 3189 3648; x_wconf 81' lang='lat' dir='ltr'><strong>Menandrum,</strong></span> <span class='ocrx_word' id='word_1_515' title='bbox 3232 3583 3425 3637; x_wconf 87' lang='lat' dir='ltr'><strong>erube-</strong></span> 
     </span>
    </p>
   </div>
   <div class='ocr_carea' id='block_1_74' title="bbox 1873 3672 3425 3746">
    <p class='ocr_par' dir='ltr' id='par_1_74' title="bbox 1873 3672 3425 3746">
     <span class='ocr_line' id='line_1_74' title="bbox 1873 3672 3425 3746; baseline 0.001 -18"><span class='ocrx_word' id='word_1_516' title='bbox 1873 3673 2095 3728; x_wconf 88' lang='lat' dir='ltr'><strong>scebant</strong></span> <span class='ocrx_word' id='word_1_517' title='bbox 2158 3672 2539 3740; x_wconf 82' lang='lat' dir='ltr'><strong>Valentiniani,</strong></span> <span class='ocrx_word' id='word_1_518' title='bbox 2571 3683 2626 3728; x_wconf 91' lang='lat' dir='ltr'><strong>et</strong></span> <span class='ocrx_word' id='word_1_519' title='bbox 2653 3685 2760 3728; x_wconf 88' lang='lat' dir='ltr'><strong>tam</strong></span> <span class='ocrx_word' id='word_1_520' title='bbox 2813 3677 3104 3745; x_wconf 89' lang='lat' dir='ltr'><strong>probrosos</strong></span> <span class='ocrx_word' id='word_1_521' title='bbox 3135 3677 3425 3746; x_wconf 89' lang='lat' dir='ltr'><strong>magistros</strong></span> 
     </span>
    </p>
   </div>
   <div class='ocr_carea' id='block_1_75' title="bbox 1868 3767 3424 3839">
    <p class='ocr_par' dir='ltr' id='par_1_75' title="bbox 1868 3767 3424 3839">
     <span class='ocr_line' id='line_1_75' title="bbox 1868 3767 3424 3839; baseline 0.001 -17"><span class='ocrx_word' id='word_1_522' title='bbox 1868 3767 2040 3832; x_wconf 88' lang='lat' dir='ltr'><strong>omni,</strong></span> <span class='ocrx_word' id='word_1_523' title='bbox 2067 3781 2170 3837; x_wconf 91' lang='lat' dir='ltr'><strong>quo</strong></span> <span class='ocrx_word' id='word_1_524' title='bbox 2193 3779 2460 3838; x_wconf 85' lang='lat' dir='ltr'><strong>poterant,</strong></span> <span class='ocrx_word' id='word_1_525' title='bbox 2487 3778 2682 3822; x_wconf 86' lang='lat' dir='ltr'><strong>conatu</strong></span> <span class='ocrx_word' id='word_1_526' title='bbox 2713 3769 3087 3839; x_wconf 87' lang='lat' dir='ltr'><strong>repudiabant.</strong></span> <span class='ocrx_word' id='word_1_527' title='bbox 3111 3767 3218 3823; x_wconf 85' lang='lat' dir='ltr'><strong>Hos</strong></span> <span class='ocrx_word' id='word_1_528' title='bbox 3246 3778 3424 3823; x_wconf 90' lang='lat' dir='ltr'><strong>tamen</strong></span> 
     </span>
    </p>
   </div>
   <div class='ocr_carea' id='block_1_76' title="bbox 1862 3862 3425 3932">
    <p class='ocr_par' dir='ltr' id='par_1_76' title="bbox 1862 3862 3425 3932">
     <span class='ocr_line' id='line_1_76' title="bbox 1862 3862 3425 3932; baseline -0.001 -16"><span class='ocrx_word' id='word_1_529' title='bbox 1862 3877 2151 3932; x_wconf 85' lang='lat' dir='ltr'><strong>germanos</strong></span> <span class='ocrx_word' id='word_1_530' title='bbox 2171 3876 2354 3915; x_wconf 88' lang='lat' dir='ltr'><strong>eorum</strong></span> <span class='ocrx_word' id='word_1_531' title='bbox 2374 3872 2624 3930; x_wconf 89' lang='lat' dir='ltr'><strong>parentes</strong></span> <span class='ocrx_word' id='word_1_532' title='bbox 2644 3863 2933 3928; x_wconf 81' lang='lat' dir='ltr'><strong>exstitisse,</strong></span> <span class='ocrx_word' id='word_1_533' title='bbox 2953 3862 3170 3928; x_wconf 84' lang='lat' dir='ltr'><strong>vellent,</strong></span> <span class='ocrx_word' id='word_1_534' title='bbox 3202 3863 3425 3928; x_wconf 86' lang='lat' dir='ltr'><strong>nollent,</strong></span> 
     </span>
    </p>
   </div>
   <div class='ocr_carea' id='block_1_77' title="bbox 1857 3954 3419 4024">
    <p class='ocr_par' dir='ltr' id='par_1_77' title="bbox 1857 3954 3419 4024">
     <span class='ocr_line' id='line_1_77' title="bbox 1857 3954 3419 4024; baseline 0.001 -16"><span class='ocrx_word' id='word_1_535' title='bbox 1857 3955 2061 4009; x_wconf 92' lang='lat' dir='ltr'><strong>invicte</strong></span> <span class='ocrx_word' id='word_1_536' title='bbox 2111 3955 2528 4010; x_wconf 87' lang='lat' dir='ltr'><strong>demonstrabat</strong></span> <span class='ocrx_word' id='word_1_537' title='bbox 2568 3966 2680 4009; x_wconf 90' lang='lat' dir='ltr'><strong>tum</strong></span> <span class='ocrx_word' id='word_1_538' title='bbox 2739 3954 3048 4024; x_wconf 89' lang='lat' dir='ltr'><strong>dogmatum</strong></span> <span class='ocrx_word' id='word_1_539' title='bbox 3092 3955 3376 4009; x_wconf 85' lang='lat' dir='ltr'><strong>consensio</strong></span> <span class='ocrx_word' id='word_1_540' title='bbox 3406 3996 3419 4015; x_wconf 92' lang='lat'><strong>.</strong></span> 
     </span>
    </p>
   </div>
   <div class='ocr_carea' id='block_1_78' title="bbox 207 4035 3425 4117">
    <p class='ocr_par' dir='ltr' id='par_1_78' title="bbox 207 4035 3425 4117">
     <span class='ocr_line' id='line_1_78' title="bbox 207 4035 3425 4117; baseline 0.004 -34"><span class='ocrx_word' id='word_1_541' title='bbox 207 4046 301 4086; x_wconf 84' lang='lat' dir='ltr'><strong>nec</strong></span> <span class='ocrx_word' id='word_1_542' title='bbox 330 4035 475 4103; x_wconf 89' lang='lat' dir='ltr'><strong>hinc,</strong></span> <span class='ocrx_word' id='word_1_543' title='bbox 531 4038 769 4106; x_wconf 79' lang='lat' dir='ltr'><strong>quandiu</strong></span> <span class='ocrx_word' id='word_1_544' title='bbox 815 4040 1079 4103; x_wconf 89' lang='lat' dir='ltr'><strong>viverent,</strong></span> <span class='ocrx_word' id='word_1_545' title='bbox 1131 4046 1404 4111; x_wconf 84' lang='lat' dir='ltr'><strong>excidere,</strong></span> <span class='ocrx_word' id='word_1_546' title='bbox 1438 4063 1539 4103; x_wconf 89' lang='lat' dir='ltr'><strong>nec</strong></span> <span class='ocrx_word' id='word_1_547' title='bbox 1566 4049 1760 4117; x_wconf 88' lang='lat' dir='ltr'><strong>quavis</strong></span> <span class='ocrx_word' id='word_1_548' title='bbox 1859 4055 1972 4100; x_wconf 88' lang='lat' dir='ltr'><strong>tum</strong></span> <span class='ocrx_word' id='word_1_549' title='bbox 1999 4047 2256 4101; x_wconf 90' lang='lat' dir='ltr'><strong>continua</strong></span> <span class='ocrx_word' id='word_1_550' title='bbox 2287 4061 2386 4104; x_wconf 86' lang='lat' dir='ltr'><strong>nec</strong></span> <span class='ocrx_word' id='word_1_551' title='bbox 2420 4047 2722 4114; x_wconf 89' lang='lat' dir='ltr'><strong>interrupta</strong></span> <span class='ocrx_word' id='word_1_552' title='bbox 2769 4061 2798 4098; x_wconf 92' lang='lat' dir='ltr'><strong>a</strong></span> <span class='ocrx_word' id='word_1_553' title='bbox 2831 4045 3055 4099; x_wconf 89' lang='lat' dir='ltr'><strong>Simone</strong></span> <span class='ocrx_word' id='word_1_554' title='bbox 3085 4044 3151 4098; x_wconf 89' lang='lat' dir='ltr'><strong>ad</strong></span> <span class='ocrx_word' id='word_1_555' title='bbox 3189 4043 3425 4098; x_wconf 87' lang='lat' dir='ltr'><strong>Valenti-</strong></span> 
     </span>
    </p>
   </div>
   <div class='ocr_carea' id='block_1_79' title="bbox 206 4128 1755 4208">
    <p class='ocr_par' dir='ltr' id='par_1_79' title="bbox 206 4128 1755 4208">
     <span class='ocr_line' id='line_1_79' title="bbox 206 4128 1755 4208; baseline 0.01 -30"><span class='ocrx_word' id='word_1_556' title='bbox 206 4128 473 4180; x_wconf 79' lang='lat' dir='ltr'><strong>niundana</strong></span> <span class='ocrx_word' id='word_1_557' title='bbox 503 4137 770 4198; x_wconf 85' lang='lat' dir='ltr'><strong>potestate</strong></span> <span class='ocrx_word' id='word_1_558' title='bbox 801 4140 922 4200; x_wconf 88' lang='lat' dir='ltr'><strong>post</strong></span> <span class='ocrx_word' id='word_1_559' title='bbox 960 4146 1188 4188; x_wconf 85' lang='lat' dir='ltr'><strong>mortem</strong></span> <span class='ocrx_word' id='word_1_560' title='bbox 1217 4139 1479 4192; x_wconf 90' lang='lat' dir='ltr'><strong>retardari</strong></span> <span class='ocrx_word' id='word_1_561' title='bbox 1517 4152 1755 4208; x_wconf 83' lang='lat' dir='ltr'><strong>possent,</strong></span> 
     </span>
    </p>
   </div>
   <div class='ocr_carea' id='block_1_80' title="bbox 205 4217 1759 4292">
    <p class='ocr_par' dir='ltr' id='par_1_80' title="bbox 205 4217 1759 4292">
     <span class='ocr_line' id='line_1_80' title="bbox 205 4217 1759 4292; baseline 0.013 -24"><span class='ocrx_word' id='word_1_562' title='bbox 205 4217 324 4284; x_wconf 93' lang='lat' dir='ltr'><strong>quin</strong></span> <span class='ocrx_word' id='word_1_563' title='bbox 357 4220 660 4276; x_wconf 89' lang='lat' dir='ltr'><strong>destinatas</strong></span> <span class='ocrx_word' id='word_1_564' title='bbox 691 4221 790 4276; x_wconf 89' lang='lat' dir='ltr'><strong>sibi</strong></span> <span class='ocrx_word' id='word_1_565' title='bbox 824 4223 1212 4292; x_wconf 67' lang='lat' dir='ltr'><strong>in,Pleromate</strong></span> <span class='ocrx_word' id='word_1_566' title='bbox 1261 4231 1417 4284; x_wconf 89' lang='lat' dir='ltr'><strong>sedes</strong></span> <span class='ocrx_word' id='word_1_567' title='bbox 1462 4233 1643 4285; x_wconf 83' lang='lat' dir='ltr'><strong>statim</strong></span> <span class='ocrx_word' id='word_1_568' title='bbox 1670 4249 1759 4288; x_wconf 89' lang='lat' dir='ltr'><strong>ca-</strong></span> 
     </span>
    </p>
   </div>
   <div class='ocr_carea' id='block_1_81' title="bbox 204 4312 1755 4391">
    <p class='ocr_par' dir='ltr' id='par_1_81' title="bbox 204 4312 1755 4391">
     <span class='ocr_line' id='line_1_81' title="bbox 204 4312 1755 4391; baseline 0.012 -28"><span class='ocrx_word' id='word_1_569' title='bbox 204 4319 492 4374; x_wconf 79' lang='lat' dir='ltr'><strong>pesserent.</strong></span> <span class='ocrx_word' id='word_1_570' title='bbox 538 4312 947 4381; x_wconf 84' lang='lat' dir='ltr'><strong>Rcdemptionis</strong></span> <span class='ocrx_word' id='word_1_571' title='bbox 986 4318 1126 4371; x_wconf 92' lang='lat' dir='ltr'><strong>enim</strong></span> <span class='ocrx_word' id='word_1_572' title='bbox 1173 4319 1435 4376; x_wconf 82' lang='lat' dir='ltr'><strong>beneﬁcio</strong></span> <span class='ocrx_word' id='word_1_573' title='bbox 1484 4325 1644 4391; x_wconf 75' lang='lat' dir='ltr'><strong>efﬁci,</strong></span> <span class='ocrx_word' id='word_1_574' title='bbox 1679 4337 1755 4391; x_wconf 92' lang='lat' dir='ltr'><strong>ut,</strong></span> 
     </span>
    </p>
   </div>
   <div class='ocr_carea' id='block_1_82' title="bbox 1781 4452 1846 4467">
    <p class='ocr_par' dir='ltr' id='par_1_82' title="bbox 1781 4452 1846 4467">
     <span class='ocr_line' id='line_1_82' title="bbox 1781 4452 1846 4467; baseline 0 -2"><span class='ocrx_word' id='word_1_575' title='bbox 1781 4452 1846 4467; x_wconf 44' lang='lat' dir='ltr'><strong>ﬂ</strong></span> 
     </span>
    </p>
   </div>
   <div class='ocr_carea' id='block_1_83' title="bbox 1856 4135 3422 4205">
    <p class='ocr_par' dir='ltr' id='par_1_83' title="bbox 1856 4135 3422 4205">
     <span class='ocr_line' id='line_1_83' title="bbox 1856 4135 3422 4205; baseline -0.003 -11"><span class='ocrx_word' id='word_1_576' title='bbox 1856 4155 1983 4194; x_wconf 90' lang='lat' dir='ltr'><strong>num</strong></span> <span class='ocrx_word' id='word_1_577' title='bbox 2035 4139 2344 4194; x_wconf 85' lang='lat' dir='ltr'><strong>scholarum</strong></span> <span class='ocrx_word' id='word_1_578' title='bbox 2404 4138 2781 4193; x_wconf 68' lang='lat' dir='ltr'><strong>haireticarum</strong></span> <span class='ocrx_word' id='word_1_579' title='bbox 2833 4137 3128 4201; x_wconf 90' lang='lat' dir='ltr'><strong>successio,</strong></span> <span class='ocrx_word' id='word_1_580' title='bbox 3165 4150 3194 4189; x_wconf 93' lang='lat' dir='ltr'><strong>a</strong></span> <span class='ocrx_word' id='word_1_581' title='bbox 3227 4135 3422 4205; x_wconf 91' lang='lat' dir='ltr'><strong>quibus</strong></span> 
     </span>
    </p>
   </div>
   <div class='ocr_carea' id='block_1_84' title="bbox 1854 4229 3420 4306">
    <p class='ocr_par' dir='ltr' id='par_1_84' title="bbox 1854 4229 3420 4306">
     <span class='ocr_line' id='line_1_84' title="bbox 1854 4229 3420 4306; baseline -0.005 -16"><span class='ocrx_word' id='word_1_582' title='bbox 1854 4243 1909 4290; x_wconf 86' lang='lat' dir='ltr'><strong>et</strong></span> <span class='ocrx_word' id='word_1_583' title='bbox 1953 4235 2006 4290; x_wconf 91' lang='lat' dir='ltr'><strong>in</strong></span> <span class='ocrx_word' id='word_1_584' title='bbox 2036 4235 2233 4302; x_wconf 89' lang='lat' dir='ltr'><strong>quibus</strong></span> <span class='ocrx_word' id='word_1_585' title='bbox 2262 4234 2351 4290; x_wconf 88' lang='lat' dir='ltr'><strong>hic</strong></span> <span class='ocrx_word' id='word_1_586' title='bbox 2384 4234 2645 4305; x_wconf 90' lang='lat' dir='ltr'><strong>quidquid</strong></span> <span class='ocrx_word' id='word_1_587' title='bbox 2695 4234 3034 4306; x_wconf 84' lang='lat' dir='ltr'><strong>postmodum</strong></span> <span class='ocrx_word' id='word_1_588' title='bbox 3089 4229 3377 4287; x_wconf 83' lang='lat' dir='ltr'><strong>bluteravit</strong></span> <span class='ocrx_word' id='word_1_589' title='bbox 3403 4267 3420 4293; x_wconf 94' lang='lat'><strong>,</strong></span> 
     </span>
    </p>
   </div>
   <div class='ocr_carea' id='block_1_85' title="bbox 1873 4336 2275 4383">
    <p class='ocr_par' dir='ltr' id='par_1_85' title="bbox 1873 4336 2275 4383">
     <span class='ocr_line' id='line_1_85' title="bbox 1873 4336 2275 4383; baseline 0 -1"><span class='ocrx_word' id='word_1_590' title='bbox 1873 4336 2147 4383; x_wconf 86' lang='lat' dir='ltr'><strong>mutuatus</strong></span> <span class='ocrx_word' id='word_1_591' title='bbox 2176 4342 2275 4383; x_wconf 73' lang='lat'><strong>631.</strong></span> 
     </span>
    </p>
   </div>
   <div class='ocr_carea' id='block_1_86' title="bbox 1339 4557 2279 4654">
    <p class='ocr_par' dir='ltr' id='par_1_86' title="bbox 1339 4557 2279 4654">
     <span class='ocr_line' id='line_1_86' title="bbox 1339 4557 2279 4654; baseline 0.001 -9"><span class='ocrx_word' id='word_1_592' title='bbox 1339 4557 2018 4654; x_wconf 83' lang='lat' dir='ltr'><strong>ARTICULUS</strong></span> <span class='ocrx_word' id='word_1_593' title='bbox 2096 4564 2279 4648; x_wconf 87' lang='lat' dir='ltr'><strong>Ill.</strong></span> 
     </span>
    </p>
   </div>
   <div class='ocr_carea' id='block_1_87' title="bbox 1261 4741 2349 4809">
    <p class='ocr_par' dir='ltr' id='par_1_87' title="bbox 1261 4741 2349 4809">
     <span class='ocr_line' id='line_1_87' title="bbox 1261 4741 2349 4809; baseline 0.005 -9"><span class='ocrx_word' id='word_1_594' title='bbox 1261 4741 1365 4802; x_wconf 90' lang='lat' dir='ltr'><strong>DE</strong></span> <span class='ocrx_word' id='word_1_595' title='bbox 1421 4744 1850 4809; x_wconf 83' lang='lat' dir='ltr'><strong>VALENTINI</strong></span> <span class='ocrx_word' id='word_1_596' title='bbox 1904 4743 2349 4809; x_wconf 78' lang='lat' dir='ltr'><strong>MAGISTRIS.</strong></span> 
     </span>
    </p>
   </div>
   <div class='ocr_carea' id='block_1_88' title="bbox 681 4990 1289 5070">
    <p class='ocr_par' dir='ltr' id='par_1_88' title="bbox 681 4990 1289 5070">
     <span class='ocr_line' id='line_1_88' title="bbox 681 4990 1289 5070; baseline 0.018 -26"><span class='ocrx_word' id='word_1_597' title='bbox 681 4990 718 5045; x_wconf 93' lang='grc'><strong>1.</strong></span> <span class='ocrx_word' id='word_1_598' title='bbox 748 4990 822 5046; x_wconf 87' lang='lat' dir='ltr'><strong>De</strong></span> <span class='ocrx_word' id='word_1_599' title='bbox 864 4993 1080 5050; x_wconf 81' lang='lat' dir='ltr'><strong>Simone</strong></span> <span class='ocrx_word' id='word_1_600' title='bbox 1111 4998 1289 5070; x_wconf 77' lang='lat' dir='ltr'><strong>Mago.</strong></span> 
     </span>
    </p>
   </div>
   <div class='ocr_carea' id='block_1_89' title="bbox 270 5071 1755 5167">
    <p class='ocr_par' dir='ltr' id='par_1_89' title="bbox 270 5071 1755 5167">
     <span class='ocr_line' id='line_1_89' title="bbox 270 5071 1755 5167; baseline 0.013 -31"><span class='ocrx_word' id='word_1_601' title='bbox 270 5081 352 5137; x_wconf 76' lang='grc'><strong>96.</strong></span> <span class='ocrx_word' id='word_1_602' title='bbox 386 5081 598 5149; x_wconf 90' lang='lat' dir='ltr'><strong>Simon,</strong></span> <span class='ocrx_word' id='word_1_603' title='bbox 619 5093 772 5150; x_wconf 83' lang='lat' dir='ltr'><strong>pater</strong></span> <span class='ocrx_word' id='word_1_604' title='bbox 792 5088 1018 5141; x_wconf 74' lang='lat' dir='ltr'><strong>omnium</strong></span> <span class='ocrx_word' id='word_1_605' title='bbox 1037 5071 1425 5159; x_wconf 69' lang='lat' dir='ltr'><strong>licerelicorum,</strong></span> <span class='ocrx_word' id='word_1_606' title='bbox 1449 5112 1475 5151; x_wconf 85' lang='lat' dir='ltr'><strong>a</strong></span> <span class='ocrx_word' id='word_1_607' title='bbox 1497 5114 1600 5167; x_wconf 86' lang='lat' dir='ltr'><strong>quo</strong></span> <span class='ocrx_word' id='word_1_608' title='bbox 1617 5100 1755 5155; x_wconf 86' lang='lat' dir='ltr'><strong>Gno-</strong></span> 
     </span>
    </p>
   </div>
   <div class='ocr_carea' id='block_1_90' title="bbox 208 5171 1757 5259">
    <p class='ocr_par' dir='ltr' id='par_1_90' title="bbox 208 5171 1757 5259">
     <span class='ocr_line' id='line_1_90' title="bbox 208 5171 1757 5259; baseline 0.014 -35"><span class='ocrx_word' id='word_1_609' title='bbox 208 5171 316 5226; x_wconf 82' lang='lat' dir='ltr'><strong>stici</strong></span> <span class='ocrx_word' id='word_1_610' title='bbox 342 5192 514 5228; x_wconf 85' lang='lat' dir='ltr'><strong>omnes</strong></span> <span class='ocrx_word' id='word_1_611' title='bbox 543 5175 704 5228; x_wconf 81' lang='lat' dir='ltr'><strong>initia</strong></span> <span class='ocrx_word' id='word_1_612' title='bbox 739 5189 1021 5244; x_wconf 84' lang='lat' dir='ltr'><strong>sumentes,</strong></span> <span class='ocrx_word' id='word_1_613' title='bbox 1060 5180 1220 5250; x_wconf 88' lang='lat' dir='ltr'><strong>impia</strong></span> <span class='ocrx_word' id='word_1_614' title='bbox 1265 5195 1311 5236; x_wconf 86' lang='lat' dir='ltr'><strong>et</strong></span> <span class='ocrx_word' id='word_1_615' title='bbox 1340 5187 1635 5259; x_wconf 82' lang='lat' dir='ltr'><strong>irreligiosa</strong></span> <span class='ocrx_word' id='word_1_616' title='bbox 1664 5195 1757 5244; x_wconf 88' lang='lat' dir='ltr'><strong>do-</strong></span> 
     </span>
    </p>
   </div>
   <div class='ocr_carea' id='block_1_91' title="bbox 1793 5004 3415 5078">
    <p class='ocr_par' dir='ltr' id='par_1_91' title="bbox 1793 5004 3415 5078">
     <span class='ocr_line' id='line_1_91' title="bbox 1793 5004 3415 5078; baseline -0.002 -16"><span class='ocrx_word' id='word_1_617' title='bbox 1793 5020 1837 5076; x_wconf 83' lang='grc' dir='ltr'><strong>ι)</strong></span> <span class='ocrx_word' id='word_1_618' title='bbox 1867 5024 1988 5062; x_wconf 89' lang='lat' dir='ltr'><strong>eum</strong></span> <span class='ocrx_word' id='word_1_619' title='bbox 2012 5021 2327 5078; x_wconf 68' lang='lat' dir='ltr'><strong>promagua</strong></span> <span class='ocrx_word' id='word_1_620' title='bbox 2349 5006 2437 5060; x_wconf 90' lang='lat' dir='ltr'><strong>Dei</strong></span> <span class='ocrx_word' id='word_1_621' title='bbox 2462 5004 2695 5070; x_wconf 85' lang='lat' dir='ltr'><strong>Virtute,</strong></span> <span class='ocrx_word' id='word_1_622' title='bbox 2718 5004 2770 5059; x_wconf 91' lang='lat' dir='ltr'><strong>id</strong></span> <span class='ocrx_word' id='word_1_623' title='bbox 2793 5013 2876 5059; x_wconf 89' lang='lat' dir='ltr'><strong>est</strong></span> <span class='ocrx_word' id='word_1_624' title='bbox 2905 5017 3158 5073; x_wconf 86' lang='lat' dir='ltr'><strong>supremo</strong></span> <span class='ocrx_word' id='word_1_625' title='bbox 3175 5009 3415 5059; x_wconf 87' lang='lat' dir='ltr'><strong>omnium</strong></span> 
     </span>
    </p>
   </div>
   <div class='ocr_carea' id='block_1_92' title="bbox 1861 5094 3413 5162">
    <p class='ocr_par' dir='ltr' id='par_1_92' title="bbox 1861 5094 3413 5162">
     <span class='ocr_line' id='line_1_92' title="bbox 1861 5094 3413 5162; baseline -0.003 -10"><span class='ocrx_word' id='word_1_626' title='bbox 1861 5097 2046 5161; x_wconf 84' lang='lat' dir='ltr'><strong>Patre,</strong></span> <span class='ocrx_word' id='word_1_627' title='bbox 2080 5099 2363 5153; x_wconf 84' lang='lat' dir='ltr'><strong>haberent.</strong></span> <span class='ocrx_word' id='word_1_628' title='bbox 2405 5097 2446 5149; x_wconf 89' lang='lat' dir='ltr'><strong>A</strong></span> <span class='ocrx_word' id='word_1_629' title='bbox 2485 5110 2614 5151; x_wconf 90' lang='lat' dir='ltr'><strong>vero</strong></span> <span class='ocrx_word' id='word_1_630' title='bbox 2643 5094 2802 5149; x_wconf 90' lang='lat' dir='ltr'><strong>simili</strong></span> <span class='ocrx_word' id='word_1_631' title='bbox 2843 5112 2946 5152; x_wconf 90' lang='lat' dir='ltr'><strong>non</strong></span> <span class='ocrx_word' id='word_1_632' title='bbox 2984 5097 3260 5162; x_wconf 86' lang='lat' dir='ltr'><strong>abhorret,</strong></span> <span class='ocrx_word' id='word_1_633' title='bbox 3292 5110 3413 5150; x_wconf 89' lang='lat' dir='ltr'><strong>cum</strong></span> 
     </span>
    </p>
   </div>
   <div class='ocr_carea' id='block_1_93' title="bbox 1862 5187 3413 5259">
    <p class='ocr_par' dir='ltr' id='par_1_93' title="bbox 1862 5187 3413 5259">
     <span class='ocr_line' id='line_1_93' title="bbox 1862 5187 3413 5259; baseline -0.003 -13"><span class='ocrx_word' id='word_1_634' title='bbox 1862 5192 1916 5246; x_wconf 89' lang='lat' dir='ltr'><strong>in</strong></span> <span class='ocrx_word' id='word_1_635' title='bbox 1971 5190 2279 5245; x_wconf 90' lang='lat' dir='ltr'><strong>liberalibus</strong></span> <span class='ocrx_word' id='word_1_636' title='bbox 2338 5189 2662 5259; x_wconf 88' lang='lat' dir='ltr'><strong>disciplinis,</strong></span> <span class='ocrx_word' id='word_1_637' title='bbox 2697 5203 2759 5243; x_wconf 90' lang='lat' dir='ltr'><strong>ac</strong></span> <span class='ocrx_word' id='word_1_638' title='bbox 2803 5187 3079 5242; x_wconf 88' lang='lat' dir='ltr'><strong>Platonica</strong></span> <span class='ocrx_word' id='word_1_639' title='bbox 3112 5187 3413 5255; x_wconf 82' lang='lat' dir='ltr'><strong>praesertim</strong></span> 
     </span>
    </p>
   </div>
   <div class='ocr_carea' id='block_1_94' title="bbox 207 5269 3411 5356">
    <p class='ocr_par' dir='ltr' id='par_1_94' title="bbox 207 5269 3411 5356">
     <span class='ocr_line' id='line_1_94' title="bbox 207 5269 3411 5356; baseline 0.005 -41"><span class='ocrx_word' id='word_1_640' title='bbox 207 5270 712 5356; x_wconf 65' lang='lat' dir='ltr'><strong>gmatainduxerunt</strong></span> <span class='ocrx_word' id='word_1_641' title='bbox 735 5269 788 5323; x_wconf 82' lang='lat' dir='ltr'><strong>in</strong></span> <span class='ocrx_word' id='word_1_642' title='bbox 805 5271 939 5324; x_wconf 79' lang='lat' dir='ltr'><strong>hanc</strong></span> <span class='ocrx_word' id='word_1_643' title='bbox 965 5273 1145 5340; x_wconf 85' lang='lat' dir='ltr'><strong>vitam,</strong></span> <span class='ocrx_word' id='word_1_644' title='bbox 1171 5276 1375 5336; x_wconf 86' lang='lat' dir='ltr'><strong>Gitthis</strong></span> <span class='ocrx_word' id='word_1_645' title='bbox 1391 5283 1516 5338; x_wconf 90' lang='lat' dir='ltr'><strong>olim</strong></span> <span class='ocrx_word' id='word_1_646' title='bbox 1538 5287 1752 5356; x_wconf 84' lang='lat' dir='ltr'><strong>oppido,</strong></span> <span class='ocrx_word' id='word_1_647' title='bbox 1856 5282 2221 5352; x_wconf 78' lang='lat' dir='ltr'><strong>philosophia,</strong></span> <span class='ocrx_word' id='word_1_648' title='bbox 2254 5297 2373 5352; x_wconf 68' lang='lat' dir='ltr'><strong>quae</strong></span> <span class='ocrx_word' id='word_1_649' title='bbox 2405 5293 2512 5336; x_wconf 91' lang='lat' dir='ltr'><strong>tum</strong></span> <span class='ocrx_word' id='word_1_650' title='bbox 2549 5281 2688 5350; x_wconf 89' lang='lat' dir='ltr'><strong>apud</strong></span> <span class='ocrx_word' id='word_1_651' title='bbox 2712 5278 2927 5334; x_wconf 69' lang='lat' dir='ltr'><strong>Iudaeos</strong></span> <span class='ocrx_word' id='word_1_652' title='bbox 2971 5279 3411 5352; x_wconf 77' lang='lat' dir='ltr'><strong>inoleverat,non</strong></span> 
     </span>
    </p>
   </div>
   <div class='ocr_carea' id='block_1_95' title="bbox 208 5355 1756 5431">
    <p class='ocr_par' dir='ltr' id='par_1_95' title="bbox 208 5355 1756 5431">
     <span class='ocr_line' id='line_1_95' title="bbox 208 5355 1756 5431; baseline 0.017 -25"><span class='ocrx_word' id='word_1_653' title='bbox 208 5355 475 5424; x_wconf 81' lang='lat' dir='ltr'><strong>Epiphanii</strong></span> <span class='ocrx_word' id='word_1_654' title='bbox 505 5371 671 5415; x_wconf 79' lang='lat' dir='ltr'><strong>aetate</strong></span> <span class='ocrx_word' id='word_1_655' title='bbox 714 5361 832 5417; x_wconf 89' lang='lat' dir='ltr'><strong>vico</strong></span> <span class='ocrx_word' id='word_1_656' title='bbox 853 5362 1401 5428; x_wconf 68' lang='lat' dir='ltr'><strong>Samarize,oriundus</strong></span> <span class='ocrx_word' id='word_1_657' title='bbox 1428 5355 1586 5430; x_wconf 79' lang='lat' dir='ltr'><strong>fuit&quot;.</strong></span> <span class='ocrx_word' id='word_1_658' title='bbox 1621 5377 1756 5431; x_wconf 84' lang='lat' dir='ltr'><strong>Tan-</strong></span> 
     </span>
    </p>
   </div>
   <div class='ocr_carea' id='block_1_96' title="bbox 210 5451 1756 5536">
    <p class='ocr_par' dir='ltr' id='par_1_96' title="bbox 210 5451 1756 5536">
     <span class='ocr_line' id='line_1_96' title="bbox 210 5451 1756 5536; baseline 0.017 -40"><span class='ocrx_word' id='word_1_659' title='bbox 210 5453 309 5499; x_wconf 92' lang='lat' dir='ltr'><strong>tum</strong></span> <span class='ocrx_word' id='word_1_660' title='bbox 335 5451 475 5518; x_wconf 89' lang='lat' dir='ltr'><strong>apud</strong></span> <span class='ocrx_word' id='word_1_661' title='bbox 505 5451 801 5521; x_wconf 78' lang='lat' dir='ltr'><strong>papulares</strong></span> <span class='ocrx_word' id='word_1_662' title='bbox 823 5469 950 5509; x_wconf 92' lang='lat' dir='ltr'><strong>suos</strong></span> <span class='ocrx_word' id='word_1_663' title='bbox 971 5458 1194 5525; x_wconf 87' lang='lat' dir='ltr'><strong>magicis</strong></span> <span class='ocrx_word' id='word_1_664' title='bbox 1220 5463 1451 5533; x_wconf 87' lang='lat' dir='ltr'><strong>artibus,</strong></span> <span class='ocrx_word' id='word_1_665' title='bbox 1477 5469 1528 5520; x_wconf 89' lang='lat' dir='ltr'><strong>in</strong></span> <span class='ocrx_word' id='word_1_666' title='bbox 1562 5469 1756 5536; x_wconf 86' lang='lat' dir='ltr'><strong>quibus</strong></span> 
     </span>
    </p>
   </div>
   <div class='ocr_carea' id='block_1_97' title="bbox 208 5538 1735 5617">
    <p class='ocr_par' dir='ltr' id='par_1_97' title="bbox 208 5538 1735 5617">
     <span class='ocr_line' id='line_1_97' title="bbox 208 5538 1735 5617; baseline 0.017 -28"><span class='ocrx_word' id='word_1_667' title='bbox 208 5538 451 5606; x_wconf 46' lang='lat' dir='ltr'><strong>aequalem</strong></span> <span class='ocrx_word' id='word_1_668' title='bbox 485 5545 694 5598; x_wconf 88' lang='lat' dir='ltr'><strong>nullum</strong></span> <span class='ocrx_word' id='word_1_669' title='bbox 726 5545 978 5615; x_wconf 79' lang='lat' dir='ltr'><strong>habebat,</strong></span> <span class='ocrx_word' id='word_1_670' title='bbox 1028 5550 1244 5617; x_wconf 86' lang='lat' dir='ltr'><strong>valuit,.</strong></span> <span class='ocrx_word' id='word_1_671' title='bbox 1266 5567 1324 5609; x_wconf 92' lang='lat' dir='ltr'><strong>ut</strong></span> <span class='ocrx_word' id='word_1_672' title='bbox 1355 5559 1735 5615; x_wconf 86' lang='lat' dir='ltr'><strong>dcmentantes</strong></span> 
     </span>
    </p>
   </div>
   <div class='ocr_carea' id='block_1_98' title="bbox 269 5725 1836 5803">
    <p class='ocr_par' dir='ltr' id='par_1_98' title="bbox 269 5725 1836 5803">
     <span class='ocr_line' id='line_1_98' title="bbox 269 5725 1836 5803; baseline 0.004 -18"><span class='ocrx_word' id='word_1_673' title='bbox 269 5725 377 5803; x_wconf 37' lang='lat' dir='ltr'><strong>&#39;JT.</strong></span> <span class='ocrx_word' id='word_1_674' title='bbox 437 5738 611 5803; x_wconf 56' lang='grc' dir='ltr'><strong>Ξκίιι,Δ</strong></span> <span class='ocrx_word' id='word_1_675' title='bbox 632 5730 684 5782; x_wconf 91' lang='lat' dir='ltr'><strong>in</strong></span> <span class='ocrx_word' id='word_1_676' title='bbox 709 5728 909 5803; x_wconf 72' lang='lat' dir='ltr'><strong>_Joan.,</strong></span> <span class='ocrx_word' id='word_1_677' title='bbox 933 5748 988 5800; x_wconf 92' lang='lat' dir='ltr'><strong>p.</strong></span> <span class='ocrx_word' id='word_1_678' title='bbox 1011 5733 1136 5789; x_wconf 76' lang='lat'><strong>9.55.</strong></span> <span class='ocrx_word' id='word_1_679' title='bbox 1213 5735 1232 5764; x_wconf 87' lang='grc'><strong><em>⁶</em></strong></span> <span class='ocrx_word' id='word_1_680' title='bbox 1263 5734 1381 5790; x_wconf 89' lang='lat' dir='ltr'><strong>Lib.</strong></span> <span class='ocrx_word' id='word_1_681' title='bbox 1423 5753 1460 5799; x_wconf 88' lang='grc' dir='ltr'><strong>ι,</strong></span> <span class='ocrx_word' id='word_1_682' title='bbox 1495 5753 1542 5792; x_wconf 93' lang='lat' dir='ltr'><strong>c.</strong></span> <span class='ocrx_word' id='word_1_683' title='bbox 1575 5738 1666 5803; x_wconf 68' lang='lat'><strong>22,</strong></span> <span class='ocrx_word' id='word_1_684' title='bbox 1698 5754 1751 5793; x_wconf 93' lang='lat' dir='ltr'><strong>n.</strong></span> <span class='ocrx_word' id='word_1_685' title='bbox 1782 5740 1836 5794; x_wconf 74' lang='grc'><strong>2.</strong></span> 
     </span>
    </p>
   </div>
   <div class='ocr_carea' id='block_1_99' title="bbox 1854 5370 3415 5443">
    <p class='ocr_par' dir='ltr' id='par_1_99' title="bbox 1854 5370 3415 5443">
     <span class='ocr_line' id='line_1_99' title="bbox 1854 5370 3415 5443; baseline -0.004 -15"><span class='ocrx_word' id='word_1_686' title='bbox 1854 5375 2220 5443; x_wconf 84' lang='lat' dir='ltr'><strong>pmnitendam</strong></span> <span class='ocrx_word' id='word_1_687' title='bbox 2265 5388 2481 5442; x_wconf 84' lang='lat' dir='ltr'><strong>operam</strong></span> <span class='ocrx_word' id='word_1_688' title='bbox 2517 5371 2777 5440; x_wconf 90' lang='lat' dir='ltr'><strong>posuisse.</strong></span> <span class='ocrx_word' id='word_1_689' title='bbox 2816 5370 2871 5424; x_wconf 89' lang='lat' dir='ltr'><strong>id</strong></span> <span class='ocrx_word' id='word_1_690' title='bbox 2910 5371 3138 5425; x_wconf 90' lang='lat' dir='ltr'><strong>suadent</strong></span> <span class='ocrx_word' id='word_1_691' title='bbox 3171 5380 3280 5424; x_wconf 91' lang='lat' dir='ltr'><strong>tum</strong></span> <span class='ocrx_word' id='word_1_692' title='bbox 3315 5384 3415 5422; x_wconf 91' lang='lat' dir='ltr'><strong>au-</strong></span> 
     </span>
    </p>
   </div>
   <div class='ocr_carea' id='block_1_100' title="bbox 1855 5463 3412 5533">
    <p class='ocr_par' dir='ltr' id='par_1_100' title="bbox 1855 5463 3412 5533">
     <span class='ocr_line' id='line_1_100' title="bbox 1855 5463 3412 5533; baseline -0.006 -12"><span class='ocrx_word' id='word_1_693' title='bbox 1855 5467 2080 5521; x_wconf 87' lang='lat' dir='ltr'><strong>ctoritas</strong></span> <span class='ocrx_word' id='word_1_694' title='bbox 2112 5482 2174 5520; x_wconf 90' lang='lat' dir='ltr'><strong>ac</strong></span> <span class='ocrx_word' id='word_1_695' title='bbox 2205 5466 2435 5520; x_wconf 80' lang='lat' dir='ltr'><strong>dicendi&#39;</strong></span> <span class='ocrx_word' id='word_1_696' title='bbox 2456 5464 2672 5529; x_wconf 85' lang='lat' dir='ltr'><strong>fiducia,</strong></span> <span class='ocrx_word' id='word_1_697' title='bbox 2722 5463 2917 5533; x_wconf 89' lang='lat' dir='ltr'><strong>quibus</strong></span> <span class='ocrx_word' id='word_1_698' title='bbox 2946 5463 3257 5517; x_wconf 88' lang='lat' dir='ltr'><strong>ementitam</strong></span> <span class='ocrx_word' id='word_1_699' title='bbox 3315 5478 3412 5529; x_wconf 84' lang='lat' dir='ltr'><strong>pn-</strong></span> 
     </span>
    </p>
   </div>
   <div class='ocr_carea' id='block_1_101' title="bbox 1859 5554 3411 5627">
    <p class='ocr_par' dir='ltr' id='par_1_101' title="bbox 1859 5554 3411 5627">
     <span class='ocr_line' id='line_1_101' title="bbox 1859 5554 3411 5627; baseline -0.005 -15"><span class='ocrx_word' id='word_1_700' title='bbox 1859 5567 2108 5612; x_wconf 85' lang='lat' dir='ltr'><strong>testatem</strong></span> <span class='ocrx_word' id='word_1_701' title='bbox 2136 5560 2419 5612; x_wconf 86' lang='lat' dir='ltr'><strong>venditans</strong></span> <span class='ocrx_word' id='word_1_702' title='bbox 2444 5557 2613 5627; x_wconf 88' lang='lat' dir='ltr'><strong>plebis</strong></span> <span class='ocrx_word' id='word_1_703' title='bbox 2651 5556 2863 5611; x_wconf 92' lang='lat' dir='ltr'><strong>animos</strong></span> <span class='ocrx_word' id='word_1_704' title='bbox 2895 5555 2960 5610; x_wconf 89' lang='lat' dir='ltr'><strong>ad</strong></span> <span class='ocrx_word' id='word_1_705' title='bbox 2993 5570 3051 5610; x_wconf 88' lang='lat' dir='ltr'><strong>se</strong></span> <span class='ocrx_word' id='word_1_706' title='bbox 3086 5554 3411 5623; x_wconf 78' lang='lat' dir='ltr'><strong>pellexerat,</strong></span> 
     </span>
    </p>
   </div>
   <div class='ocr_carea' id='block_1_102' title="bbox 1933 5738 3405 5810">
    <p class='ocr_par' dir='ltr' id='par_1_102' title="bbox 1933 5738 3405 5810">
     <span class='ocr_line' id='line_1_102' title="bbox 1933 5738 3405 5810; baseline 0.003 -19"><span class='ocrx_word' id='word_1_707' title='bbox 1933 5740 1952 5769; x_wconf 80' lang='grc'><strong>⁷</strong></span> <span class='ocrx_word' id='word_1_708' title='bbox 1995 5738 2125 5793; x_wconf 78' lang='lat' dir='ltr'><strong>Vide</strong></span> <span class='ocrx_word' id='word_1_709' title='bbox 2151 5739 2327 5807; x_wconf 31' lang='lat' dir='ltr'><strong>.lrcn.,</strong></span> <span class='ocrx_word' id='word_1_710' title='bbox 2360 5741 2454 5797; x_wconf 92' lang='lat' dir='ltr'><strong>lib.</strong></span> <span class='ocrx_word' id='word_1_711' title='bbox 2489 5757 2569 5808; x_wconf 79' lang='grc' dir='ltr'><strong>ιιι,</strong></span> <span class='ocrx_word' id='word_1_712' title='bbox 2603 5739 2771 5810; x_wconf 62' lang='lat' dir='ltr'><strong>Praef;</strong></span> <span class='ocrx_word' id='word_1_713' title='bbox 2815 5743 2914 5810; x_wconf 91' lang='lat' dir='ltr'><strong>ld.,</strong></span> <span class='ocrx_word' id='word_1_714' title='bbox 2964 5743 3057 5798; x_wconf 87' lang='lat' dir='ltr'><strong>lib.</strong></span> <span class='ocrx_word' id='word_1_715' title='bbox 3105 5759 3161 5804; x_wconf 91' lang='lat' dir='ltr'><strong>ll,</strong></span> <span class='ocrx_word' id='word_1_716' title='bbox 3210 5742 3405 5810; x_wconf 64' lang='lat' dir='ltr'><strong>Prcf.;</strong></span> 
     </span>
    </p>
   </div>
   <div class='ocr_carea' id='block_1_103' title="bbox 205 5788 2168 5876">
    <p class='ocr_par' dir='ltr' id='par_1_103' title="bbox 205 5788 2168 5876">
     <span class='ocr_line' id='line_1_103' title="bbox 205 5788 2168 5876; baseline 0.009 -30"><span class='ocrx_word' id='word_1_717' title='bbox 205 5788 386 5850; x_wconf 79' lang='lat' dir='ltr'><strong>Justin.</strong></span> <span class='ocrx_word' id='word_1_718' title='bbox 437 5794 531 5866; x_wconf 78' lang='lat' dir='ltr'><strong>M.,</strong></span> <span class='ocrx_word' id='word_1_719' title='bbox 585 5788 750 5870; x_wconf 65' lang='lat' dir='ltr'><strong>Apol.</strong></span> <span class='ocrx_word' id='word_1_720' title='bbox 779 5817 832 5869; x_wconf 82' lang='lat' dir='ltr'><strong>t;</strong></span> <span class='ocrx_word' id='word_1_721' title='bbox 873 5788 1100 5873; x_wconf 74' lang='lat' dir='ltr'><strong>Epiph.,</strong></span> <span class='ocrx_word' id='word_1_722' title='bbox 1124 5804 1262 5861; x_wconf 75' lang='lat' dir='ltr'><strong>Hmr.</strong></span> <span class='ocrx_word' id='word_1_723' title='bbox 1295 5788 1926 5869; x_wconf 29' lang='lat' dir='ltr'><strong>Xili‘l&#39;lviveu—JQI&#39;PVII-lib.</strong></span> <span class='ocrx_word' id='word_1_724' title='bbox 1960 5788 2168 5876; x_wconf 25' lang='lat' dir='ltr'><strong>1,..c.&quot;l.</strong></span> 
     </span>
    </p>
   </div>
  </div>
