4180 6332
765 304 867 360 119

1559 297 2146 354 ΒΙΞΞΕΒΤΑΤΙΟΝΕΒ
2184 298 2484 352 ΡΙῖᾸΞκἸίΕ
2524 298 2589 353 lN
2623 297 2874 352 ΠὶΕΝλΕΙ
2910 296 3172 353 LIBROS.

3875 297 3972 353 120

764 433 875 476 tum
900 435 960 474 ea
991 433 1108 487 quae
1138 417 1377 486 vulgavit
1405 418 1676 485 dogmata,
1717 415 2010 469 Platonicis
2043 416 2182 468 haud
2206 415 2315 470 dis-
2345 421 2388 477 Α
2419 421 3251 485 sanguspromiscuediceretur.
3274 415 3510 482 Quorum
3529 413 3968 469 doctissimorum

761 511 986 574 similia,
1030 519 1139 562 tum
1168 509 1400 576 denique
1445 509 1619 577 magia
1661 508 1773 574 ipsa
1807 523 1966 575 quam
2005 508 2308 574 exercebat,

763 600 1059 657 Platonicis
1085 615 1149 654 eo
1181 611 1423 668 tempore
1439 597 1740 661 familiaris,
1775 609 1826 651 et
1857 598 1906 649 in
1933 597 2089 650 laude
2120 597 2309 664 posita:

762 701 949 763 itaque
972 694 1356 748 Platonismum
1385 708 1502 747 cum
1539 692 2005 746 Samaritanorum
2029 707 2090 744 ac
2111 691 2313 744 Iudaeo-

764 808 882 847 rum
937 791 1090 862 [LIV]
1138 791 1390 859 religione
1435 790 1714 842 miscuisse
1746 789 1974 842 videtur.
2008 789 2138 842 Cum
2187 803 2312 841 vero

762 900 902 938 anno
919 884 1115 937 Christi
1140 882 1225 945 54,
1249 883 1339 934 lux
1373 882 1640 949 Evangelii
1674 882 1724 934 in
1755 880 1997 934 Samaria
2025 896 2312 934 coruscare

761 977 1043 1045 empisset,
1062 989 1296 1043 veraque
1317 973 1547 1045 Philippi
1571 976 1783 1031 diaconi
1804 975 2059 1029 miracula
2077 975 2312 1030 Simonis

760 1065 1067 1135 priestigias
1120 1066 1429 1128 discutere;
1483 1078 1672 1116 errore
1725 1064 1971 1132 deposito
2025 1063 2312 1116 Samarita:

758 1155 978 1211 Christo
1011 1172 1205 1212 nomen
1231 1156 1441 1210 dedere.
1476 1156 1497 1187 ⁸
1524 1156 1755 1224 Stupens
1779 1165 1833 1209 et
1865 1157 1975 1224 ipse
2004 1155 2188 1209 Simon
2218 1154 2315 1208 de-

760 1251 856 1314 dit,
894 1251 986 1305 sed
1015 1266 1119 1304 non
1150 1265 1213 1304 ex
1245 1252 1447 1304 animo.
1467 1249 1635 1315 Quam
1661 1250 1802 1302 enim
1841 1250 1891 1301 in
1922 1249 2178 1319 apostolis
2201 1266 2313 1305 sus-

758 1340 992 1411 piciebat
1027 1342 1279 1394 eximiam
1319 1341 1558 1410 patrandi
1597 1340 1856 1393 miracula
1883 1342 2157 1404 virtutem,
2178 1358 2313 1411 prae-

759 1433 899 1486 senti
930 1433 1157 1501 pecunia
1191 1433 1420 1486 mercari
1450 1433 1631 1485 volens
1657 1447 1686 1484 a
1714 1432 1874 1486 Petro
1890 1447 1991 1500 pro
2015 1438 2207 1488 merito
2234 1438 2310 1488 in-

758 1533 1030 1594 crepatus,
1057 1526 1122 1578 ad
1149 1524 1409 1578 vomitum
1441 1525 1601 1578 rediit
1623 1526 1774 1579 canis
1794 1527 2034 1594 impurus
2052 1527 2093 1592 9,
2116 1539 2311 1581 artem-

759 1629 865 1684 que
891 1615 1159 1684 magicam
1197 1617 1492 1670 studiosius
1523 1632 1686 1685 quam
1719 1627 1878 1672 antea
1908 1618 2088 1672 colere
2120 1620 2306 1688 coepit.

759 1706 853 1761 Sic
901 1717 1077 1760 autem
1126 1706 1489 1761 Christianam
1538 1708 1694 1761 [idem
1731 1708 1948 1777 abiecit,
1999 1718 2057 1762 ut
2099 1718 2304 1763 retenta

756 1797 1011 1852 nonnulla
1044 1796 1282 1864 ejusdem
1315 1800 1528 1864 umbra,
1556 1801 1659 1854 hac
1681 1802 1936 1854 utendum
1969 1801 2070 1856 sibi
2096 1804 2306 1866 Statuit,

756 1900 815 1944 ut
839 1905 936 1959 pro
965 1905 1027 1944 eo
1071 1907 1176 1960 quo
1210 1893 1541 1947 exestuabat
1574 1896 1625 1946 in
1673 1894 1944 1962 apostolos
1977 1895 2100 1948 odio
2147 1910 2212 1947 ac.
2248 1895 2310 1948 li-

754 2001 906 2049 vore,
942 1988 1010 2041 iis
1031 1987 1251 2041 verbum
1286 1987 1376 2041 Dei
1407 1987 1882 2042 disseminantibus
1911 1986 2115 2050 obices,
2153 2002 2309 2056 quos-

754 2094 966 2146 cunque
996 2089 1198 2149 posset,
1229 2078 1515 2148 objiceret.

820 2173 910 2226 97.
930 2175 1117 2226 Ascita
1136 2172 1298 2240 igitur
1317 2173 1368 2225 in
1389 2173 1708 2226 societatem
1727 2172 1968 2240 pristina:
1988 2173 2306 2241 Platonicae,

749 2261 1096 2332 Judaicaeque
1138 2265 1378 2318 misturae
1411 2265 1512 2317 hac
1539 2264 1972 2320 Christianitatis
2013 2267 2183 2334 larva,
2221 2283 2306 2322 re-

751 2358 880 2411 licta
925 2355 1169 2411 Samaria
1220 2356 1319 2410 hac
1362 2356 1484 2410 illac
1535 2358 1962 2412 circumcursare
1993 2361 2196 2427 coepit:
2249 2369 2306 2413 ttt

751 2459 938 2519 gentes
965 2459 1017 2504 et
1053 2450 1378 2520 provincias,
1409 2451 1474 2501 ad
1510 2463 1643 2518 quas
1691 2451 1925 2504 nondum
1970 2453 2306 2520 pervenisset

750 2542 1120 2611 Evangelium,
1151 2549 1579 2612 praeoccuparet,
1623 2542 2011 2611 erroribusque
2041 2546 2154 2598 suis
2183 2546 2302 2597 iuli-

750 2644 918 2689 eeret.
959 2632 1162 2702 Tyrum
1213 2631 1512 2685 Phoenicia:
1567 2646 1686 2686 cum
1729 2633 2059 2699 devenisset,
2092 2635 2163 2688 ibi
2198 2637 2303 2691 vile

748 2734 1013 2789 scortum,
1049 2723 1329 2778 mulierem
1355 2725 1759 2791 qnazstuariam,
1795 2729 2016 2780 nomine
2046 2725 2300 2782 llelenam

749 2823 906 2886 emit,
953 2821 1166 2890 sibique
1199 2834 1318 2873 eam
1351 2818 1620 2888 adiunxit,
1655 2820 1908 2874 itinerum
1948 2823 2203 2892 deinceps
2239 2838 2302 2878 ac

747 2916 1013 2971 scelerum
1041 2918 1280 2982 sociam;
1312 2917 1534 2971 ridicula
1565 2921 1717 2986 plura
1754 2918 1929 2986 palam
1959 2920 2022 2973 de
2057 2935 2117 2974 ea
2147 2919 2300 2973 fabu-
2340 2909 2343 2912 ⁴

746 3008 910 3070 latus,
945 3007 1188 3075 turpiora
1211 3023 1332 3062 cum
1365 3022 1427 3061 ea
1460 3008 1598 3062 clam
1626 3019 1959 3079 patraturus.
1991 3009 2298 3079 Peragratis

2417 511 2658 562 virormn
2694 510 2931 563 rationes
2955 509 3209 577 expendit
3233 507 3573 562 clarissimus
3595 507 3971 562 Tillemontius

2418 600 2445 650 ὁ
2472 600 2797 672 μακαρίτης,
2841 617 2901 655 ac
2933 616 3026 669 pro
3051 614 3113 652 ea
3138 615 3240 668 qua
3276 599 3413 654 valet
3437 600 3632 652 eximia
3668 599 3969 652 eruditione

2414 703 2466 746 et
2501 691 2830 758 acrijudicio
2863 691 3126 752 confutat,
3149 691 3196 741 iu
3233 691 3344 743 suis
3385 690 3438 742 in
3473 688 3660 742 tom.ll
3690 687 3955 742 Commeno

2414 783 2669 834 tariorum
2693 785 2746 834 in
2770 781 2912 834 Hist.
2936 781 3118 834 eccles.
3161 779 3643 844 observationibus,
3678 792 3800 833 nota
3822 779 3881 834 2.
3910 782 3965 832 in

2415 871 2688 926 Simonem
2723 872 3082 941 Magiumpag.
3120 871 3247 934 48:2,
3280 872 3367 924 ubi
3391 873 3582 938 probat
3606 872 3688 924 vix
3711 886 3772 925 ac
3793 886 3858 923 ne
3877 871 3964 923 vix

2414 964 2628 1032 quidem
2667 963 2783 1016 ﬁeri
2817 964 3079 1030 potuisse,
3115 969 3170 1012 ut
3197 970 3268 1012 tot
3298 961 3503 1030 antiqui
3531 960 3717 1014 Patres
3734 973 3794 1012 ea
3825 960 3874 1012 in
3906 974 3966 1013 re

2414 1057 2544 1124 lapsi
2578 1055 2796 1119 fuerint,
2829 1069 2945 1123 qua:
2969 1054 3137 1110 oculis
3168 1054 3405 1107 omnium
3448 1062 3670 1122 pateret,
3699 1065 3968 1121 quamque

2412 1149 2674 1214 Justinus,
2706 1151 2827 1201 dum
2858 1147 3041 1202 Roma:
3085 1161 3289 1218 ageret,
3316 1160 3368 1203 et
3398 1150 3699 1222 Apologiam
3733 1148 3968 1202 conseri.-

2412 1242 2584 1306 bcret,
2623 1256 2726 1294 non
2753 1240 2918 1295 semel
2945 1251 3028 1292 aut
3061 1241 3161 1303 bis,
3193 1240 3286 1293 sed
3335 1241 3760 1307 quotiescunque
3806 1239 3968 1293 Tibe-

2415 1333 2560 1386 rinos
2586 1342 2780 1402 pontes
2828 1330 3134 1399 traiecerat,
3190 1333 3424 1400 propriis
3465 1331 3637 1385 oculis
3682 1332 3968 1400 explorare

2411 1436 2681 1497 potuerat.
2703 1425 2901 1495 Ecquis
2924 1425 3065 1479 enim
3095 1425 3308 1479 sobrius
3331 1425 3433 1479 sibi
3462 1426 3800 1492 persuadeat,
3832 1442 3962 1480 san-

2413 1521 2708 1574 ctissimum
2744 1528 3035 1588 martyrem
3087 1527 3192 1571 tam
3240 1518 3625 1587 incogitantem
3682 1530 3839 1586 atque
3864 1519 3967 1571 im-

2412 1619 2732 1686 prudentem
2787 1615 2975 1679 fuisse,
3027 1624 3082 1668 ut
3116 1617 3165 1668 in
3203 1615 3316 1682 ipsa
3346 1616 3478 1668 urbe
3528 1615 3695 1668 Roma
3720 1616 3968 1669 scribens

2414 1709 2476 1760 ad
2509 1710 2885 1776 imperatores,
2922 1723 2984 1762 ea
3035 1706 3390 1772 confidenter,
3440 1708 3669 1760 nondum
3700 1708 3829 1762 satis
3868 1723 3968 1761 cx-

2412 1799 2619 1868 plorata
2651 1801 2896 1863 veritate,
2929 1800 3014 1853 bis
3044 1799 3095 1852 iu
3119 1801 3303 1852 eadem
3348 1799 3602 1870 Apologia
3653 1813 3967 1853 asseverare

2409 1906 2572 1946 ausus
2605 1891 2787 1954 fuerit,
2825 1904 3054 1958 quorum
3077 1889 3362 1944 falsitatem
3389 1891 3470 1942 vel
3503 1889 3600 1958 ipsi
3629 1891 3798 1958 pueri,
3827 1892 3968 1944 scri-

2407 1993 2614 2051 ptorem
2635 1985 2976 2036 temerarium
2997 1992 3307 2053 arguentes,
3341 1984 3743 2051 deprehendere
3761 1984 3968 2051 potuis-

2407 2077 2551 2129 sent?
2579 2076 2708 2130 Tam
2732 2077 3022 2129 immanem
3050 2075 3519 2130 hallucinationem
3541 2075 3624 2129 vix
3653 2077 3790 2128 ferat
3815 2075 3969 2143 quis-

2407 2186 2510 2239 que
2562 2171 2612 2223 iu
2657 2172 2922 2238 scriptore
2951 2169 3107 2238 longa
3140 2180 3410 2224 terrarum
3459 2171 3867 2240 intercapedine
3891 2167 3969 2223 ab

2411 2264 2522 2330 ipsa
2548 2273 2724 2315 statua
2751 2263 2972 2314 dissito:
3011 2271 3215 2329 quanto
3241 2264 3417 2317 minus
3444 2264 3496 2317 in
3538 2277 3602 2317 eo
3633 2264 3722 2331 qui
3758 2264 3808 2316 in
3844 2263 3965 2330 ipsa

2406 2358 2538 2410 urbe
2563 2355 2749 2419 Roma,
2777 2365 2849 2421 et,
2877 2367 2934 2410 ut
2959 2357 3032 2410 ita
3071 2357 3266 2422 dicam,
3295 2357 3359 2410 ad
3391 2357 3559 2426 ipsius
3580 2367 3770 2410 stature
3798 2357 3969 2426 pedes

2407 2449 2703 2518 scripserit.
2734 2449 2836 2503 Sed
2877 2464 2941 2503 ne
2959 2458 3138 2503 actum
3185 2463 3434 2518 agamus,
3485 2449 3707 2504 consule
3737 2449 3966 2502 citatum

2407 2539 2761 2594 eruditissimi
2814 2539 3140 2593 Tillemontii
3173 2539 3368 2592 locum.
3421 2538 3528 2593 Nec
3571 2539 3637 2592 iis
3672 2549 3969 2593 contentus

2406 2630 2648 2698 impurus
2684 2631 2864 2697 homo,
2910 2631 3144 2700 seipsum
3184 2632 3282 2685 sub
3325 2628 3492 2695 Jovis,
3543 2630 3791 2684 Helenam
3832 2645 3969 2685 vero

2405 2741 2554 2778 suam
2587 2727 2684 2779 sub
2716 2725 2968 2779 Minerva:
3003 2724 3184 2778 habitu
3208 2724 3385 2793 ellingi
3418 2724 3649 2787 curavit;
3680 2734 3733 2776 et
3758 2736 3967 2776 utram-

2405 2833 2511 2886 que
2530 2819 2816 2887 imaginem
2849 2817 3128 2886 discipulis
3152 2817 3432 2870 colendam
3460 2817 3703 2870 tradidit.

2473 2911 2561 2965 98.
2598 2911 2822 2980 Vulgata
2851 2910 2987 2977 apud
3021 2919 3235 2963 veteres
3276 2909 3462 2977 Opinio
3512 2916 3628 2972 est,
3689 2906 3969 2975 apostolo-

2402 3019 2520 3057 rum
2556 3002 2852 3070 Principcm
2878 3000 3102 3056 Romam
3132 3000 3342 3053 venisse
3367 3014 3508 3054 anno
3539 2998 3736 3053 Christi
3776 2996 3866 3061 42,
3900 3010 3968 3052 ut

747 3099 986 3154 Orientis
1021 3097 1317 3167 provinciis
1368 3099 1593 3153 Romam
1628 3102 1775 3154 venit
1803 3102 1904 3157 sub
1935 3100 2158 3156 Claudio
2185 3103 2296 3156 ϐω-
2325 3098 2370 3158 C
2402 3096 2540 3167 Magi
2575 3095 2801 3149 fraudes
2854 3110 2918 3148 ac
2968 3092 3138 3147 malas
3179 3101 3323 3147 artes
3361 3093 3689 3146 discuteret:
3725 3105 3966 3158 cumque

747 3206 889 3258 sare,
925 3192 1146 3247 circiter
1175 3207 1374 3246 annum
1409 3191 1723 3247 Christi“.
1760 3191 1835 3247 lbi
1869 3203 2076 3248 tantum
2106 3211 2299 3250 nomen

744 3282 846 3335 sibi
882 3282 1165 3350 priestigiis
1194 3297 1256 3336 ac
1279 3283 1591 3348 imposturis
1625 3283 1774 3348 fecit,
1801 3294 1860 3337 ut
1886 3294 2146 3350 statuam,
2203 3300 2300 3339 ceu

744 3375 951 3429 numini
996 3375 1208 3428 cuidam
1238 3417 1252 3439 ,
1296 3378 1343 3430 ei
1400 3376 1626 3445 positam
1682 3377 1735 3429 in
1774 3377 1951 3431 insula
1998 3377 2253 3432 Tiberina
2284 3420 2299 3446 ,

744 3466 890 3520 inter
917 3467 1055 3521 duos
1087 3475 1298 3537 pontes,
1333 3466 1529 3531 ferant,
1563 3483 1680 3520 cum
1713 3466 1901 3522 Latina
1923 3469 2295 3537 inscriptione:

745 3555 952 3611 Simoni
984 3557 1089 3610 Deo
1122 3569 1323 3613 sancto.
1361 3557 1574 3613 Primus
1598 3559 1738 3613 enim
1788 3561 2027 3614 omnium
2057 3559 2299 3616 Justinus

742 3649 949 3718 Martyr
981 3652 1033 3702 in
1062 3663 1121 3704 ea
1155 3665 1274 3719 qua:
1307 3667 1432 3705 vere
1463 3655 1610 3721 prior
1647 3661 1752 3717 est,
1783 3655 2079 3709 secundum
2119 3664 2297 3709 tamen

742 3739 797 3793 in
824 3740 1173 3795 editislocum
1200 3749 1369 3808 tenet,
1397 3745 1649 3816 Apologia
1680 3744 1744 3798 ad
1762 3746 2090 3800 Antoninum
2119 3745 2294 3810 Pium,

744 3833 800 3886 id
829 3834 1168 3888 memoravit.
1191 3832 1248 3886 ln
1277 3832 1430 3900 cujus
1462 3833 1563 3889 ﬁde
1593 3835 1754 3901 idem,
1780 3837 1872 3890 sed
1898 3836 2294 3905 aliquantulum

742 3922 965 3987 dubius,
1010 3925 1313 3978 asseruisse
1345 3925 1556 3978 videtur
1588 3924 1853 3981 Irenmus:
1908 3928 2098 3982 Statua
2127 3933 2294 3983 Itono-

741 4027 887 4069 ratus
923 4017 1086 4085 fuisse
1113 4017 1307 4069 dicitur
1332 4027 1540 4085 propter
1570 4020 1851 4088 magicam,
1887 4021 2077 4088 inquit.
2126 4023 2195 4074 At
2229 4022 2285 4074 li-

745 4108 932 4161 denter
961 4118 1342 4160 asseverarunt
1370 4106 1757 4170 Tertullianus,
1787 4110 2005 4180 Apolog.
2045 4128 2160 4180 cap.
2188 4114 2250 4167 13
2278 4130 2294 4178 ;

743 4198 964 4262 Euseb,
996 4199 1088 4252 lib.
1126 4215 1158 4251 ιι
1202 4199 1374 4261 Ilist.,
1404 4213 1523 4268 cap.
1561 4199 1833 4270 ημῖν-ιι.
1866 4201 2155 4268 llierosol.,
2186 4206 2292 4257 Ca-

741 4292 875 4342 teclt.
918 4291 970 4355 6,
1006 4289 1398 4354 Theodoretus,
1430 4292 1785 4359 Augustinus,
1810 4304 1863 4347 et
1897 4295 2009 4347 alii.
2037 4294 2151 4348 Non
2197 4297 2290 4349 de-

740 4381 906 4451 fuere,
941 4392 1116 4435 tamen
1147 4383 1540 4450 posterioribus
1566 4383 1713 4437 hisce
1747 4387 1957 4441 sarculis
1987 4385 2287 4442 doctissimi

739 4476 863 4542 viri,
894 4476 982 4544 qui
1007 4472 1277 4527 Iustinum
1298 4489 1391 4527 seu
1422 4473 1628 4529 Latina:
1651 4475 1846 4546 lingua:
1873 4479 2163 4547 imperitia,
2197 4495 2294 4534 seu

739 4567 973 4621 nominis
1008 4566 1362 4622 similitudine
1391 4568 1670 4638 deceptum
1698 4571 1962 4639 putarint;
1989 4581 2173 4640 utpote
2202 4575 2289 4642 qui

741 4666 974 4711 statuam
1012 4657 1225 4713 Semoni
1260 4677 1442 4724 sanco,
1479 4665 1562 4718 vel
1606 4672 1821 4726 sancto,
1862 4664 1953 4732 qui
2003 4666 2136 4720 deus
2177 4673 2295 4718 erat

742 4752 882 4819 apud
929 4751 1158 4807 Sabinos
1189 4799 1202 4821 ,
1249 4756 1502 4822 positam,
1562 4757 1769 4810 Simoni
1816 4757 1967 4825 Mago
2022 4767 2288 4810 sacratam

739 4841 904 4894 fuisse
941 4843 1350 4898 existimaverit.
1381 4844 1607 4900 Centum
1642 4849 2100 4902 circiter'abbinc
2135 4849 2290 4901 annis

738 4931 928 4986 eiTossa
961 4944 1044 4987 est
1073 4935 1124 4986 in
1159 4937 1333 4990 insula
1385 4937 1634 4993 Tiberina
1690 4949 1864 4993 statua
1912 4956 2030 4994 cum
2067 4941 2166 4994 hac
2203 4941 2286 4994 in-

738 5028 1053 5095 scriptione,
1083 5046 1199 5097 qua:
1233 5031 1297 5082 ad
1330 5032 1470 5085 illam
1518 5031 1713 5087 Justiui
1749 5036 1992 5103 proxime
2038 5038 2282 5092 accedit:

736 5113 948 5170 Semoni
988 5121 1082 5170 deo
1128 5138 1284 5174 sanco
1320 5123 1424 5188 (vel
1456 5129 1643 5191 sango)
1697 5123 1805 5176 Deo
1837 5123 1995 5177 Fidio
2046 5144 2279 5190 sacrum,-

739 5209 874 5262 adeo
900 5219 956 5262 ut
979 5225 1041 5262 ea
1065 5212 1176 5280 ipsa
1216 5228 1334 5266 esse
1368 5215 1636 5277 videatur,
1667 5231 1828 5284 quam
1860 5217 1985 5270 olim
2016 5219 2064 5271 in
2097 5221 2282 5272 eadem

735 5302 910 5356 insula
944 5304 1151 5358 viderat
1173 5304 1452 5372 Justinus;
1506 5309 1660 5376 cujus
1683 5324 1746 5363 eo
1781 5311 2073 5378 proclivior
2107 5313 2285 5380 lapsus

733 5410 852 5449 esse
869 5397 1061 5464 potuit,
1088 5412 1192 5464 quo
1215 5403 1484 5456 veteribus
1511 5402 1716 5457 Latinis
1737 5408 2164 5460 commutatione
2197 5408 2285 5461 lit-

738 5492 969 5536 terarum
1009 5502 1036 5536 e
1089 5489 1183 5539 eti
1229 5488 1564 5555 frequentius
1596 5493 1726 5546 nihil
1761 5496 1996 5558 exstitit,
2030 5509 2083 5548 et
2126 5496 2284 5549 Semo

733 5574 822 5627 ille
863 5578 1124 5631 minorum
1168 5581 1406 5645 gentimn
1457 5586 1609 5651 deus,
1660 5599 1900 5652 sanctus,
1935 5603 2148 5657 sancus,
2198 5600 2285 5643 aut

803 5736 824 5765 '
849 5736 970 5792 Act.
1000 5750 1118 5803 vm,
1148 5741 1179 5794 9
1211 5750 1259 5794 et
1293 5754 1441 5810 seqq.
1527 5743 1545 5773 ’
1579 5741 1733 5801 Prov.
1765 5761 1908 5815 xxvi,
1945 5747 2028 5802 ll.

2403 3190 2548 3242 hunc
2571 3187 2709 3241 fama
2750 3186 2859 3255 jam
2896 3186 3193 3249 desereret,
3218 3185 3456 3240 collectis
3493 3183 3698 3236 viribus
3734 3183 3964 3236 enixum

2399 3297 2520 3335 esse
2547 3281 2845 3335 mirabilem
2870 3279 3067 3334 Christi
3095 3295 3381 3333 aseeusmn
3406 3279 3459 3331 in
3491 3278 3658 3333 eteius
3679 3277 3961 3342 aemulari;

2401 3373 2491 3424 sed
2523 3373 2569 3424 ei
2598 3380 2704 3425 tam
2741 3372 2881 3426 male
2911 3372 3140 3425 cessisse
3164 3370 3426 3436 volatum,
3459 3378 3515 3421 ut
3547 3368 3729 3421 divina
3756 3368 3967 3424 virtute

2401 3465 2766 3533 apostolorum
2815 3467 3065 3534 precibus
3125 3463 3408 3519 sollicitata
3483 3477 3720 3530 praeceps
3769 3471 3964 3528 actus,

2399 3558 2582 3610 fractis
2624 3558 2873 3612 cruribus
2909 3559 3103 3611 misere
3154 3569 3338 3625 postea
3373 3558 3667 3619 interierit,
3699 3569 3762 3609 eo
3810 3568 3965 3608 anno

2397 3649 2488 3715 qui
2515 3648 2657 3702 Petri
2683 3658 2736 3702 et
2757 3648 2906 3703 Pauli
2939 3649 3257 3718 martyrium
3293 3649 3535 3718 proxime
3574 3644 3962 3709 antecesserit,

2399 3741 2448 3794 id
2485 3751 2559 3795 est
2589 3742 2788 3796 Christi
2817 3742 2902 3795 65.
2929 3741 3049 3795 llzec
3075 3743 3254 3795 omnia
3286 3743 3513 3794 strictim
3540 3742 3762 3809 attingo,
3792 3741 3959 3795 obvia

2398 3836 2662 3903 siquidem
2693 3846 2817 3889 sunt
2841 3843 2893 3889 et
2913 3835 3161 3890 omnibus
3182 3845 3330 3887 nota.
3371 3833 3559 3887 Plures
3584 3834 3817 3887 edidisse
3842 3833 3961 3887 fer-

2401 3937 2487 3980 tur
2534 3941 2625 3980 seu
2665 3926 2854 3992 libros,
2895 3941 2986 3981 seu
3019 3942 3321 3981 sermones;
3347 3925 3615 3990 Quasdam
3664 3939 3730 3978 ex
3779 3924 3963 3982 altero

2397 4033 2582 4071 eorum
2619 4016 2980 4086 blasphemias
3011 4021 3204 4072 recitat
3261 4018 3623 4086 llierouymus
3674 4021 3728 4075 in
3765 4021 3961 4075 Matth.

2396 4125 2511 4181 cap.
2539 4127 2683 4168 xxw.
2705 4113 2854 4166 Alios
2876 4122 3138 4166 memorat
3157 4111 3479 4166 auctorlibri
3507 4111 3578 4164 De
3601 4111 3764 4164 divin.
3788 4127 3962 4178 nom.,

2394 4219 2514 4273 Cap.
2548 4206 2600 4270 6,
2655 4221 2881 4274 quorum
2929 4206 3137 4270 titulus,
3181 4205 3624 4272 Ἀπιρῤητικοὶ,
3667 4204 3953 4258 Contradi-

2393 4299 2562 4352 ctorii.
2596 4298 2649 4351 Si
2678 4298 3147 4351 Constitutionibus
3176 4299 3472 4365 apostolicis
3504 4298 3652 4358 fides,
3680 4297 3773 4352 lib.
3799 4312 3875 4361 vt,
3904 4312 3960 4350 c.

2397 4392 2450 4453 8,
2486 4389 2670 4446 Simon
2719 4389 2942 4457 ejusque
2984 4389 3160 4442 socius
3216 4387 3467 4442 Cleobius
3506 4390 3684 4456 plures
3737 4387 3963 4442 Christo

2397 4479 2616 4547 ejusque
2661 4479 2936 4548 discipulis
2988 4481 3156 4535 libros
3201 4495 3507 4547 supponere
3546 4480 3658 4532 ausi
3712 4478 3958 4534 fuerant.

2398 4570 2473 4622 Ex
2530 4569 2920 4639 discipulorum
2973 4572 3180 4625 oﬂicina
3234 4572 3503 4639 prodierat
3548 4570 3899 4638 Evangelium
3941 4611 3958 4636 ,

2396 4663 2537 4732 quod
2575 4663 2772 4716 librum
2811 4663 2886 4716 De
2909 4675 3133 4734 quatuor
3179 4666 3356 4718 mutuli
3411 4662 3615 4732 angulis
3657 4662 3962 4731 inscripse-

2397 4765 2515 4807 rant
2548 4745 2696 4824 (quia
2721 4759 2772 4811 in
2803 4770 3035 4826 quatuor
3061 4771 3241 4829 partes
3277 4769 3455 4812 sectus
3476 4757 3633 4823 erat),
3658 4768 3713 4809 ut
3735 4768 3788 4809 et
3815 4773 3961 4826 ερον-

2395 4850 2637 4915 cryphus
2670 4847 2825 4914 liber,
2869 4850 2942 4902 De
2970 4851 3341 4916 prwdicatione
3360 4851 3528 4903 sancti
3558 4849 3733 4902 Pauli.

2468 4940 2555 4994 99.
2591 4940 2740 5006 Quod
2774 4942 2836 4994 ad
2882 4942 3116 5002 Simonis
3149 4957 3365 4996 errores
3419 4953 3644 5010 spectat,
3697 4945 3961 5012 superius

2392 5037 2458 5087 de
2494 5033 2783 5090 Valentino
2834 5044 3056 5105 agentes
3091 5036 3421 5088 ostendimus
3460 5049 3580 5088 emn
3623 5034 3809 5102 prima:
3839 5033 3956 5088 νει-

2391 5123 2810 5178 leutinianorum
2865 5124 3122 5192 ogdoadis
3177 5133 3451 5178 auctorem
3503 5134 3558 5177 et
3609 5124 3956 5179 inventorem

2389 5219 2574 5272 fuisse.
2607 5219 2828 5289 Nempe,
2867 5216 3206 5272 Theodoreto
3265 5227 3421 5282 teste,
3457 5215 3720 5270 infinitam
3752 5229 3956 5286 quani-

2392 5315 2515 5366 dam
2544 5314 2730 5365 statuit
2781 5321 3122 5380 potestatem,
3173 5322 3410 5382 quamet
3447 5312 3684 5364 radicem
3717 5311 3956 5363 univer-

2386 5419 2571 5458 sorum
2594 5405 2877 5474 appellavit
2900 5422 2912 5470 ;
2934 5405 3134 5475 Byllius
3150 5415 3250 5468 est,
3280 5405 3361 5457 cui
3383 5413 3436 5458 et
3464 5403 3704 5456 Ἔννοιαν
3723 5403 3960 5471 copula-

2388 5497 2499 5548 bat.
2557 5496 2714 5548 istam
2769 5513 2898 5550 vero
2929 5498 3195 5566 duplicem
3243 5512 3361 5553 esse
3401 5499 3669 5568 fingebat:
3712 5497 3956 5554 alteram

2389 5589 2639 5658 primam,
2676 5605 2833 5660 quam
2859 5591 3079 5648 Matrem
3121 5596 3358 5656 omnium
3398 5593 3720 5664 appellabat,
3753 5610 3958 5664 quatu-
