4180 6332
169 337 258 393 121
891 340 1356 398 DlSSER'I‘ATlO
1397 343 1436 406 l,
1473 343 1632 397 ΛΒΤ.
1677 341 1754 406 lll,

1844 342 1881 394 E
1919 341 2282 397 VALENTN
2322 340 2710 398 MAGISTRIS.

3311 345 3412 398 ΝΞ

171 473 268 528 que
293 457 345 510 iu
368 457 582 512 Helena
605 472 701 511 sua
731 460 1080 528 conspicuam
1108 475 1226 515 esse
1250 461 1488 525 dicebat;
1516 462 1739 514 alteram
1774 461 1819 518 Α
1848 461 1990 528 quod
2026 461 2316 516 Menander
2344 462 2580 516 Simonis
2609 462 2922 526 discipulus,
2957 461 3046 529 qui
3085 462 3281 523 verbis,
3307 479 3410 516 non

175 565 328 620 quam
364 565 493 602 cum
529 551 712 619 Φωνῇ,
747 549 902 612 Voce,
928 551 1274 620 conjugabat.
1295 551 1423 604 Eam
1455 563 1634 605 autem
1664 551 1742 603 iti-

178 644 376 696 finitam
411 651 742 709 potestatem
772 642 946 711 ignem
978 657 1097 695 esse
1127 643 1366 703 dicebat,
1410 643 1460 695 id
1509 653 1590 694 est
1624 640 1740 693 Vir-

178 743 340 786 tutem
379 733 624 786 maxime
659 742 954 792 actuosain,
997 734 1152 800 cujus
1203 733 1395 801 duplex
1453 731 1588 787 foret
1615 748 1741 802 0pc-

178 829 332 891 ratio,
364 828 536 881 altera
569 832 883 897 conspicua.
911 830 1078 881 altera
1108 829 1297 882 latens.
1321 829 1392 883 Ex
1417 829 1501 882 illa
1526 829 1741 896 quidem

175 922 414 989 genitum
456 936 578 974 esse
615 923 904 984 mundum;
936 938 998 974 ex
1033 923 1131 974 hac
1164 937 1288 974 vero
1315 923 1602 989 productas
1635 922 1743 988 pri-

178 1026 320 1062 mum
377 1025 501 1063 esse
535 1021 647 1063 tres
702 1009 1130 1078 COnjugationes,
1175 1026 1309 1077 quas
1341 1010 1499 1063 etiam
1537 1010 1742 1062 radit-es

174 1103 466 1154 nmuinavi:
490 1121 502 1166 ;
530 1117 752 1170 quarum
775 1104 999 1170 primatu
1024 1103 1310 1171 appellavit
1330 1101 1571 1155 Νοῦνκαὶ
1606 1100 1744 1153 Ἐπί-

168 1211 330 1256 υοιαν,
361 1195 587 1248 Mentem
611 1206 656 1249 et
685 1193 982 1256 Notionem;
1005 1196 1293 1264 secundam
1314 1195 1482 1264 Φονὴν
1507 1195 1599 1246 καὶ
1620 1195 1743 1245 Ἕν·-

171 1305 341 1349 νοιαν,
386 1285 570 1338 Vocem
619 1297 666 1338 et
723 1284 1171 1354 Intelligentiam;
1217 1287 1430 1339 tertiam
1473 1285 1742 1354 Λογε-ςμὸν

171 1380 264 1432 καὶ
311 1377 638 1447 Ἐνῦύμησιν
669 1417 682 1441 ,
729 1376 1001 1428 Rationem
1034 1387 1078 1428 et
1120 1375 1520 1443 Cogitationem.
1553 1374 1606 1426 lu
1645 1376 1744 1427 hac

166 1474 414 1541 ogdoade
452 1471 877 1524 Valentiuianam
937 1471 1165 1539 quisque
1215 1469 1588 1536 deprehendit.
1640 1466 1742 1521 No-

169 1565 315 1616 mina
354 1561 570 1630 quidem
600 1560 738 1627 apud
773 1559 1193 1623 Theodoretunz,
1234 1576 1390 1627 quem
1429 1560 1516 1612 hic
1541 1561 1743 1612 exscri-

168 1654 370 1718 biutus,
403 1651 800 1719 aliquantulum
831 1652 1138 1706 dissimilia:
1166 1661 1220 1704 at
1246 1655 1382 1720 apud
1414 1655 1580 1707 Eliam
1613 1653 1741 1707 Cre-

168 1755 377 1799 tensem
414 1743 734 1797 etNicetam
765 1760 926 1812 supra
962 1745 1230 1803 laudatos.
1267 1746 1450 1798 eadem
1485 1761 1739 1810 prorsus:

167 1841 304 1896 adeo
351 1847 407 1889 ut
441 1847 697 1891 constare
747 1837 995 1888 videatur
1037 1834 1384 1906 πολυώνυμον
1438 1836 1603 1889 fuisse
1630 1877 1643 1900 ,
1681 1852 1744 1890 ac

167 1933 326 1985 modo
346 1931 454 1992 his,
480 1930 638 1983 modo
674 1929 781 1982 illis
821 1928 1130 1982 nominibus
1160 1945 1186 1980 a
1220 1929 1742 1998 Simonisdiscipulis

164 2023 549 2093 significatam.
583 2022 686 2076 Sed
722 2038 834 2075 rem
863 2023 1107 2075 eamdem
1149 2025 1434 2090 utrobique
1465 2026 1745 2080 exstitisse

163 2119 509 2169 demonstrat
541 2125 780 2168 veterum
807 2130 1125 2178 consensus,
1153 2131 1216 2169 ac
1243 2117 1512 2185 imprimis
1531 2118 1741 2182 lrenati,

171 2218 228 2259 ιιι
261 2207 391 2261 alibi
423 2209 682 2261 diximus.
717 2207 791 2262 De
824 2210 908 2261 his
956 2225 1083 2277 ergo
1119 2210 1450 2263 Simouiauis
1480 2210 1744 2266 Eunihus

166 2300 305 2351 idem
336 2299 704 2364 sentiendum,
738 2302 878 2368 quod
913 2303 976 2353 de
1002 2299 1139 2372 [LV]
1175 2301 1446 2369 prioribus
1477 2311 1598 2356 octo
1638 2301 1743 2355 Va-

163 2393 500 2448 lentiniauis.
538 2393 763 2463 Utrique
805 2410 834 2448 e
867 2395 1268 2448 Platonicorum
1314 2395 1522 2449 lacunis
1541 2397 1742 2460 educti,

163 2483 486 2538 Christiano
517 2487 716 2539 amictu
751 2499 1026 2552 utcunque
1068 2488 1238 2542 induti
1273 2490 1652 2543 haereticorum
1683 2489 1742 2542 il-

168 2577 342 2630 lorum
381 2587 497 2630 arte
521 2579 865 2645 prodierunt.

235 2667 358 2721 100.
388 2669 636 2736 Seipsum
664 2686 824 2739 porro
858 2671 1042 2725 Simon
1060 2691 1169 2728 esse
1190 2675 1621 2729 sublimissimnm
1649 2675 1741 2729 Dei

162 2761 431 2822 virtutem,
471 2760 570 2813 Itoc
615 2773 710 2825 est,
744 2780 859 2817 eum
891 2767 1062 2827 quisit
1087 2783 1242 2834 super
1270 2769 1446 2820 omnia
1481 2766 1639 2820 Pater
1674 2769 1738 2834 ‘°,

161 2854 602 2920 blasplietnabat.
662 2857 881 2908 Summa
936 2857 1022 2910 hic
1074 2857 1235 2911 fuerit
1267 2861 1589 2912 veteratoris
1641 2861 1740 2914 de-

151 2949 374 2999 "nteutia
415 2956 469 2999 et
525 2947 881 3014 ilttptttletzlia,
927 2964 992 2999 eo
1029 2957 1206 3000 tamen
1241 2965 1408 3016 usque
1449 2950 1741 3004 iusaniisse

170 3053 275 3091 nou
313 3049 516 3107 putem,
556 3040 979 3105 utsemetipsum
1043 3052 1118 3101 re,
1155 3038 1396 3091 essentia
1438 3054 1501 3091 ac
1547 3049 1739 3092 natura

1848 571 1906 609 re
1946 572 1974 608 a
2009 556 2269 625 magistro
2301 555 2623 616 dissidebat,
2663 556 2886 622 primam
2911 567 2967 606 se
2995 550 3261 606 Virtutem
3306 569 3410 606 non

1848 650 2196 710 nominaret;
2240 647 2481 712 ignotam
2537 646 2680 698 enim
2730 660 2847 698 eam
2895 644 3071 698 aiebat
3117 659 3276 708 esse;
3319 646 3410 698 sed

1848 743 1915 796 ab
1963 739 2050 793 illa
2098 753 2154 792 se
2191 739 2414 790 missum
2461 736 2745 804 jactitans,
2783 735 3126 788 Servatorem
3177 735 3410 802 seipsum

1852 831 2175 900 appellaret.
2216 829 2485 896 Quidquid
2515 842 2646 895 ergo
2675 828 3006 880 discriminis
3030 828 3172 880 inter
3200 836 3414 879 utrum-

1852 940 1962 992 que
1988 923 2114 992 fingi
2150 931 2345 991 potest,
2402 936 2465 974 eo
2491 921 2650 983 redit,
2679 929 2734 971 nt
2766 919 2902 970 alter
2928 919 3090 986 paulo
3120 917 3414 970 modestior

1846 1020 2084 1087 seipsum
2119 1017 2464 1070 Serratorent
2502 1015 2730 1074 diceret,
2765 1014 2907 1081 quod
2939 1029 2965 1063 a
2999 1012 3169 1079 prima
3207 1012 3411 1065 Virtute

1848 1109 1912 1162 ad
1945 1108 2220 1161 hominum
2256 1107 2487 1160 salutem
2527 1105 2723 1157 missus
2745 1115 2918 1167 esset;
2971 1104 3104 1156 alter
3135 1104 3410 1170 impuden-

1849 1211 1930 1254 ter
1965 1202 2204 1268 seipsum
2239 1200 2465 1268 primum
2497 1214 2616 1251 esse
2648 1197 2913 1249 Virtutem
2939 1196 3253 1258 blateraret,
3279 1211 3412 1263 qua-

1849 1304 2005 1346 tenus
2057 1295 2156 1345 ista
2192 1308 2286 1360 per
2319 1307 2440 1344 eum
2475 1302 2816 1359 operaretur,
2849 1304 2912 1341 eo
2940 1288 3274 1356 operationis
3318 1302 3411 1354 ge—

1847 1401 1976 1439 nere
2022 1386 2166 1452 quod
2197 1393 2483 1437 externum
2514 1392 2566 1434 et
2606 1382 2954 1448 conspicuum
2996 1387 3172 1440 esset;
3219 1393 3322 1428 non
3348 1390 3412 1428 co

1847 1479 1988 1546 quod
2031 1478 2222 1538 latens,
2254 1486 2305 1529 et
2344 1491 2435 1544 per
2462 1475 2603 1542 quod
2643 1472 2846 1526 lEones
2881 1474 3231 1540 produxerat.
3277 1469 3413 1522 Hinc

1847 1570 2049 1624 Judasis
2103 1570 2346 1636 quidem,
2383 1567 2473 1632 qui
2512 1565 2762 1618 Messiam
2802 1564 3189 1631 exspectabant
3231 1563 3412 1629 (quem

1852 1664 1942 1716 Dei
1993 1662 2189 1716 Filintn
2241 1677 2359 1713 esse
2411 1660 2476 1712 ab
2523 1659 2784 1725 apestolis
2823 1658 3130 1722 didicerat),
3160 1665 3412 1723 tauquam

1851 1756 2045 1809 Filium
2099 1755 2411 1824 apparuisse
2462 1766 2519 1806 se
2556 1752 2874 1819 jactilabat;
2930 1751 2995 1803 ad
3045 1749 3417 1803 Samaritanus

1849 1866 1996 1913 vero,
2032 1864 2260 1916 quorum
2310 1846 2595 1900 obscurior
2630 1845 2694 1898 de
2733 1844 2924 1897 lllessia
2960 1843 3090 1895 fides
3118 1851 3258 1902 erat,
3301 1851 3416 1894 tan-

1847 1957 2009 2011 quam
2032 1941 2248 1994 Patrem
2281 1940 2665 2002 descendisse;
2700 1938 2764 1991 ad
2799 1938 2930 1989 alias
2957 1937 3186 2004 denique
3209 1941 3415 2001 gentes,

1846 2047 1979 2100 quas
2012 2031 2246 2099 Spiritus
2299 2029 2469 2084 saneti
2503 2028 2702 2080 virtute
2743 2026 3073 2094 cooptandus
3127 2027 3177 2078 in
3230 2024 3419 2077 Eccle-

1849 2126 1983 2178 siam
2039 2133 2287 2186 noverat,
2339 2131 2596 2191 tauquam
2648 2120 2909 2188 Spiritum
2951 2127 3201 2172 sanctum
3248 2118 3416 2170 adve-

1846 2216 2034 2268 nisse:
2067 2230 2129 2267 ac
2155 2214 2405 2282 denique,
2440 2224 2498 2264 ut
2541 2213 2616 2265 ait
2658 2213 2914 2272 Irenteus,
2950 2209 3208 2262 sustinere
3245 2206 3419 2260 vocari

1847 2325 1899 2360 se
1933 2307 2276 2376 quodcunque
2327 2321 2439 2359 eum
2478 2313 2658 2357 vocant
2712 2304 2978 2355 homines:
3024 2302 3123 2355 hoc
3169 2310 3273 2361 est.
3322 2313 3419 2365 pro

1846 2398 2078 2452 diversis
2116 2413 2248 2466 quas
2285 2397 2452 2450 edidit
2497 2397 2684 2464 prima:
2717 2395 2943 2448 Virtutis
2989 2391 3417 2462 operationibus,

1846 2491 2076 2543 diversis
2119 2491 2282 2543 etiam
2333 2489 2677 2541 diversarum
2710 2488 2948 2555 gentium
2994 2485 3300 2546 aﬂeclibus,
3333 2483 3418 2535 di-

1848 2596 2004 2635 versa
2039 2580 2136 2634 sibi
2170 2582 2383 2633 nomina
2412 2581 2570 2633 tribui
2598 2580 2813 2640 sivisse,
2848 2579 3049 2640 Patris,
3071 2575 3191 2630 Filii
3223 2585 3278 2629 et
3303 2574 3420 2643 Spi-

1847 2675 1985 2727 ritus
2025 2674 2225 2738 saucti,
2264 2675 2370 2725 imo
2409 2672 2578 2724 etiam
2624 2671 2949 2740 quandoque
2979 2669 3170 2734 lovis;
3212 2681 3334 2721 nam
3366 2674 3422 2721 et

1846 2767 1946 2819 sub
1978 2765 2080 2818 hoc
2104 2765 2378 2818 schemate
2413 2773 2622 2816 statuas
2659 2771 2712 2815 et
2740 2761 3026 2830 imagines,
3058 2776 3194 2829 quas
3225 2762 3422 2814 adora-

1847 2865 1986 2921 rent,
2022 2856 2069 2908 ei
2114 2864 2408 2923 posuerant
2438 2851 2712 2918 discipuli.
2760 2851 2834 2902 Ex
2879 2850 3077 2919 quibus
3113 2849 3423 2903 certissimo

1847 2947 2121 3016 colligitur
2175 2947 2414 3008 Patrem,
2479 2944 2676 2997 Filium
2738 2955 2792 2997 et
2855 2944 3115 3012 Spiritum
3169 2955 3418 2995 sanctum

1849 3050 1982 3105 tres,
2014 3055 2078 3093 ex
2105 3037 2220 3106 ejus
2269 3040 2556 3103 sententia,
2608 3039 2972 3091 subsistentes
3015 3027 3420 3106 personas'non

164 3143 477 3197 supremum
509 3144 633 3182 esse
673 3129 889 3181 Patrem
926 3131 1173 3183 crederet
1215 3131 1542 3198 jactaretve.
1585 3128 1641 3185 Id
1675 3131 1739 3186 de
1768 3142 1810 3198 α
1850 3133 2038 3198 fuisse,
2070 3132 2166 3187 sed
2199 3131 2298 3186 tria
2335 3133 2598 3186 duntaxat
2631 3130 2791 3183 unius
2824 3143 3068 3196 persona:
3104 3127 3326 3182 nomina
3365 3134 3421 3180 et

160 3223 347 3291 scipso
378 3221 620 3274 sensisse
653 3220 889 3282 videtur,
922 3221 1062 3287 quod
1094 3221 1157 3274 de
1191 3221 1390 3275 llelena
1424 3236 1543 3287 sua,
1574 3237 1734 3290 quam

161 3315 390 3382 primam
438 3313 640 3366 mentis
686 3328 798 3365 sua:
845 3314 1233 3381 conceptionem
1265 3314 1612 3379 aiebatesse,
1645 3331 1739 3383 per

159 3421 323 3476 quam
355 3404 594 3472 Angelos
621 3414 672 3458 et
705 3405 1074 3474 Archangelos
1103 3406 1342 3460 fecisset.
1395 3407 1485 3472 At,
1517 3416 1739 3460 auctore

160 3495 528 3560 Theodoreto,
576 3498 719 3550 hunc
755 3497 1032 3560 mundum,
1089 3498 1242 3564 cujus
1279 3499 1451 3566 prima
1485 3508 1539 3553 et
1577 3499 1736 3553 nobi-

161 3590 264 3642 lior
297 3605 426 3658 pars
460 3588 638 3658 angeli
670 3599 845 3651 erant,
875 3590 1153 3642 conditum
1188 3591 1466 3644 asserebat
1499 3607 1593 3659 per
1619 3605 1736 3644 eam

161 3697 428 3752 suprema».
464 3679 701 3734 Virtutis
729 3682 1124 3749 operationem,
1165 3697 1285 3750 quae
1328 3685 1622 3751 conspicua
1650 3699 1738 3738 es-

163 3788 271 3839 set,
325 3776 428 3843 vel,
464 3787 521 3829 ut
569 3776 807 3844 loquitur
862 3775 1122 3843 Irenaaus,
1175 3795 1269 3848 per
1321 3779 1582 3834 Ennoiam
1619 3797 1739 3850 qute

160 3867 442 3920 exsiliisset
506 3883 575 3922 ex
633 3882 847 3920 summo
890 3866 1068 3932 Patre,
1121 3881 1167 3923 et
1232 3873 1298 3923 ad
1344 3872 1600 3938 inferiora
1659 3874 1740 3925 di-

159 3974 338 4026 gressa
365 3959 573 4026 fuisset,
615 3959 665 4012 id
694 3970 795 4024 est,
834 3974 951 4027 quae
992 3962 1227 4028 seipsum
1278 3966 1516 4018 exterius
1563 3967 1740 4033 prodi-

163 4049 354 4102 disset.
418 4051 890 4113 Quemadmodum
949 4051 1116 4118 igitur
1180 4051 1435 4107 lleleuam
1508 4057 1738 4122 primam

161 4130 362 4194 summi
412 4141 594 4194 Patris
654 4142 912 4195 Ennoiam
963 4157 1084 4196 esse
1125 4146 1404 4212 censebat,
1445 4162 1549 4200 non
1585 4164 1642 4203 re
1686 4159 1740 4202 et

164 4242 385 4292 natura,
415 4233 508 4286 sed
542 4235 863 4301 operatione
900 4236 1206 4300 duntaxat;
1242 4236 1321 4289 sic
1365 4237 1603 4306 seipsum
1649 4254 1741 4293 su-

163 4337 406 4390 premum
443 4338 562 4379 esse
599 4324 814 4382 Patrem
849 4342 952 4380 non
986 4327 1150 4381 aliter
1181 4330 1505 4384 existimare
1538 4335 1735 4400 potuit,

163 4431 325 4484 quam
357 4417 609 4488 ἐνεργείᾳ
641 4427 696 4471 et
730 4419 1019 4474 efﬁcientia
1055 4431 1233 4484 tenus,
1269 4439 1372 4477 non
1412 4425 1734 4491 substantia,

1841 3225 2036 3281 officia.

1915 3322 2039 3376 101.
2077 3320 2337 3374 Helenam
2391 3335 2543 3373 suam
2578 3326 2757 3385 (quam
2798 3314 3066 3370 interdum
3097 3314 3262 3368 etiam
3297 3312 3421 3380 Spi-

1843 3415 2004 3468 ritum
2061 3419 2308 3465 sauctuut
2360 3411 2689 3480 appellabat)
2740 3406 3026 3464 dicebat"
3057 3423 3166 3458 esse
3192 3405 3418 3474 primam

1842 3506 2027 3560 mentis
2051 3522 2160 3558 sum
2187 3507 2594 3573 conceptionem,
2623 3503 2843 3556 Matrem
2871 3503 3122 3564 omnium,
3151 3517 3240 3568 per
3263 3516 3419 3566 quam

1841 3598 1991 3652 initio
2009 3607 2179 3650 mente
2206 3599 2494 3666 conceperit
2517 3595 2740 3666 Angelos
2759 3595 2932 3662 facere
2956 3605 3001 3648 et
3027 3593 3378 3664 Archangelos
3400 3607 3418 3644 :

1840 3693 1974 3743 hanc
2017 3704 2135 3742 vero
2167 3688 2450 3754 Ennoiam,
2485 3701 2576 3741 seu
2625 3687 3060 3756 conceptionem,
3093 3683 3416 3738 exsilientem

1840 3799 1904 3836 ea:
1944 3799 2026 3846 eo,
2057 3792 2448 3850 cognoscentem
2501 3798 2621 3851 qua:
2669 3780 2776 3834 vult
2825 3777 2986 3833 Pater
3026 3781 3161 3847 ejus,
3210 3777 3417 3848 digredi

1845 3879 1914 3929 ad
1947 3876 2226 3947 inferiora,
2251 3885 2296 3927 et
2328 3890 2578 3944 generare
2609 3874 2836 3942 Angelos
2868 3882 2914 3925 et
2945 3871 3259 3935 Potestates,
3297 3869 3420 3937 qui-

1842 3969 1941 4024 bus
1977 3979 2155 4022 tamen
2185 3967 2328 4019 nulla
2357 3964 2537 4020 Patris
2566 3965 2734 4019 indita
2760 3965 2976 4017 notitia.
3011 3963 3092 4016 Ab
3117 3963 3417 4024 istis_mun-

1842 4060 1965 4111 dum
2022 4059 2160 4111 hunc
2211 4057 2411 4126 factum
2467 4057 2620 4107 dixit.
2671 4053 2724 4106 lu
2785 4054 2992 4106 Enuoia
3022 4052 3135 4114 illa,
3173 4050 3416 4103 omnium

1845 4159 2041 4214 matre,
2083 4165 2178 4219 per
2223 4164 2382 4219 quam
2419 4146 2572 4201 initio
2601 4155 2782 4200 mente
2812 4144 3062 4214 concepti
3115 4141 3310 4212 Augeli
3362 4149 3418 4194 et

1843 4243 2197 4312 Archangeli,
2243 4241 2486 4296 Platonis
2525 4240 2756 4292 mundus
2791 4237 2981 4290 idealis
3013 4237 3254 4304 seipsum
3302 4248 3415 4287 ma-

1845 4337 2042 4390 nifeste
2075 4337 2290 4405 prodit;
2346 4333 2581 4388 mundus
2629 4332 2839 4386 scilicet
2884 4325 3412 4390 idearumomuium,

1848 4428 2151 4482 formarum
2194 4437 2247 4485 et
2277 4428 2695 4496 archetyporum
2725 4422 3011 4490 apotheca,
3067 4419 3133 4472 ad
3184 4432 3412 4487 quorum

165 4520 258 4563 aut
284 4510 484 4565 unione
512 4513 788 4581 personali
823 4512 896 4583 (id
927 4515 1072 4568 enim
1102 4514 1370 4569 unitiouis
1403 4531 1572 4585 genus
1603 4533 1741 4572 nun-
1774 4489 1817 4544 Β
1847 4535 2090 4574 normam
2117 4531 2170 4574 et
2199 4520 2474 4588 exemplar
2507 4517 2708 4571 conditi
2751 4517 2982 4584 primum
3017 4511 3204 4580 Augeli
3237 4521 3291 4563 et
3315 4510 3414 4563 Ar-

163 4617 324 4670 quam
352 4603 594 4675 agnovit)
625 4621 638 4655 :
679 4617 948 4674 quatenus
976 4623 1099 4660 eum
1134 4623 1244 4676 pra:
1282 4610 1499 4663 caeteris
1537 4621 1739 4664 morta-

165 4692 310 4746 libus
333 4693 595 4762 elegisset
633 4695 817 4761 Pater,
863 4696 916 4750 in
948 4713 1054 4766 quo
1103 4698 1458 4766 iultabitaret,
1494 4699 1550 4753 in
1580 4714 1738 4769 quem

166 4781 468 4836 divinitatis
489 4799 599 4838 suae
625 4786 980 4842 radiationem
1017 4790 1329 4856 quamdam,
1359 4806 1464 4844 non
1488 4792 1737 4858 solidam,

168 4885 260 4927 aut
286 4877 710 4946 substantivam,
741 4881 833 4934 sed
862 4890 1235 4934 transeuntem
1261 4883 1624 4950 derivaret,et
1646 4900 1743 4954 per

167 4981 328 5036 quem
367 4969 510 5024 velut
554 4985 652 5039 per
706 4974 1126 5027 instrumentum
1160 4972 1266 5025 sibi
1299 4973 1579 5029 moraliter
1611 4992 1739 5030 cou-

162 5059 415 5126 junctum
451 5077 798 5132 cperaretur.
831 5064 953 5120 Uno
995 5071 1160 5121 verbo
1190 5067 1241 5122 id
1287 5071 1355 5125 de
1385 5083 1444 5125 se
1485 5069 1741 5136 opinatus

167 5161 271 5213 est,
302 5152 447 5220 quod
481 5154 732 5222 discipuli
780 5157 896 5224 ejus
928 5159 990 5212 de
1027 5159 1264 5224 Christo,
1295 5176 1454 5232 quem
1486 5162 1650 5217 etiam
1682 5176 1740 5216 se

168 5258 287 5298 esse
315 5245 554 5303 dicebat.
588 5246 819 5302 Constat
856 5265 985 5305 vero
1031 5267 1146 5316 eos,
1181 5253 1455 5308 Christum
1487 5272 1593 5310 non
1631 5256 1737 5309 alia

171 5338 385 5390 ratione
421 5336 589 5393 Deum
624 5355 745 5396 esse
774 5344 1074 5412 censuisse,
1102 5361 1288 5415 quam,
1341 5348 1498 5401 sicuti
1553 5359 1738 5420 postea

169 5428 468 5484 delirarunt
504 5432 732 5499 Noetus,
777 5432 1046 5493 Sabellius
1095 5451 1148 5494 et
1190 5439 1392 5496 Paulus
1428 5440 1738 5498 Samosate-

173 5535 294 5580 nus.
327 5521 614 5579 efficientia
673 5527 941 5583 duntaxat
991 5541 1044 5585 et
1076 5538 1414 5602 operatione,
1459 5550 1562 5590 non
1618 5535 1743 5588 sub-

173 5616 372 5666 stantia
405 5627 496 5668 aut
531 5617 775 5674 unitione
798 5621 1153 5677 substantiva.
1188 5626 1227 5654 “
1259 5627 1483 5681 Accedit
1511 5628 1742 5698 denique

251 5794 294 5827 ³⁸
314 5796 476 5869 lten.,
517 5800 623 5855 loc.
661 5801 757 5857 cit.

837 5805 874 5836 ³³
919 5803 1022 5874 lJ.,
1065 5823 1120 5861 n.
1155 5807 1217 5873 5;
1251 5805 1477 5876 Tlteod.,
1524 5827 1569 5866 c.
1610 5807 1672 5877 Si;
1715 5808 1886 5882 Epiph
1918 5850 1931 5879 ,
1981 5810 2120 5866 llazr.
2157 5826 2293 5881 xxn,
2325 5809 2351 5881 ᾗ
2379 5809 2424 5864 1-

1843 4613 2088 4683 chaugeli
2141 4613 2398 4666 mundqu
2437 4611 2580 4664 hunc
2617 4605 3028 4677 aspectabilem,
3056 4619 3120 4656 ex
3150 4617 3412 4672 superna-

1848 4719 1970 4757 ruut
2013 4703 2256 4755 idearum
2286 4701 2627 4769 praescripto,
2660 4700 2924 4752 fecerunt.
2965 4695 3178 4748 Primus
3211 4696 3353 4748 enim
3384 4712 3415 4750 e

1846 4794 2178 4849 Christianis
2247 4793 2440 4846 Simon
2496 4807 2763 4844 sunmmm
2823 4788 2986 4842 Deum
3015 4787 3196 4841 mundi
3258 4788 3416 4856 hujus

1845 4886 2147 4950 creatione,
2183 4885 2448 4954 regimine
2477 4893 2531 4937 et
2559 4881 3032 4935 administratione
3057 4881 3414 4933 abdicandum

1847 4993 2022 5045 ratus,
2057 4988 2357 5032 creatorem
2386 4978 2451 5031 ab
2476 4991 2540 5030 eo
2573 4991 2693 5030 cum
2729 4975 3022 5029 Platonicis
3048 4974 3317 5038 distinxit,
3349 4989 3415 5030 ne

1848 5072 1989 5127 mala
2023 5071 2219 5140 quibus
2266 5069 2627 5124 labefactatur
2657 5067 2810 5124 orbis
2869 5068 2919 5122 in
2981 5068 3210 5137 primum
3245 5067 3412 5121 Deum

1843 5180 2056 5220 summe
2105 5166 2307 5218 bonum
2359 5161 2814 5226 refundereutur;
2877 5159 2969 5229 qui
3019 5173 3144 5213 cum
3195 5157 3416 5226 insuper

1844 5259 2063 5328 ignotus
2102 5271 2313 5325 semper
2365 5256 2648 5320 manserit,
2701 5270 2803 5308 nec
2854 5254 2962 5306 ullo
3012 5251 3210 5306 visibili
3260 5253 3416 5320 signo

1856 5351 2093 5417 seipsum
2143 5363 2364 5416 usquam
2413 5346 2869 5409 manifestaverit,
2908 5342 3084 5397 nullas
3129 5344 3182 5396 in
3228 5341 3414 5395 mundi

1850 5442 2211 5497 fabricatione
2239 5453 2293 5498 et
2337 5439 2807 5496 administratione
2852 5449 3033 5508 partes
3079 5438 3277 5490 habere
3320 5448 3414 5502 po-

1851 5538 1972 5590 tuit.
2010 5537 2218 5590 Callera
2253 5550 2370 5604 qua:
2403 5537 2664 5605 impostor
2707 5533 2938 5586 addebat
2981 5531 3044 5583 de
3082 5529 3284 5582 Ennoia
3318 5543 3413 5597 per

1855 5630 2117 5685 invidiam
2150 5631 2366 5685 detenta
2399 5632 2466 5685 ab
2492 5627 2734 5697 Angelis,
2775 5635 2828 5680 et
2878 5625 3060 5694 inique
3093 5621 3297 5687 habita,
3343 5634 3413 5675 ne

2537 5809 2577 5840 “
2615 5807 2754 5864 lrcn.
2787 5813 2820 5859 t.
2853 5816 2890 5860 t-
