4180 6332
798 363 902 420 125

1599 359 2193 417 DiSSERTATlONES
2229 357 2532 417 ΡΠᾸἎἹᾸΕ
2568 358 2633 413 IN
2670 353 2922 413 IRENEI
2957 352 3222 411 LIBROS.

3917 346 4017 404 ίει

796 485 1107 532 recurreret
1133 478 1198 534 ad
1241 476 1483 541 Patrem,
1512 493 1574 532 ac
1601 477 1656 532 in
1681 480 1828 533 varia
1859 494 2088 549 corpora
2121 489 2233 534 tum
2266 481 2362 535 hu-
2389 484 2436 541 Α
2464 478 2612 532 nium
2641 492 2760 546 qua:
2789 476 2842 530 in
2884 472 3084 528 mundo
3108 477 3255 534 sunt,
3285 475 3543 524 auctores
3571 465 3786 538 Angeli,
3826 465 3870 520 si
3905 481 4018 519 ma-

797 584 957 623 tnana
993 579 1102 623 tum
1150 569 1388 624 belluina
1435 571 1702 638 revoluta,
1732 571 1904 626 donec
1938 571 1990 624 in
2026 571 2235 628 fornice
2262 587 2360 641 pu-

795 660 941 715 blice
964 662 1262 730 prostantis
1286 663 1543 718 misertus
1571 663 1780 726 Simon,
1817 678 1972 717 ovem
1999 665 2139 718 hanc
2176 664 2359 733 perdi-

796 758 906 803 tam
944 752 1272 807 liberaturus
1295 755 1554 821 venisset,
1587 755 1901 810 hominibus
1932 755 2093 809 simul
2126 755 2357 810 salutem

797 842 1137 908 praestiturus
1181 859 1274 911 per
1313 845 1646 911 agnitionem
1682 859 1833 898 suam
1883 846 2251 914 mundumque
2293 845 2359 899 ab

795 937 1151 1007 Angelorum,
1168 941 1232 993 de
1257 940 1560 1008 principatu
1585 941 1868 994 ambitiose
1890 944 2357 1010 contendentium,

798 1031 1087 1100 tyrannide
1113 1033 1485 1087 vindicaturus
1537 1044 1592 1087 et
1640 1035 2056 1099 emendaturus;
2093 1034 2227 1100 haec,
2279 1035 2358 1088 in-

794 1138 982 1193 quam,
1034 1126 1236 1190 omnia,
1290 1124 1767 1180 Christianismum
1811 1126 1980 1190 olent,
2016 1128 2107 1182 sed
2153 1126 2355 1184 fabulis

799 1214 998 1268 misere
1031 1216 1410 1271 deformatum.
1457 1217 1784 1288 Angelorum
1833 1228 1890 1272 et
1934 1217 2209 1270 hominum
2243 1217 2359 1288 iap-

795 1319 915 1360 sutn
960 1307 1060 1361 sub
1115 1307 1198 1361 his
1241 1307 1500 1377 symbolis
1553 1309 1876 1362 adumbrare
1909 1309 2102 1363 voluit.
2140 1309 2357 1366 Priores

796 1399 1063 1467 superbia:
1098 1399 1259 1469 typho
1289 1401 1565 1466 excaecati,
1597 1399 1813 1470 Deoque
1843 1402 2050 1455 auctori
2090 1417 2189 1457 suo
2225 1403 2357 1458 sub-

754 1493 760 1501 '
795 1505 917 1544 esse
948 1502 1256 1554 renuentes,
1298 1494 1548 1561 quoniam
1604 1493 1799 1546 nollent
1827 1495 2100 1563 progenies
2137 1495 2355 1550 alterius

795 1578 1076 1650 cujusdam
1104 1582 1279 1648 putari
1311 1597 1418 1635 esse
1449 1583 1508 1643 ¹³,
1541 1582 1709 1652 ipsius
1745 1581 2028 1649 Ennoiam,
2077 1598 2142 1639 ne
2171 1601 2358 1640 recur-

794 1683 947 1727 reret
977 1676 1041 1726 ad
1078 1688 1241 1728 suum
1269 1673 1616 1744 principium,
1651 1671 1969 1741 detinuere;
1999 1675 2127 1729 dum
2171 1675 2358 1730 videli—

795 1773 885 1818 cet
919 1764 1178 1834 quidquid
1214 1765 1545 1833 splendoris,
1591 1768 1877 1835 potestatis
1917 1782 1979 1821 ac
2008 1766 2354 1838 perfectionis

2463 574 2612 628 toria:
2653 581 2703 625 et
2759 568 3078 638 corporibus
3126 564 3193 618 ab
3223 565 3285 617 iis
3313 561 3546 616 conditis
3589 559 3893 629 turpissima
3935 558 4019 612 in-

2461 680 2646 736 spersa
2683 664 2854 727 labes,
2907 659 3248 716 manifestum
3275 667 3356 713 est
3391 671 3512 710 eum
3555 656 3646 725 qui
3678 671 3706 709 a
3742 657 3882 710 bono
3911 653 4018 709 Deo

2460 762 2660 814 missus
2693 767 2795 821 est,
2827 765 2885 809 ut
2911 754 3095 808 mundi
3123 751 3482 806 fabricatores
3523 748 3773 813 debellet,
3806 749 4016 802 orbem-

2459 865 2568 919 que
2614 849 2775 903 malis
2818 854 3027 916 purget,
3084 846 3530 900 mundanum.“
3579 857 3764 896 verum
3816 852 4015 909 corpus

2460 941 2730 996 asciscere
2782 940 2886 994 sibi
2943 953 3048 993 non
3097 936 3337 1006 potuisse
3377 952 3390 988 :
3443 945 3552 989 tum
3602 949 3671 988 ne
3715 933 3872 986 malis
3902 932 4015 999 ipse

2459 1034 2949 1097 contaminaretur,
2987 1042 3094 1084 tum
3127 1044 3198 1082 ne
3223 1028 3321 1082 sub
3352 1027 3688 1096 angelorum,
3719 1025 3812 1095 qui
3847 1033 4015 1079 mate-

2460 1125 2554 1180 riae
2590 1124 2960 1188 dominantur,
2991 1121 3273 1190 imperium
3305 1119 3624 1183 concedens,
3660 1117 3727 1172 ab
3755 1117 3819 1170 iis
3840 1114 4019 1186 oppri-.

2460 1227 2718 1274 meretur.
2769 1214 2999 1268 Necesse
3037 1220 3154 1266 erat
3189 1211 3351 1281 igitur
3380 1209 3782 1278 phantasticum
3820 1209 4015 1261 dunta-

2459 1318 2552 1362 xat
2581 1316 2635 1362 et
2680 1303 2968 1359 umbratile
3003 1316 3201 1371 corpus
3236 1301 3508 1366 indueret,
3532 1314 3640 1370 quo
3685 1299 4014 1366 hominibus,

2457 1415 2687 1469 quorum
2719 1400 2824 1453 dux
2851 1404 2906 1450 et
2930 1396 3118 1451 doctor
3155 1391 3368 1446 futurus
3395 1400 3531 1458 erat,
3570 1388 4013 1458 conspiciendum

2458 1505 2516 1544 se
2541 1487 2823 1558 praeberet,
2854 1483 3181 1554 Angelisque
3210 1482 3382 1535 tutius
3405 1481 3604 1536 bellum
3639 1478 3887 1535 inferret.
3935 1477 4014 1532 Ex

2458 1595 2564 1650 quo
2593 1578 2942 1643 ﬂuebat,‘nec
2968 1591 3092 1631 vere
3126 1574 3276 1628 nasci
3327 1582 3420 1626 aut
3471 1573 3579 1641 pati
3628 1572 3887 1642 potuisse,
3939 1581 4014 1635 et,

2459 1685 2516 1727 ut
2542 1681 2685 1725 recte
2727 1669 3004 1724 concludit
3053 1677 3264 1736 martyr
3310 1665 3577 1735 lgnatius,
3614 1662 4016 1718 Eucharistiam

2461 1778 2652 1818 verum
2693 1760 2895 1816 Christi
2940 1773 3136 1828 corpus
3166 1773 3271 1812 non
3303 1771 3444 1823 esse,
3477 1772 3600 1811 cum
3631 1770 3816 1809 verum
3873 1770 4016 1809 nun-

797 1864 1150 1922 acceperunt,
1184 1855 1286 1910 sibi
1323 1854 1454 1925 ipsis
1504 1856 1690 1925 inique
1724 1865 2063 1926 arrogantes,
2115 1860 2352 1926 supremi
2386 1843 2428 1902 Β
2455 1869 2619 1924 quam
2654 1849 2924 1906 habuerit.

794 1952 1068 2000 tantorum
1115 1946 1502 2002 beneficiorum
1553 1950 1794 2004 auCtoris
1843 1950 2043 2018 ideam,
2079 1966 2148 2005 ne
2181 1951 2351 2021 gloria

792 2038 862 2091 ad
886 2052 1007 2091 eum
1039 2036 1262 2104 rediret,
1292 2040 1344 2093 in
1375 2041 1568 2109 seipsis
1601 2042 1857 2110 primum,
1888 2051 1996 2095 tum
2034 2045 2084 2096 in
2123 2045 2356 2098 homini-

791 2127 895 2183 bus
925 2130 1270 2199 exstinguere
1296 2131 1474 2185 conati
1524 2141 1673 2189 sunt.
1719 2132 1815 2188 His
1863 2135 2058 2204 quippe
2101 2145 2353 2191 auctores

793 2216 1038 2284 fuerunt,
1075 2228 1134 2274 ut
1165 2220 1259 2274 Dei
1286 2221 1575 2288 imaginem
1623 2224 1894 2277 mentibus
1917 2239 2106 2279 eorum
2150 2226 2351 2280 inscul-

790 2321 961 2381 ptam,
996 2312 1246 2378 superbia
1275 2327 1365 2366 sua
1400 2312 1539 2368 finde
1571 2315 1975 2382 deformarent;
2004 2334 2067 2373 ac
2096 2319 2353 2389 paulatim

791 2403 1097 2460 oblitterata
1115 2406 1227 2459 veri
1257 2407 1496 2461 numinis
1524 2409 1764 2474 notione,
1798 2414 2102 2479 comparati
2147 2414 2356 2483 jumen-

796 2491 864 2546 tis
901 2492 1302 2561 insipientibus,
1345 2504 1399 2549 et
1439 2497 1674 2555 hellnino
1709 2500 1921 2555 vivendi
1967 2517 2115 2557 more
2148 2505 2353 2560 similes

797 2584 903 2639 illis
931 2585 1080 2652 facti,
1126 2586 1179 2639 in
1228 2590 1668 2656 turpissimorum
1715 2608 2060 2663 quorumque
2097 2596 2352 2668 vitiorum

793 2675 1112 2737 barathrum
1159 2683 1363 2736 sesein
1409 2682 1523 2736 dies
1576 2681 1894 2751 profundius
1947 2687 2352 2758 immergentcs,

793 2773 1133 2827 contumeliis
1165 2788 1376 2843 semper
1424 2777 1578 2830 novis
1608 2775 1902 2835 allicerent.
1928 2777 2053 2833 Haec
2084 2789 2207 2833 sunt
2237 2795 2357 2850 quae

794 2860 1016 2917 Ennoia:
1045 2865 1378 2932 captivitate,
1405 2866 1828 2931 calamitatibus,
1855 2852 2180 2939 miserisque
2211 2873 2355 2925 casi-

794 2952 895 3008 bus
927 2968 1024 3008 suo
1064 2955 1226 3009 modo
1268 2957 1613 3026 significabat
1673 2960 1882 3015 Simon.
1937 2959 2045 3015 Nec
2096 2962 2356 3018 dissimile

788 3058 923 3100 vero
951 3054 1031 3100 est
1059 3047 1197 3115 quod
1230 3049 1305 3100 ait
1334 3045 1704 3106 Tertullianus
1729 3050 1823 3104 lib.
1853 3051 1929 3105 De
1954 3055 2139 3120 anim.,
2174 3069 2221 3110 c.
2250 3055 2351 3110 55:

2528 1969 2648 2022 102.
2679 1966 2923 2021 Addebat
2974 1963 3182 2034 Magus,
3228 1961 3400 2031 legem
3450 1977 3555 2016 non
3602 1975 3630 2014 a
3663 1959 3769 2013 Deo
3798 1958 4017 2027 (invisi-

2455 2060 2578 2116 bilis
2621 2061 2818 2130 quippe
2858 2065 2910 2111 et
2956 2054 3172 2123 ignotus
3208 2070 3377 2123 usque
3417 2053 3482 2107 ad
3515 2052 3646 2107 Novi
3680 2049 4019 2106 Testatuenli

2460 2164 2696 2220 tempora
2725 2146 3069 2220 permansit),
3103 2148 3196 2202 sed
3218 2162 3245 2198 a
3280 2146 3502 2201 sinistra
3539 2143 3774 2214 quadam
3818 2141 4020 2198 intelli-

2458 2244 2832 2317 gentia.latam
2867 2241 3050 2296 fuisse.
3112 2240 3411 2307 Pr0phetas
3443 2253 3470 2292 a
3506 2237 3692 2291 mundi
3720 2236 4019 2290 fabricato-

2458 2339 2627 2402 ribus,
2660 2338 2790 2389 istos
2813 2335 2880 2388 ab
2911 2334 3017 2398 his,
3044 2332 3166 2387 illos
3195 2333 3262 2385 ah
3289 2332 3397 2385 illis
3441 2330 3733 2398 inspiratos
3757 2329 4018 2384 vaticinia

2455 2427 2680 2482 fudisse.
2713 2426 2787 2479 Ea
2815 2426 2883 2479 ab
2911 2422 3017 2476 illis
3047 2419 3435 2476 contemnenda
3461 2434 3610 2482 esse,
3630 2420 3720 2488 qui
3750 2434 3878 2474 vero
3907 2420 4022 2473 Deo

2458 2520 2630 2573 semel
2671 2519 2877 2586 agnito,
2903 2514 2955 2568 in
2988 2512 3263 2566 Simonem
3293 2519 3346 2564 et
3382 2509 3637 2564 Helenam
3664 2507 3779 2576 ejus
3811 2509 4022 2580 legatos

2455 2619 2508 2664 et
2533 2611 2858 2677 interpretes
2898 2618 3046 2674 spem
3080 2602 3392 2658 collocant:
3431 2602 3497 2656 iis
3551 2602 3750 2670 quippe
3790 2601 3903 2671 jam
3954 2601 4023 2656 li-

2456 2703 2669 2757 bertate
2700 2697 2933 2761 donatis,
2962 2710 3082 2762 qua:
3127 2709 3220 2763 per
3246 2695 3484 2762 supremi
3530 2693 3710 2747 Patris
3753 2695 4024 2764 cognitio-

2455 2806 2578 2847 nem
2633 2789 2964 2857 acquiritur,
3011 2787 3242 2842 liberum
3297 2800 3417 2839 esse
3462 2786 3816 2856 quodcunque
3850 2786 4024 2840 velint

2457 2895 2716 2951 peragere
2764 2896 2778 2932 :
2836 2879 3065 2932 salutem
3119 2877 3206 2930 uni
3261 2876 3470 2946 gratim,
3505 2877 3700 2944 γνώσει
3740 2878 4020 2942 videlicet,

2457 2989 2565 3026 non
2615 2973 2869 3041 Operibus
2914 2971 3078 3041 justis
3128 2977 3409 3037 acceptam
3451 2967 3789 3023 referendam
3823 2961 3946 3023 esse
4007 2987 4020 3022 :

2454 3071 2648 3118 natura
2682 3062 2946 3131 siquidem
2979 3060 3158 3114 [uillas
3181 3058 3424 3114 actiones
3455 3062 3628 3113 bonas
3650 3074 3769 3114 esse
3794 3067 3884 3113 aut
3911 3075 4027 3114 ma-

790 3133 1209 3206 l’ythagoricam
1240 3142 1761 3211 metempsychosin,
1798 3143 2006 3199 Simoni
2031 3145 2165 3200 hanc
2199 3148 2353 3216 fabu-
2381 3190 2426 3252 Ο
2457 3158 2560 3222 las,
2588 3157 2680 3211 sed
2699 3172 2762 3210 ex
2798 3153 3063 3208 accidenti
3093 3168 3107 3216 ;
3153 3167 3217 3207 cx
3250 3153 3479 3205 arbitrio
3503 3151 3753 3205 nimirum
3784 3151 4028 3224 Angelo-

796 3228 896 3252 Ι..ΑΔ
937 3231 990 3252 Δ-
1041 3231 1229 3252 ll_l-,_
1273 3234 1316 3252 9,,
1366 3235 1427 3252 ,I-
1504 3245 1542 3252 ,.
1719 3239 1750 3252 ιι
2162 3242 2172 3252 .
2708 3245 2717 3252 .
2898 3246 2911 3252 _
3183 3241 3250 3252 ..ι
3400 3249 3409 3252 -
3517 3250 3522 3252 .
3607 3240 3618 3250 ο
3765 3241 3833 3252 -ι.

791 3228 897 3282 lam
931 3231 999 3285 de
1041 3231 1237 3287 Helena
1272 3234 1323 3288 in
1361 3235 1462 3288 alia
1495 3245 1655 3305 atque
1684 3239 1787 3292 alia
1829 3254 2055 3310 corpora
2093 3242 2348 3308 volutata,

794 3336 861 3376 ex
890 3333 1046 3391 parte
1084 3325 1274 3390 saltem
1307 3328 1660 3391 instruxisse;
1715 3346 1833 3385 cum
1869 3315 2162 3402 utrumque
2191 3337 2351 3390 disci-

800 3414 945 3486 pulis
970 3415 1086 3484 ejus
1111 3418 1414 3477 constiterit
1441 3439 1455 3487 ;
1481 3431 1534 3476 et
1557 3424 1767 3477 animas
1794 3424 1986 3479 divina:
2011 3426 2205 3482 mentis
2233 3444 2353 3499 por-

794 3508 976 3562 tiones
1013 3523 1152 3576 esse,
1189 3520 1242 3564 et
1270 3526 1362 3566 eas
1389 3513 1440 3566 in
1471 3517 1621 3568 varia
1654 3518 1963 3573 successive
1983 3533 2212 3590 corpora
2254 3524 2350 3577 de-

793 3599 962 3652 trudi.
999 3599 1249 3668 Ejusdem
1299 3605 1515 3673 generis
1546 3617 1672 3660 sunt
1712 3623 1831 3684 quae
1878 3611 1944 3664 de
1989 3626 2086 3664 suo
2119 3612 2170 3665 in
2206 3614 2351 3670 hunc

793 3691 1054 3745 mundum
1106 3690 1360 3758 adventu,
1417 3706 1471 3750 ut
1534 3698 1797 3768 perditam
1852 3715 2006 3756 ovem
2070 3704 2349 3774 liberaret,

793 3797 1027 3851 eumque
1080 3785 1145 3838 ab
1193 3786 1523 3856 Angelorum
1564 3793 1850 3860 tyrannide
1895 3795 2226 3851 vindicatum
2269 3800 2351 3853 in-

791 3884 1090 3944 stauraret,
1124 3877 1422 3936 ell'utiebat.
1458 3880 1510 3934 In
1545 3881 1628 3935 his
1666 3884 1808 3937 inter
1840 3885 1982 3954 ipsas
2021 3901 2353 3944 commento-

791 3983 914 4022 rum
963 3969 1190 4024 nebulas
1229 3971 1433 4025 relucet
1484 3974 1792 4041 evangelica
1825 3976 2069 4031 doctrina
2122 3980 2186 4034 de
2236 3981 2348 4035 veri

794 4062 1102 4119 Servatoris
1134 4071 1404 4131 adventu;
1435 4082 1544 4136 quo
1567 4069 1713 4123 vitiis
1739 4070 2040 4124 oblitterata
2055 4071 2146 4127 Dei
2175 4074 2350 4145 imago

790 4157 1073 4223 innovata,
1109 4162 1340 4214 excitata
1372 4159 1531 4232 {LW}
1569 4162 1846 4218 inanimis
1871 4165 1985 4218 veri
2010 4165 2101 4220 Dei
2134 4168 2346 4235 notitia,

791 4247 1042 4306 homines
1074 4267 1307 4308 excusso
1338 4255 1802 4310 tenebricosarum
1848 4257 2180 4314 Pot-estatum
2221 4262 2348 4332 jugo

791 4338 847 4395 in
882 4341 1184 4396 libertatem
1235 4346 1446 4410 asserti,
1497 4347 1677 4399 omnia
1732 4349 1966 4418 denique
2020 4350 2344 4421 instaurata,

790 4430 909 4486 sive
935 4447 1053 4501 qua:
1104 4434 1156 4488 in
1211 4435 1384 4501 caelis,
1418 4436 1531 4490 sive
1564 4451 1684 4505 qua:
1731 4438 1783 4492 in
1822 4448 1965 4494 terra
2015 4453 2164 4496 sunt.
2215 4443 2347 4499 Nam

2459 3262 2602 3312 rum,
2631 3245 2718 3314 qui
2750 3246 3007 3298 mundum
3053 3241 3441 3304 condiderunt,
3475 3250 3529 3295 et
3573 3240 3836 3309 ejusmodi
3876 3257 4026 3312 pra:-

2455 3347 2732 3406 ceptorutn
2763 3336 2994 3390 vinculis
3030 3335 3082 3387 in
3117 3333 3434 3388 servitutem
3485 3334 3730 3389 homines
3777 3335 4023 3390 abduxe-

2455 3439 2598 3484 runt.
2665 3428 2834 3494 Quam
2893 3437 3222 3497 postremam
3268 3428 3595 3482 sententiam
3649 3427 3714 3479 ab
3746 3427 4024 3481 Archelao

2453 3524 2775 3594 philosopho
2798 3522 3076 3590 accepisse
3100 3521 3331 3586 videtur,
3358 3521 3507 3588 cujus
3531 3519 3629 3574 hoc
3643 3519 3744 3572 fuit
3772 3517 4023 3584 effatum,

2456 3618 2610 3672 Nihil
2655 3626 2844 3673 natura
2885 3616 3093 3685 justum
3147 3623 3238 3668 aut
3281 3613 3534 3683 injustam
3578 3630 3708 3676 esse,
3737 3613 3827 3666 sed
3881 3613 4022 3683 lege.

2453 3710 2666 3766 Nefaria
2700 3719 2844 3764 certe
2875 3709 3147 3776 dogmata,
3180 3707 3564 3774 uberrimaqtte
3594 3705 3859 3760 scelerum
3904 3721 4028 3761 om-

2455 3804 2604 3856 nium
2634 3800 2949 3864 seminaria,
2982 3814 3100 3868 quae
3146 3807 3326 3850 tamen
3353 3811 3419 3850 ex
3452 3797 3763 3851 constitutis
3798 3799 4014 3864 princi-

2452 3895 2556 3965 piis
2598 3893 2908 3948 necessario
2961 3890 3220 3946 ﬂuebant.
3281 3890 3336 3944 Si
3386 3891 3530 3944 enim
3580 3905 3825 3945 summus
3865 3891 4018 3947 Deus

2455 3989 2669 4059 ignotus
2698 3987 2917 4051 mansit,
2947 3999 3046 4039 nec
3077 3983 3186 4036 ullo
3229 3981 3473 4036 sensibili
3521 3985 3673 4053 signo
3704 3985 4022 4053 deprehen-

2453 4082 2684 4135 dendum
2724 4093 2782 4133 se
2813 4079 3054 4146 praebere
3096 4078 3366 4146 dignatus,
3400 4077 3582 4129 mundi
3615 4092 3800 4130 curam
3834 4087 3890 4131 et
3921 4079 4026 4131 ad-

2453 4170 2909 4226 ministrationem
2963 4168 3182 4237 Angelis
3230 4167 3503 4223 commisit
3550 4180 3565 4218 :
3607 4182 3734 4236 ergo
3779 4168 3920 4238 legis
3968 4178 4027 4224 et

2452 4263 2880 4333 prophetiarum,
2912 4274 3030 4330 quae
3061 4261 3126 4313 ad
3156 4259 3338 4312 mundi
3383 4259 3621 4327 regimen
3667 4262 4024 4327 spectabant,

2453 4355 2488 4408 ii
2553 4353 2650 4407 soli
2706 4362 2960 4405 auctores
3007 4351 3374 4413 exstiterunt;
3440 4363 3570 4417 ergo
3620 4350 3710 4417 qui
3761 4349 4026 4408 homines

2452 4446 2642 4513 adepta
2672 4443 2784 4496 veri
2818 4453 2872 4496 et
2920 4440 3117 4495 summi
3168 4440 3261 4494 Dei
3317 4439 3508 4493 notitia
3552 4455 3621 4492 ex
3649 4454 3836 4494 eorum
3862 4451 4028 4509 pote-

787 4523 906 4593 ejus
932 4523 1271 4594 professione
1325 4527 1732 4582 fundamentum
1777 4531 2105 4590 Christianae
2133 4538 2348 4609 religio—
2380 4528 2422 4582 Ῑ)
2453 4547 2593 4593 state
2625 4539 2767 4590 eruti
2796 4544 2942 4599 sunt,
2978 4535 3098 4588 etin
3131 4534 3438 4588 libertatem
3465 4534 3686 4598 asserti,
3713 4533 3848 4602 legis
3875 4549 4025 4602 prae-

789 4617 898 4682 nis,
932 4619 1018 4672 cui
1068 4622 1380 4676 consultum
1419 4624 1761 4693 aliquatenus
1785 4628 2025 4694 volebat,
2079 4631 2174 4684 niti
2228 4634 2348 4687 ani-

786 4709 1081 4764 madvertit
1128 4713 1506 4770 haeresiarcha.
1541 4717 1634 4772 Sic
1667 4727 1845 4774 tamen
1895 4721 1948 4774 in
2013 4722 2158 4778 hunc
2191 4740 2347 4779 mun-

788 4800 919 4854 dum
972 4803 1317 4861 descendisse
1366 4822 1423 4863 se
1459 4810 1719 4880 jactabat,
1750 4821 1810 4866 ut
1847 4812 2077 4869 alienam
2105 4819 2344 4885 speciem

789 4895 1040 4959 induens.
1059 4912 1156 4966 per
1177 4913 1339 4968 quam
1369 4905 1626 4958 ementita
1655 4905 2010 4968 similitudine
2026 4907 2271 4981 'Angelos
2292 4923 2349 4968 et

788 4985 1101 5044 Ponestates
1128 4991 1423 5061 deciperet,
1456 5010 1521 5049 ne
1547 4999 1613 5051 ab
1642 4998 1721 5052 eis
1748 5007 2040 5068 teneretur,
2082 5004 2223 5058 inter
2251 5005 2348 5059 ho-

787 5079 964 5133 mines
1028 5081 1190 5135 homo
1243 5086 1576 5152 apparuerit,
1631 5103 1750 5142 cum
1804 5099 1984 5146 tamen
2049 5109 2151 5148 non
2204 5109 2348 5153 esset

787 5169 970 5236 homo,
1028 5181 1080 5224 et
1109 5172 1218 5240 pati
1274 5173 1327 5228 in
1370 5172 1548 5230 Judzea
1576 5179 1720 5234 visus
1752 5181 1932 5248 fuerit,
1958 5199 2076 5238 cum
2123 5201 2227 5239 non
2277 5187 2349 5240 sit

788 5275 1000 5332 passus.
1032 5263 1156 5320 Hzec
1185 5267 1356 5336 prima
1391 5270 1717 5327 Docetarum
1744 5287 1925 5338 sectae,
1960 5277 2046 5330 cui
2091 5277 2347 5348 deinceps

787 5369 986 5410 nomen
1013 5357 1210 5414 dedere
1248 5371 1325 5415 tot
1353 5364 1550 5432 impuri
1598 5367 1868 5432 homines,
1905 5368 2053 5421 initia
2092 5385 2104 5420 :
2137 5371 2347 5438 primus

789 5447 948 5514 hujus
974 5458 1165 5506 auctor
1190 5453 1464 5509 hominum
1492 5458 1730 5512 omnium
1777 5459 2197 5528 perditissimus.
2242 5461 2347 5516 Ne-

787 5543 1020 5594 cessaria
1056 5553 1233 5600 tamen
1279 5548 1415 5602 male
1448 5560 1709 5620 suscepta:
1757 5551 2113 5622 hypotheseos
2155 5569 2346 5610 conse-

787 5634 957 5688 ctaria
985 5648 1160 5694 erant.
1189 5638 1243 5694 Si
1275 5642 1440 5712 enim,
1464 5628 1527 5697 ut
1555 5646 1904 5713 supponebat.
1937 5647 2197 5703 malorum
2229 5661 2345 5704 om-

860 5819 900 5849 ”
941 5815 1080 5873 Iren.
1106 5814 1142 5868 l.
1174 5811 1207 5864 l.

2450 4630 2621 4698 ceptis
2652 4643 2753 4681 non
2784 4635 3051 4681 tenentur.
3080 4627 3136 4680 Si
3164 4628 3230 4680 ab
3265 4642 3366 4680 una
3404 4627 3494 4680 Dei
3528 4629 3786 4680 hactenus
3818 4627 4020 4695 ignoti,

2453 4739 2595 4778 nunc
2630 4738 2760 4775 vero
2792 4735 2850 4775 se
2877 4722 3195 4786 revelantis,
3229 4722 3540 4789 cognitione
3567 4719 3765 4789 pendet
3817 4720 3973 4774 salus
4002 4738 4020 4772 ε

2451 4830 2583 4885 ergo
2612 4815 2676 4869 ad
2705 4814 3120 4884 comparandam
3149 4813 3377 4868 salutem
3402 4827 3565 4882 opera
3605 4826 4024 4882 supervacanea

2451 4918 2596 4964 sunt.
2635 4907 2692 4962 Si
2735 4921 2895 4977 opera
2926 4907 3047 4961 ideo
3086 4905 3349 4960 duntaxat
3387 4906 3526 4960 bona
3561 4914 3653 4960 aut
3682 4905 3822 4958 mala
3854 4919 4028 4972 sunt,

2450 5002 2573 5070 quia
2619 5017 2647 5053 a
2680 5000 2797 5069 lege
2848 5015 3008 5069 quam
3066 4999 3302 5054 tulerunt
3349 4999 3560 5067 Angeli,
3611 5010 3880 5068 praecepta
3932 5001 4024 5055 vel

2449 5094 2761 5164 prohibita:
2800 5109 2929 5162 ergo
2975 5102 3163 5147 natura
3190 5090 3546 5146 indiﬂerentia
3577 5099 3737 5157 sunt;
3777 5106 4028 5149 excusso

2451 5188 2677 5258 proinde
2704 5187 3013 5257 legisjugo,
3045 5203 3141 5240 nec
3188 5188 3348 5251 bona,
3384 5200 3480 5239 nec
3513 5185 3669 5238 mala.
3717 5182 3834 5238 Jam
3878 5186 4026 5254 quid

2451 5282 2648 5334 mirum
2691 5281 2734 5332 si
2780 5281 3029 5333 homines
3074 5280 3223 5332 hisce
3247 5277 3767 5347 principiisiinbuti,
3816 5276 4027 5334 fractis

2449 5372 2700 5426 omnibus
2737 5385 2846 5425 tum
2881 5380 3108 5434 naturae,
3146 5382 3254 5423 tum
3279 5371 3495 5438 pudoris
3526 5370 3815 5440 repagulis,
3855 5370 4026 5427 effre-

2450 5477 2572 5516 nem
2629 5461 3138 5530 spurcissimamqne
3182 5460 3391 5513 vivendi
3435 5462 3698 5515 rationem
3748 5461 4028 5518 inierint?

2450 5555 2524 5610 Eo
2557 5555 2843 5622 siquidem,
2865 5553 3009 5606 velut
3033 5554 3264 5609 naturali
3292 5555 3678 5609 conseCutione
3708 5555 4026 5610 deducebat

2451 5649 2678 5702 exitiosa
2713 5646 2977 5702 doctrina.
3007 5646 3160 5702 Absit
3185 5656 3241 5701 ut
3273 5660 3332 5701 ea
3359 5656 3775 5701 commemorem
3809 5645 4027 5717 iuiqui'o
