4180 6332
256 347 362 403 £25-

955 346 1420 406 DISSERTATIO
1447 348 1487 415 Ι,
1524 348 1686 406 ART.
1724 349 1810 416 Ill,
1843 349 1931 404 DE
1966 347 2340 406 VALENTINI»
2367 349 2756 410 MAGISTBIS.

3383 361 3490 418 120

256 467 389 522 ωιὶει
411 468 695 538 mysteria,
721 469 1140 524 Bacchanalium
1192 469 1363 524 instar
1396 470 1667 536 instituta,
1696 485 1818 538 qua:
1845 477 1891 533 Α
1919 471 2299 541 mysteriorum
2323 471 2455 526 fides
2479 487 2698 542 pessum
2733 474 2867 528 ibat.
2902 475 3196 546 Sialiquod
3231 480 3483 549 baptismi

253 560 580 615 lnscelestis
612 562 973 617 conventibus
1015 564 1083 618 ab
1132 564 1202 620 iis
1243 574 1455 634 patrata
1499 563 1666 619 refert
1694 565 1817 634 Epi-

252 654 481 722 phanius
533 669 548 705 :
597 654 763 707 nolim
809 655 892 711 his
917 656 1188 733 scelerum
1235 657 1504 726 portentis
1551 657 1814 712 lectorum

251 745 437 799 oculos
483 744 770 801 deftedari.
830 746 886 800 In
933 749 1206 803 cumulum
1261 764 1544 804 accessere
1592 749 1816 819 magica:

251 843 678 905 artes,quarum
722 839 998 894 teterrima
1047 856 1274 910 quaeque
1307 855 1528 911 genera,
1575 841 1814 897 Simonis

251 936 300 981 et
359 925 773 984 Platonicorum
837 932 1108 1000 exemplo,
1168 948 1427 988 exercere
1481 933 1639 987 veriti
1707 948 1812 986 non

252 1027 396 1073 sunt.
435 1020 501 1074 Et
531 1021 658 1076 hinc
690 1023 931 1075 manavit
955 1023 1173 1093 vulgata
1194 1024 1487 1091 gentilibus
1518 1023 1810 1088 calumnia,

252 1128 352 1180 qua
413 1114 616 1168 dudum
665 1114 1030 1169 Christianam
1100 1117 1413 1185 religionem
1457 1125 1810 1182 vexaverunt,

251 1203 595 1260 Christianos
645 1222 834 1262 omnes
893 1210 1122 1279 magicis
1173 1211 1382 1264 artibus
1424 1210 1635 1264 deditos
1670 1223 1810 1274 esse,

251 1310 545 1364 eorumque
594 1307 792 1362 castus,
844 1301 989 1353 omni
1045 1300 1269 1368 pudoris
1319 1301 1587 1364 exstincto
1621 1300 1814 1353 discri-

251 1388 412 1454 mine,
445 1390 740 1443 accedente
775 1392 948 1445 noctis
981 1391 1199 1445 licentia
1231 1391 1662 1460 corruptelarum
1692 1407 1810 1445 etn-

250 1479 331 1532 nis
361 1480 576 1548 generis
605 1478 872 1533 oliieinam
927 1494 1068 1534 esse.
1110 1480 1200 1534 Sic
1230 1482 1283 1534 in
1315 1481 1677 1535 Christianam
1729 1497 1812 1536 re-

250 1571 506 1640 ligionem
564 1571 904 1626 redundabat
962 1572 1636 1642 pseudo-Christianorum
1689 1574 1814 1628 isto-

251 1678 370 1717 rum
410 1661 698 1734 proﬂigata
745 1663 875 1716 vita.
911 1663 1388 1719 Resurrectionetn
1423 1666 1610 1721 carnis
1650 1680 1815 1736 nega-

247 1754 376 1808 bant
414 1771 428 1805 :
467 1771 574 1809 non
628 1769 826 1825 negatae
859 1757 950 1824 qui
1005 1756 1354 1823 potuissent?
1390 1755 1447 1810 Si
1491 1758 1634 1811 enim
1681 1773 1810 1827 caro

245 1847 578 1915 Angelorum
605 1848 789 1901 mundi
820 1849 1161 1904 conditorum
1191 1863 1326 1917 opus
1353 1847 1490 1912 fuit;
1529 1865 1557 1903 a
1591 1848 1807 1904 Christo

248 1938 557 2004 Servatore,
600 1941 689 2010 qui
729 1941 968 2010 Angelos
1005 1940 1372 1996 debellaturus
1408 1949 1656 2005 venerat,
1709 1956 1810 1996 nec

246 2032 472 2103 suscipi,
536 2048 635 2088 nec
681 2033 883 2088 salvari
937 2034 1141 2088 debuit.
1179 2034 1501 2088 Animarum
1549 2036 1812 2090 duntaxat.

244 2137 373 2177 cura
405 2126 504 2193 ipsi
540 2125 660 2179 fuit.
691 2127 733 2156 "
755 2124 1047 2180 Gentilium
1081 2125 1260 2187 idolis,
1299 2127 1729 2196 quotiescunque
1754 2140 1812 2180 se

246 2217 396 2271 daret
418 2217 656 2281 occasio,
695 2217 818 2270 thus
840 2216 1058 2271 adolere
1082 2233 1186 2272 non
1213 2219 1555 2282 dubitabant,
1598 2234 1698 2273 nec
1726 2234 1813 2274 suo

245 2323 495 2377 premum.
523 2309 754 2370 cultum,
789 2318 847 2362 ut
887 2323 1077 2376 poenas
1107 2308 1431 2379 negantibus
1456 2308 1638 2368 illatas
1657 2311 1812 2364 decli-

245 2408 457 2464 narent,
479 2399 546 2453 iis
565 2399 820 2453 adhibere
839 2401 1170 2454 renuebant:
1197 2399 1311 2454 hare
1331 2400 1474 2454 enim
1505 2401 1646 2454 inter
1663 2400 1811 2454 ἀδιά-

245 2507 383 2562 φορα
414 2491 795 2545 numerabant.
833 2490 942 2545 lmo
969 2492 1199 2561 gentiles
1227 2493 1280 2548 in
1317 2502 1504 2561 partes
1537 2507 1663 2546 suas
1687 2508 1808 2546 ces-

243 2596 395 2636 suros
431 2590 630 2651 putans
661 2579 874 2643 Simon,
899 2582 940 2636 si
970 2582 1074 2635 illis
1107 2583 1452 2653 ingeneraret
1471 2583 1808 2652 opinionem,

242 2689 297 2729 se
333 2675 518 2730 Jovem
568 2688 708 2739 esse,
744 2689 904 2742 quem
942 2690 1214 2728 summum
1251 2675 1459 2730 Numen
1492 2686 1813 2747 patremque

243 2769 465 2823 deorum
503 2768 936 2833 venerabantur;
990 2767 1246 2821 Helenam
1274 2783 1403 2823 vero
1429 2785 1582 2823 suam
1619 2770 1812 2825 Miner-

243 2874 384 2925 vam,
419 2875 588 2929 quant
611 2874 676 2913 αι
703 2860 933 2913 cerebro
963 2857 1110 2911 Jovis
1140 2869 1319 2914 natam
1353 2875 1472 2914 esse
1500 2859 1812 2915 fabulantur

247 2960 445 3020 poets;
488 2951 726 3018 seipsum
776 2953 876 3003 sub
906 2948 1077 3015 lovis,
1123 2949 1385 3004 Helenam
1419 2953 1518 3006 sub
1545 2951 1812 3006 Minerva:

248 3041 428 3096 habitu
464 3041 610 3110 pingi
647 3051 702 3095 et
746 3044 965 3096 adorari
1013 3059 1041 3096 a
1083 3045 1360 3113 discipulis
1394 3043 1640 3096 voluerat
1692 3060 1705 3095 :
1756 3052 1813 3096 ut

1919 575 2088 632 genus
2127 563 2477 630 retinuerint,
2536 565 2800 618 ludicrum
2854 575 3025 630 certe,
3070 566 3214 635 quod
3245 582 3274 621 a
3327 569 3484 625 Chri-

1915 653 2094 708 stiano
2154 653 2343 721 procul
2393 656 2694 709 recederet.
2734 650 2900 708 Vetus
2936 669 3126 710 auctor
3173 638 3263 727 qui
3291 670 3484 717 contra

1916 742 2242 812 Cyprianum
2260 745 2499 812 scripsit,
2525 743 2708 817 {LVII}
2735 746 2877 799 inter
2900 744 2995 800 SS.
3019 752 3273 819 martyris
3297 765 3482 821 opera,

1916 833 2083 889 refert
2111 836 2376 903 quosdam
2405 837 2686 891 haereticos
2711 852 2741 890 e
2770 835 2989 891 Simone
3012 849 3324 906 prognatos,
3354 845 3482 897 dum

1915 924 2243 997 baptismum
2280 926 2614 988 conferrent,
2643 927 2970 982 emicantem
3010 943 3076 981 ex
3107 930 3262 998 aquis
3302 931 3480 1002 ignem

1915 1014 2240 1069 intuentium
2275 1018 2450 1071 oculis
2477 1018 2810 1082 exhibuisse,
2836 1035 2942 1088 quo
2972 1019 3220 1074 simulata
3249 1021 3484 1091 Spiritus

1916 1109 2089 1162 sancti
2144 1110 2433 1177 praesentia
2508 1110 2811 1164 initiandos
2868 1126 2996 1165 suos
3050 1112 3477 1170 ludificarentur.

1914 1198 2152 1267 Ecquam
2203 1203 2268 1254 de
2324 1201 2666 1254 Eucharistia
2703 1201 2862 1256 fidem
2899 1202 3108 1258 habere
3156 1207 3479 1273 potuissent,

1914 1295 2004 1361 qui
2038 1309 2224 1348 verum
2254 1293 2474 1348 Christo
2501 1308 2697 1363 corpus
2721 1295 3099 1365 denegabant!
3127 1297 3235 1352 Sua
3263 1300 3479 1366 quidem

1912 1384 1980 1439 iis
2030 1395 2184 1440 erant
2234 1387 2514 1457 mysteria,
2556 1388 2653 1441 sed
2707 1387 3038 1441 exsecranda
3087 1404 3333 1460 prorsus,
3363 1404 3483 1460 quas

1913 1478 1995 1532 vel
2032 1493 2462 1534 commemorare
2494 1480 2676 1549 pudet.
2704 1479 2909 1537 Catera
2941 1492 3291 1538 sacramenta
3324 1477 3482 1538 ﬂocci

1914 1572 2110 1626 fecisse
2146 1573 2393 1626 homines
2448 1572 2710 1641 impuros,
2749 1575 2952 1644 unique
2992 1573 3212 1644 χνώσει,
3264 1575 3482 1631 caeteris

1913 1663 2164 1720 omnibus
2191 1665 2410 1733 spretis,
2429 1665 2658 1720 salutem
2686 1669 3029 1731 ascribendo,
3062 1669 3328 1722 bonorum
3361 1682 3486 1739 ope-

1915 1772 2034 1810 rum
2067 1758 2476 1822 necessitatem,
2507 1765 2562 1812 ct
2588 1759 3024 1829 evangelicarum
3052 1758 3231 1826 legum
3285 1759 3485 1818 obser-

1912 1847 2185 1904 vationem
2248 1846 2486 1902 funditus
2529 1849 2812 1912 evertisse,
2861 1850 3109 1920 quisquis
3157 1852 3479 1916 asseruerit,

1911 1940 2054 1994 haud
2088 1949 2295 1995 temere
2323 1941 2648 2008 conjecerit.

1983 2033 2110 2088 104.
2141 2031 2336 2087 Plures
2374 2033 2598 2102 reliquit
2628 2032 2817 2087 Simon
2843 2046 3091 2087 errorum
3125 2040 3180 2085 et
3206 2033 3475 2087 scelerum

1911 2141 2278 2191 successores,
2321 2143 2351 2178 a
2385 2127 2616 2195 principe
2669 2125 3000 2196 impiissimce
3027 2127 3299 2184 sententia.-
3325 2140 3481 2179 voca-

1912 2229 1990 2272 tos
2061 2217 2418 2292 Simonianos.
2473 2216 2554 2271 Al)
2608 2219 2693 2272 his
2737 2218 2862 2285 falsi
2916 2219 3144 2272 nominis
3187 2218 3482 2283 scientiam,

1911 2309 2302 2365 Gnosticorum
2333 2309 2585 2364 videlicet
2617 2311 2887 2374 haeresim,
2920 2312 3178 2379 accepisse
3217 2311 3396 2374 initia,
3421 2325 3486 2365 es

1912 2400 2039 2469 ipsis
2089 2400 2467 2454 assertionibus
2510 2415 2687 2452 eorum
2739 2405 2887 2453 adest
2947 2399 3229 2454 discere“.
3276 2399 3485 2455 Revera

1913 2489 2055 2542 enim
2089 2489 2277 2542 eadem
2314 2503 2451 2558 pene
2479 2487 2760 2543 Gnosticis
2789 2490 3040 2544 omnibus
3071 2488 3223 2544 fuere
3250 2503 3373 2549 cum
3405 2487 3487 2543 Si-

1914 2594 2074 2634 mone
2098 2580 2372 2649 dogmata.
2406 2580 2464 2634 Si
2507 2581 2634 2648 quid
2678 2580 3014 2635 discriminis
3056 2577 3388 2644 interfuerit,
3426 2577 3482 2633 in

1913 2687 1977 2726 eo
2001 2673 2234 2741 positum
2265 2671 2384 2736 fuit,
2413 2675 2558 2741 quod
2590 2672 2779 2728 eadem
2802 2674 3088 2743 principia,
3111 2684 3164 2728 et
3189 2671 3486 2728 Platonica

1913 2764 2264 2833 philosophia:
2293 2765 2470 2837 capita
2521 2767 2588 2818 ab
2623 2765 2706 2816 his
2737 2764 2895 2832 paulo
2936 2766 3197 2832 pressius,
3259 2765 3328 2819 ab
3373 2764 3485 2820 illis

1913 2856 2242 2925 explicatius
2267 2871 2330 2909 ac
2369 2855 2543 2909 fusius
2571 2855 2791 2918 tradita,
2824 2862 2876 2909 et
2909 2855 2974 2908 ad
3023 2869 3110 2909 res
3147 2853 3274 2909 fidei
3300 2854 3487 2910 diver-

1914 2947 2124 3001 simode
2147 2962 2244 3015 pro
2271 2946 2533 3016 cujusque
2562 2956 2720 3014 captu
2750 2955 2805 3000 et
2834 2946 3048 3013 ingenio
3076 2947 3487 3001 accommodata

1915 3038 2137 3104 fuerint,
2172 3038 2266 3091 sed
2298 3038 2623 3092 inconcusso
2653 3045 2905 3089 manente
2938 3035 3318 3090 fundamento.
3348 3033 3481 3090 Tria

244 3132 321 3187 sic
356 3133 730 3204 gentilismum
763 3148 885 3187 cum
920 3135 1246 3190 Christianae
1281 3135 1562 3205 religionis
1598 3136 1809 3204 profes-

1915 3129 2067 3184 fuere
2092 3130 2361 3197 praecipua
2394 3125 2669 3182 Gnosticaa
2708 3130 2978 3181 haereseos
3005 3127 3214 3194 capita,
3244 3127 3296 3179 1ο
3326 3123 3488 3180 Sum-

244 3226 393 3280 sionc
446 3225 809 3279 consociaret.
845 3221 949 3278 Sed
993 3226 1210 3291 mirum,
1262 3241 1386 3280 eum
1427 3228 1515 3296 qui
1562 3237 1673 3282 tota
1720 3227 1811 3282 do-

243 3319 431 3372 ctrinae
465 3319 608 3373 serie
633 3317 949 3372 inimicitias
978 3318 1198 3387 Angelis
1231 3320 1554 3374 denuntiare
1590 3320 1810 3374 videba-

246 3420 350 3474 tur,
408 3410 477 3464 iis
540 3418 719 3463 tamen
764 3409 980 3463 divinos
1040 3411 1278 3464 honores
1329 3413 1491 3465 tribui
1547 3412 1805 3470 voluisse.

244 3499 485 3571 Negabat
527 3504 671 3556 enitn
727 3501 954 3557 salutem
1007 3505 1264 3571 consequi
1316 3504 1481 3557 ullum
1535 3505 1808 3559 hominem

246 3593 401 3649 aliter
436 3609 616 3664 posse,
652 3610 812 3663 quam
861 3595 905 3649 si
951 3594 1333 3650 Universitatis
1368 3597 1575 3664 parenti
1606 3597 1812 3650 abomi-

245 3693 414 3742 nanda
471 3687 764 3751 sacrilicia,
849 3703 970 3757 qua:
1017 3688 1100 3742 vel
1144 3690 1427 3743 nominare
1474 3690 1655 3759 pudet,
1715 3704 1812 3756 per

245 3777 586 3848 Principatus
618 3788 679 3833 et
717 3777 1019 3834 Potestates
1044 3779 1303 3835 obtulerit
1336 3797 1349 3832 :
1378 3797 1482 3835 non
1514 3782 1726 3850 quidem
1755 3789 1812 3834 ut

244 3875 559 3941 praesidium
613 3872 846 3938 ferrent,
901 3873 996 3926 sed
1052 3882 1111 3926 ut
1158 3872 1354 3941 placati
1399 3873 1654 3926 damnum
1708 3887 1810 3926 non

245 3964 526 4031 inferrent,
561 3980 665 4019 neu
719 3964 1036 4022 hominibus
1087 3965 1202 4017 sive
1261 3964 1477 4027 invita,
1528 3966 1641 4018 sive
1691 3973 1814 4034 post

246 4071 470 4114 mortem
513 4062 793 4115 obessent.
856 4059 987 4126 Quae
1040 4061 1204 4112 etiam
1260 4058 1662 4114 Platonicorum
1720 4059 1815 4113 do-

246 4154 412 4207 etrina
443 4153 544 4206 fuit
575 4152 826 4222 superius
849 4168 877 4204 a
912 4151 1065 4206 nobis
1091 4153 1360 4219 exposita.

313 4247 433 4302 £03.
472 4245 751 4300 Hactenus
804 4244 950 4297 dicta
985 4243 1266 4313 perspicue
1302 4243 1678 4298 demonstrant
1728 4241 1813 4296 Si-

248 4354 455 4393 monem
501 4338 729 4408 ejusque
780 4336 1081 4405 discipulos
1135 4335 1278 4388 inter
1328 4336 1561 4404 gentiles
1609 4335 1813 4404 potius,

249 4445 403 4500 quam
465 4432 608 4484 inter
663 4429 1006 4484 Christianos
1063 4430 1425 4484 recensendos
1484 4441 1620 4481 esse.
1682 4425 1812 4479 Nam

249 4526 341 4576 etsi
375 4523 749 4577 Christianum
789 4537 981 4575 nomen
1027 4536 1122 4575 ore
1173 4522 1575 4589 proliterentur,
1613 4518 1702 4571 vix
1736 4527 1815 4570 ta-

250 4629 364 4669 men
402 4613 486 4667 vel
524 4618 684 4666 unius
717 4613 1015 4667 Christiani
1054 4613 1325 4680 dogmatis
1355 4610 1512 4664 fidem
1549 4610 1813 4676 integram

252 4713 618 4758 servaverant.
653 4703 838 4756 Trium
875 4703 1098 4770 quidem
1139 4701 1497 4756 sanctissima:
1530 4698 1816 4753 Trinitatis

250 4812 600 4867 personarum
620 4811 814 4850 nomen
843 4795 1220 4864 proferebant,
1256 4810 1367 4848 rem
1396 4809 1499 4846 non
1520 4793 1812 4846 tenebant:

253 4903 348 4940 una
379 4899 432 4941 et
456 4889 645 4942 eadem
674 4902 935 4957 persona,
968 4901 1068 4955 pro
1114 4886 1345 4941 diversis
1374 4885 1582 4948 ofﬁciis,
1614 4884 1814 4949 Patris,

252 4978 364 5034 Filii
416 4989 471 5034 et
531 4979 773 5048 Spiritus
806 4980 982 5034 sancti
1031 4978 1250 5032 nomine
1286 4978 1572 5048 gaudebat.
1610 4976 1811 5046 Myste--

254 5074 384 5127 rium
415 5073 817 5131 lncarnationis
851 5073 917 5127 iis
962 5073 1177 5141 penitus
1232 5072 1473 5143 ignotum
1511 5091 1523 5125 :
1561 5073 1812 5129 Christus

253 5179 345 5219 nec
371 5181 530 5221 verus
564 5166 726 5232 Deus,
754 5166 908 5235 cujus
933 5165 1083 5218 nulla
1115 5166 1282 5218 fuerit
1318 5166 1657 5235 hypostatica
1689 5182 1811 5220 cum

253 5253 355 5309 Deo
389 5259 517 5310 unio
553 5272 568 5322 ;
596 5271 698 5310 nec
731 5270 890 5310 verus
928 5256 1108 5320 homo,
1139 5257 1291 5325 cujus
1326 5255 1488 5311 fuerit
1510 5257 1814 5311 umbratilis

255 5356 460 5402 tantum
502 5358 557 5402 et
607 5348 952 5417 phantastica
1011 5349 1360 5416 humanitas;
1408 5351 1503 5404 sed
1541 5351 1809 5420 quoddam

256 5441 412 5496 velut;
457 5440 838 5505 simulacrum,
873 5440 1016 5508 quod
1053 5440 1180 5494 hinc
1215 5439 1513 5496 humanam
1563 5452 1816 5497 naturam

253 5532 420 5586 oculis
445 5530 750 5594 exhiberet,
786 5530 933 5586 illinc
962 5528 1271 5586 Divinitatis
1302 5533 1486 5587 radios
1517 5535 1812 5602 exciperet.

253 5624 457 5690 Quibus
495 5622 674 5678 omnis
706 5623 910 5680 Christi
966 5627 1292 5692 nativitatis,
1352 5626 1477 5680 vitae
1521 5635 1574 5680 et
1618 5627 1811 5682 mortis

352 5742 394 5772 ”
423 5740 667 5809 0rigeu.,
720 5740 772 5794 iu
824 5740 996 5804 Cels.,
1031 5741 1127 5800 lib.
1163 5759 1235 5801 vt.
1347 5743 1388 5777 ¹⁸
1421 5743 1560 5802 lt'en.

255 5827 300 5870 c.
333 5811 418 5876 £6,
450 5822 502 5867 et
537 5810 603 5871 de
646 5813 787 5871 An...
819 5826 868 5866 c.
911 5812 1000 5867 50.

1663 5745 1704 5777 ⁸⁸
1736 5745 1899 5806 lren.,
1939 5743 2034 5799 lib.
2072 5757 2109 5796 ι.
2145 5756 2192 5797 c.
2226 5737 2315 5801 25,
2349 5754 2400 5794 n.
2431 5735 2483 5791 ὅ.

1912 3234 2058 3279 mum
2099 3219 2265 3271 Deum
2317 3218 2545 3270 alterum
2592 3231 2714 3271 esse
2763 3216 3022 3278 a,mundi
3070 3215 3382 3282 conditore;
3427 3212 3486 3270 2ο

1913 3310 2088 3380 Opera
2146 3309 2280 3362 nihil
2338 3311 2403 3363 ad
2439 3309 2666 3363 salutem
2716 3307 2927 3375 juvare,
2963 3307 3059 3362 sed
3109 3321 3227 3361 eam
3278 3307 3347 3361 ab
3380 3319 3487 3376 una

1913 3414 2269 3468 supernarum
2293 3415 2472 3454 rerum
2493 3400 2809 3468 cognitione
2834 3401 3106 3466 pendere;
3130 3397 3190 3453 ἕο
3203 3397 3484 3452 Christum

1913 3507 2100 3545 verum
2131 3491 2406 3545 hominem
2448 3509 2552 3547 non
2583 3491 2774 3558 fuisse,
2803 3492 2894 3546 sed
2925 3505 3062 3544 vana
3097 3491 3335 3547 hominis
3359 3507 3486 3561 spe-

1914 3587 1999 3639 cie
2031 3585 2216 3640 oculos
2252 3585 2538 3640 tlelusisse.
2576 3584 2699 3639 Haec
2729 3585 2795 3638 ab
2825 3581 3078 3638 omnibus
3123 3594 3485 3654 propugnata,

1913 3682 2113 3749 quippe
2137 3681 2225 3748 qui
2247 3681 2452 3734 scirent
2473 3681 2536 3732 iis
2562 3689 2726 3732 totam
2755 3676 2853 3730 niti
2884 3677 3255 3747 hypothesim;
3285 3687 3484 3731 caetera

1915 3784 1999 3837 vel
2026 3783 2091 3836 ad
2121 3778 2386 3848 majorem
2415 3773 2831 3842 explicationem
2865 3770 3068 3833 addita,
3098 3768 3182 3822 vel
3204 3777 3487 3822 consecta-

1919 3878 2004 3931 ria
2036 3874 2283 3945 quaedam
2312 3868 2485 3929 fuere,
2524 3879 2645 3933 quae
2677 3865 2926 3934 quisque,
2958 3869 3118 3931 prout
3151 3862 3369 3937 ingenio
3392 3873 3488 3914 va-

1917 3969 2085 4030 lebat,
2120 3980 2188 4019 ex
2215 3959 2493 4032 principiis
2518 3959 2770 4019 ducebat,
2807 3955 3308 4024 atnplillcabatque.
3340 3951 3396 4006 Id
3422 3963 3488 4007 ea

1915 4056 2216 4114 conferenti
2257 4069 2378 4123 quae
2426 4053 2489 4106 de
2533 4048 2906 4102 Valentiniana
2949 4045 3143 4100 haeresi
3189 4044 3301 4114 jam
3344 4043 3491 4098 dixi-

1917 4165 2055 4211 mus,
2085 4149 2377 4200 observare
2419 4140 2664 4212 proclive
2694 4138 2816 4202 fuit,
2856 4145 2963 4192 nec‘
2995 4134 3272 4192 diﬂicilius
3296 4135 3487 4190 obser-

1915 4244 2134 4299 vabitur
2166 4242 2218 4293 in
2255 4239 2340 4304 iis,
2369 4250 2492 4307 quae
2529 4235 2596 4290 de
2637 4232 2916 4286 veteribus
2950 4227 3230 4292 Gnosticis
3259 4226 3489 4284 dicenda

1918 4341 2227 4404 supersunt.

2445 4417 2506 4474 ll.
2544 4417 2619 4472 De
2645 4413 2960 4470 Menandro.

1991 4518 2114 4573 £05.
2147 4515 2190 4546 "
2226 4514 2464 4569 Simonis
2495 4491 2780 4566 successor
2821 4515 2877 4576 et
2917 4503 3217 4574 discipulus
3250 4501 3351 4557 fuit
3375 4500 3488 4556 Me-

1919 4612 2148 4673 nander,
2173 4607 2491 4678 przeceptori
2519 4603 2765 4658 moribus
2790 4610 2844 4655 et
2861 4599 3107 4654 doctrina
3135 4596 3486 4667 respondens.

1918 4706 2129 4760 Gencre
2160 4702 2460 4756 Samarites
2503 4709 2556 4752 et
2592 4697 2703 4765 ipse
2730 4694 2854 4760 fuit,
2897 4708 2927 4746 e
2950 4692 3071 4746 vico
3103 4689 3481 4761 Capparetaja,

1919 4808 1980 4853 ut
2007 4809 2165 4852 vocat
2192 4795 2434 4850 Justinus
2463 4790 2696 4849 M.”.vel
2726 4787 2990 4848 Chabrai,
3027 4795 3086 4838 ut
3119 4782 3487 4841 Theodoretus

1920 4889 2177 4960 appellat,
2210 4884 2498 4942 oriundus.
2525 4878 2627 4934 Ubi
2670 4878 2736 4932 ad
2783 4892 3055 4936 summum
3090 4875 3486 4951 praestigiarum

1918 4980 2193 5046 fastigium
2226 4973 2489 5047 pervenit,
2529 4981 2587 5024 ut
2627 4969 2786 5045 facile
2822 4983 2926 5021 non
2972 4975 3181 5021 tantum
3210 4980 3332 5020 cum
3375 4979 3490 5019 ma-

1916 5077 2085 5146 gistro
2109 5069 2479 5129 contenderet,
2513 5062 2611 5117 sed
2635 5063 2797 5116 etiam
2838 5056 3041 5128 primas
3093 5058 3197 5111 sibi
3241 5056 3490 5111 vindica-

1919 5178 2020 5232 ret,
2072 5163 2374 5230 majoribus
2417 5155 2684 5227 portentis
2730 5166 2925 5206 nomen
2971 5149 3072 5204 silti
3119 5148 3265 5216 fecit.
3306 5148 3492 5202 Antio-

1917 5261 2123 5321 chiam,
2165 5252 2406 5310 Orientis
2447 5257 2631 5319 caput,
2657 5245 2848 5315 elegit,
2894 5257 2992 5326 ceu
3025 5242 3296 5311 publicum
3321 5241 3489 5295 thea-

1921 5359 2062 5404 trum
2088 5349 2140 5400 in
2169 5361 2277 5416 quo
2303 5342 2684 5399 circulatorem
2712 5345 2918 5407 ageret,
2946 5344 3004 5388 et
3029 5333 3170 5387 unde
3195 5339 3492 5393 venenatas

1923 5453 2134 5495 merces
2167 5435 2383 5490 facilius
2411 5447 2508 5501 per
2535 5430 2811 5484 Orientem
2838 5433 3140 5493 spargeret.
3175 5421 3252 5476 lbi
3289 5421 3488 5474 misero

1917 5533 2100 5603 plures
2141 5526 2448 5583 fascinavit.
2497 5523 2553 5577 Si
2597 5515 3002 5582 Tertulliano",
3030 5516 3116 5592 vel
3150 5514 3360 5568 auctori
3388 5510 3487 5564 ad-

1917 5625 2199 5681 ditatnenti
2223 5618 2453 5691 quod'ad
2478 5617 2680 5672 calcem
2708 5611 2833 5665 libri
2862 5608 2935 5663 De
2957 5603 3250 5678 prmscript.
3271 5607 3487 5678 legitur,

2615 5727 2654 5760 "
2699 5725 2856 5800 Apol.
2900 5725 2952 5775 1.
3083 5723 3124 5756 ⁸⁸
3158 5723 3230 5778 De
3261 5722 3465 5776 Praesc.
