4180 6332
731 357 827 412 127

1526 349 2118 406 DISSERTATIONES
2155 347 2457 402 PRASVIAZ
2495 346 2558 402 IN
2597 344 2852 401 IRENIEI
2893 343 3153 400 LIBROS.

3857 342 3955 398 {'28

726 471 1022 532 credimus,
1053 472 1242 525 cadent
1292 468 1424 522 dixit
1468 485 1587 538 quae
1626 469 1813 523 Simon
1860 472 1994 537 ipse.
2023 467 2292 537 Quidquid
2324 470 2368 528 Α
2398 476 2452 520 ιιι
2483 467 2682 537 passim
2711 466 2848 535 apud
2900 463 3260 519 Jambliclium
3294 474 3348 517 et
3382 463 3510 517 alios
3563 465 3744 518 videre
3775 472 3877 517 est.
3910 465 3951 516 Α

729 561 913 616 Simon
939 576 995 615 se
1026 575 1146 614 esse
1181 563 1415 622 dixerat,
1448 561 1549 615 hoc
1583 576 1639 614 se
1670 560 1966 616 Menander
1996 577 2114 615 esse
2141 563 2293 614 dice-

723 652 839 708 bat.
879 653 1027 718 Quod
1057 662 1233 705 tamen
1267 653 1445 706 Sobrie
1481 652 1908 712 intelligendum.
1940 652 2071 706 Nam
2106 652 2290 708 Simon

724 760 781 798 se
809 760 928 800 esse
956 761 1267 815 supremam
1296 746 1389 799 Dei
1425 746 1693 800 Virtutem
1724 746 2088 815 impudentius
2118 745 2295 815 jacta-

725 836 845 898 bat;
879 847 1085 890 tantum
1118 838 1218 890 sibi
1255 854 1356 890 non
1389 838 1657 891 tribuebat
1689 837 2002 903 Menander,
2038 839 2292 908 quoniam

725 927 947 993 primam
986 925 1245 979 Virtutem
1289 927 1608 1000 incognitam
1644 928 1884 980 omnibus
1917 944 2034 982 esse
2071 930 2290 997 aiebat;

725 1033 779 1068 se
801 1025 971 1070 autem
994 1028 1109 1070 eum
1136 1020 1370 1086 esse,qui
1395 1019 1580 1072 missus
1603 1020 1666 1072 sit
1705 1021 1766 1071 ab
1789 1020 2133 1075 inuisibilibus
2170 1022 2294 1091 (ltoc

726 1119 830 1172 est,
865 1121 921 1162 ιιι
965 1111 1197 1178 explicat
1245 1110 1577 1172 Eusebius",
1609 1111 1674 1163 ab
1698 1110 2064 1166 invisibilibus
2093 1112 2291 1167 (Enni-

724 1198 868 1266 Iius),
891 1197 1216 1253 Salvatorem
1241 1217 1335 1269 pro
1360 1200 1530 1253 salute
1555 1202 1846 1256 hominum.
1867 1202 1970 1256 Sed
1997 1203 2289 1260 discrimen

725 1289 775 1341 in
808 1291 983 1343 verbis
1017 1291 1240 1357 haerere,
1274 1298 1323 1343 ct
1367 1291 1416 1344 in
1441 1307 1504 1344 eo
1536 1292 1773 1357 positqu
1817 1308 1938 1346 esse
1973 1298 2117 1361 quod
2156 1294 2292 1350 alter

723 1381 895 1433 altero
923 1384 1175 1436 vesanior
1223 1395 1389 1447 eSset,
1431 1385 1680 1450 superius
1717 1387 2072 1441 ostendimus.
2105 1387 2292 1456 Neque

722 1473 864 1526 enim
896 1474 1081 1526 Simon
1120 1491 1425 1544 supremam
1463 1475 1551 1528 Dei
1593 1474 1855 1530 Virtutem
1904 1479 2209 1532 substantia
2236 1490 2292 1534 et

724 1575 916 1618 natura
948 1582 1005 1620 se
1035 1582 1155 1621 esse
1187 1567 1575 1630 contendebat,
1605 1568 1699 1622 sed
1730 1570 1986 1625 missione
2018 1570 2291 1625 duntaxat

721 1667 776 1710 et
809 1657 1074 1729 ἐνεργείᾳ,
1129 1659 1179 1711 in
1226 1674 1331 1727 quo
1370 1674 1490 1712 cum
1541 1658 1837 1714 Menandro
1889 1663 2286 1717 c0uscntiebat.

725 1747 830 1802 Nec
867 1753 1009 1818 quod
1053 1751 1188 1804 alter
1239 1765 1358 1804 eam
1417 1751 1683 1804 Virtutem
1739 1754 1988 1808 omnibus
2049 1757 2286 1824 ignotam

721 1857 841 1896 esse
875 1844 1098 1908 diceret,
1143 1843 1279 1897 alter
1325 1853 1381 1898 ut
1412 1844 1528 1914 ejus
1560 1845 1776 1914 copiam
1824 1847 2049 1910 laceret,
2079 1850 2291 1905 venisse

721 1947 781 1986 se
808 1932 1070 1999 jactaret,
1107 1935 1211 1987 ulla
1241 1937 1383 1989 inter
1407 1951 1500 1991 eos
1526 1953 1702 2006 pugna
1737 1938 2048 1994 intercedit.
2071 1939 2124 1993 Si
2150 1942 2291 1995 enim

720 2039 841 2077 cum
867 2027 1203 2080 Tlieodoreto
1231 2029 1498 2096 duplicem
1525 2045 1747 2084 summa:
1772 2031 2005 2087 Virtutis
2022 2036 2291 2103 operatio-

722 2131 842 2169 nem
895 2117 1336 2187 distinguamus,
1393 2121 1660 2174 occultam
1706 2133 1761 2177 et
1808 2124 2175 2188 manifestam,
2228 2127 2292 2181 lis

719 2208 878 2264 facile
918 2211 1208 2264 dirimitur.
1239 2211 1370 2265 Nam
1404 2212 1592 2267 Simon
1618 2217 1986 2284 operationem
2016 2220 2287 2274 occultam

719 2301 971 2366 respicit;
995 2301 1287 2356 Menander
1306 2313 1368 2357 de
1394 2305 1683 2359 manifesta
1711 2307 1976 2376 loquitur.
1999 2309 2096 2364 llic
2125 2311 2288 2366 etiam

716 2393 1093 2460 explicandus,
1124 2410 1192 2448 ne
1223 2410 1405 2451 secum
1433 2397 1515 2449 vel
1540 2412 1661 2450 cum
1688 2398 1892 2455 Irenaeo
1924 2411 2141 2470 pugnet,
2167 2403 2290 2472 Epi-

717 2485 950 2552 phanius
968 2486 1011 2516 ὀ
1042 2487 1315 2550 scribens,
1336 2487 1688 2541 Menandrum
1715 2505 1742 2542 a
1769 2489 2013 2546 Simonis
2038 2493 2289 2562 dogmate

719 2590 823 2628 non
883 2578 1194 2641 dissedisse,
1229 2580 1331 2632 nisi
1365 2582 1504 2649 quod
1538 2583 1799 2650 majorem
1831 2599 1889 2637 se
1941 2594 2290 2641 antecessore

716 2677 770 2721 et
795 2680 1126 2737 praeceptore
1164 2686 1262 2724 suo
1289 2672 1638 2739 prtedicabat.
1667 2674 1869 2743 Nempe
1898 2676 1986 2730 hic
2028 2678 2286 2747 majorem

717 2773 774 2812 se
825 2761 1180 2829 praedicabat,
1238 2778 1343 2815 non
1391 2765 1654 2834 dignitate
1702 2776 1756 2819 et
1815 2768 2103 2832 nuiSsione;
2161 2785 2284 2822 nam

717 2861 942 2919 uterque
968 2869 996 2905 a
1027 2869 1235 2907 summa
1271 2856 1484 2909 Virtute
1520 2859 1748 2912 missum
1781 2875 1839 2914 se
1878 2874 2000 2914 esse
2032 2861 2287 2916 Servato-

717 2956 830 2994 rem
866 2945 931 2997 ad
965 2945 1243 2999 hominum
1291 2947 1524 3002 salutem
1564 2951 1900 3019 uagabatur;
1936 2954 2028 3008 sed
2063 2954 2287 3025 magica:

715 3029 851 3086 artis
876 3036 1094 3103 peritia,
1128 3054 1230 3108 qua
1259 3040 1579 3108 magistrum
1604 3041 1822 3098 vincere
1846 3059 1903 3098 se
1926 3045 2284 3113 gloriabatur.

2398 558 2678 627 Tltenrgs's,
2724 558 2897 627 inquit
2947 559 3033 612 ille
3081 569 3214 612 sect.
3249 573 3331 617 ιιι,
3365 574 3481 626 cap.
3515 558 3602 621 51,
3636 559 3799 611 omnis
3843 558 3942 625 api.

2396 653 2529 703 ritus
2559 649 2728 703 malus
2780 650 2940 719 fugit,
2978 650 3285 718 penitusque
3311 650 3642 701 subvertitur.
3675 647 3959 701 Exscindi-

2395 754 2480 794 tur
2505 756 2717 808 prorsus
2766 741 2934 792 omnis
2981 739 3190 792 malitia
3224 749 3270 792 et
3315 755 3528 808 passio;
3560 740 3805 792 bonorunt
3837 755 3958 793 vero

2393 850 2525 897 pura
2565 832 2970 885 communicatio
3013 835 3080 884 ad
3114 848 3272 897 puros
3308 825 3565 900 defertur,
3613 835 3843 901 ignisque
3871 826 3959 885 di-

2393 925 2544 978 vinus
2572 925 2790 991 desuper
2820 940 2907 976 eos
2935 925 3153 977 veritate
3201 923 3383 990 replet.
3439 924 3533 975 llis
3566 925 3690 976 mali
3736 923 3957 990 spiritus

2393 1015 2748 1082 impedimenti
2782 1014 2912 1066 nihil
2959 1016 3146 1083 afferre
3182 1026 3422 1082 possunt,
3465 1032 3624 1082 neque
3653 1016 3718 1066 ad
3760 1017 3956 1067 anima:

2394 1107 2525 1159 bona
2559 1109 2838 1159 avertenda
2884 1106 3167 1170 obstuculi,
3199 1117 3306 1160 etc.
3356 1107 3418 1159 Et
3452 1118 3587 1161 sect.
3622 1122 3698 1173 ix,
3727 1120 3843 1173 cap.
3875 1105 3911 1158 4
3943 1121 3954 1158 :

2395 1200 2522 1254 Sola
2550 1200 2725 1252 divina
2763 1199 2992 1269 μαντικὴ
3027 1200 3130 1252 diis
3163 1210 3492 1263 connectens,
3527 1217 3618 1252 nos
3648 1216 3762 1251 vere
3788 1202 3959 1265 parti-

2393 1291 2528 1358 cipes
2553 1288 2680 1355 facit
2732 1291 2848 1342 vita:
2879 1290 3073 1342 divinae
3100 1303 3116 1341 :
3145 1306 3363 1358 cumque
3393 1291 3506 1358 ipsa
3545 1290 3956 1354 prmscieutiam,

2392 1380 2699 1446 divinosque
2725 1379 2970 1430 notiones.
2997 1380 3050 1430 in
3081 1395 3134 1431 se
3162 1383 3448 1441 contineat,
3485 1395 3586 1431 nos.
3612 1393 3814 1447 quoque
3843 1393 3958 1429 vere

2390 1471 2592 1527 diuinos
2630 1473 2777 1540 facit.
2827 1471 2953 1524 "(ec
3005 1473 3195 1525 bonum
3253 1489 3380 1540 pure
3433 1473 3579 1525 nobis
3612 1471 3846 1532 exhibet;
3877 1479 3955 1520 est

2391 1564 2526 1616 enim
2554 1565 2853 1616 beatissima
2869 1565 3080 1617 deorum
3101 1566 3325 1633 cognitio
3350 1565 3494 1617 bonis
3518 1565 3753 1619 omnibus
3779 1559 3955 1629 plena.

2393 1656 2455 1709 Et
2489 1672 2606 1725 cap.
2654 1657 2686 1709 5
2727 1658 2803 1710 ait
2861 1658 3128 1711 hominem
3179 1658 3304 1710 olim
3353 1659 3544 1712 visioai
3598 1659 3688 1713 Dei
3732 1661 3960 1727 conjun-

2393 1760 2558 1816 ctum,
2608 1758 2790 1819 postea
2837 1752 2996 1803 aliam
3057 1752 3462 1819 subiugreasum
3528 1753 3783 1815 animam,
3833 1772 3955 1809 eam

2397 1843 2647 1895 nimirum
2693 1858 2812 1910 quze
2855 1845 2920 1896 ad
2975 1845 3222 1898 humana:
3265 1843 3451 1897 forma:
3491 1847 3720 1912 speciem
3772 1856 3959 1916 aptata

2393 1941 2496 1996 est,
2539 1942 2828 2001 protiterea
2875 1933 3085 1986 venisse
3130 1934 3227 1986 sub
3267 1933 3359 1986 fati
3412 1943 3466 1987 et
3501 1935 3960 2003 necrssitatisju-

2394 2045 2555 2098 gum;
2606 2027 2672 2080 ab
2722 2026 2807 2081 his
2852 2042 2978 2080 vero
3021 2026 3246 2079 vinculis
3285 2026 3445 2080 aliter
3486 2027 3620 2080 solvi
3657 2044 3758 2081 non
3798 2042 3960 2096 posse

2393 2134 2556 2187 quam
2617 2134 2712 2188 per
2771 2123 2992 2173 deorum
3048 2118 3444 2187 cognitionem;
3495 2119 3633 2172 hanc
3674 2133 3791 2172 esse
3835 2134 3961 2187 quae

2395 2210 2616 2283 [LVlll]'
2643 2225 2826 2264 veram
2864 2210 3032 2263 vitam
3072 2220 3277 2274 servat,
3323 2211 3572 2277 quoniam
3626 2210 3690 2263 ad
3742 2209 3960 2265 Patrem

2392 2317 2485 2355 sua
2518 2310 2668 2356 sorte
2699 2307 3008 2354 contentum
3061 2308 3114 2351 et
3166 2299 3644 2366 superessentialem
3697 2301 3910 2354 reducit.
3945 2321 3958 2357 ;

2391 2406 2602 2446 sacram
2638 2390 2777 2443 hanc
2821 2396 2872 2443 et
2903 2388 3257 2458 Tlteurgicam
3292 2388 3564 2443 felicitatis
3611 2390 3960 2444 donationem

2393 2484 2650 2555 appellari
2673 2483 2895 2551 januam
2931 2484 2994 2536 ad
3029 2483 3199 2552 ipsum
3220 2481 3461 2533 omnium
3493 2481 3739 2549 opiﬁcem
3764 2481 3959 2550 Deum,

2389 2577 2473 2630 vel
2522 2577 2703 2632 sedem
2755 2584 2808 2628 et
2856 2574 3033 2628 aulam
3086 2574 3236 2629 boni.
3277 2571 3411 2627 Tum
3449 2573 3660 2628 demum
3702 2589 3819 2642 eap.
3866 2589 3961 2628 se-

2389 2669 2574 2737 quenti
2609 2667 2882 2722 concludit
2921 2666 3250 2735 Tlteurgiam
3296 2665 3480 2735 opifici
3516 2665 3804 2720 universali
3834 2667 3962 2721 ani-

2390 2775 2532 2812 mam
2583 2760 2802 2826 sistere,
2841 2768 2893 2814 et
2937 2761 3076 2827 apud
3126 2774 3247 2813 eum
3286 2759 3575 2827 deponere,
3623 2759 3963 2830 liberamque

2387 2851 2453 2903 ab
2488 2850 2633 2904 omni
2681 2850 2904 2904 materia
2951 2865 3072 2904 cum
3115 2850 3232 2904 solo
3284 2858 3490 2903 aeterno
3535 2847 3712 2904 Verbo
3757 2865 3965 2908 conne-

2385 2951 2568 2997 ctere:
2595 2943 2692 3013 ipsi
2724 2943 2814 2997 Dei
2849 2942 3052 2997 Virtuti
3085 2958 3112 2994 a
3139 2957 3196 2996 se
3223 2943 3436 3010 genitae,
3470 2943 3706 3012 seipsam
3735 2959 3962 2998 moven-

2388 3031 2463 3095 ti,
2502 3031 2684 3086 omnia
2734 3031 3094 3094 snsteutanti,
3141 3030 3518 3098 intellectuali,
3563 3033 3747 3086 omnia
3795 3049 3962 3088 exor-

786 3123 910 3178 106.
946 3125 1199 3182 Mundum
1233 3130 1301 3185 ab
1333 3131 1576 3200 Angelis,
1603 3147 1739 3203 quos
1767 3138 2020 3204 produxi;
2051 3138 2279 3203 Ennoia’
2311 3149 2352 3206 ρ
2390 3125 2566 3190 nanti,
2599 3125 2664 3179 ad
2695 3124 2977 3179 veritatem
3011 3123 3405 3194 intelligibilem
3447 3126 3745 3190 revocmili,
3778 3124 3965 3195 perle-

713 3216 990 3270 conditum
1017 3219 1267 3275 similiter
1291 3232 1349 3276 ut
1381 3221 1566 3278 Simon
1595 3225 1846 3281 docebat.
1876 3227 2132 3285 Memoria
2178 3231 2284 3300 igi—

717 3315 804 3358 tur
841 3306 1026 3376 lapsus
1066 3312 1283 3365 videtur
1337 3314 1711 3370 Damascenus
1761 3320 2009 3373 scribens
2061 3320 2158 3375 lib.
2206 3322 2284 3376 De

713 3396 844 3451 liter.
881 3397 982 3452 hoc
1011 3399 1227 3454 diﬂ’erre
1247 3402 1664 3463 Menandriauos
1689 3425 1718 3462 a
1749 3409 2105 3476 Simonianis,
2143 3418 2284 3483 quod

715 3489 768 3542 hi
802 3490 985 3544 mundi
1027 3494 1358 3549 molitionem
1385 3499 1451 3551 ab
1487 3501 1692 3567 angelis
1714 3503 1911 3558 factam
1938 3516 2271 3574 assererem,

717 3578 793 3632 illi
851 3592 1136 3650 negarent;
1177 3601 1299 3639 nam
1348 3589 1532 3642 eadem
1577 3597 1694 3644 erat
1732 3601 2086 3664 utrorumque
2115 3611 2178 3650 ea
2216 3598 2283 3651 de

716 3685 778 3726 re
806 3677 1096 3730 sententia.
1137 3677 1416 3734 Neminem
1451 3698 1577 3738 vero
1605 3701 1670 3739 ex
1705 3687 2037 3757 Angelorum
2069 3690 2281 3744 illorum

717 3763 996 3819 dominatu
1043 3769 1159 3820 erui
1204 3783 1366 3837 posse
1407 3776 1771 3830 cootendebat
1817 3777 2135 3846 Menander,
2180 3782 2282 3836 nisi

716 3869 814 3923 per
845 3872 983 3922 eam,
1018 3874 1176 3927 quam
1225 3862 1474 3931 docebat,
1526 3868 1795 3935 magicam
1840 3871 2150 3925 scientiam.
2183 3875 2285 3928 Sa-

717 3946 883 4002 lutem
921 3951 1101 4019 itaque
1153 3955 1391 4008 hominis
1427 3959 1656 4012 positam
1700 3973 1824 4014 esse
1859 3961 2076 4017 volebat
2117 3963 2170 4017 in
2199 3979 2284 4018 re-

717 4042 1026 4112 demptione
1051 4047 1118 4099 ab
1144 4047 1472 4116 Angelorum
1504 4055 1798 4114 servitute;
1832 4055 2072 4108 medium
2097 4067 2282 4111 autem

714 4133 906 4188 salutis
937 4135 988 4188 in
1020 4139 1225 4206 magica
1260 4139 1509 4194 scientia.
1553 4141 1680 4208 Qua:
1722 4147 1900 4197 omnia
1945 4145 2280 4214 Simoniaca,

714 4225 890 4279 imoet
918 4226 1220 4284 Platonica.
1249 4230 1377 4297 Quze
1406 4233 1546 4286 enim
1582 4235 1824 4290 haeretici
1853 4238 2074 4308 magicae
2102 4241 2283 4294 scien-

716 4318 800 4370 tia;
827 4320 1168 4372 ascribebant
1189 4337 1203 4386 ;
1228 4322 1417 4375 eadem
1437 4324 1765 4381 etPlatonici
1792 4332 2047 4400 μαντικῇ,
2070 4332 2280 4386 divina-

715 4409 848 4463 tioni
894 4420 947 4463 et
980 4411 1263 4483 Theurgia:
1310 4431 1418 4469 sum
1456 4416 1784 4474 tribuebant.
1830 4419 1961 4474 Nam
2011 4422 2279 4492 duplicem

711 4499 942 4567 magiam
978 4501 1402 4571 distiuguebant,
1436 4507 1592 4559 aliam
1624 4524 1782 4577 quam
1821 4510 2148 4581 Tlieurgiain
2182 4530 2276 4568 vo-

710 4592 928 4655 cabant,
974 4595 1074 4648 hoc
1107 4607 1209 4660 est,
1247 4608 1417 4650 artem
1452 4600 1631 4654 divina
1680 4604 1959 4672 Operandi,
1996 4607 2188 4660 bonam
2221 4617 2275 4663 et

710 4682 1055 4749 laudabilem,
1089 4703 1192 4756 qua
1230 4688 1394 4742 certis
1425 4691 1748 4759 quibusdam
1797 4695 1987 4750 hostiis
2019 4705 2071 4751 et
2098 4701 2274 4754 sacri-

712 4774 871 4841 ﬁciis,
906 4779 1168 4832 munditia
1195 4783 1426 4849 quadam
1457 4786 1648 4839 animze
1672 4798 1725 4840 et
1748 4789 2013 4857 corporis,
2045 4790 2276 4860 aliisque

711 4868 880 4922 sacris
911 4874 1271 4938 caeremoniis,
1303 4873 1476 4929 bonos
1509 4886 1560 4930 et
1591 4875 1865 4934 beneﬁcos
1890 4879 2162 4937 daemones
2195 4885 2276 4938 in-

711 4961 1002 5024 vocabant,
1029 4975 1258 5029 quorum
1297 4963 1478 5019 aﬁlatu
1511 4975 1563 5020 et
1587 4969 1810 5033 auxilio,
1841 4980 1892 5025 et
1921 4975 2128 5027 occulta
2160 4991 2275 5030 ma-

713 5049 1061 5114 nifestabant,
1092 5065 1146 5107 et
1183 5052 1362 5110 futura
1394 5063 1857 5127 pt'ariiuntiabant,
1890 5074 1942 5117 et
1977 5067 2114 5119 mira
2145 5067 2272 5122 ede-

711 5142 840 5195 bant
869 5160 1028 5213 opera
1057 5164 1069 5200 :
1101 5147 1328 5202 alteram
1370 5151 1669 5218 Goeticam,
1718 5163 1771 5207 et
1803 5154 2269 5225 Necromantiam,

712 5244 884 5290 artem
919 5239 1167 5296 videlicet
1199 5245 1586 5314 praestigiosam
1611 5257 1664 5301 et
1689 5244 2099 5320 fallacem,quae
2129 5267 2273 5306 mor-

713 5335 834 5381 tuos
862 5343 1048 5384 evocat
1076 5343 1129 5385 et
1161 5335 1416 5402 consulit,
1457 5347 1510 5392 et
1539 5354 1725 5395 eorum
1771 5357 1834 5396 ac
1867 5343 2130 5397 malorum
2160 5345 2271 5398 daa—

714 5437 929 5474 monuin
967 5439 1068 5491 ope
1118 5441 1369 5494 responsa
1419 5431 1486 5484 de
1519 5433 1676 5487 rebus
1705 5435 1931 5489 occultis
1979 5445 2034 5490 et
2077 5436 2275 5490 futuris

715 5512 907 5567 reddit.
945 5513 1012 5569 Ut
1046 5519 1401 5586 posteriorem
1435 5522 1651 5588 probro,
1705 5527 1780 5579 sic
1813 5527 2047 5595 priorem
2078 5527 2273 5582 honori

715 5605 818 5660 sibi
875 5609 1153 5674 'ertebant,
1193 5609 1548 5685 laudibusque
1585 5619 1650 5671 ad
1693 5619 1888 5673 coelum
1918 5618 2272 5685 extollebant,

794 5793 835 5825 ⁸⁹
864 5793 925 5849 L.
959 5810 1017 5850 ιιι
1043 5795 1204 5865 Ilist.,
1238 5813 1286 5855 c.
1319 5798 1405 5853 26.
1486 5801 1527 5831 ³ο
1559 5799 1619 5856 L.
1655 5815 1694 5867 t,
1726 5817 1771 5855 c.
1807 5800 1839 5856 2
1878 5810 1930 5856 et
1961 5814 2112 5872 seqq.

2189 5801 2230 5832 “
2267 5798 2406 5856 liter.
2453 5817 2624 5856 xxxii.

2386 3229 2486 3274 ctae
2532 3227 2580 3272 et
2622 3217 2949 3289 perﬁcienti,
2987 3216 3309 3285 caeterisque
3351 3217 3443 3270 Dei
3474 3215 3773 3272 Virtutibus
3801 3218 3966 3286 opiﬁ-

2385 3314 2542 3366 eibus
2565 3313 2637 3364 ita
2675 3312 3011 3373 consociare,
3054 3319 3110 3364 ut
3140 3310 3191 3363 in
3223 3311 3532 3365 actionibus
3561 3324 3770 3375 earum,
3801 3311 3968 3367 intel-

2387 3405 2738 3475 ligentiisque
2777 3403 3086 3458 eﬁicacibus
3131 3403 3310 3456 anima
3362 3402 3663 3473 Tlieurgica
3714 3399 3962 3473 perfecto

2386 3495 2759 3550 conﬁrmetur.
2792 3495 2946 3548 Plura
2972 3494 3077 3547 alia
3105 3491 3370 3561 ejusmodi
3414 3495 3554 3562 apud
3585 3493 3962 3550 Jatnbliebum

2387 3591 2568 3645 citatis
2596 3597 2728 3644 sect.
2769 3597 3089 3643 occurrunt.
3139 3587 3193 3640 lu
3240 3588 3346 3651 his,
3375 3597 3523 3655 puto,
3564 3586 3821 3655 Simonis,
3851 3589 3966 3645 Me-

2386 3683 2577 3736 nandri
2624 3680 3116 3748 Gnosticorumque
3159 3679 3399 3732 omnium
3451 3680 3710 3734 doctrinm
3759 3680 3964 3735 funda-

2386 3783 2569 3828 menta
2605 3773 2773 3827 lector
2820 3771 3066 3825 eruditus
3121 3771 3268 3824 nullo
3313 3771 3526 3838 negotio
3570 3773 3964 3840 deprehendit;

2386 3867 2520 3919 adeo
2570 3875 2628 3919 ut
2672 3881 2735 3918 ex
2775 3866 3000 3932 impuris
3039 3865 3189 3919 hisce
3242 3864 3491 3918 fontibus
3537 3865 3709 3932 palam
3759 3867 3965 3922 hausta

2385 3957 2669 4010 videantur
2717 3966 2825 4008 tum
2883 3955 3082 4024 γνῶσις
3131 3957 3268 4024 ipsa,
3325 3966 3434 4008 tum
3487 3971 3773 4024 operosum
3823 3958 3965 4014 illud

2387 4052 2528 4119 quod
2581 4050 2631 4102 in
2682 4047 2960 4102 colendam
3017 4048 3248 4116 magiam
3299 4047 3534 4100 studium
3583 4049 3964 4118 conferebant,

2389 4152 2499 4194 tum
2531 4141 2762 4208 denique
2786 4140 3044 4209 quidquid
3076 4139 3290 4208 utrique
3325 4148 3430 4192 tam
3455 4141 3762 4207 procaciter
3787 4144 3970 4198 ascri-

2383 4233 2601 4288 hebant.

2459 4326 2584 4379 107.
2623 4323 2903 4389 Quoddam
2943 4321 3192 4391 baptismi
3229 4335 3400 4391 genus
3445 4322 3557 4377 suis
3601 4321 3964 4392 impertieba-

2386 4427 2472 4470 tur
2504 4415 2814 4477 Menander,
2853 4429 2955 4482 quo
2986 4415 3079 4482 qui
3112 4413 3319 4481 dignati
3363 4423 3548 4466 essent
3597 4417 3965 4469 resurrectio-

2316 4485 2356 4539 θ
2387 4524 2506 4563 netn
2535 4509 2984 4576 adipiscerentur,
3013 4505 3236 4575 jamque
3283 4505 3538 4572 deinceps
3572 4504 3965 4559 immortalita-

2385 4610 2490 4656 tem
2519 4603 2796 4655 consecuti
2831 4606 3270 4667 perseverarent,
3306 4596 3433 4648 nulli
3465 4595 3619 4650 senio
3662 4604 3754 4649 aut
3787 4598 3963 4653 morti

2383 4695 2624 4748 obnoxii.
2671 4692 2802 4746 Tum
2841 4707 2966 4745 vero
2998 4691 3321 4759 baptismum
3360 4689 3410 4741 iu
3441 4687 3662 4742 nomine
3693 4704 3790 4743 suo
3817 4704 3962 4745 con-

2383 4786 2623 4850 ferebat;
2649 4800 2758 4853 quo
2791 4782 3007 4852 quidem
3041 4781 3266 4834 insania?
3295 4779 3480 4834 Simon
3520 4780 3804 4834 devenisse
3843 4796 3962 4837 non

2381 4879 2615 4932 videtur.
2651 4876 2818 4942 Quem
2850 4892 2974 4930 vero
3023 4874 3448 4928 immortalitatis
3494 4871 3744 4926 eﬁ'ectum
3774 4873 3961 4940 bapti-

2383 4973 2544 5026 smati
2588 4986 2686 5023 suo
2721 4970 3060 5037 impudenter
3093 4968 3395 5030 asserebat,
3426 4965 3794 5020 Tertulliauus
3817 4967 3864 4996 "
3903 4977 3958 5021 et

2382 5063 2649 5116 Eusebius
2677 5060 2721 5090 ’³
2747 5060 2810 5112 de
2857 5059 3096 5126 corporis
3122 5055 3530 5110 immortalitate
3560 5056 3721 5110 etiam
3765 5056 3816 5109 in
3851 5058 3962 5112 hac

2381 5155 2632 5224 praesenti
2686 5152 2792 5204 vita
2845 5151 3141 5220 intelligere
3200 5150 3472 5202 videntur.
3525 5149 3717 5202 Mirum
3764 5160 3959 5206 autem

2383 5248 2650 5310 homines,
2683 5245 3011 5314 caeteroquiu
3045 5254 3260 5308 acutos,
3292 5243 3369 5298 sic
3401 5243 3637 5296 animum
3670 5244 3962 5302 induxisse

2381 5356 2558 5395 suum.
2587 5339 2716 5392 Nam
2758 5348 3114 5408 pra-terquem
3159 5338 3302 5405 quod
3339 5345 3494 5390 extra
3527 5337 3748 5389 dubium
3787 5351 3961 5394 omne

2379 5437 2614 5506 positum
2663 5434 2902 5497 videtur,
2953 5432 3228 5485 Menandri
3283 5441 3517 5484 mentem
3567 5431 3957 5500 esplicandam

2378 5542 2497 5582 esse
2526 5541 2591 5580 ex
2618 5525 2966 5595 praeceptoris
2993 5524 3286 5590 sententia,
3327 5525 3414 5591 qui
3451 5538 3675 5591 corpora
3717 5524 3960 5580 docebat

2380 5621 2604 5674 interire
2640 5619 2876 5687 penitus,
2919 5630 3015 5669 nec
3064 5631 3371 5685 resurgere,
3404 5616 3572 5670 solam
3606 5627 3786 5671 autem
3833 5620 3958 5670 ani-

2703 5802 2744 5834 "
2785 5801 2859 5857 De
2887 5802 3011 5868 Au.,
3046 5817 3094 5858 c.
3130 5801 3217 5857 50.
3293 5801 3338 5834 ’³
3369 5799 3428 5857 L.
3467 5816 3525 5856 tit
3578 5799 3744 5869 llist.,
3768 5817 3814 5856 c.
3853 5802 3955 5860 26.
