4180 6332
247 419 345 474 I29

950 415 1408 472 DlSSEllTATlO
1445 417 1485 481 l,
1525 416 1687 473 ΛΒΤ.
1733 417 1822 480 Ill,
1859 417 1946 471 DF.
1990 415 2360 472 VALENI‘INI
2397 416 2786 472 MAGISTRIS.

3389 421 3491 476 150

243 559 379 598 mam
421 541 781 596 immortalem
829 554 950 594 esse
982 559 993 592 :
1028 539 1315 609 perspicue
1372 540 1528 595 docet
1573 539 1810 594 lrenaeus
1840 544 1882 602 Λ
1916 540 2004 596 hic
2029 555 2157 594 vero
2187 540 2238 593 in
2273 538 2506 610 [Egypto
2542 538 2761 592 scholas
2790 553 3040 592 errorum
3073 537 3182 593 Deo
3223 547 3277 592 et
3303 538 3488 609 pietati

244 632 340 685 lib.
396 647 458 692 tt.
495 645 617 700 cap.
654 630 744 695 '51,
778 647 833 684 n.
863 630 920 693 ἓ,
948 632 1074 700 quid
1099 630 1345 686 Gnostici
1373 646 1562 685 omnes
1591 646 1688 699 per
1726 647 1813 688 re-

243 720 639 775 surrectionem
669 735 697 772 a
728 722 978 783 mortuis,
1021 711 1187 792 quam
1234 721 1503 774 interdum
1550 723 1813 790 praedica-

243 815 388 874 bant,
421 813 814 881 intelligerent,
848 828 1040 882 nempe
1086 813 1410 880 agnitionem
1459 814 1571 882 ejus
1601 831 1716 884 qua:
1750 817 1813 868 ab

239 909 311 960 cis
339 907 556 967 dicitur,
593 905 850 960 veritatis.
887 903 1040 970 Quod
1095 905 1210 973 ipse
1241 904 1610 960 Tertullianus
1640 922 1721 976 ag.
1748 922 1814 960 o-

241 1012 419 1063 scens,
451 997 610 1068 paulo
643 997 980 1051 enucleatius
1011 996 1246 1065 CXplicat
1289 996 1386 1053 lib.
1423 997 1494 1050 De
1536 1007 1810 1051 resurrect.

241 1107 412 1154 carm,
460 1106 584 1157 cap.
625 1089 712 1153 19,
748 1089 835 1144 ubi
871 1088 1252 1145 Gnosticorum
1298 1090 1517 1145 fraudes
1569 1101 1814 1161 relegens

241 1185 470 1238 scribit:
502 1180 662 1236 Nacti
703 1182 917 1252 quidam
971 1183 1409 1237 solemnissimam
1461 1184 1656 1253 eloquii
1696 1201 1816 1251 pro—

239 1276 432 1340 phet'ci
461 1274 713 1343 formam,
743 1274 1009 1343 allegorici
1037 1283 1083 1328 et
1115 1275 1332 1343 ﬁgurati
1364 1275 1686 1345 plerumque,
1711 1292 1815 1330 non

239 1380 411 1421 tamen
470 1383 688 1436 semper,
745 1369 1178 1422 resurrectionem
1232 1387 1434 1439 quoque
1487 1379 1812 1423 mortuorum

237 1462 520 1530 manifeste
551 1462 944 1522 annuntiatam,
978 1461 1029 1512 in
1060 1461 1430 1531 imaginariam
1461 1462 1812 1531 signiﬁcatio—

238 1575 356 1610 nem
393 1560 744 1626 distorquent,
798 1568 1152 1612 asseverantes
1185 1561 1350 1628 ipsum
1384 1563 1542 1614 etiam
1596 1573 1812 1616 mortem

237 1651 552 1718 spiritaiiter
591 1651 1006 1720 intelligendam.
1070 1649 1194 1703 Non
1250 1655 1387 1706 enim
1437 1656 1574 1707 hanc
1608 1672 1718 1708 esse
1761 1657 1814 1708 in

239 1760 376 1805 vero,
401 1759 518 1811 quo:
550 1745 614 1794 sit
649 1745 700 1795 in
733 1745 920 1807 medio,
954 1745 1239 1796 discidium
1264 1748 1497 1813 corporis
1522 1758 1568 1800 et
1599 1751 1810 1812 aniina’,

235 1838 326 1889 sed
355 1838 715 1904 ignorantiam
755 1838 868 1902 Dei,
915 1855 1007 1906 per
1048 1856 1204 1909 quam
1238 1839 1389 1890 homo
1432 1850 1667 1891 mortuus
1698 1840 1811 1894 Deo

237 1942 340 1977 non
370 1927 546 1978 minus
578 1928 630 1979 in
661 1945 839 1982 errore
864 1929 1095 1996 jacuerit
1131 1946 1286 1998 quant
1319 1930 1370 1982 in
1405 1929 1662 1997 sepulcro.
1692 1930 1809 1983 Ita-

235 2036 334 2085 que
378 2029 426 2072 ct
462 2023 898 2075 resurrectionem
949 2039 1063 2076 eam
1112 2023 1504 2086 vindicandam,
1547 2041 1644 2091 qua
1693 2027 1810 2094 quis

236 2113 382 2163 adita
418 2114 638 2164 ueritate
668 2114 1032 2170 rerlanimatus
1058 2125 1105 2168 et
1133 2117 1479 2184 reviviﬁcatus
1507 2117 1636 2181 Deo,
1667 2119 1812 2185 igno—

238 2206 429 2256 rantia:
471 2215 638 2258 morte
667 2207 932 2270 discussa,
966 2209 1100 2262 velut
1141 2209 1202 2261 de
1231 2208 1470 2275 sepulcro
1506 2212 1685 2263 veteris
1717 2211 1812 2264 Ito-

236 2299 392 2349 minis
426 2301 658 2360 eruperit
684 2315 700 2350 :
725 2301 851 2365 quia
898 2310 944 2352 et
991 2300 1246 2353 Dominus
1291 2299 1503 2353 Scriba:
1539 2313 1584 2354 et
1624 2301 1811 2354 Phari-

233 2403 366 2440 προς
409 2388 666 2455 sepulcris
704 2389 966 2444 dealbatis
1010 2392 1387 2460 ada‘quarerit.
1439 2392 1643 2445 Exinde
1689 2375 1809 2464 ergo

235 2481 674 2534 resurrectionem
722 2481 825 2549 ﬁde
873 2495 1177 2537 consecutos
1229 2501 1345 2536 cum
1407 2484 1628 2538 Domino
1675 2503 1808 2552 esse,

232 2584 350 2620 cum
393 2585 511 2624 eum
542 2570 597 2622 in
641 2571 953 2638 baptismate
993 2572 1280 2627 induerint.
1333 2572 1448 2628 Iloc
1479 2575 1703 2638 denique
1732 2580 1811 2630 in-

230 2660 382 2727 genio
410 2664 566 2713 etiam
612 2662 664 2714 in
695 2662 967 2726 colloquiis
1004 2679 1136 2730 sirpe
1180 2677 1385 2717 nostros
1409 2666 1648 2732 decipere
1679 2682 1805 2718 con-

231 2766 516 2804 suererunt
547 2767 564 2803 :
591 2755 743 2821 quasi
789 2763 834 2808 et
884 2755 985 2822 ipsi
1038 2757 1462 2809 resurrectionem
1505 2757 1807 2809 admittant.

243 2834 352 2900 ναν,
389 2841 654 2907 inquiunt,
679 2843 768 2907 qui
794 2860 894 2895 non
933 2845 985 2895 in
1015 2845 1111 2896 hac
1148 2861 1306 2898 carne
1337 2851 1714 2911 resurrexeiit;
1749 2864 1810 2900 ne

230 2931 407 2982 statim
469 2933 590 2985 illos
641 2936 984 3000 percutiant,
1039 2936 1084 2988 si
1143 2939 1573 2992 resurrectionem
1632 2941 1809 2992 statim

230 3023 534 3076 abnuerint.
563 3022 743 3077 Tacite
762 3039 933 3079 autem
953 3028 1236 3080 secundum
1264 3031 1638 3082 conscientiam
1659 3047 1809 3083 suam

229 3113 323 3165 hoc
366 3116 646 3169 sentiunt:
677 3134 770 3182 vae,
808 3120 896 3187 qui
935 3136 1060 3186 non,
1101 3121 1225 3173 dum
1273 3122 1327 3173 in
1375 3122 1471 3174 hac
1524 3139 1681 3176 carne
1711 3134 1806 3188 est,

228 3209 523 3272 cognoverit
561 3225 758 3261 arcana
793 3211 1062 3277 Itatretica,
1103 3211 1198 3265 hoc
1231 3224 1301 3264 est
1335 3215 1473 3266 enint
1508 3216 1647 3280 apud
1690 3215 1808 3267 illos

229 3298 566 3350 resurrectio.
603 3297 704 3350 Sed
735 3309 783 3352 et
811 3302 1043 3370 plerique
1068 3301 1131 3354 ab
1164 3318 1376 3355 excessu
1408 3303 1602 3355 animm
1634 3319 1808 3356 resur-

229 3389 504 3439 rectionem
546 3390 899 3455 vindicantes,
938 3392 1001 3445 de
1031 3392 1268 3461 sepulcro
1301 3395 1465 3457 exire,
1509 3393 1572 3448 de
1614 3396 1806 3449 saeculo

225 3479 439 3532 evadere
456 3480 893 3549 interpretantur,
911 3485 1033 3552 quia
1048 3494 1092 3538 et
1113 3485 1363 3538 steculum
1389 3496 1716 3539 mortuorum
1737 3494 1804 3542 sit

227 3569 610 3634 habitaculum,
648 3573 700 3623 id
755 3583 828 3624 est
879 3576 1235 3641 ignorantium
1273 3575 1476 3638 Deum;
1528 3576 1603 3628 vel
1644 3579 1803 3630 etiam

225 3660 288 3713 de
321 3662 433 3731 ipso
459 3679 697 3731 corpore,
729 3667 854 3731 quia
885 3676 930 3718 et
962 3683 1154 3734 corpus
1193 3668 1300 3721 rice
1325 3670 1551 3732 sepulcri
1599 3670 1804 3723 conclu-

226 3770 334 3805 sam
369 3755 602 3806 animam
650 3756 702 3809 in
724 3759 1002 3812 sicca-laris
1024 3760 1140 3814 vitce
1162 3771 1325 3815 morte
1352 3762 1568 3815 detinet.
1595 3761 1802 3828 Quibus

226 3845 402 3912 palam
445 3847 525 3908 lit,
564 3862 707 3913 eam,
762 3865 925 3918 quam
975 3850 1270 3905 Menander
1322 3852 1524 3921 aliique
1576 3853 1799 3916 similes,

228 3939 684 3993 resurrectionem
712 3948 1046 3994 mortuorum
1078 3943 1410 4008 mendaciter
1433 3933 1800 4007 venditabant,

227 4031 455 4098 mystice
487 4044 539 4083 et
575 4031 866 4102 allegorice
913 4033 1320 4104 intelligendam
1357 4052 1505 4103 esse;
1557 4041 1801 4109 nihilque

227 4122 370 4174 aliud
404 4137 546 4188 esse,
579 4134 775 4190 printer
803 4126 971 4196 ignoti
1008 4127 1120 4193 Dei,
1155 4143 1596 4201 arcanorumque
1625 4134 1798 4189 luere-

227 4217 459 4269 ticorum
491 4216 763 4280 notitiam,
791 4233 892 4287 qua
919 4218 1168 4289 quisquis
1195 4221 1442 4275 lictitium
1473 4223 1626 4290 illud,
1655 4232 1797 4295 quod

224 4306 604 4374 conferebant,
641 4309 914 4376 baptisma
949 4321 1278 4364 consecutus
1319 4311 1507 4378 fuerit,
1542 4315 1796 4372 nefariis-

225 4416 340 4468 que.
377 4414 566 4454 eorum
619 4402 895 4470 mysteriis
945 4403 1210 4469 initiatus,
1267 4406 1581 4473 ignorantia:
1630 4420 1796 4464 morte

223 4497 485 4556 discussa,
521 4494 657 4547 relut
694 4497 758 4549 de
806 4496 1044 4564 sepulcro
1075 4496 1256 4548 veteris
1286 4497 1513 4551 hominis
1548 4503 1793 4568 erumpit.

1835 3267 1878 3323 C

1917 633 2340 704 repugnantium
2380 632 2634 686 instituit.
2666 631 2868 684 Ambos
2910 629 3149 684 Adriano
3184 632 3490 702 imperante

1915 727 2119 782 vixisse
2155 726 2321 780 tradit
2353 724 2823 783 Theodoretns";
2873 738 2970 777 nec
3017 735 3283 794 repugnat
3325 725 3493 780 Euse-

1916 820 2060 884 hius,
2091 820 2184 890 qui
2218 834 2404 872 eorum
2447 818 2695 872 meminit
2728 817 2951 871 Adriani
2991 827 3292 886 temporum
3322 820 3491 873 hile-

1918 911 2052 964 riam
2081 911 2431 965 conscribens
2459 929 2472 964 :
2503 924 2809 980 quanquam
2845 919 3022 965 tamen
3056 911 3337 978 probabile
3364 927 3492 966 cen-

1917 1012 2032 1058 seat
2082 1002 2149 1056 cl.
2198 1001 2600 1063 Tillemontius,
2631 1000 2986 1054 Saturninum
3032 1000 3143 1068 jam
3191 1017 3217 1054 a
3265 1001 3489 1068 Traiani

1919 1095 2273 1164 temporibus,
2317 1093 2478 1163 paulo
2518 1103 2642 1147 ante
2677 1091 2966 1146 Basilidem
3015 1092 3340 1160 cmpisse".
3379 1092 3487 1148 Sed

1917 1187 1981 1241 de
2014 1188 2096 1241 his
2129 1197 2334 1255 postea.
2372 1182 2461 1239 Ille
2509 1185 2699 1238 eadem
2753 1182 2865 1238 fere
2898 1199 3017 1236 cum
3065 1182 3360 1240 Menandro
3398 1185 3490 1239 de-

1917 1279 2204 1335 liramenta
2231 1280 2572 1349 loquebatur.
2604 1278 2773 1333 Unum
2803 1293 2922 1333 esse
2950 1294 3217 1332 summum
3248 1278 3488 1344 Patrem,

1917 1382 1969 1425 et
2004 1372 2380 1426 innascibilem
2417 1370 2704 1434 Virtutem,
2741 1373 2794 1429 id
2839 1380 2917 1424 est
2960 1369 3150 1431 Deum,
3183 1370 3232 1423 in
3266 1372 3492 1427 summis

1918 1463 2023 1517 illis
2053 1473 2104 1517 et
2138 1463 2362 1517 inﬁnitis
2393 1464 2664 1534 partibus,
2693 1471 2742 1514 ct
2780 1465 2831 1514 in
2859 1460 3235 1527 superioribus
3269 1477 3492 1516 niauen-

1917 1565 2046 1618 tem,
2093 1571 2156 1609 ac
2198 1571 2423 1624 prorsus
2459 1556 2702 1623 ignotum
2757 1558 3107 1623 prtcdicalnit,
3147 1561 3235 1628 qui
3273 1560 3430 1628 longe
3461 1572 3491 1610 a

1916 1664 1973 1702 se
2020 1648 2282 1702 distantes
2331 1647 2600 1710 Virtutes,
2655 1647 3017 1717 Principatus,
3078 1651 3384 1706 Potestates
3437 1659 3494 1705 et

1914 1737 2153 1809 Angelos
2181 1740 2467 1792 creaverit.
2499 1739 2607 1791 lltis
2633 1741 2886 1794 omnibus
2919 1757 2947 1793 a
2980 1743 3144 1798 Patre
3183 1744 3493 1797 desciscen-

1920 1833 2086 1897 tibus,
2132 1843 2338 1901 septem
2371 1847 2434 1884 cx
2471 1834 2534 1886 iis
2586 1833 2841 1885 mundum
2875 1836 3256 1897 condiderunt,
3303 1847 3494 1902 praeter

1916 1925 2294 1977 conscientiam
2342 1921 2439 1976 Dei
2483 1921 2735 1988 Patris",
2784 1925 3009 1995 ejusque
3060 1942 3209 1979 suam
3263 1927 3492 1994 quisque

1915 2027 2128 2084 partem
2160 2017 2336 2070 sortiti
2367 2026 2512 2072 sunt.
2547 2016 2725 2072 Unum
2770 2033 2836 2070 ex
2869 2018 2934 2071 iis
2964 2018 3144 2070 mundi
3190 2019 3492 2074 conditori-

1916 2113 2014 2165 bus
2038 2109 2260 2176 Angelis
2298 2107 2466 2163 luisse
2498 2107 2806 2166 Iudaeorum
2843 2113 3011 2166 Deum
3057 2111 3291 2165 dicebat.
3333 2109 3492 2164 Sata-

1914 2218 2037 2255 nam
2093 2201 2266 2269 ipsum
2325 2199 2574 2268 angelum
2634 2217 2774 2267 esse,
2832 2210 3226 2271 repugnantem
3283 2202 3489 2270 angelis

1917 2290 2100 2343 mundi
2129 2287 2574 2353 fabricatoribus,
2594 2293 2831 2345 maxime
2857 2307 2985 2346 vero
3014 2290 3324 2346 Judarorum
3345 2291 3486 2356 Deo;

1913 2382 2002 2451 qui
2032 2383 2260 2451 perinde
2297 2393 2458 2453 atque
2492 2385 2578 2438 hic
2617 2394 2784 2451 atque
2832 2383 2905 2438 illi
2953 2385 3361 2454 prophetiarum
3394 2399 3492 2437 au-

1912 2483 2030 2528 ctor
2079 2475 2264 2530 fuerit.
2307 2474 2502 2530 Omnia
2550 2478 2664 2529 han:
2720 2476 3034 2530 Simoniana
3083 2487 3136 2529 et
3183 2476 3488 2540 Gnostica,

1913 2568 2107 2634 partim
2139 2583 2203 2620 ex
2246 2565 2648 2619 Platonicorum
2683 2567 2917 2630 lacunis,
2959 2569 3154 2635 partim
3191 2582 3254 2621 ex
3299 2583 3492 2623 corru-

1911 2657 2018 2727 ptis
2043 2673 2104 2711 ac
2139 2659 2450 2727 depravatis
2484 2659 2892 2726 Scripturarum
2927 2660 3163 2714 oraculis
3190 2660 3402 2725 hausta,
3432 2669 3491 2716 ut

1910 2765 1976 2806 ex
2007 2753 2264 2804 hactenus
2292 2751 2458 2804 dietis
2489 2759 2721 2804 constat.

1983 2843 2107 2898 109.
2148 2843 2395 2897 Hominis
2427 2845 2591 2896 etiam
2633 2844 2902 2911 originem
2936 2844 3267 2900 Saturninus
3307 2843 3482 2898 ascri-

1911 2931 2072 2984 bebat
2113 2930 2356 2999 Angelis.
2390 2930 2701 2984 Creationis
2735 2945 2866 2984 vero
2919 2933 3032 2986 haec
3075 2934 3298 2988 occasio
3347 2931 3471 2987 luit.

1911 3020 2042 3074 Cum
2070 3021 2304 3089 desuper
2333 3036 2361 3074 a
2391 3038 2601 3076 summa
2628 3021 2906 3078 Potestate
2938 3025 3112 3079 lucida
3143 3023 3319 3100 imago
3349 3026 3488 3081 emi-

1911 3112 2137 3174 cuisset,
2171 3112 2410 3166 ccelestis
2439 3113 2583 3168 illius
2607 3114 2744 3169 lucis
2769 3132 2951 3170 amore
2977 3116 3142 3186 capti,
3163 3131 3488 3187 summaque

1911 3207 2204 3274 cupiditate
2229 3222 2294 3262 ac
2317 3208 2590 3276 voluptate
2617 3208 2845 3277 perfusi,
2871 3210 3009 3262 hanc
3035 3212 3174 3276 apud
3211 3224 3268 3265 se
3299 3221 3486 3265 tenere

1912 3300 2116 3353 viribus
2134 3300 2386 3355 omnibus
2409 3302 2845 3362 contenderunt;
2884 3316 2986 3354 non
3010 3301 3312 3356 valentibus
3334 3317 3482 3366 vero,

1907 3407 1971 3447 eo
2004 3393 2146 3461 quod
2202 3403 2428 3461 repente
2477 3408 2692 3448 sursum
2745 3393 3016 3458 evolarit,
3073 3403 3125 3446 et
3176 3409 3242 3447 ex
3295 3410 3483 3449 eorum

1907 3485 2077 3538 oculis
2108 3486 2417 3550 evanuerit,
2459 3483 2511 3538 id
2561 3484 2614 3538 in
2659 3485 2872 3538 animos
2905 3484 3122 3548 incidit,
3155 3495 3210 3536 ut
3239 3486 3484 3538 evanida

1907 3576 2456 3646 imaginisjacturam
2505 3577 2836 3632 resarciendi
2890 3576 3184 3638 desiderio,
3234 3575 3477 3644 aliquam

1905 3669 2021 3736 ejus
2053 3668 2462 3722 similitudinem
2495 3669 2886 3736 exprimerent,
2936 3667 3346 3734 hominemque,
3389 3668 3482 3736 qui

1902 3776 2023 3814 eam
2074 3762 2327 3824 referret,
2378 3762 2697 3816 conderent.
2743 3757 2924 3827 Quare
2986 3759 3373 3814 convenientes
3425 3761 3477 3812 iu

1905 3871 2095 3918 unum,
2127 3855 2400 3908 communi
2435 3853 2660 3907 consilio
2684 3850 2845 3924 [LIX]
2874 3853 3166 3906 dixerunt:
3193 3848 3478 3905 Faciamus

1901 3948 2157 4000 hominem
2188 3948 2256 4000 ad
2300 3948 2577 4016 imaginem
2613 3955 2660 4000 et
2704 3944 3128 3998 similitudinem.
3157 3943 3268 4002 Sic.
3305 3943 3482 4012 inquit

1902 4039 2262 4108 Epiphanius,
2299 4039 2563 4106 impostor
2615 4037 2964 4107 particulam,
3014 4047 3270 4100 nostram,
3310 4051 3474 4104 quam

1903 4133 1953 4185 in
1983 4132 2178 4188 Genesi
2204 4133 2247 4163 ²⁹
2267 4132 2406 4185 Deus
2439 4141 2686 4199 usurpat,
2718 4130 2838 4183 ideo
2874 4128 3197 4191 decurtavit,
3225 4137 3281 4181 ut
3303 4129 3476 4182 errori

1899 4223 2058 4277 iidem
2104 4232 2408 4287 astrueret;
2465 4224 2618 4289 quasi
2671 4219 2758 4272 alii
2812 4219 2924 4271 sint
2981 4218 3163 4284 operis
3200 4217 3469 4283 artiﬁces,

1899 4315 2079 4386 imago
2109 4331 2236 4377 vero
2261 4315 2374 4383 ipsa
2407 4314 2471 4367 ad
2504 4312 2668 4364 alium
2705 4310 2999 4376 referatur.
3029 4309 3220 4363 Editus
3249 4319 3332 4363 est
3372 4311 3474 4377 igi-

1900 4417 1986 4461 tur
2018 4409 2068 4460 in
2108 4406 2281 4460 lucem
2327 4406 2511 4469 homo,
2559 4405 2652 4458 sed
2685 4419 2794 4472 pra:
2827 4402 3155 4470 Angeiorum
3189 4401 3476 4455 imbecilli-

1900 4510 2011 4554 tate
2037 4500 2324 4554 admodum
2354 4498 2725 4566 imperl'ectus.
2757 4493 2982 4549 lucebat
3013 4508 3246 4561 namque
3277 4493 3328 4546 in
3359 4492 3475 4547 solo

224 4585 578 4639 hletiandrum
607 4589 832 4656 proinde
853 4590 901 4640 in
926 4588 1009 4641 his
1035 4604 1100 4642 ne
1128 4588 1294 4641 latum
1325 4589 1539 4656 quidem
1563 4608 1794 4662 unguem
1829 4610 1872 4666 ι)
1903 4590 2166 4662 reptantis
2193 4589 2363 4643 instar
2391 4588 2694 4652 vermiculi,
2727 4601 2903 4655 neque
2948 4589 3158 4656 erigere
3183 4604 3268 4649 se,
3301 4602 3474 4655 neque

223 4693 250 4728 a
285 4677 526 4733 Simonis
573 4680 919 4748 aliorumque
953 4680 1344 4735 Guosticorutn
1396 4686 1663 4737 sententia
1709 4701 1796 4741 re-

223 4773 472 4835 cessisse,
508 4771 610 4825 nisi
659 4775 803 4838 quod
839 4773 1145 4844 mnigmatis
1188 4776 1476 4832 involverit
1527 4779 1672 4847 quod
1715 4779 1788 4833 illi

223 4861 433 4929 planius
467 4861 784 4917 eli’erebant.

737 4952 822 5007 Ill.
857 4953 932 5007 De
967 4952 1275 5011 Saturnino.

294 5047 416 5104 108.
440 5049 711 5104 chcnata
747 5050 989 5117 quadam
1025 5050 1193 5124 bestia
1227 5048 1483 5118 bilinguis
1508 5049 1786 5120 ctbiceps,

220 5144 294 5195 ait
338 5141 602 5195 Eusebius
622 5142 690 5203 ",
716 5157 745 5193 e
785 5139 1080 5195 Menandro
1107 5153 1245 5205 orta,
1285 5143 1418 5196 duos
1448 5142 1674 5195 duarum
1705 5158 1790 5196 sc-

218 5245 432 5289 ctarum
472 5235 613 5287 inter
657 5247 717 5286 se
762 5234 1184 5302 discrepantium
1229 5245 1482 5298 unctores
1523 5247 1578 5287 et
1620 5237 1787 5288 duces

216 5326 408 5388 edidit,
461 5325 849 5392 Saturninum,
901 5326 986 5381 vel
1045 5325 1384 5381 Saturuilum
1456 5327 1785 5396 (utrumque

215 5419 359 5471 enim
397 5418 705 5484 promiscue
736 5416 986 5471 scribunt
1019 5419 1568 5489 auctores"),genere
1595 5419 1784 5475 Antio-

215 5511 470 5571 chenum,
510 5519 561 5563 et
609 5509 894 5564 Basilidem
939 5511 1389 5574 Alexandrinum,
1439 5510 1646 5564 ambos
1674 5509 1785 5565 Με-

215 5602 412 5657 nandri
437 5603 836 5670 discipulos,ac
857 5619 1102 5667 cumvos;
1136 5619 1367 5671 quorum
1400 5603 1486 5658 ille
1518 5603 1570 5656 iu
1601 5602 1780 5671 Syria,

283 5816 328 5847 ”
365 5813 425 5868 L.
477 5829 529 5868 tv
565 5812 728 5879 llist.,
761 5830 810 5869 c.
848 5813 899 5866 τ.

218 5884 287 5940 De
328 5901 524 5955 pra'sc.
567 5902 618 5940 c.
650 5884 740 5940 46.
843 5883 887 5915 ’⁸
921 5883 1082 5954 Aug.,
1133 5880 1273 5937 liter.
1307 5897 1388 5935 Ill.

992 5812 1039 5842 "
1071 5809 1236 5872 lrcn.,
1285 5810 1376 5864 lib.
1413 5828 1447 5865 l.
1494 5825 1544 5863 ς.
1583 5810 1682 5874 2i;
1720 5809 1940 5878 Epipli.,
1977 5811 2095 5871 lim
2152 5827 2342 5869 nutu.

992 5898 1082 5937 ιε..
1133 5880 1273 5937 liter.
1307 5897 1388 5935 Ill.
1489 5882 1532 5913 "
1573 5882 1706 5937 Ucn.
1751 5883 1886 5937 Icili.

1621 5900 1706 5936 cn.
1751 5897 1886 5946 ιβιδ.

1901 4685 2047 4737 aliud
2075 4683 2366 4751 quidquam
2392 4696 2553 4749 agere
2582 4680 2790 4740 Valens,
2825 4681 2995 4732 donec
3024 4681 3071 4732 ei
3105 4680 3327 4732 miserta
3351 4679 3473 4733 Vir-

1901 4788 1986 4832 tus
2009 4789 2284 4845 suprema,
2312 4774 2383 4828 ob
2411 4773 2701 4842 imaginem
2733 4786 2884 4825 suam
2915 4781 3077 4841 atque
3105 4771 3353 4840 elligiem,
3383 4772 3471 4825 sui

1899 4868 2190 4925 scintillam
2235 4866 2482 4926 immisit,
2533 4880 2638 4933 qua
2685 4873 2739 4917 ct
2795 4862 2943 4915 illum
2975 4864 3169 4930 erexit,
3202 4873 3256 4916 et
3299 4864 3470 4918 vitam

1900 4960 2218 5028 impertivit.
2253 4958 2383 5012 Eam
2422 4972 2552 5012 vero
2581 4955 2871 5015 scintillam
2903 4965 3059 5010 vocat
3093 4957 3327 5008 animam
3365 4958 3463 5010 bu-

1898 5066 2138 5113 manam,
2173 5064 2355 5117 quam,
2393 5055 2580 5115 utpote
2620 5045 2858 5098 decisam
2909 5045 2975 5099 ab
3004 5047 3238 5099 essentia
3284 5047 3459 5099 divina

1897 5141 2242 5210 particulam,
2268 5137 2536 5192 dissoluto
2561 5135 2779 5190 animali
2809 5125 3014 5190 servari
3047 5138 3142 5201 ait,
3171 5147 3225 5192 et
3248 5141 3462 5192 evolare

1894 5248 2110 5299 sursum
2145 5232 2211 5285 ad
2241 5247 2300 5283 ea
2332 5245 2452 5298 quae
2479 5241 2608 5284 sunt
2640 5229 2884 5296 ejusdem
2919 5230 3166 5294 generis;
3204 5241 3463 5298 pereunte

1893 5325 2100 5393 reliquo
2128 5324 2368 5384 homine,
2399 5323 2637 5377 resoluto
2682 5325 2733 5374 in
2782 5336 2878 5375 sua
2913 5321 3199 5390 principia.
3235 5321 3347 5375 Non
3381 5333 3463 5376 ta-

1894 5433 2016 5470 men
2045 5414 2292 5470 homines
2319 5429 2512 5469 omnes
2557 5414 2610 5467 in
2660 5411 2910 5467 scintilla:
2949 5414 3089 5467 illius
3116 5423 3321 5482 partem
3370 5428 3463 5468 vo-

1891 5510 2052 5564 cabat
2102 5506 2451 5568 Saturninus,
2496 5505 2588 5558 sed
2639 5517 2730 5557 eos
2785 5503 2952 5566 solos,
3007 5504 3097 5572 qui
3147 5513 3306 5557 secta:
3353 5518 3464 5557 sua:

1891 5615 2086 5655 nomen
2119 5599 2412 5655 dedissent.
2446 5596 2591 5653 Duos
2639 5596 2839 5666 quippe
2893 5595 3141 5650 homines
3191 5595 3459 5664 principio

2830 5813 2863 5845 ο
2896 5823 2942 5842 ..ι

2441 5813 2486 5844 ¹⁶
2517 5813 2636 5869 Lib.
2681 5833 2716 5878 ι,
2753 5829 2802 5870 c.
2830 5813 2864 5867 9.
2895 5823 2942 5868 ct
2991 5811 3042 5869 5.
3143 5811 3185 5840 ’⁷
3223 5805 3452 5868 Tct‘tulL
