4180 6332
723 417 819 474 131

1526 412 2114 472 DISSERTATIONES
2154 410 2458 469 PRAEVIE
2499 412 2568 469 ιΝ
2601 413 2862 472 ΙΒΕΝᾸΞΙ
2894 415 3161 474 LIBROS.

3844 418 3950 476 15?.

721 534 897 604 factos
929 535 1226 598 asserebat,
1271 534 1472 591 bonum
1523 551 1713 599 unum,
1763 533 2016 590 scintilla:
2055 533 2280 603 partici-
2310 534 2357 591 Α
2385 533 2477 602 qui
2506 534 2630 588 vita:
2656 535 2948 590 scintillam
2988 534 3369 604 accepissem,
3418 535 3652 593 salutem
3707 537 3946 604 afferret,

718 642 868 699 pem,
890 626 1123 682 alterum
1159 626 1385 692 malum,
1409 626 1653 695 ejusdem
1685 635 1997 696 expertem;
2031 640 2059 679 a
2087 623 2284 694 quibus

719 721 912 790 duplex
941 721 1067 776 item
1092 721 1366 776 hominum
1391 735 1581 790 genus,
1605 729 1799 774 natura
1823 720 2034 774 scilicet
2059 720 2280 780 bonum,

715 829 780 869 ac
809 822 997 867 natura
1030 815 1229 867 malum
1254 814 1306 867 in
1339 815 1544 868 mundo
1568 813 1995 884 proseminatum
2025 828 2145 869 esse
2163 811 2280 883 pri-

714 919 836 960 mus
870 907 1150 961 hominum
1176 905 1349 962 ﬁnxit.

787 999 908 1053 110.
946 998 1218 1053 Platonica
1273 1000 1388 1053 haec
1413 998 1593 1052 omnia
1634 1004 1781 1063 sunt,
1813 999 1907 1052 sed
1933 997 2082 1051 varie
2111 996 2281 1051 inter-

713 1092 913 1158 polata,
948 1091 1214 1159 novisque
1238 1089 1440 1145 fabulis
1463 1099 1643 1144 aucta.
1667 1088 1817 1156 Quod
1847 1089 1937 1143 hic
1966 1088 2188 1158 ﬁngitur
2213 1089 2280 1142 de

715 1185 944 1254 imagine
973 1184 1203 1254 desuper
1245 1185 1537 1250 emicante,
1573 1184 1638 1239 ad
1664 1183 1818 1252 cujus
1859 1182 2273 1238 similitudinem

713 1276 960 1330 conditus
987 1276 1170 1342 homo,
1199 1290 1395 1344 purum
1426 1283 1724 1345 putumque
1747 1273 2152 1329 Platonicorum
2181 1274 2278 1330 do-

709 1383 832 1433 gma
866 1377 950 1421 est
980 1367 1044 1422 de
1096 1383 1277 1422 rerum
1325 1367 1568 1422 omnium
1615 1366 1748 1420 ideis
1779 1382 1844 1421 ac
1892 1365 2086 1422 formis
2120 1383 2149 1421 a
2187 1384 2278 1423 su-

709 1473 896 1526 premo
921 1473 1099 1512 rerum
1118 1459 1358 1513 omnium
1379 1468 1600 1528 parente
1624 1457 1815 1513 ellictis
1845 1476 1858 1511 :
1887 1473 2024 1527 quas
2051 1460 2270 1528 quidem

709 1549 763 1603 in
810 1550 1138 1618 Angelorum
1171 1591 1185 1615 ,
1231 1551 1428 1620 quibus
1480 1550 1701 1605 creandi
1747 1559 1802 1605 et
1853 1551 2271 1606 administrandi

706 1642 889 1696 mundi
919 1643 1249 1711 provinciam
1279 1642 1627 1698 demandavit
1651 1684 1665 1706 ,
1718 1652 1898 1697 mente
1934 1642 2268 1707 recondidit,
2295 1675 2299 1690 ι

706 1747 764 1787 ut
790 1734 1029 1789 cmlestia
1062 1735 1354 1804 archetypa
1381 1751 1488 1804 prae
1526 1735 1698 1790 oculis
1746 1735 2050 1802 habentes,
2093 1751 2155 1791 ea
2217 1737 2270 1790 in

700 1825 1038 1881 fabricandis
1079 1827 1242 1880 rebus
1289 1827 1655 1881 imitarentur.
1712 1828 2030 1882 Communis
2079 1828 2268 1881 itidem

705 1915 1108 1972 Platonicorum
1131 1917 1372 1970 omnium
1397 1918 1686 1983 sententia,
1710 1919 2044 1987 superiorem
2077 1920 2271 1972 animae

703 2020 939 2078 partem,
966 2007 1324 2079 ejusdemque
1357 2009 1502 2062 velut
1532 2009 1739 2077 apicem
1764 2049 1779 2074 ,
1825 2025 1988 2077 quam
2035 2021 2268 2067 mentem

701 2102 992 2167 vocabant,
1008 2115 1130 2156 esse
1150 2102 1296 2154 velut
1320 2101 1562 2155 assentire
1583 2100 1780 2154 divinae
1793 2102 2136 2170 particulam,
2161 2103 2269 2157 ἀπὸ

700 2191 792 2245 τοῦ
822 2190 1037 2264 πρώτου
1063 2192 1270 2264 νοητοῦ,
1300 2209 1332 2245 a
1364 2194 1532 2261 primo
1561 2192 1906 2261 intelligibili,
1941 2203 1999 2247 ut.
2027 2194 2270 2264 loquitur

699 2283 1051 2350 Jamblichus,
1080 2285 1341 2351 decisam,
1369 2301 1488 2354 quae
1513 2285 1715 2338 homini
1742 2286 1980 2355 desuper
2005 2288 2265 2355 inspirata

699 2378 964 2432 rationem
998 2377 1329 2447 impertitur,
1359 2393 1595 2444 eamque
1626 2393 1653 2429 a
1681 2379 1957 2432 communi
1985 2380 2265 2433 brutorum

699 2469 1056 2524 animantium
1104 2477 1254 2522 sorte
1299 2470 1527 2534 eximit;
1577 2467 1757 2521 fabula
1805 2470 1869 2522 de
1909 2470 2146 2524 scintilla
2181 2486 2268 2525 re-

697 2561 872 2631 ptanti
906 2560 1110 2614 homini
1141 2559 1265 2614 etin
1298 2558 1414 2615 solo
1441 2559 1664 2628 jacenti,
1700 2575 1728 2612 a
1763 2575 1998 2629 superna
2025 2562 2263 2628 Virtute,

697 2666 802 2721 qua
831 2650 1127 2720 erigeretur
1150 2660 1204 2705 et
1234 2658 1420 2720 ageret
1447 2665 1566 2716 qua:
1584 2661 1709 2705 sunt
1726 2651 1979 2712 hominis.
2001 2654 2262 2720 immissa,

695 2741 1106 2798 fundamentum
1138 2740 1390 2811 praebuit.
1423 2740 1488 2796 Ut
1532 2741 1763 2795 scintilla
1792 2785 1806 2806 ,
1845 2741 2106 2797 dissoluto
2143 2745 2262 2797 ani-

692 2831 846 2896 mali,
873 2833 938 2887 ad
959 2833 1284 2902 principium
1308 2848 1486 2896 suum,
1511 2848 1579 2887 ex
1608 2831 1924 2896 Saturnino,
1955 2835 2257 2902 revolabat;

693 2924 775 2980 sic
803 2934 860 2979 et
889 2939 1043 2980 mens
1070 2934 1192 2993 post
1222 2934 1472 2987 mortem,
1513 2939 1579 2977 ex
1607 2923 1927 2990 Platonicis,
1976 2926 2042 2978 ad
2087 2923 2258 2979 Deum

692 3017 813 3086 ejus
857 3026 1138 3072 auctorem
1191 3014 1590 3069 revertebatur.
1655 3014 1928 3070 Hactenus
1994 3017 2262 3084 quadrant

692 3105 976 3161 sententia:
1003 3121 1018 3170 ;
1051 3105 1360 3173 discrepant
1391 3117 1519 3156 vero
1554 3103 1605 3156 in
1637 3103 2000 3172 explicatione
2051 3105 2260 3158 scintil-

2385 625 2559 680 malos
2576 641 2711 682 vero
2747 643 2868 682 cum
2901 629 3274 695 daemonibus,
3309 627 3399 698 qui
3434 629 3566 698 ipsis
3610 629 3948 699 opitulaban-

2387 727 2495 784 tur,
2526 719 2863 790 proﬂigaret.
2907 720 3020 775 Hoc
3068 719 3244 790 ipsum
3277 729 3395 774 erat
3424 719 3565 790 quod
3597 721 3720 775 aliis
3766 722 3953 776 verbis

2381 813 2723 882 exprimebat
2751 813 2962 878 Simon,
2994 813 3210 869 venisse
3243 811 3523 868 Christum
3559 826 3616 867 ut
3640 814 3889 867 homines
3915 828 3948 866 a

2383 901 2541 972 legis,
2565 918 2726 973 quam
2753 903 3284 960 tuleratJudzeorum
3328 905 3504 970 Deus,
3550 904 3780 959 vinculis
3834 907 3951 959 exis

2379 1002 2575 1056 meret,
2608 993 2846 1063 solisque
2873 994 3216 1048 credentium
3243 1009 3337 1049 seu
3370 995 3694 1064 spiritalium
3727 995 3942 1049 anima-

2377 1084 2479 1138 bus
2509 1083 2738 1138 salutem
2774 1085 3166 1156 impertiretur.
3194 1085 3539 1142 Servatorem
3569 1096 3749 1140 autem
3783 1086 3945 1140 modo

2379 1193 2409 1231 a
2448 1192 2700 1246 supremo
2727 1177 2890 1231 Patre
2922 1179 3182 1246 genitum,
3211 1177 3371 1232 modo
3409 1177 3705 1248 ingenitum
3732 1177 3950 1233 dicebat

2378 1267 2714 1324 Saturninus
2769 1287 2782 1323 :
2830 1269 3129 1338 ingenitum
3189 1270 3436 1338 quidem,
3483 1269 3525 1324 si
3577 1270 3948 1340 generationis

2376 1364 2599 1434 proprie
2630 1365 2787 1420 dicta:
2815 1364 3080 1419 habeatur
3104 1365 3268 1430 ratio,
3299 1363 3454 1433 cujus
3485 1365 3752 1418 terminus
3779 1364 3949 1418 fuerit

2375 1465 2607 1520 persona
2635 1467 2662 1504 a
2697 1452 2968 1521 principio
3000 1467 3100 1507 suo
3132 1452 3411 1518 distincta;
3440 1455 3680 1524 genitum
3719 1468 3868 1520 vero,
3898 1453 3946 1508 si

2375 1543 2656 1610 generatio
2703 1557 2800 1611 pro
2838 1543 3073 1612 simplici
3116 1545 3502 1612 productione,
3548 1548 3945 1617 qualiscunque

2375 1634 2465 1701 sit,
2515 1633 2681 1689 latius
2738 1635 3064 1704 accipiatur.
3100 1634 3252 1690 Unde
3299 1647 3450 1706 patet
3497 1638 3662 1704 huic,
3704 1639 3844 1694 sicut
3887 1650 3944 1694 et

2375 1725 2627 1791 Simoni,
2692 1727 2927 1795 aliisque
2992 1727 3178 1783 multis
3216 1728 3529 1795 Gnosticis,
3596 1727 3941 1784 Servatorem

2374 1817 2542 1873 fuisse
2605 1834 2809 1873 meram
2858 1819 3157 1874 divinitatis
3218 1820 3541 1891 ἐνέργειαν,
3607 1821 3940 1874 {unctionem

2377 1913 2776 1979 temporariam,
2808 1920 2861 1966 et
2892 1912 3125 1976 radium,
3161 1927 3268 1966 non
3307 1928 3593 1981 personam
3631 1913 3944 1967 subsisten-

2373 2017 2500 2074 tem,
2547 2017 2602 2062 et
2653 2023 2680 2061 a
2725 2008 2889 2064 Patre
2931 2008 3272 2064 distinctam.
3335 2010 3469 2064 Eum
3519 2025 3647 2065 vero
3693 2012 3944 2080 corporis

2371 2101 2600 2168 (terreni
2632 2101 2886 2155 videlicet
2916 2110 2969 2155 et
2995 2101 3321 2170 materialis)
3361 2109 3674 2170 expertem,
3725 2111 3780 2154 et
3818 2103 3942 2156 sine

2370 2191 2582 2262 figura,-
2612 2190 2849 2245 hominis
2884 2200 3064 2246 tamen
3112 2192 3463 2246 simulacrum
3496 2201 3659 2260 atque
3708 2189 3940 2259 elligiem

2369 2284 2622 2339 sensibus
2658 2283 2968 2352 objecisse,
3015 2284 3305 2351 omniaque
3351 2287 3419 2336 ab
3449 2299 3512 2338 eo
3559 2283 3739 2352 specie
3785 2293 3940 2339 tenus

2369 2374 2644 2443 perfecta;
2683 2375 2986 2442 cujusmodi
3028 2375 3128 2429 fuit
3158 2376 3341 2441 nasci,
3388 2376 3698 2437 ambulare,
3739 2375 3938 2440 videri,

2369 2468 2498 2537 pati.
2527 2466 2647 2522 Uno
2669 2470 2834 2524 verbo
2857 2472 3177 2539 phantasma
3204 2471 3388 2534 fuisse,
3417 2471 3561 2538 quod
3586 2470 3765 2523 divina
3789 2472 3942 2541 ὲνερο

2367 2559 2490 2631 γείᾳ
2519 2569 2745 2623 motum,
2779 2562 3026 2614 sensibus
3063 2561 3313 2615 humanis
3346 2561 3528 2615 fucum
3558 2559 3781 2616 faceret.
3814 2560 3937 2616 Jam

2366 2668 2564 2708 uxores
2601 2653 2823 2718 ducere,
2856 2654 3166 2724 liberosque
3206 2657 3429 2725 gignere
3464 2669 3492 2707 a
3542 2653 3740 2706 Satana
3792 2668 3936 2720 esse,

2365 2746 2570 2809 primus
2603 2743 2842 2796 omnium
2874 2743 3172 2798 circulator
3200 2745 3338 2798 idem
3372 2746 3741 2813 pronuntiavit
3768 2763 3781 2797 :
3825 2761 3934 2798 non

2365 2833 2506 2902 quod
2542 2835 2848 2889 castitatem
2881 2836 3104 2895 coleret:
3141 2838 3232 2891 sed
3264 2847 3318 2891 ut
3352 2837 3560 2892 solutus
3597 2839 3929 2892 matrimOnii

2362 2926 2591 2993 legibus,
2634 2929 2972 2997 turpissimis
3012 2930 3319 2997 quibusque
3375 2929 3740 2997 voluptatibus
3769 2928 3924 2983 ellre-

2363 3017 2544 3070 natius
2587 3017 2914 3088 indulgeret.
2959 3017 3108 3073 Multi
3140 3021 3301 3072 etiam
3348 3034 3412 3072 ex
3460 3015 3593 3088 ejus'
3622 3019 3925 3087 discipulis,

2360 3105 2724 3176 Pythagoreos
2755 3109 2966 3175 imitati,
3001 3111 3255 3164 animatis
3279 3111 3537 3165 omnibus
3559 3110 3927 3177 abstinebant,

693 3198 778 3264 la,
813 3213 906 3253 seu
939 3196 1220 3267 particulae
1246 3196 1450 3250 divina:
1489 3196 1763 3249 essentiaa.
1793 3194 1898 3248 Per
1927 3211 2046 3249 eam
2074 3237 2088 3260 ,
2138 3196 2260 3250 Pla-
2287 3206 2327 3261 C
2363 3209 2420 3250 ut
2443 3199 2696 3255 atl‘ectato
2743 3201 2835 3255 illo
2881 3203 3172 3256 sanctioris
3223 3204 3347 3257 vita:
3390 3218 3588 3274 genere
3627 3203 3923 3258 nonnullos

691 3289 859 3344 tonici
885 3299 1118 3343 mentem
1142 3303 1245 3356 qua
1273 3289 1556 3342 rationalis
1576 3287 1635 3340 lit
1658 3287 1856 3351 homo;
1884 3286 2258 3340 Satnrniniani

688 3396 819 3437 vero
857 3380 1076 3450 γνῶσιν,
1110 3394 1205 3434 seu
1241 3381 1478 3450 supremi
1508 3378 1690 3433 Patris
1727 3379 1972 3432 netitiam
1998 3419 2012 3442 ,
2063 3396 2166 3448 qua
2202 3378 2260 3434 fit

690 3474 981 3544 spiritalis,
1009 3483 1060 3528 et
1085 3473 1152 3527 ab
1179 3473 1502 3526 animalibus
1522 3472 1831 3526 hominibus
1856 3473 1908 3524 in
1934 3472 2258 3541 ignorantia:

689 3566 933 3620 tenebris
965 3565 1277 3632 agentibus.
1308 3563 1618 3628 distinctus,
1656 3563 2049 3633 iutelligchant.
2089 3563 2256 3632 quue

687 3656 864 3727 ipsum
891 3665 978 3709 est
1011 3656 1156 3723 quod
1188 3656 1447 3722 deinceps
1497 3668 1682 3708 semen
1731 3655 1977 3722 spiritale
2009 3654 2253 3708 Valenti-

686 3749 867 3804 nianis
899 3749 1146 3802 vocitare
1173 3747 1394 3815 placuit;
1420 3747 1561 3815 quod
1592 3747 1807 3814 quidem
1837 3763 1939 3800 non
1975 3748 2248 3810 omnibus,

687 3843 784 3895 sed
826 3839 988 3894 certis
1031 3839 1356 3909 quibusdam
1397 3838 1708 3892 hominibus
1759 3854 2076 3894 concessum
2109 3855 2249 3904 esse,

684 3942 746 3986 ut
792 3930 1118 3986 Saturninus
1172 3929 1465 3983 scintillam
1513 3944 1689 3994 suam,
1733 3928 2036 3996 iactabant.
2102 3931 2253 3986 Unde

682 4022 1137 4093 quemadmodum
1169 4022 1255 4074 hic
1280 4021 1512 4090 duplicis
1553 4021 1772 4090 generis
1826 4021 2109 4086 homines,
2159 4038 2251 4075 na-

684 4125 802 4168 tura
836 4115 1007 4168 bonos
1035 4113 1284 4166 scintilla:
1327 4113 1655 4181 participes,
1703 4122 1756 4164 et
1802 4122 1999 4164 natura
2053 4114 2246 4177 malos,

683 4204 924 4271 ejusdem
958 4214 1210 4272 expertes
1240 4204 1627 4273 distinguebat;
1659 4205 1738 4256 sic
1769 4212 1824 4254 et.
1853 4203 1929 4255 illi
1983 4203 2248 4271 quosdam

681 4294 929 4348 homines
961 4304 1147 4346 natura
1181 4293 1380 4355 bonos,
1416 4308 1512 4347 eos
1550 4294 1764 4346 scilicet
1791 4293 1883 4361 qui
1917 4294 2123 4346 semine
2173 4291 2250 4344 fe-

681 4383 901 4435 cundati
941 4393 1116 4447 erant;
1152 4383 1410 4449 quosdam
1440 4391 1635 4435 natura
1675 4381 1876 4444 malos,
1904 4381 1994 4448 qui
2027 4383 2248 4435 seminis

680 4483 947 4537 exsortes,
975 4474 1306 4528 statuebant.
1339 4473 1487 4526 Adeo
1512 4482 1570 4524 ut
1601 4474 1740 4526 idem
1775 4471 2065 4539 utrobique
2095 4487 2245 4525 com-

680 4576 917 4618 mentum
959 4564 1050 4626 sit,
1083 4565 1180 4615 sub
1217 4563 1486 4614 variarum
1512 4577 1778 4630 nugarum
1806 4562 2096 4615 involucris
2124 4577 2248 4631 pro-

680 4659 934 4726 positum.
965 4656 1117 4722 Quod
1153 4656 1284 4706 alter
1315 4670 1410 4722 per
1458 4656 1728 4708 hominem
1761 4667 2006 4708 erectum
2054 4665 2108 4706 et
2159 4669 2246 4707 re-

679 4757 958 4819 ptantem;
1007 4748 1096 4799 alii
1131 4761 1224 4816 per
1268 4747 1521 4800 homines
1569 4746 1848 4815 spiritales
1887 4755 1942 4798 et
1987 4745 2247 4799 animales

678 4839 1005 4908 significant.
1039 4838 1192 4902 Quod
1221 4839 1452 4904 denique
1485 4836 1818 4891 Saturninus
1855 4837 2240 4904 prophetarum

677 4930 897 4983 oracula
924 4928 1084 4982 modo
1110 4927 1397 4997 opilicibus
1425 4927 1677 4996 Angelis;
1715 4928 1874 4981 modo
1905 4926 2123 4982 Satanae
2151 4944 2241 4982 ac-

677 5031 830 5088 cepta
864 5019 1110 5084 referret,
1144 5034 1172 5072 a
1203 5019 1497 5073 Platonicis
1522 5019 1686 5072 etiam
1722 5029 2002 5073 mutuatus
2038 5021 2234 5084 fuerat,

677 5116 790 5181 qui,
825 5122 881 5164 ut
911 5128 1070 5180 supra
1099 5126 1163 5164 ex
1189 5110 1495 5164 .lamblicho
1527 5111 1755 5164 vidimus
1783 5151 1797 5173 ,
1846 5112 2232 5167 vaticiniorum

674 5219 894 5258 causam
931 5203 1291 5256 relundebant
1319 5203 1476 5255 modo
1500 5206 1554 5254 in
1582 5202 1774 5266 bonos,
1802 5201 1958 5254 modo
1990 5201 2039 5253 in
2071 5204 2238 5257 malos

675 5297 966 5349 daunones.

749 5409 865 5461 111.
908 5407 1142 5460 Simonis
1173 5408 1397 5475 vestigia
1434 5409 1677 5476 relegens
1717 5409 2068 5471 Saturninus,
2109 5411 2234 5463 Scr—

673 5511 913 5551 vatorem
951 5500 1015 5550 de
1066 5498 1338 5549 communi
1395 5513 1750 5564 supernarum
1797 5496 2066 5549 Virtutum
2113 5514 2234 5551 scu-

674 5591 839 5644 tentia
874 5590 1094 5642 missum
1133 5588 1330 5649 aiebat,
1368 5601 1425 5639 ut
1457 5589 1690 5655 Angelos
1732 5588 1982 5648 rebelles,
2017 5598 2069 5641 et.
2113 5606 2230 5642 ma-

672 5685 816 5739 xime
841 5682 1144 5734 Judaeorum
1183 5679 1346 5732 Deum
1385 5682 1433 5732 in
1471 5682 1713 5733 mdian
1755 5683 2042 5744 redigeret,
2083 5692 2137 5734 et
2168 5681 2230 5734 iis

770 5864 810 5893 ³⁸
844 5866 1008 5918 Llcm.
1045 5867 1222 5918 Alcx..
1259 5867 1456 5915 Sli‘um.
1524 5865 1615 5914 lil-.
1651 5881 1736 5910 \::.
1771 5880 1796 5928 μ
1863 5862 1951 5906 73λὲ

2361 3305 2515 3344 suum
2548 3291 2598 3343 in
2630 3306 2869 3345 errorem
2909 3291 3248 3360 pellicerent.

2909 3384 2997 3439 IV.
3037 3383 3112 3437 De
3143 3384 3402 3439 Basilide.

2430 3480 2552 3534 112.
2599 3479 2856 3532 Basilides
2893 3478 3299 3533 Alexandrinus
3333 3480 3398 3542 ³⁸,
3455 3479 3740 3532 Saturnini
3793 3493 3931 3532 con-

2358 3572 2670 3640 discipulus,
2696 3587 2723 3622 a
2756 3571 2981 3625 Matthia
3010 3570 3252 3638 apostolo
3278 3571 3586 3623 doctrinam
3631 3584 3783 3623 suam
3832 3584 3931 3622 ac-

2356 3666 2565 3734 cepisse
2591 3680 2648 3717 se
2676 3664 2810 3717 falso
2838 3665 3161 3732 jactitabat,
3204 3674 3364 3731 atque
3400 3663 3679 3718 Glauciam
3734 3677 3932 3730 quem-

2356 3757 2502 3814 dam.
2535 3771 2698 3825 quem
2731 3757 2874 3810 Petri
2907 3758 3258 3822 interpretem
3288 3755 3459 3808 fuisse
3491 3753 3761 3817 ferebant,
3789 3768 3932 3821 prte-

2356 3859 2632 3915 ceptorem
2665 3848 2924 3900 habuisse
2966 3845 3321 3912 gloriabatur.
3351 3844 3535 3896 Inanis
3565 3842 3702 3896 forte
3731 3884 3744 3909 ,
3777 3844 3928 3910 quod

2359 3942 2422 3994 ad
2446 3940 2752 4005 Glauciam,
2802 3939 3023 3992 obscuri
3067 3935 3307 3990 neminis
3355 3937 3663 3997 hominem,
3706 3937 3926 4000 attinet,

2357 4033 2539 4087 vesani
2570 4030 2804 4085 hominis
2829 4028 3099 4094 gloriatio,
3124 4037 3180 4080 ut
3209 4042 3272 4080 ex
3303 4027 3540 4096 magistri
3567 4041 3794 4094 persona
3831 4042 3930 4078 au-

2359 4126 2672 4180 ctoritatem
2702 4123 3046 4190 dogmatibus
3075 4121 3188 4173 suis
3214 4121 3552 4174 conciliaret.
3605 4120 3678 4172 Ex
3729 4134 3788 4173 ea
3839 4128 3926 4169 ta-

2353 4233 2475 4272 men
2523 4220 2603 4285 (ut
2651 4227 2704 4269 et
2741 4233 2810 4268 ex
2858 4214 3022 4268 simili
3071 4213 3340 4268 Valentini
3388 4212 3709 4281 gloriatione
3755 4227 3924 4280 supra

2350 4306 2843 4374 concludebamus)
2895 4304 3096 4358 inferre
3135 4304 3261 4358 licet
3310 4303 3601 4357 Basilidem
3633 4342 3648 4366 ,
3705 4305 3747 4356 si
3809 4319 3922 4357 non

2349 4401 2609 4470 apostolis
2652 4400 2780 4467 ipsis
2827 4411 3043 4452 coaevus
3095 4396 3303 4460 fuerit,
3356 4398 3419 4448 ad
3475 4409 3661 4448 eorum
3723 4393 3920 4448 saltem

2349 4502 2563 4546 atatem
2592 4489 2839 4558 proxime
2863 4488 3161 4540 accessisse
3182 4527 3198 4552 ,
3233 4487 3585 4554 ipsorumque
3635 4484 3923 4551 discipulis

2351 4581 2676 4637 convixissc.
2710 4577 2870 4631 Certe
2900 4575 3262 4646 Hieronymus
3290 4576 3572 4642 disputans
3598 4582 3782 4627 contra
3809 4573 3924 4626 Lu-

2349 4673 2660 4732 ciferianos,
2687 4667 2974 4721 Basilidem
3004 4668 3144 4718 inter
3172 4666 3458 4718 haereticos
3489 4664 3915 4731 apostolicoruin

2344 4774 2646 4832 temporum
2705 4767 2957 4814 numerat
2997 4775 3008 4808 :
3054 4756 3158 4809 Sed
3206 4756 3329 4822 quid
3377 4755 3439 4806 de
3495 4753 3865 4818 posterioribus
3901 4796 3918 4820 ,

2341 4855 2518 4925 inquit
2544 4894 2558 4918 ,
2589 4853 2758 4904 adhuc
2787 4849 2999 4918 loquor?
3029 4849 3288 4916 Apostolis
3328 4845 3500 4897 adhuc
3521 4845 3572 4895 in
3607 4846 3798 4896 δίει-κιο
3823 4863 3921 4897 su-

2339 4945 2662 5016 perstitibus,
2696 4942 2836 5009 apud
2865 4939 3132 5000 Juda’am,
3164 4937 3358 4991 Christi
3405 4937 3661 5002 sanguine
3691 4940 3916 4995 reccmi,

2343 5041 2678 5107 plmnstasnta
2710 5033 2921 5086 Domini
2968 5047 3152 5093 corpus
3183 5026 3528 5081 asserebatur.
3577 5024 3792 5078 Galatas
3839 5030 3916 5079 ad

2346 5130 2756 5185 observationem
2785 5125 2912 5193 legis
2938 5125 3207 5174 traductos
3243 5118 3521 5188 Apostolus
3565 5120 3752 5170 iterum
3783 5136 3918 5184 par—

2345 5223 2492 5272 turit.
2514 5215 2810 5269 Corinthios
2838 5211 3267 5264 resurrectionem
3293 5206 3464 5258 carnis
3491 5222 3591 5256 non
3615 5206 3911 5269 credentes,

2341 5311 2574 5381 pluribus
2603 5306 2920 5376 argumentis
2945 5304 3010 5355 ad
3047 5317 3221 5354 verum
3269 5300 3364 5350 iter
3409 5298 3614 5349 trahere
3663 5307 3911 5352 conatur.

2347 5403 2489 5456 Tunc
2525 5403 2704 5453 Simon
2764 5398 2972 5464 Mngns,
3015 5403 3058 5445 et
3108 5391 3396 5444 Menander
3435 5389 3722 5454 discipulus
3751 5388 3866 5454 ejus
3895 5429 3910 5453 ,

2346 5497 2437 5549 Ι)ρὶ
2464 5494 2598 5567 [LX]
2628 5509 2677 5544 sc
2709 5504 2976 5543 asseruere
3014 5485 3248 5538 Virtutes
3279 5501 3294 5540 .'
3323 5495 3442 5535 tunc
3467 5481 3726 5534 Basilides
3751 5496 3909 5531 sum—

2340 5603 2479 5636 mum
2506 5585 2667 5636 Deum
2698 5581 2936 5631 Abraxas
2961 5593 3075 5628 cum
3109 5574 3350 5627 trecentis
3383 5574 3652 5639 sexaginta
3674 5571 3911 5636 quinque

2343 5678 2598 5730 .Jz'onil'us
2629 5679 3000 5725 commentatus
3032 5678 3126 5722 est.
3156 5667 3263 5722 Nec
3292 5665 3540 5720 dissentit
3569 5662 3914 5732 Epiphanius
