4180 6332
165 418 247 478 133
840 413 1300 472 DISSERTATIO
1337 412 1379 479 Ι,
1412 411 1572 468 ART.
1609 410 1694 477 ll-l,
1737 409 1824 465 DE
1872 409 2236 466 VALENTINI
2269 409 2658 467 MAGISTRIS.

3274 413 3379 473 l5}

165 539 238 604 qui
287 533 434 590 Hier.
481 549 635 599 xxxx,
688 532 714 605 ᾗ
748 532 817 600 2,
861 532 1055 587 scribit
1117 529 1448 585 Valentinum
1473 550 1482 559 -
1505 529 1711 598 quidem
1740 530 1787 586 Α
1813 527 2059 582 diderunt
2085 525 2370 588 Ecclesias.
2397 529 2520 585 Hice
2541 531 2806 599 siquidem
2833 543 3054 586 necesse
3077 534 3142 586 ad
3165 539 3378 603 tempus

128 637 133 642 '
166 627 376 684 Basilide
423 641 487 678 ac
522 625 822 688 Saturnilo,
852 624 1076 686 Ebiqne,
1118 620 1366 677 Cerintho
1407 641 1468 677 ac
1516 623 1712 678 Merin-

167 717 253 786 the,
292 734 576 788 eorumque
609 717 783 777 sociis,
811 726 1035 780 tempore
1058 731 1166 769 esse
1197 718 1570 783 posteriorem;
1601 732 1711 769 om-

166 830 236 867 nes
267 823 440 867 tamen
475 829 578 866 uno
617 821 845 880 tempore
877 811 944 864 ad
989 811 1207 864 humani
1251 811 1451 881 generis
1494 812 1710 866 exitium

164 904 388 972 profusos
417 921 552 969 esse;
576 915 900 974 quanquam,
931 904 1143 973 inquit,
1183 901 1463 957 Cerinthus
1503 920 1566 956 ac
1597 899 1712 956 Me-

166 1000 347 1054 rintltus
377 1008 425 1053 et
453 997 626 1052 Ebion
658 997 934 1067 paululum
978 997 1269 1066 antegressi
1313 1004 1456 1051 sunt.
1493 996 1550 1050 Si
1602 1010 1707 1050 non

166 1090 371 1145 multum
401 1089 664 1158 temporis
693 1087 1000 1142 intercessit
1034 1087 1176 1142 inter
1206 1086 1526 1141 Cerinthum
1546 1125 1561 1150 ,
1597 1086 1708 1139 hae-

166 1182 370 1235 reticum
437 1180 489 1234 in
541 1179 669 1234 Asia
715 1181 957 1248 agnitum
1016 1189 1310 1248 antequam
1359 1177 1416 1233 S.
1470 1175 1709 1232 Joannes

167 1273 500 1342 Evangelium
553 1270 969 1340 scripsisset,et
1023 1271 1354 1335 Basiliden];
1407 1272 1495 1325 hic
1548 1269 1711 1339 igitur

166 1365 367 1419 Joannis
398 1373 560 1419 attate
592 1365 786 1419 vixerit
811 1379 1029 1420 necesse
1075 1374 1178 1418 est.
1221 1363 1422 1418 Deinde
1473 1363 1709 1418 Valenti-

167 1472 250 1512 nus
272 1466 318 1511 et
353 1456 621 1512 Basilides
649 1473 752 1510 uno
777 1467 1004 1524 tempore
1026 1457 1095 1509 ad
1124 1457 1344 1510 humani
1365 1453 1569 1526 generis
1593 1458 1707 1510 exi-

164 1550 273 1602 tium
291 1547 503 1616 profusi
526 1557 668 1613 sunt,
708 1547 780 1601 ita
815 1557 994 1602 tamen
1043 1558 1102 1602 ut
1141 1549 1228 1605 hic
1261 1549 1411 1618 prior
1434 1591 1448 1614 ,
1495 1550 1585 1604 ille
1621 1565 1706 1618 po-

164 1640 336 1711 sterior
366 1642 458 1695 sit.
491 1640 561 1692 At
592 1639 840 1709 superius
869 1640 934 1693 de
956 1639 1227 1694 Valentini
1256 1651 1412 1695 aetate
1436 1641 1708 1696 disseren-

165 1741 233 1786 tes
255 1733 610 1794 ostendimus,
645 1747 767 1785 eum
813 1732 1036 1786 ineunte
1081 1733 1299 1786 circiter
1329 1735 1567 1789 secundo
1605 1751 1706 1789 sae-

164 1824 267 1878 culo
292 1824 542 1895 dogmata
560 1839 654 1878 sua
678 1837 933 1893 spargere
951 1825 1183 1893 coepisse
1199 1841 1214 1888 ;
1233 1839 1298 1878 ex
1316 1841 1423 1894 quo
1439 1828 1702 1895 sequitur,

164 1891 429 1970 Basilide'm
470 1917 523 1984 (a
555 1891 764 1969 fortiori
800 1891 1150 1970 Saturninum
1178 1917 1268 1985 qui
1296 1891 1419 1971 huic
1457 1891 1703 1987 aliquam
1737 1891 1780 1945 Β

165 2007 314 2061 tulum
341 2007 574 2079 praeivit)
607 2006 801 2062 saltem
835 2008 902 2063 ad
933 2006 1160 2062 Joannis
1204 2008 1428 2078 apostoli
1461 2018 1703 2080 tempora

163 2100 409 2170 attigisse.

223 2192 336 2246 115.
368 2190 484 2246 Non
517 2191 714 2246 desunt
751 2199 927 2247 tamen
961 2193 1051 2262 qui
1099 2191 1390 2247 Basilidem
1431 2193 1701 2262 juniorem

162 2284 370 2350 faciant,
397 2284 622 2352 ejusque
646 2284 894 2338 haeresim
931 2301 1036 2340 non
1063 2285 1164 2339 nisi
1198 2285 1421 2340 Adriani
1456 2290 1705 2357 tempori-

159 2376 248 2430 bus
281 2377 331 2430 in
391 2376 566 2431 lucem
615 2377 883 2445 prodiisse
933 2378 1282 2431 contendant.
1337 2377 1596 2433 Nituntur
1648 2379 1702 2432 in

159 2472 332 2538 primis
373 2469 700 2524 auctoritate
746 2468 1043 2524 Clementis
1085 2471 1434 2524 Alexandrini
1483 2473 1576 2526 lib.
1628 2489 1702 2527 vn

161 2559 366 2627 Strom.,
393 2577 512 2631 pag.
549 2560 684 2626 765;
714 2561 948 2629 Eusebii,
980 2561 1072 2616 lib.
1108 2579 1159 2615 tv
1190 2562 1363 2628 Hist.,
1395 2579 1515 2634 cap.
1548 2565 1578 2618 7
1599 2605 1612 2629 ,
1648 2574 1703 2621 et

160 2652 204 2706 in
234 2651 503 2718 Chronica,
549 2669 614 2708 ae
643 2653 990 2721 Theodoreti,
1044 2655 1139 2709 lib.
1171 2671 1186 2709 ι
1216 2654 1362 2709 "ter.
1412 2655 1548 2724 [αὑ.⁹
1581 2673 1701 2726 cap.

156 2744 200 2804 2.
227 2749 307 2814 qui
334 2744 576 2800 Basilidis
595 2745 842 2800 haeresim
867 2745 1151 2800 conferunt
1177 2747 1229 2800 in
1248 2747 1468 2800 Adriani
1494 2756 1702 2817 tempo-

160 2850 228 2888 ra.
259 2837 325 2889 At
348 2852 410 2891 ex
436 2837 753 2904 Clementis,
785 2832 1092 2892 Eusebii'in
1136 2837 1419 2905 Chronico,
1443 2847 1496 2893 et
1525 2840 1703 2895 Theo-

156 2928 311 2984 doreti
348 2930 524 2984 verbis
556 2930 606 2984 id
637 2939 844 2984 tantum
879 2929 1065 2984 inferri
1097 2946 1252 2999 posse
1298 2941 1462 3001 puto,
1505 2932 1700 2988 Basili-

157 3020 263 3074 dem
288 3021 385 3077 sub
406 3022 635 3077 Adriani
664 3024 889 3092 imperio
925 3022 1114 3088 fuisse,
1147 3023 1389 3078 scholam
1422 3025 1699 3093 habuisse,

154 3123 200 3167 et
228 3115 481 3170 audacius
507 3116 759 3170 heresim
786 3117 1206 3183 disseminasse;
1238 3132 1342 3170 non
1365 3132 1496 3172 vero
1527 3119 1702 3172 haere-

155 3205 241 3259 sim
273 3208 576 3271 inchoasse,
607 3217 699 3261 aut
731 3218 839 3261 tum
886 3210 1122 3278 primum
1153 3209 1423 3263 docuisse.
1467 3208 1576 3264 Nec
1628 3225 1694 3264 ex

152 3310 208 3351 eo
229 3300 367 3367 quod
395 3300 657 3354 Eusebius
684 3300 740 3354 in
775 3300 1014 3354 Historia
1034 3301 1177 3356 circa
1208 3302 1429 3356 Adriani
1459 3311 1700 3372 tempora

153 3392 505 3446 narrationem
530 3393 784 3447 instituat
817 3393 884 3448 de
915 3393 1196 3448 Saturnini
1227 3404 1281 3450 et
1304 3396 1556 3451 Basilidis
1588 3397 1701 3451 hae-

154 3482 270 3546 resi,
299 3484 467 3552 magis
491 3471 741 3539 concludi
774 3494 972 3554 potest,
1002 3499 1094 3542 eos
1137 3487 1236 3541 sub
1279 3488 1424 3542 illius
1471 3489 1700 3558 imperio

150 3575 388 3644 ctepisse,
423 3595 582 3647 quam
611 3595 674 3633 ex
714 3561 776 3633 eo
806 3581 950 3648 quod
973 3582 1039 3634 de
1079 3581 1366 3647 Ebionmis,
1392 3583 1701 3637 Corinthia-

153 3669 225 3721 nis
248 3678 298 3721 et
330 3668 608 3724 Nicolaitis
635 3671 866 3726 disserat
898 3673 997 3726 sub
1021 3671 1274 3741 Trajano,
1307 3675 1490 3729 inferri
1519 3686 1701 3744 posset

151 3777 318 3816 eorum
341 3765 602 3836 originem
629 3768 955 3821 anteriorem
976 3784 1080 3823 non
1103 3783 1245 3824 esse.
1271 3768 1457 3839 Neque
1481 3784 1700 3839 expres-

151 3857 278 3912 siora
305 3867 448 3923 sunt,
484 3870 542 3913 ut
576 3859 770 3930 ligatur
800 3860 1112 3915 Basilidiani
1144 3863 1348 3916 erroris
1378 3863 1689 3926 exordium,

151 3947 436 4005 Firmiliani
468 3953 656 4017 verba,
697 3951 833 4021 apud
864 3952 1118 4023 Cyprian.
1154 3954 1314 4022 epist.
1345 3950 1412 4006 75
1443 3967 1458 4006 :
1510 3952 1614 4006 Sed
1650 3965 1697 4008 et

159 4038 406 4096 Valentini
444 4057 490 4097 et
518 4043 775 4097 Basilidis
808 4054 1009 4113 tempus
1042 4047 1377 4114 manifestum
1400 4057 1512 4110 est,
1555 4048 1696 4116 quod

152 4144 189 4184 et
208 4135 297 4201 ipsi
322 4148 436 4205 post
482 4137 772 4205 apostolos,
801 4147 849 4191 et
881 4148 992 4204 post
1034 4140 1240 4207 longam
1275 4151 1481 4193 tetatem
1510 4142 1696 4193 adver—

149 4243 223 4278 sus
254 4227 541 4282 Ecclesium
571 4231 667 4283 Dei
694 4231 957 4284 sceleratis
987 4234 1273 4286 mendaciis
1315 4235 1426 4287 suis
1477 4235 1699 4287 rebella-

149 4324 320 4378 rerint.
355 4322 482 4377 Nam
517 4325 631 4379 haec
666 4323 827 4394 longa
858 4334 1011 4392 aetas,
1037 4336 1095 4380 ut
1131 4327 1268 4380 bene
1316 4327 1700 4380 animadvertit

149 4411 436 4472 Cotelerius
477 4418 517 4449 ³·
545 4459 558 4483 ,
611 4419 777 4473 dubio
819 4421 1010 4487 procul
1055 4421 1296 4501 oratoria
1346 4419 1696 4489 exaggeratio

152 4507 323 4561 haberi
362 4509 550 4575 debet;
588 4511 712 4578 quia
747 4509 890 4564 inter
925 4511 1086 4566 linem
1115 4509 1342 4565 Joannis
1365 4512 1612 4579 apostoli,
1643 4522 1698 4567 et

1814 619 2155 684 referamus,
2208 635 2313 690 quo
2367 621 2641 676 Eeclcsias
2703 621 2930 691 apostoli
2985 624 3378 678 commiserunt

1814 713 2123 782 apostolicis
2151 715 2304 778 viris,
2333 730 2437 769 non
2477 717 2541 770 ad
2571 715 2696 770 illud
2737 732 2844 786 quo
2877 718 3062 773 vivere
3097 719 3378 774 desierunt

1811 805 1886 860 illi
1908 807 2176 878 episeOpi.
2209 805 2346 861 Nam
2397 818 2612 862 certum
2647 819 2730 862 est
2770 819 2878 862 tum
2910 823 2974 864 ex
3028 812 3144 880 ipso
3177 811 3380 867 lrenzo

1812 897 1904 953 lib.
1941 913 2022 965 m,
2054 915 2102 953 c.
2131 900 2184 961 3,
2219 914 2271 951 n.
2303 899 2360 965 4,
2396 909 2507 954 tum
2537 915 2602 955 ex
2635 901 2753 956 aliis
2774 902 3049 957 veteribus
3074 944 3088 968 ,
3121 901 3376 974 Polycar-

1812 1005 1963 1059 pum,
1990 991 2056 1045 ab
2098 990 2361 1059 apostolis
2404 990 2648 1063 Smyrnae
2692 994 3003 1047 ordinatum
3037 994 3374 1062 epist-Opimi,

1813 1083 2069 1152 Basilidi,
2132 1083 2451 1148 Valentino,
2504 1083 2763 1138 Mareioni
2823 1085 3052 1156 aliisque
3103 1087 3376 1142 haereticis

1813 1190 2052 1231 coaevum
2078 1178 2372 1232 exstitisse.
2401 1175 2596 1232 Verius
2626 1193 2655 1230 a
2696 1176 2908 1232 fortiori
2951 1178 3094 1248 quod
3126 1184 3376 1248 proximo

1811 1270 1978 1323 citato
2010 1285 2129 1340 cap.
2161 1287 2214 1324 η.
2240 1271 2296 1334 5,
2340 1269 2529 1324 scribit
2581 1280 2772 1325 auctor
2819 1281 3044 1336 noster,
3089 1270 3373 1340 epistolam

1809 1361 2108 1416 Clementis
2139 1363 2204 1416 ad
2232 1361 2547 1417 Corinthios
2572 1363 2921 1418 vetustiorum
2949 1377 3070 1418 esse
3102 1363 3375 1418 haereticis

1808 1457 1898 1525 qui
1923 1471 2057 1508 nunc
2089 1454 2224 1523 falso
2253 1456 2479 1521 docent,
2514 1465 2563 1509 et
2602 1457 2824 1508 alterum
2863 1455 3030 1510 Deum
3076 1473 3232 1526 super
3269 1455 3378 1512 De-

1808 1545 2068 1611 miurgum
2097 1553 2146 1597 et
2167 1545 2417 1614 factorem
2450 1546 2636 1598 horum
2661 1547 2892 1599 omnium
2913 1547 3372 1604 rommentiuntur.

1809 1636 1984 1691 Verba
2017 1636 2130 1690 haec
2165 1639 2253 1706 qui
2285 1654 2421 1690 nunc
2457 1638 2596 1703 falso
2638 1637 2864 1702 docent,
2919 1647 3102 1700 aperte
3146 1640 3373 1693 demon-

1808 1737 1982 1782 strant
2004 1743 2125 1782 eum
2158 1727 2476 1799 intelligere,
2507 1745 2611 1783 non
2636 1729 2923 1783 Gnostieos
2955 1729 3248 1799 quoslibet,
3275 1731 3376 1788 Sed

1812 1816 2214 1872 Valentinianos
2239 1817 2517 1887 duntaxat,
2551 1836 2687 1891 quos
2714 1820 3048 1876 confutabat.

1880 1934 2003 1987 lli.
2036 1933 2154 2000 Quo
2179 1949 2323 1989 anno
2351 1937 2645 1990 excesserit
2682 1953 2712 1990 e
2743 1938 2878 1992 vivis
2921 1938 3218 2007 Basilides,
3265 1957 3373 1998 non

1805 2027 1941 2082 satis
1972 2036 2204 2082 constat.
2245 2027 2299 2082 ln
2324 2028 2574 2099 Catalogo
2602 2029 2938 2102 Hieronymi,
2963 2048 3093 2089 voce
3117 2035 3371 2105 Agrippa,

1806 2115 2002 2185 legitur
2036 2135 2050 2172 :
2089 2116 2332 2172 Mortuus
2368 2129 2442 2172 est
2466 2130 2641 2174 autem
2684 2120 2966 2190 Basilides,
3005 2141 3037 2176 a
3071 2141 3173 2195 quo
3223 2124 3370 2180 Gno-

1805 2210 1946 2274 stici,
1981 2210 2033 2262 in
2063 2209 2389 2264 Alexandria
2434 2213 2752 2278 temporibus
2796 2213 3058 2280 Adriani;
3099 2233 3200 2286 qua
3238 2226 3372 2272 tem-

1805 2309 2001 2369 pestate
2024 2308 2071 2352 et
2101 2299 2366 2354 Coc/rebus
2384 2301 2747 2356 duxJudaicw
2774 2305 3019 2372 factionis
3040 2306 3373 2362 Christianos

1807 2393 1972 2446 variis
2002 2392 2272 2461 suppliciis
2305 2395 2560 2447 enecavit.
2593 2397 2723 2461 Quae
2753 2398 2797 2450 si
2830 2398 3042 2453 sincera
3067 2409 3232 2467 sunt,
3281 2401 3368 2455 di-

1807 2484 2033 2537 cendum
2076 2485 2179 2539 erit
2227 2485 2427 2540 obiisse
2466 2486 2753 2541 Basilidem
2789 2504 2935 2542 anno
2980 2491 3197 2545 circiter
3245 2491 3369 2556 155,

1806 2588 1912 2641 quo
1941 2571 2124 2628 Judzea
2152 2574 2292 2629 bello
2331 2576 2579 2643 ardebat,
2616 2578 2757 2646 quod
2801 2579 3072 2634 excitarat
3106 2579 3371 2636 Coehebm

1807 2668 2065 2720 adversus
2092 2667 2366 2722 Romanos
2396 2663 2634 2721 rebellio.
2667 2668 2771 2723 Sed
2800 2681 2980 2723 utrum
3013 2669 3152 2738 apud
3183 2670 3374 2728 Hiero-

1806 2774 2022 2830 nymum
2057 2759 2340 2828 legendum
2369 2758 2437 2813 sit
2464 2772 2700 2814 mortuus
2741 2769 2852 2822 est,
2901 2778 2967 2814 an
2993 2773 3229 2815 moratus
3268 2773 3370 2830 est,

1805 2850 2034 2903 necdum
2066 2838 2217 2904 extra
2247 2865 2407 2904 omne
2430 2851 2651 2905 dubium
2686 2853 2921 2920 positum
2953 2854 3240 2925 existimo;
3274 2869 3368 2909 sua

1804 2944 1946 2997 enim
1973 2944 2186 3012 utrique
2209 2944 2429 2999 lectioni
2461 2954 2717 2999 constant
2755 2955 3093 3014 argumenta.
3126 2946 3229 3001 Pro
3255 2965 3370 3002 mo-

1805 3048 1949 3090 ratus
1998 3046 2072 3089 est
2131 3046 2332 3107 pugnat
2379 3036 2676 3090 auctoritas
2725 3036 3080 3090 vetustissimi
3127 3041 3369 3093 omnium

1804 3128 2008 3183 codicis
2037 3129 2202 3182 nostri
2234 3143 2334 3182 ms.
2381 3127 2910 3183 San-Germanensis
2937 3169 2950 3193 ,
2992 3128 3372 3200 Merovingieis

1806 3222 2212 3276 characteribus
2273 3222 2528 3286 exarati,
2589 3220 2789 3275 saeculo
2842 3221 3060 3275 circiter
3112 3224 3368 3290 septimo.

1803 3314 1971 3381 Quam
2004 3315 2245 3369 eamdem
2271 3313 2559 3369 lectionem
2605 3314 2869 3368 exhibent
2913 3329 3044 3367 mss.
3102 3314 3367 3385 quinque,

1801 3424 1937 3478 quos
1957 3410 2160 3464 vidisse
2189 3424 2246 3464 se
2282 3415 2510 3463 testatur
2542 3407 2787 3469 Vossius,
2812 3416 2866 3460 et
2895 3406 3075 3474 plures
3107 3407 3195 3461 alii
3229 3423 3369 3476 quos

1810 3499 2419 3557 eontulitdoetissimus
2459 3496 2809 3551 Martianmus
2849 3505 3059 3551 noster.
3114 3498 3267 3552 Facit
3315 3509 3373 3554 et

1802 3609 1899 3665 pro
1929 3595 2122 3648 eadem
2169 3591 2403 3647 lectione
2435 3589 2830 3660 perfectissima
2867 3591 3157 3644 consensio
3193 3590 3364 3646 Chro-

1802 3688 1904 3739 nici
1933 3683 2496 3753 llieronyn'tiani,eum
2529 3682 2644 3750 ejus
2664 3681 2938 3749 Catalogo.
2961 3680 3094 3734 Nam
3120 3683 3170 3735 in
3202 3684 3369 3750 priori

1802 3777 1892 3830 illo
1917 3777 1980 3828 ad
2011 3790 2209 3828 annum
2246 3773 2346 3828 154
2386 3773 2618 3826 habetur
2644 3787 2658 3824 :
2684 3771 2942 3824 Basilides
2988 3772 3368 3829 hieresiarcltes

1801 3869 1857 3920 in
1885 3866 2207 3919 Alexandria
2238 3873 2614 3926 commoratur,
2642 3877 2673 3912 α
2695 3878 2797 3922 quo
2827 3860 3081 3916 Gnostici.
3108 3862 3370 3918 Coc/rebus

1802 3960 1910 4010 dua:
1945 3955 2188 4009 Iudaica:
2225 3953 2471 4023 factionis
2504 3952 2736 4005 nolentes
2769 3952 2867 4004 sibi
2906 3953 3236 4008 Christianos
3276 3957 3372 4008 ad-

1802 4065 2004 4103 versum
2037 4047 2328 4101 Romanum
2364 4045 2577 4097 militem
2611 4046 2750 4112 ferre
2783 4046 3080 4097 subsidium
3111 4048 3365 4098 omnimo-

1799 4141 1881 4192 dis
1922 4139 2242 4193 cruciatibus
2275 4149 2445 4191 necat.
2480 4137 2678 4189 Eadem
2711 4151 2847 4203 pene
2873 4136 3164 4202 utrobique
3197 4140 3363 4191 verba

1800 4241 1926 4287 sunt
1960 4250 1973 4284 :
2001 4241 2055 4284 et
2085 4230 2229 4299 quod
2260 4230 2311 4282 in
2344 4231 2508 4298 priori
2544 4230 2760 4296 legitur,
2794 4239 3183 4291 commoratur,
3237 4245 3369 4282 sua-

1803 4325 1931 4379 dere
1961 4324 2175 4378 videtur
2210 4323 2263 4375 in
2295 4322 2584 4391 posteriori
2618 4323 2902 4391 legendum
2931 4335 3050 4373 esse
3072 4361 3084 4383 ,
3131 4332 3371 4376 moratus

1800 4427 1896 4472 est.
1926 4416 2078 4470 llline
2117 4431 2244 4469 vero
2273 4425 2575 4484 repugnant
2601 4415 2723 4467 huic
2756 4413 2971 4469 lectioni
2998 4413 3127 4465 editi
3153 4429 3368 4479 omnes,

1801 4525 1924 4564 cum
1958 4525 2084 4566 mss.
2115 4509 2390 4578 plerisque
2415 4510 2716 4571 codicibus,
2748 4508 2837 4575 qui
2879 4505 3195 4574 prmferuut,
3230 4523 3368 4558 mor-

151 4598 346 4652 initium
375 4603 601 4655 Adriani
636 4603 1002 4670 imperatoris,
1037 4617 1141 4656 nou
1178 4604 1526 4657 intercedunt
1571 4605 1694 4658 anni
1729 4616 1772 4669 Ι)
1802 4615 1923 4658 tuus
1956 4615 2050 4658 est.
2089 4603 2198 4658 Sed
2225 4603 2368 4672 quod
2409 4603 2583 4669 majus
2611 4603 2846 4664 videtur,
2874 4601 3060 4656 Graeca
3097 4603 3367 4669 interpre-

153 4689 342 4757 viginti.
381 4692 583 4746 Deinde
608 4692 844 4760 loquitur
881 4690 1230 4745 Firmiliauus
1252 4692 1319 4746 de
1364 4701 1548 4759 aperta
1595 4691 1697 4744 lla-

151 4782 306 4836 silidis
332 4785 592 4839 adversus
616 4784 910 4837 Ecclesiam
948 4784 1261 4849 rebellione,
1293 4798 1398 4837 non
1425 4784 1489 4836 de
1521 4783 1694 4838 haere-

151 4889 258 4928 seos
289 4876 400 4944 ejus
436 4877 613 4930 initio.
659 4876 879 4930 Certum
907 4886 1012 4940 est,
1051 4877 1364 4931 viventibus
1410 4877 1686 4945 apostolis,

154 4961 419 5018 lmreticos
466 4965 612 5019 velut
655 4974 933 5033 serpentes
983 4965 1036 5018 in
1088 4966 1256 5024 antris
1290 4965 1691 5029 delitescentes,

153 5056 599 5110 sanctissimorum
628 5057 906 5112 hominum
941 5069 1086 5114 metu
1133 5074 1435 5128 repressos,
1479 5061 1694 5115 nonnisi

152 5145 270 5196 clam
314 5156 371 5198 et
412 5147 657 5200 timidius
700 5164 964 5202 venenum
1013 5152 1214 5204 erroris
1260 5151 1605 5215 evomuisse;
1644 5161 1698 5204 at

152 5237 412 5291 audaciam
445 5241 674 5294 addente
722 5241 1090 5309 apostolorum
1123 5251 1294 5296 morte
1321 5283 1334 5305 ,
1377 5243 1487 5311 jam
1536 5252 1696 5312 caput

151 5326 400 5391 attollere,
432 5330 658 5384 liberius
691 5331 936 5399 dogmata
964 5347 1060 5385 sua
1107 5349 1427 5402 propagare,
1462 5337 1697 5388 unitate-

151 5433 241 5483 que
264 5421 437 5488 palam
471 5424 690 5488 violata,
719 5426 932 5479 scholas
958 5425 1057 5478 sibi
1082 5426 1414 5480 constituere
1439 5430 1693 5496 coepisse.

153 5508 213 5559 Ex
267 5526 374 5579 quo
426 5515 668 5580 sequitur
738 5517 1076 5570 verissimum
1128 5533 1249 5572 esse
1293 5521 1434 5588 quod
1503 5522 1694 5576 scribit

153 5601 368 5659 lrcnmus
401 5607 491 5660 lib.
524 5623 578 5671 ν,
617 5626 668 5663 c.
700 5609 788 5672 20,
817 5626 868 5662 η.
909 5613 931 5663 1
969 5627 982 5663 :
1024 5611 1213 5664 Omnes
1244 5614 1516 5665 lia'reticos
1541 5614 1693 5667 valde

150 5703 437 5760 psterior-cs
461 5719 587 5766 esse,
620 5719 775 5769 quam
805 5705 1091 5772 episcopos.
1117 5706 1304 5773 quibus
1330 5709 1552 5767 apostoli
1583 5718 1694 5759 trn-

1807 4697 1937 4750 latio
1966 4736 1978 4757 ,
2013 4712 2131 4765 quae
2181 4697 2486 4763 Sophronio
2529 4696 2826 4756 tribuitur,
2876 4709 3103 4762 qumque
3150 4692 3194 4746 si
3242 4707 3369 4746 vere

1805 4788 2096 4857 Sophronii
2132 4799 2238 4851 est,
2264 4787 2541 4841 codicibus
2569 4786 2820 4838 omnibus
2845 4783 3074 4848 Latinis,
3104 4785 3193 4852 qui
3228 4799 3371 4837 nunc

1801 4891 2055 4944 exstant,
2099 4882 2214 4934 sine
2262 4881 2422 4934 dubio
2445 4877 2718 4945 antiquior
2756 4885 2873 4937 est,
2920 4877 3056 4929 hanc
3099 4874 3370 4944 vulgatam

1802 4973 2085 5028 lectionem
2152 4975 2500 5042 repraesentat
2551 4988 2565 5024 :
2619 4968 2986 5030 Τελευτὼντος
3021 4966 3368 5034 Βασιλεὶδου,

1799 5066 2161 5118 Γνωστικοὶὲν
2197 5063 2563 5134 Ἀλεξανδρείᾳ
2584 5061 2907 5130 ἐκλήθησαν,
2940 5063 2994 5112 ἐν
3023 5063 3134 5123 τοῖς
3161 5062 3370 5130 χρόνοις

1812 5157 2106 5228 Ἀδριανοῦ.
2148 5157 2357 5210 Mortuo
2402 5157 2653 5219 Basilide,
2683 5152 2918 5207 Gnostici
2941 5156 2994 5206 in
3043 5153 3368 5206 Alexandria

1805 5254 1971 5304 vocati
2004 5261 2143 5315 sunt,
2170 5250 2480 5317 temporibus
2505 5249 2751 5300 Adriani.
2786 5247 2982 5298 Deinde
3002 5260 3176 5314 neque
3201 5260 3370 5314 usque

1807 5344 1938 5395 adeo
1966 5351 2172 5394 certum
2208 5350 2290 5394 est
2314 5340 2597 5409 legendum
2631 5354 2749 5393 esse
2781 5339 2830 5390 in
2887 5337 3146 5391 Chronico
3172 5378 3186 5402 ,
3225 5355 3371 5391 com-

1805 5442 2062 5486 moratur.
2099 5432 2356 5498 Quamvis
2395 5432 2537 5485 cnim
2563 5431 2835 5484 Pontacus
2861 5431 2910 5481 in
2936 5429 3205 5498 aliquibus
3235 5447 3366 5482 mss.

1804 5533 2158 5577 commoratur
2193 5525 2294 5592 legi
2326 5525 2534 5584 doceat,
2591 5532 2647 5573 ut
2686 5522 2738 5573 in
2785 5534 2890 5573 uno
2935 5519 3365 5588 Cantabrigieusi

1803 5617 1986 5670 codice
2033 5617 2289 5685 scriptum
2338 5616 2500 5668 etiam
2547 5613 2812 5679 reperisse
2854 5625 2910 5664 se
2954 5611 3082 5664 dicit
3136 5611 3366 5664 Pearso-

1807 5709 1925 5761 nius
1962 5707 2027 5772 ³³,
2066 5708 2204 5760 idem
2238 5717 2411 5759 tamen
2447 5706 2497 5756 in
2531 5703 2772 5773 pluribus
2802 5710 3237 5754 commemoratur
3266 5703 3364 5756 ha-

213 5868 246 5895 "
285 5868 427 5925 Pttr.
466 5881 670 5939 Ineunt,
708 5881 742 5925 t.
781 5871 839 5939 ll,
872 5889 921 5940 p.
959 5873 1080 5939 470,
1111 5874 1241 5929 edit.
1277 5873 1446 5927 Puris.
1486 5875 1640 5929 1675!.
1723 5875 1763 5906 ³⁸
1799 5877 1852 5930 ln
1892 5876 2118 5930 addcnd.
2164 5878 2226 5929 ad
2264 5875 2416 5929 Vind.
2458 5875 2612 5941 epist.
2645 5872 2812 5941 lgnut.
