4180 6332
795 447 899 503 155

1586 429 2176 490 DlSSERTATlONES
2210 423 2509 483 PRAEVIAE
2542 422 2608 478 ΙΝ
2645 420 2905 478 ΙΒΕΝᾹΞΙ
2941 416 3209 476 LIBROS.

3912 415 4011 474 1δῦ

787 564 903 620 beri
929 562 1130 626 innuit;
1155 572 1274 628 quae
1299 570 1396 612 vox
1420 555 1463 609 si
1488 555 1751 619 obtineat,
1780 549 2078 608 siniilitudo
2100 550 2340 605 locorum
2372 552 2413 607 Α
2441 542 2703 615 λαμϐάνει
2747 544 2802 595 ὲν

2448 542 2703 615 λαμϐάνει
2747 544 2802 595 ὲν
2836 539 3041 610 ὀγδοάδι
3081 539 3258 609 μένειν
3287 535 3787 608 ὲνδιατεταγμένκςο
3819 534 4016 591 Basili-

786 657 951 725 perit.
987 651 1094 707 Sed
1129 650 1387 721 quidquid
1415 649 1485 702 sit
1511 648 1577 701 de
1622 648 1850 702 lectione
1873 690 1886 710 ,
1917 646 2049 699 nihil
2085 650 2348 711 repugnat

790 746 1079 801 Basilidem
1108 754 1199 798 aut
1231 744 1394 796 vitam
1430 742 1633 796 tiniisse
1660 742 1757 795 sub
1785 742 2005 795 Adriani
2045 738 2225 799 linem,
2257 746 2349 790 aut

791 855 1110 910 prorogasse
1148 852 1318 905 usque
1342 835 1405 890 ad
1432 835 1686 888 Antonini
1726 834 1806 887 Pii
1856 834 2097 887 exordia.
2143 830 2351 886 Vixerit

791 932 1162 1001 quinquennio
1190 939 1280 982 aut
1317 928 1574 983 sexennio
1606 925 1721 995 plus
1751 933 1847 979 aut
1894 925 2068 977 minus
2095 964 2108 989 ,
2158 937 2345 990 parum

790 1025 1013 1078 Omnino
1045 1023 1228 1076 refert.

863 1119 981 1173 115.
1005 1117 1211 1173 Primus
1235 1116 1471 1170 omnium
1498 1112 1742 1169 Basilidis
1763 1127 1998 1175 errores,
2015 1110 2349 1178 subtilesque

789 1212 1088 1281 prmstigias
1132 1218 1184 1261 et
1227 1208 1499 1261 detexisse
1542 1216 1592 1261 ct
1644 1206 1988 1266 confutasse,
2030 1206 2351 1270 occultaque

792 1302 935 1356 illius
962 1312 1014 1354 et
1044 1299 1273 1353 nefanda
1301 1298 1588 1351 manifesto
1617 1298 1924 1366 prodidisse
1958 1294 2239 1365 mysteria,
2268 1294 2348 1346 vi-

788 1396 945 1449 detur
976 1396 1209 1464 Agrippa
1243 1392 1454 1457 Castor,
1482 1391 1585 1459 qui
1618 1390 1717 1444 sub
1745 1388 1980 1442 Adriano
2029 1385 2351 1441 eruditionis

791 1489 948 1541 laude
977 1486 1218 1540 florebat.
1248 1484 1685 1539 Valentissimam
1714 1481 1879 1535 fuisse
1902 1480 2047 1532 illius
2073 1477 2353 1532 refutatio-

789 1596 911 1633 nem
947 1588 1207 1631 memorat
1238 1575 1497 1628 Eusebius
1525 1572 1591 1639 ³³,
1615 1581 1670 1625 et
1693 1574 1759 1625 ad
1788 1586 1882 1626 sua
1915 1585 2082 1636 usque
2107 1577 2349 1637 tempora

791 1673 1109 1741 pervenisse
1145 1690 1156 1723 :
1190 1666 1389 1721 dudum
1422 1676 1502 1719 est
1529 1666 1669 1734 quod
1703 1674 1808 1717 tam
1844 1663 2175 1716 luculentum
2218 1675 2353 1729 opus

790 1765 922 1817 edax
957 1776 1132 1814 rerum
1160 1767 1368 1826 tempus
1398 1756 1592 1810 misere
1625 1755 1982 1821 consumpsit,
2015 1767 2083 1806 ne
2112 1766 2178 1807 eo
2203 1749 2349 1803 frue—

792 1869 994 1908 rentur.
1041 1853 1248 1905 Auctor
1294 1849 1415 1915 fuit,
1450 1848 1682 1902 Eusebio
1715 1857 1869 1908 teste,
1898 1844 2189 1900 Basilidem
2217 1860 2348 1913 qua-

791 1957 914 2000 tuor
960 1957 1013 2000 et
1064 1945 1251 2013 viginti
1305 1944 1468 1997 libros
1501 1944 1553 1997 in
1593 1940 1938 2011 Evangelium
1992 1939 2279 2007 scripsisse
2331 1957 2344 1993 :

791 2039 1034 2094 vicesimi
1092 2038 1235 2092 tertii
1294 2035 1539 2090 meminit
1597 2035 1849 2087 Clemens
1894 2034 2085 2097 Alex.,
2140 2033 2231 2087 lib.
2271 2047 2319 2085 tv

791 2132 1015 2194 Strom.,
1050 2146 1102 2197 p.
1130 2127 1251 2183 506:
1278 2122 1582 2181 Archelaus
1609 2142 1734 2178 vero
1760 2123 1919 2196 [LXI]
1944 2125 2139 2179 decimi
2178 2123 2345 2178 tertii.

790 2223 894 2277 Sed
942 2232 1117 2276 utrum
1171 2222 1223 2275 in
1276 2234 1399 2274 vera
1448 2218 1646 2274 Christi
1704 2218 1990 2285 Evangelia
2048 2216 2346 2271 elucubrati

788 2327 993 2375 essent,
1022 2329 1089 2365 an
1117 2316 1168 2366 in
1204 2312 1368 2381 ipsius
1392 2310 1641 2363 Basilidis
1662 2346 1677 2372 ,
1721 2310 2010 2363 incertum.
2059 2307 2192 2361 Nam
2229 2306 2347 2361 eam

793 2408 962 2461 fuisse
1010 2406 1241 2459 hominis
1289 2403 1709 2471 impudentiam,
1767 2414 1824 2456 ut
1881 2412 1933 2458 et
1980 2402 2094 2471 ipse
2150 2415 2347 2454 novum

791 2498 1139 2575 Evangelium
1185 2498 1427 2552 scribere
1480 2512 1643 2550 ausus
1690 2494 1907 2560 fuisset,
1966 2496 2121 2549 docet
2159 2494 2348 2565 Orige-

792 2607 889 2657 nes
919 2591 984 2645 ⁸⁸.
1023 2591 1185 2645 \etus
1216 2591 1618 2645 Testamentum
1662 2603 1784 2643 cum
1828 2590 2039 2642 caeteris
2076 2589 2350 2645 Gnosticis

794 2685 1091 2753 rejiciebat.
1144 2683 1348 2737 Novum
1377 2692 1591 2747 autem,
1647 2681 1971 2752 Hieronymo
2019 2693 2153 2738 teste
2200 2683 2243 2715 ³⁵
2297 2682 2352 2736 in

791 2776 959 2846 Epist.
1000 2777 1067 2831 ad
1108 2779 1211 2837 Tit,
1258 2776 1548 2844 principio,
1591 2775 1729 2829 Rede
1767 2774 2085 2841 rnutilahat,
2127 2774 2350 2829 resectis

791 2877 896 2917 non
932 2863 1092 2918 modo
1123 2863 1365 2930 pluribus
1396 2865 1550 2931 locis,
1577 2865 1669 2919 sed
1703 2865 1926 2935 integris
1952 2862 2348 2931 etiamEpisto-

792 2955 885 3023 lis,
918 2954 1000 3009 ad'
1036 2957 1312 3021 llebrmos,
1349 2958 1413 3011 ad
1460 2957 1665 3021 Titum,
1692 2969 1748 3013 et
1790 2967 2019 3028 utraque
2052 2958 2117 3011 ad
2165 2956 2348 3011 Timo-

790 3047 995 3110 theum,
1027 3062 1161 3115 quas
1196 3047 1361 3101 Paulo
1380 3050 1758 3119 abjudicabat;
1781 3050 2056 3105 resecandi
2086 3065 2213 3104 Vero
2257 3060 2350 3105 aut

792 3138 1137 3207 abjudicandi
1168 3140 1279 3192 sola
1307 3141 1444 3193 ratio
1473 3138 1598 3205 fuit,
1630 3141 1777 3210 quod
1810 3140 1893 3195 his
1938 3142 2350 3211 conﬁgerentur

786 3232 911 3301 ejus
939 3246 1179 3286 errores.
1210 3233 1279 3285 At
1303 3232 1601 3300 repudiatis
1628 3233 1772 3287 veris
1808 3234 2114 3302 prophetis,
2157 3250 2345 3300 novos,
2379 3250 2420 3308 C

788 3334 851 3377 ut
897 3323 1069 3376 errori
1126 3324 1285 3379 {idem
1331 3325 1680 3389 conciliaret,
1732 3336 2108 3394 suppOsuerat,
2163 3330 2353 3397 eisque

793 3415 1023 3469 barbara
1057 3418 1274 3469 nomina
1298 3416 1594 3471 Barcabam
1627 3427 1681 3471 et
1717 3417 1961 3487 Barcoph
1994 3419 2348 3490 imposuerat,

789 3506 986 3577 quibus
1013 3517 1276 3562 terrorem
1310 3509 1729 3577 simplicioribus
1773 3511 2043 3582 injiceret.
2084 3513 2247 3569 Forte
2284 3515 2345 3569 li-

788 3598 975 3654 ctitius
1010 3600 1096 3652 ille
1143 3599 1409 3666 Barcoph,
1459 3600 1504 3653 is
1538 3608 1622 3654 est
1664 3600 1901 3677 Parchor
1951 3605 2211 3673 propheta
2239 3645 2254 3670 ,
2298 3607 2350 3660 in

790 3707 951 3762 quem
979 3692 1377 3758 expositionum
1410 3693 1575 3746 libros
1602 3693 1894 3762 scripserat
1934 3698 2168 3750 Isidorus
2198 3697 2351 3752 Basi-

790 3787 916 3839 lidis
948 3784 1089 3839 lilius
1116 3795 1166 3841 et
1194 3786 1511 3855 discipulus.
1554 3790 1932 3859 Fragmentum
1967 3792 2235 3861 quoddam
2284 3807 2349 3846 ex

791 3878 963 3945 primo
1006 3878 1346 3947 desuniptum
1393 3883 1684 3951 exscripsit
1735 3882 1983 3938 Clemens
2026 3884 2349 3939 Alexandri-

792 3984 895 4021 nus
928 3968 994 4033 ",
1036 3984 1103 4023 ex
1145 3984 1252 4037 quo
1299 3972 1555 4027 discimus
1590 3971 1913 4030 familiarem
1948 3976 2117 4032 fuisse
2162 3976 2353 4031 Basili-

791 4061 965 4115 dianis
1012 4062 1207 4117 librum
1256 4064 1518 4129 alterum,
1560 4082 1717 4136 quem
1767 4068 1954 4123 Chami
2016 4071 2350 4139 prophetiam

791 4155 1152 4225 appellabant.

867 4274 992 4328 H6.
1019 4275 1061 4328 A
1098 4274 1347 4338 Simone,
1391 4274 1691 4330 Menandro
1723 4287 1776 4330 et
1808 4277 2106 4334 Saturnino
2145 4282 2351 4336 erroris

796 4376 1114 4432 argumenta
1149 4374 1426 4420 mutuatus
1464 4380 1546 4422 est
1574 4367 1868 4437 Basilides;
1897 4384 2019 4439 quae
2056 4382 2258 4436 tamen,
2292 4383 2350 4427 ut

790 4470 988 4509 nonnen
1019 4455 1119 4508 sibi
1149 4453 1381 4520 faceret,
1410 4458 1515 4511 alia
1547 4460 1760 4514 ratione
1786 4467 2042 4525 tractare,
2071 4471 2125 4516 et
2146 4462 2351 4531 majore

792 4561 913 4599 cum
944 4562 1137 4616 pompa
1167 4549 1701 4616 enarrareinstituit,
1732 4552 1889 4606 novis
1912 4551 2231 4618 quibusdam
2255 4554 2343 4607 ad-

792 4640 921 4693 ditis
958 4639 1259 4693 fabularum
1291 4643 1574 4711 portentis.
1610 4642 1682 4695 Ea
1705 4643 1966 4698 duntaxat
1996 4645 2084 4698 hic
2113 4661 2351 4701 comme-

791 4746 1007 4785 morare
1041 4732 1172 4786 satis
1198 4733 1324 4796 erit,
1351 4749 1468 4801 qua:
1498 4751 1526 4787 a
1555 4737 1933 4802 magistrorum
1967 4739 2210 4792 doctrina
2240 4738 2350 4794 dis-

796 4824 1069 4878 sidebant.
1103 4826 1184 4877 Ab
1212 4827 1397 4881 innato
1427 4826 1588 4881 Patre
1619 4828 1736 4881 Nun
1774 4830 2091 4897 derivabat,
2141 4841 2250 4885 tum
2283 4835 2350 4888 ab

792 4916 893 4969 hoc
914 4913 1118 4982 Logon,
1154 4917 1349 4969 deinde
1380 4932 1408 4968 a
1444 4917 1586 4987 Logo
1619 4918 1942 4987 Phronesin,
1984 4937 2076 4976 seu
2108 4922 2352 4979 Pruden-

795 5007 948 5071 t'iam,
978 5008 1085 5073 vel,
1122 5009 1343 5076 ntapud
1378 5006 1772 5065 Tertullianum
1808 5012 2024 5082 legitur,
2057 5014 2351 5071 Providen-

794 5098 961 5162 tiam;
998 5112 1027 5150 a
1068 5098 1331 5152 Phronesi
1363 5111 1543 5153 autem
1578 5101 1833 5169 Sophiam
1860 5115 1911 5157 et
1934 5102 2353 5171 Dynamin,ltoc

790 5202 875 5243 est
904 5190 1240 5257 Sapientiam
1274 5200 1327 5244 et
1354 5190 1679 5246 Potentiam.
1718 5194 1792 5249 Ita
1826 5196 2058 5250 lrenaeus
2097 5198 2160 5265 ³⁷,
2221 5198 2348 5266 Epi-

793 5285 1029 5352 phanius
1061 5284 1125 5351 ³⁸,
1152 5283 1527 5338 Theodoretus
1583 5285 1647 5352 ³³,
1679 5296 1733 5341 et
1764 5286 2130 5344 Tertullianus
2170 5290 2238 5343 ⁸ο.
2282 5292 2353 5345 At

792 5375 1051 5430 Basilidis
1090 5378 1460 5447 genealogiam
1492 5378 1753 5447 integram
1782 5395 1889 5434 non
1921 5380 2181 5435 referunt.
2213 5381 2347 5437 Nam

791 5485 859 5522 ex
890 5470 1167 5523 Clemente
1213 5470 1370 5523 Alex.
1403 5469 1493 5525 lib.
1527 5486 1578 5523 tv
1609 5473 1822 5540 Strom_.,
1858 5488 1911 5541 p.
1942 5473 2073 5527 5'59:
2106 5474 2345 5527 Βασιλεί-

785 5560 885 5631 δης
908 5562 1289 5633 ἁποστατήσας
1318 5562 1421 5631 (sic
1444 5561 1583 5632 lego,
1616 5577 1721 5616 non
1759 5563 2107 5628 ὑποστατὰς),
2133 5568 2346 5619 Δικαιο-

792 5652 956 5725 σύνην
978 5653 1035 5705 δὲ
1066 5654 1157 5706 καὶ
1189 5653 1287 5724 τὴν
1316 5652 1589 5727 θυγατέρα
1615 5655 1781 5718 αὐτῆς
1813 5654 1909 5727 τὴν
1927 5656 2181 5728 Εἰρήνην,
2214 5657 2345 5709 ὑπο-

881 5772 927 5803 ³³
958 5770 1019 5825 L.
1060 5786 1111 5824 tv
1158 5769 1326 5838 llist.,
1357 5787 1407 5825 c.
1440 5770 1491 5825 7.
1584 5772 1627 5803 “
1667 5772 1823 5826 Hom.
1855 5790 1872 5827 ι
1927 5774 1979 5827 in
2015 5773 2147 5829 Luc.

797 5841 1022 5907 Strom-.,
1050 5856 1107 5917 p.
1134 5841 1258 5917 69}.
1379 5843 1421 5873 "
1452 5842 1570 5917 Lib.
1602 5861 1641 5910 ι,
1673 5862 1720 5899 ς.
1755 5843 1847 5909 24,
1880 5862 1932 5899 n.
1968 5848 2000 5901 5
2032 5858 2087 5901 et
2118 5862 2248 5917 seqq

802 5920 1045 5983 \ugust.,
1081 5916 1144 5970 de
1173 5912 1342 5982 Ηδετη
1374 5922 1426 5969 et
1457 5914 1575 5971 alii.

2237 5774 2281 5807 ³⁸
2308 5776 2531 5850 Ευὲεξὶοι
2584 5778 2687 5835 luo.
2738 5779 2859 5844 cit.,
2901 5791 2955 5831 et
3008 5779 3348 5850 Hieronym.,
3383 5778 3435 5831 in
3472 5775 3646 5850 Cat‘al.

2377 5847 2422 5879 ³⁸
2455 5847 2597 5902 lla:r.
2641 5865 2789 5903 xxiv.

2449 637 2538 689 des
2563 645 2735 688 autem
2754 635 2844 701 qui
2865 634 3073 699 defecit,
3096 631 3366 685 Justitiam
3383 640 3429 683 et
3448 629 3567 697 ejus
3586 630 3776 698 ﬁliam,
3799 626 4012 693 Pacem,

2447 739 2595 795 putat
2639 732 2694 777 in
2747 729 2984 794 ogdoade
3030 738 3236 775 manere
3294 722 3597 789 dispositas.
3632 719 3744 774 Nec
3790 721 4015 776 dubium

2447 822 2574 890 quin
2611 820 2661 872 in
2697 819 2869 888 prima
2926 831 3021 869 sua
3078 814 3463 883 coniugatione
3492 812 3742 866 Ἐννοιαν
3788 830 3881 867 seu
3920 814 4015 868 Σιο

2449 912 2549 983 γὴν
2582 912 2851 973 habuerit,
2878 908 3258 974 masculosqne
3286 922 3411 961 cum
3446 904 3661 960 feminis
3692 908 3745 960 in
3770 909 4017 976 ogdoade

2451 1002 2812 1072 copulaverit,
2864 1015 2981 1053 cum
3020 999 3070 1050 id
3115 997 3335 1050 disertis
3360 997 3542 1050 verbis
3574 1008 3823 1050 asserant
3875 996 4016 1051 Gre-

2452 1098 2634 1165 gorius
2658 1092 2814 1155 Naz.,
2839 1090 3074 1152 Nicetas,
3103 1098 3156 1143 et
3181 1087 3328 1140 Elias
3356 1087 3627 1142 Cretensis
3662 1088 3787 1141 alibi
3820 1088 4016 1149 citati;

2450 1196 2504 1239 et
2549 1186 2930 1255 magistrorum
2979 1182 3304 1234 sententiam
3357 1196 3461 1234 non
3518 1180 3854 1242 conciderit,
3922 1182 4017 1232 sed

2450 1278 2633 1345 potius
2655 1277 2707 1326 in
2735 1274 3043 1326 immensum
3075 1271 3385 1337 extenderit,
3417 1280 3473 1323 ut
3498 1270 3737 1338 loquitur
3764 1270 4017 1323 Irenaeus.

2454 1366 2717 1429 Virtutes,
2753 1363 3029 1430 Principes
3056 1370 3109 1415 et
3140 1361 3379 1430 Angelos
3406 1362 3457 1415 in
3485 1360 3588 1415 565
3612 1360 3838 1427 classes,
3863 1360 4016 1427 juxta

2458 1458 2718 1513 caelorum
2753 1469 3060 1519 numerum,
3095 1453 3456 1507 distribuebat
3508 1450 3697 1521 (etelos
3736 1452 3877 1505 enim
3915 1452 4021 1505 365

2459 1546 2730 1615 ﬁngebat:
2790 1545 2867 1598 sic
2902 1544 3157 1598 nimirum
3210 1544 3485 1614 appellare
3541 1544 3812 1612 placuerat
3860 1543 4023 1598 orbes

2458 1653 2600 1705 quos
2634 1647 2781 1692 motu
2819 1637 3014 1690 diurno
3041 1636 3118 1690 sol
3147 1650 3473 1704 percurrere
3498 1635 3755 1702 videtur).
3782 1635 4021 1689 Primum

2452 1733 2684 1785 classem
2736 1744 2765 1783 a
2816 1728 3017 1798 Sophia
3066 1736 3119 1781 et
3172 1725 3393 1797 Dynami
3430 1723 3744 1793 productam
3780 1725 4021 1788 dicebat,

2455 1839 2575 1890 quae
2604 1823 2797 1877 deinde
2837 1822 3067 1892 primum
3095 1819 3288 1873 celum
3313 1827 3367 1871 et
3398 1816 3532 1871 alios
3562 1815 3795 1887 Angelos
3829 1815 4025 1870 condi—

2332 1957 2344 1981 .
2380 1921 2422 1975 Β
2452 1914 2621 1979 derit;
2657 1928 2685 1967 a
2717 1912 2913 1981 quibus
2943 1910 3149 1965 factum
3183 1909 3483 1961 secundum
3514 1908 3733 1969 cmlum,
3776 1916 3832 1961 et
3880 1906 4028 1962 alios

2448 2005 2713 2071 Angelos:
2743 2004 2810 2057 ab
2839 2004 2921 2055 his
2952 2002 3169 2055 tertium
3202 2000 3419 2062 ctelum,
3454 2008 3507 2052 et
3535 1998 3668 2051 alios
3702 1998 3883 2052 itidem
3912 2001 4028 2053 An—

2450 2097 2632 2163 gelos:
2669 2104 2723 2146 et
2751 2093 2827 2146 sic
2867 2092 3136 2160 gradatim
3170 2090 3304 2143 alios
3338 2090 3403 2143 ab
3429 2089 3549 2143 aliis
3575 2089 3866 2159 productos
3901 2092 4021 2143 An—

2450 2186 2597 2254 gelos
2643 2193 2695 2237 et
2747 2182 2913 2237 caelos
2964 2197 3135 2249 usque
3182 2181 3249 2234 ad
3297 2179 3399 2235 565
3446 2190 3501 2235 et
3560 2180 3829 2247 ultimum,
3876 2182 4027 2250 quod

2451 2276 2607 2330 nobis
2636 2275 2939 2344 proximum
2970 2284 3076 2338 est,
3104 2273 3322 2326 caelum.
3377 2273 3458 2327 Ab
3512 2271 3732 2341 Angelis
3761 2288 3890 2326 vero
3918 2274 4016 2341 qui

2451 2366 2740 2435 posteriori
2795 2375 3033 2432 praesunt
3074 2365 3212 2419 coelo
3256 2366 3508 2434 (quorum
3543 2365 3799 2432 princeps
3846 2363 3893 2416 is
3925 2364 4025 2434 qui

2449 2458 2757 2513 Jutlzeornm
2790 2455 2930 2511 Deus
2956 2458 3201 2527 dicitur),
3227 2457 3505 2511 conditum
3536 2456 3850 2510 inferiorem
3876 2457 4029 2511 hunc

2451 2550 2711 2601 mundum
2737 2547 2889 2614 cujus
2918 2550 3157 2616 regimen
3182 2559 3235 2602 et
3260 2547 3549 2615 imperium
3583 2546 3724 2600 inter
3751 2561 3811 2600 se
3833 2547 4026 2615 partiti

2450 2639 2673 2696 iuerint.
2709 2639 2929 2709 Angelis
2964 2654 3127 2708 porro
3161 2639 3269 2693 illis
3301 2639 3552 2693 omnibus
3607 2638 3837 2693 barbara
3873 2654 4029 2706 (μιξε-

2452 2736 2573 2783 dam
2612 2730 2851 2795 nomina,
2879 2746 3000 2800 quae
3030 2740 3297 2785 terrerent
3327 2731 3628 2798 imperitos,
3662 2731 4028 2799 imposuerat.

2452 2821 2756 2891 Principem
2776 2832 2952 2875 autem
2975 2837 3161 2878 eorum
3186 2837 3248 2875 ac
3275 2838 3585 2891 supremum
3611 2823 3799 2875 ducem
3835 2819 4033 2893 Ἀὅράρ

2452 2913 2568 2982 ξας,
2601 2914 2702 2979 vel,
2733 2924 2791 2968 ut
2819 2915 3014 2969 scribit
3065 2915 3414 2983 Epiphanius,
3459 2913 3730 2983 ’Δϐρασὰξ
3762 2915 4027 2979 vocabat;

2452 3006 2518 3058 de
2551 3020 2659 3075 quo
2683 3006 2900 3060 nomine
2928 3005 3050 3060 vide
3078 3006 3205 3074 quid
3242 3006 3293 3057 in
3335 3007 3475 3059 notis
3512 3007 3712 3059 nostris
3757 3006 4024 3059 diximus.

2451 3098 2831 3166 Atnusquam,
2885 3098 3027 3165 quod
3080 3096 3272 3160 sciam,
3304 3097 3539 3165 Angelos
3570 3097 3689 3150 illos
3732 3097 4031 3166 appellavit

2453 3187 2692 3253 Eones,
2734 3188 2877 3241 unde
2930 3188 3115 3241 mirari
3147 3189 3292 3241 subit
3324 3187 3711 3258 Hieronymum
3746 3192 3801 3242 in
3855 3203 4030 3257 supra

2454 3280 2621 3333 citato
2649 3278 2877 3347 Dialogo
2910 3289 3099 3332 contra
3137 3278 3532 3345 Luciferianos,
3589 3280 3883 3348 scripsisse
3913 3279 4027 3335 Ba-

2451 3369 2685 3433 silidem,
2730 3367 2834 3423 565
2886 3367 3087 3422 Αῖοηεε
3130 3381 3532 3421 commentatum
3582 3382 3729 3423 esse:
3786 3370 4033 3437 Angelos

2450 3463 2591 3515 enim
2626 3461 2691 3515 ab
2731 3459 2995 3514 AEonibus
3036 3460 3462 3529 distinguebant.

2520 3552 2644 3605 117.
2676 3551 2802 3608 Haec
2829 3551 2949 3607 fere
2978 3560 3104 3604 sunt
3136 3550 3186 3602 in
3218 3551 3417 3620 quibus
3452 3566 3479 3603 a
3519 3550 3906 3621 magistrorum
3936 3567 4029 3606 se-

2449 3644 2598 3697 mitis
2621 3643 2987 3697 declinaverat
3004 3641 3287 3695 Basilides.
3308 3642 3509 3694 Calera
3530 3641 3766 3710 perfecte
3782 3654 4030 3695 consen-

2453 3734 2672 3788 tiebant.
2699 3734 2895 3787 Eadem
2921 3733 3166 3801 utrisque
3194 3733 3259 3786 de
3281 3731 3355 3785 Ch
3368 3734 3483 3785 riSti
3511 3732 3764 3793 adventu,
3795 3733 4033 3801 ejusque

2450 3842 2635 3893 causa,
2670 3826 2898 3891 effectis,
2931 3841 2992 3879 ac
3024 3827 3182 3879 modo
3205 3863 3221 3889 ,
3287 3820 3569 3877 sententia.
3620 3824 3872 3877 Addebat
3901 3834 4029 3902 taq-

2452 3928 2583 3983 tum,
2617 3934 2721 3973 non
2753 3918 3027 3972 Christum
3064 3919 3261 3985 ipsum,
3289 3918 3441 3987 cujus
3464 3918 3865 3986 phantasticum
3897 3927 4030 3972 erat

2450 4026 2672 4079 corpus,
2706 4011 2799 4063 sed
2846 4008 3125 4061 Simonem
3164 4007 3502 4077 Cyrenmum,
3530 4017 3861 4066 commutata
3896 4024 4028 4061 cum

2449 4102 2668 4155 Christo
2694 4100 2863 4152 forma
2892 4114 2956 4153 ac
2989 4100 3197 4167 specie,
3225 4097 3274 4151 ei
3308 4098 3667 4166 suppositum,
3711 4097 3763 4150 in
3793 4113 4029 4153 crucem

2452 4187 2725 4243 sublatum
2755 4202 2910 4240 esse:
2955 4197 3287 4256 quapropter
3334 4202 3430 4240 eos
3478 4186 3623 4240 solos
3658 4186 3725 4240 ab
3776 4188 4030 4259 Angelo-

2452 4297 2568 4334 runt
2604 4281 2787 4334 mundi
2824 4281 3164 4334 conditorum
3223 4289 3491 4347 potestate
3542 4279 3877 4343 liberandos,
3929 4280 4032 4350 qui

2450 4374 2679 4427 alterum
2696 4374 2773 4439 ,ab
2801 4373 2975 4427 altero
2996 4373 3237 4442 apprime
3261 4373 3673 4441 distinguentes,
3693 4373 4029 4427 crucifixum

2450 4444 2795 4533 negaverint,
2827 4464 3086 4531 illumque
3111 4462 3347 4518 confessi
3382 4462 3605 4526 fuerint,
3637 4478 3739 4517 non
3769 4464 3865 4531 qui
3897 4480 4034 4519 crn—

2452 4553 2647 4607 ciflxus
2680 4554 2772 4618 sit,
2805 4555 2897 4607 sed
2934 4554 3023 4621 qui
3055 4552 3298 4623 crucifigi
3331 4554 3483 4607 visus
3519 4555 3619 4615 sit;
3670 4566 3760 4607 eos
3794 4556 4034 4622 proinde

2453 4644 2672 4698 insanos
2705 4658 2859 4710 esse,
2892 4646 2981 4713 qui
3038 4661 3135 4714 pro
3186 4647 3446 4700 cruciftxo
3479 4648 3797 4718 martyrium
3833 4646 4033 4701 subie-

2453 4742 2592 4803 rint;
2630 4748 2816 4807 utpote
2848 4739 3045 4808 quibus
3088 4740 3231 4792 nulla
3285 4743 3478 4795 mortis
3508 4757 3668 4811 quam
3703 4742 3755 4795 in
3785 4740 4035 4794 hominis

2454 4832 2679 4902 gratiam
2706 4833 2961 4896 obierint,
2992 4849 3203 4888 merces
3232 4834 3413 4887 futura
3445 4833 3533 4889 sit.
3563 4835 3642 4887 Ad
3680 4850 3800 4888 eam
3828 4838 4035 4894 distin-

2452 4923 2713 4987 ctionem,
2745 4923 2923 4992 impiis
2957 4925 3075 4979 istis
3106 4924 3454 4988 familiarem,
3484 4926 3623 4979 haud
3672 4926 3805 4979 satis
3833 4937 4035 4983 atten-

2452 5017 2596 5071 disse
2626 5015 2843 5071 videtur
2878 5016 3129 5071 Clemens
3182 5017 3337 5071 Alex.
3391 5018 3518 5072 dum
3567 5017 3787 5085 scripsit
3822 5020 3920 5073 lib.
3969 5037 4029 5076 tv

2455 5105 2684 5171 Strom.,
2718 5107 2859 5173 quod
2892 5106 3152 5161 Basilides
3175 5109 3436 5161 hominem
3468 5108 3720 5177 peccandi
3762 5118 4034 5174 potestate

2450 5200 2730 5268 promitum
2756 5214 2915 5251 ausus
2944 5208 3071 5252 esset
3100 5200 3273 5252 dicere
3302 5200 3613 5252 Dominum:
3640 5201 3782 5269 quod
3817 5200 4032 5257 falsum

2451 5291 2681 5357 videtur,
2711 5290 2755 5343 si
2793 5292 2858 5343 ad
2892 5304 3076 5344 verum
3110 5292 3388 5347 Christum
3422 5292 3719 5357 referatur,
3753 5308 3919 5361 quem
3960 5313 4037 5352 ne

2452 5381 2723 5437 hominem
2755 5382 2973 5450 quidem
3030 5398 3152 5437 esse
3194 5385 3468 5439 fatebatur
3505 5403 3515 5434 :
3559 5394 3834 5453 utcunque
3886 5384 4034 5441 ferri

2452 5482 2631 5541 potest
2657 5473 2698 5526 si
2728 5472 2797 5525 de
2828 5474 3087 5527 ementito
3121 5474 3361 5538 Christo,
3388 5490 3582 5543 nempe
3616 5473 3840 5529 Simone
3862 5474 4038 5546 Cyre-

2456 5581 2573 5621 nzeo
2629 5567 2981 5637 intelligatur,
3020 5569 3110 5636 qui
3148 5569 3249 5621 sub
3278 5569 3481 5623 Christi
3528 5568 3711 5638 specie
3743 5582 3805 5622 ac
3844 5568 4035 5637 figura

2455 5661 2603 5714 cruci
2636 5660 2825 5715 allixus
2858 5661 2981 5716 fuit.
3016 5662 3215 5715 Eadem
3262 5662 3423 5716 etiam
3459 5664 3704 5730 utrisque
3752 5660 4034 5719 eﬂ'renala

3739 5774 3782 5805 ³⁸
3811 5775 3938 5829 Lib.
3978 5793 4033 5831 Ἠ

2903 5853 2946 5881 ³³
2985 5851 3101 5904 Lib.
3142 5867 3181 5915 t,
3214 5846 3265 5906 1:.
3303 5852 3357 5905 '5.
3480 5849 3524 5878 '°
3558 5846 3781 5909 l’rzese.,
3816 5862 3870 5901 c.
3904 5847 3981 5903 £6
4010 5885 4033 5917 ,
