4180 6332
189 384 277 442 157
887 375 1344 433 DlSSEBTATiO
1377 375 1417 442 1,
1455 373 1613 432 All'l'.
1652 374 1745 435 Ill.

1874 419 1876 427 ν
1914 372 2291 428 VALENTINI
2331 369 2721 427 MAGISTRIS.

3339 368 3438 421 158

195 505 394 574 quidvis
422 503 626 572 agendi
652 502 896 566 licentia,
919 516 1125 553 morum
1158 502 1461 569 corruptio,
1492 498 1544 552 in
1567 497 1765 568 ﬂagitia
1797 502 1843 566 Α
1873 497 2162 560 daemonia,
2198 510 2318 565 quae
2349 495 2586 548 animam
2620 503 2861 556 movent,
2898 476 3251 559 perturbant,
3279 501 3332 544 et
3372 491 3438 544 ad

191 596 430 667 quaelibet
449 593 700 664 praeceps
717 593 907 655 libido,
925 601 983 646 et
998 592 1329 661 magicarum
1350 590 1547 642 artium
1568 589 1767 651 studia,

191 682 287 744 imo
307 699 362 742 et
383 686 710 741 idololatria:
723 684 959 748 scelera;
982 698 1102 736 nam
1117 681 1282 737 certis
1298 681 1617 750 quibusdam
1640 680 1772 733 ima-

189 778 396 847 ginibus
413 773 689 829 nefarium
713 773 921 828 cultum
943 772 1296 826 adhibebant.
1327 770 1430 825 Sed
1475 771 1525 823 in
1555 779 1770 822 neoten-

189 869 270 920 dis
289 865 427 920 dolis
461 865 696 933 peritior
723 863 974 924 caeteris,
1017 860 1392 916 dissimulandi
1434 874 1608 913 artem
1654 859 1769 912 suis

189 959 362 1013 sedulo
384 956 827 1023 commendabat,
880 947 982 1010 neu
1020 965 1183 1008 secta:
1238 968 1347 1008 suae
1383 967 1584 1006 arcana
1616 992 1631 1017 ,
1665 952 1767 1006 nisi

189 1049 545 1119 paucissimis,
583 1049 754 1116 iisque
779 1048 900 1102 tidis
923 1063 985 1101 ac
1002 1047 1167 1100 certis
1194 1059 1422 1114 usquam
1456 1044 1765 1113 proderent.

188 1145 492 1212 frequenter
515 1142 824 1196 inculcabat
852 1155 867 1193 :
891 1157 997 1194 non
1030 1139 1227 1192 multos
1258 1138 1525 1207 siquidem
1559 1137 1624 1190 ad
1653 1139 1770 1191 haec

187 1236 500 1307 excipienda
527 1243 872 1304 comparatos
887 1248 1028 1294 esse,
1051 1232 1145 1286 sed
1170 1231 1257 1284 vix
1281 1245 1444 1284 unum
1470 1248 1500 1283 e
1529 1228 1695 1293 mille,
1716 1236 1769 1281 et

188 1329 282 1385 duo
299 1343 327 1380 e
347 1328 536 1381 decem
561 1324 819 1380 millibus.
852 1323 979 1377 Date
993 1338 1226 1391 operam,
1252 1321 1444 1376 crebro
1462 1318 1765 1389 ingemina-

189 1423 292 1482 bat,
312 1428 371 1472 ut
407 1420 585 1471 omnia
617 1419 962 1487 cognoscatis,
984 1433 1131 1469 nemo
1145 1430 1262 1468 vero
1283 1430 1373 1467 vos
1395 1423 1670 1482 cognoscat
1698 1412 1763 1464 ".

189 1511 360 1578 Quare
392 1520 661 1564 uttacere
710 1511 878 1563 tutius
931 1508 1244 1571 discerent,
1298 1505 1764 1575 Pythagoreorum

190 1619 333 1658 more
361 1613 421 1657 et
456 1603 728 1668 instituto,
765 1603 850 1656 bis
888 1601 977 1670 qui
1027 1616 1085 1654 se
1117 1601 1168 1654 in
1205 1599 1375 1668 ipsius
1418 1597 1765 1666 disciplinam

192 1700 499 1762 tradebant,
521 1697 885 1767 quinquennii
916 1696 1197 1750 silentium
1223 1695 1594 1765 praecipiebat.
1630 1694 1767 1748 Hinc.

191 1805 382 1860 negare
417 1789 599 1853 (idem,
626 1789 1060 1858 quotiescunque
1085 1800 1143 1842 se
1171 1787 1333 1840 dabat
1378 1787 1597 1842 occasio
1617 1827 1632 1848 ,
1662 1787 1759 1839 mi.

1876 586 2072 638 malum
2107 585 2413 652 impellunt.
2446 585 2760 638 Audiendus
2792 581 3056 652 Origenes
3088 622 3104 644 ,
3172 583 3319 635 bom.
3373 581 3438 636 15

1874 678 1926 732 in
1955 676 2142 732 Jesum
2170 678 2351 735 Nave:
2391 677 2541 733 Unde
2573 678 2700 731 mihi
2730 677 2938 731 videtur
2978 676 3174 743 inquit,
3211 691 3322 728 esse
3353 677 3440 728 iu-

1869 771 2051 838 ﬁnitus
2080 772 2294 842 quidam
2323 787 2570 825 numerus
2599 769 2988 823 contrariarum
3041 769 3313 832 virtutum,
3343 783 3439 837 pro

1870 880 1928 915 eo
1949 865 2088 933 quod
2110 881 2201 932 per
2222 864 2452 932 singulos
2478 863 2712 914 homines
2742 872 2861 915 sunt
2886 861 3102 929 spiritus
3133 861 3321 930 aliqui,
3354 860 3439 914 di-

1870 973 2018 1009 uersa
2044 956 2096 1009 ιἰι
2121 957 2187 1009 iis
2204 967 2535 1024 peccatorum
2557 971 2746 1024 genera
2769 954 3059 1009 molientes.
3087 951 3238 1006 Verbi
3254 969 3439 1018 causa,

1871 1058 1943 1099 est
1967 1047 2159 1117 aliquis
2182 1046 2550 1115 fornicationis
2575 1048 2813 1114 spiritus,
2835 1057 2908 1098 cst
2929 1046 3024 1099 ira:
3039 1045 3256 1113 spiritus
3278 1043 3438 1107 alius,

1868 1149 1945 1192 est
1964 1139 2196 1194 avaritia:
2215 1141 2451 1209 spiritus,
2468 1139 2604 1194 alius
2629 1130 2745 1194 vero
2763 1137 3039 1206 superbire.
3063 1135 3127 1190 Et
3150 1137 3441 1206 siinuénias

1869 1249 1977 1284 esse
1989 1231 2506 1298 aliquemhominem,
2522 1231 2704 1300 qui/tis
2724 1231 2963 1284 omnibus
2980 1232 3154 1292 ntalis,
3177 1232 3443 1282 autetiam

1869 1325 2107 1390 pluribus
2141 1326 2412 1393 agitatur;
2446 1341 2621 1378 omnes
2653 1325 2767 1390 hos,
2803 1322 2881 1377 vel
2911 1324 3068 1376 etiam
3099 1323 3274 1390 plures
3304 1325 3356 1376 in
3389 1340 3442 1376 se

1871 1420 2065 1472 habere
2102 1419 2345 1472 inimicos
2400 1421 2670 1488 putandus
2702 1427 2778 1471 est
2811 1418 3051 1486 spiritus:
3086 1415 3233 1471 Unde
3279 1428 3326 1470 et
3353 1433 3446 1486 per

1870 1510 2100 1579 singulos
2130 1511 2304 1579 plures
2333 1521 2444 1564 esse
2467 1511 2713 1571 credendi
2738 1520 2899 1574 sunt;
2929 1510 3054 1580 quia
3105 1526 3206 1562 non
3253 1509 3446 1562 habent

1871 1602 2077 1670 singula
2110 1602 2304 1672 singuli
2327 1603 2560 1656 homines
2583 1603 2731 1665 vitia,-
2759 1601 2834 1655 t'el
2860 1610 3071 1668 peccata
3093 1602 3442 1663 committunt;

1869 1693 1959 1744 sed
1983 1697 2140 1762 plura
2170 1693 2234 1745 ab
2265 1709 2578 1762 unoquoque
2610 1694 2850 1746 videntur
2891 1693 3122 1745 admitti.
3160 1691 3224 1744 Et
3256 1692 3444 1744 iterum

1871 1801 1972 1837 non
1997 1793 2074 1838 est
2097 1785 2415 1854 putandum,
2447 1787 2587 1854 quod
2639 1801 2776 1837 unus
2820 1783 3186 1838 fornicationis
3227 1784 3444 1853 spiritus

193 1880 330 1933 nime
358 1879 710 1934 dubitabant.
743 1878 1073 1947 Interrogati
1104 1892 1252 1940 vero,
1282 1875 1500 1932 Iudaeos
1547 1880 1762 1947 quidem
1796 1877 1839 1932 B
1866 1877 2082 1929 seducat
2114 1870 2253 1942 eum,
2277 1878 2391 1946 qui,
2415 1894 2466 1930 υ.
2502 1895 2579 1947 g.,
2620 1879 2674 1930 in
2703 1877 2996 1931 Britanniis
3033 1877 3330 1946 fornicatur
3352 1917 3365 1938 ,
3396 1887 3444 1928 et

196 1987 249 2025 se
279 1987 400 2026 esse
435 1973 732 2042 negabant,
761 1973 1105 2027 Christianos
1136 1986 1268 2025 vero
1301 1971 1540 2024 nondum
1576 1971 1764 2024 fuisse.

196 2063 248 2118 Si
271 2064 356 2117 cui
391 2065 711 2133 martyrium
760 2064 915 2118 obire
963 2065 1328 2133 contingeret,
1363 2073 1575 2116 tantum
1612 2066 1769 2117 abest

196 2167 252 2212 ut
302 2157 356 2210 id
414 2157 466 2209 in
525 2156 789 2226 singulari
842 2156 1110 2212 beneﬁcio
1144 2159 1431 2226 deputaret
1461 2156 1765 2221 Basilides,

195 2251 318 2320 quin
342 2253 528 2319 potius
561 2262 779 2318 pinnam
817 2262 944 2302 esse
983 2249 1362 2314 contenderet,
1391 2263 1560 2316 quam
1593 2246 1770 2302 lueret

193 2340 303 2408 ejus
330 2342 514 2396 anima
547 2341 616 2394 ob
643 2349 926 2408 peccatum
953 2340 1005 2392 in
1031 2339 1136 2392 alia
1171 2341 1282 2392 vita
1314 2348 1595 2406 patratum
1622 2360 1633 2394 :
1673 2340 1771 2394 bo-

194 2434 658 2488 norilicentiorem
690 2432 911 2502 quidem
945 2432 1013 2485 iis
1046 2446 1186 2500 quas
1211 2432 1456 2500 pendunt
1495 2431 1614 2485 aliae
1648 2433 1770 2485 ani-

199 2538 329 2589 mae,
392 2523 711 2578 domesticis
752 2520 1033 2590 suppliciis
1085 2520 1402 2590 puniendre;
1439 2529 1495 2574 at
1550 2533 1768 2589 pinnam

199 2627 371 2672 tamen
412 2619 480 2671 “.
529 2616 662 2669 Nam
693 2617 907 2669 animas
931 2615 1054 2668 ideo
1084 2615 1135 2666 in
1175 2614 1321 2669 banc
1350 2615 1518 2666 vitam
1555 2613 1770 2667 detrudi

199 2712 470 2776 censebat,
510 2708 657 2778 quod
689 2709 742 2762 in
777 2707 952 2760 altera
987 2714 1344 2775 peccassent:
1408 2705 1516 2758 imo
1561 2704 1771 2759 bellua-

199 2817 309 2857 mm
340 2813 436 2857 aut
462 2802 645 2854 arium
681 2799 1007 2867 corp0ribus
1055 2798 1207 2866 prius
1238 2796 1514 2852 interdum
1546 2795 1770 2867 illigari,

198 2910 354 2963 quam
403 2891 684 2947 humanis.
714 2889 841 2955 Qua:
876 2889 1119 2943 Platonis
1176 2888 1512 2942 sententiam
1552 2886 1618 2940 de
1651 2888 1771 2940 ani-

199 3000 400 3039 marum
425 2982 883 3053 praeexsistentia,
914 2991 1161 3048 peccato,
1185 2989 1238 3033 et
1270 2977 1538 3047 supplicio
1571 2980 1623 3031 in
1653 2993 1775 3032 cor-

201 3077 417 3144 poribus
450 3075 654 3129 luendo
690 3075 829 3127 satis
863 3072 1010 3126 clare
1045 3075 1304 3142 produnt,
1330 3081 1388 3124 ut
1417 3081 1472 3125 et
1497 3069 1773 3143 μετεμψυ-

199 3167 411 3239 χώσεως
438 3176 834 3227 commentum,
868 3165 1023 3234 cujus
1070 3165 1278 3234 primus
1308 3175 1501 3217 auctor
1537 3162 1640 3216 fuit
1665 3162 1773 3233 Py—

1873 1968 2021 2022 illum
2043 1970 2134 2038 qui
2161 1971 2216 2023 in
2248 1969 2433 2034 India,
2463 1981 2512 2024 'et
2541 1973 2594 2024 in
2621 1971 2744 2024 aliis
2774 1965 2939 2032 locis:
2965 1987 3124 2038 neque
3151 1985 3312 2022 unum
3335 1986 3446 2022 esse

1873 2063 2114 2130 spiritum
2144 2062 2259 2127 irae,
2296 2064 2387 2131 qui
2413 2060 2635 2116 diversis
2687 2064 2742 2116 in
2777 2062 2910 2116 locis
2935 2061 3166 2115 diversos
3209 2060 3446 2113 homines

1873 2156 2066 2223 agitet;
2094 2158 2181 2208 sed
2216 2165 2343 2223 puto
2401 2155 2569 2224 magis
2624 2156 2915 2224 principem
2965 2155 3173 2224 quidem
3215 2154 3446 2223 fornica-

1876 2247 2037 2299 tionis
2065 2263 2229 2300 unum
2255 2263 2406 2312 esse;
2441 2250 2749 2301 innumeros
2776 2264 2892 2302 vero
2917 2263 3050 2313 esse,
3073 2249 3163 2316 qui
3197 2248 3248 2300 in
3275 2244 3371 2298 hoc
3400 2246 3447 2297 ei

1874 2339 2039 2408 oﬁicio
2068 2348 2288 2406 pareant
2319 2348 2365 2393 et
2413 2353 2506 2407 per
2531 2338 2764 2408 singulos
2810 2355 3041 2409 quosque
3090 2337 3326 2391 homines
3360 2336 3446 2388 di-

1873 2431 2007 2482 uersi
2035 2431 2271 2498 spiritus,
2297 2433 2389 2484 sub
2417 2447 2476 2484 eo
2503 2431 2741 2498 principe
2771 2429 3079 2495 militantes,
3109 2432 3177 2484 ad
3203 2429 3447 2499 hujusce-

1876 2522 2120 2574 modieos
2150 2531 2363 2590 peccata
2417 2521 2719 2574 sollicitent.
2755 2518 3014 2574 Similiter
3060 2532 3105 2575 et
3155 2507 3474 2574 iracundias.

1875 2614 2123 2680 spiritum
2148 2614 2437 2680 principem
2465 2629 2627 2664 unum
2676 2629 2787 2666 esse
2818 2615 3089 2677 arbitror;
3145 2617 3448 2668 innumeros

1874 2723 1995 2761 vero
2021 2723 2130 2759 esse
2167 2707 2262 2759 sub
2294 2707 2405 2771 ipso
2439 2718 2672 2776 agentes,
2698 2709 2784 2778 qui
2829 2723 2922 2774 per
2947 2707 3185 2775 singulos
3215 2725 3451 2776 quosque

1876 2800 2109 2852 homines
2136 2798 2435 2866 hujusmodi
2461 2800 2570 2852 vitii
2591 2810 2803 2867 peccata
2828 2803 3167 2855 succendant.
3197 2800 3453 2855 Simzliter

1875 2902 1921 2945 et
1955 2891 2196 2945 auaritia:
2235 2907 2398 2944 unum
2450 2908 2562 2944 esse
2591 2893 2913 2961 principem;
2950 2893 3024 2945 sic
3078 2907 3123 2945 et
3167 2895 3446 2961 superbiat,

1875 2991 1928 3037 et
1955 2991 2269 3037 cwterorum
2295 2982 2581 3044 malorum,
2615 2991 2721 3036 etc.
2760 2983 2959 3036 Eadem
2990 2984 3152 3038 habet
3190 2987 3255 3036 ad
3285 2984 3450 3040 Joan-

1878 3091 2000 3131 nem
2033 3089 2153 3141 vnt,
2180 3074 2269 3130 49.
2299 3074 2460 3127 Plura
2513 3075 2617 3128 alia
2653 3090 2773 3129 eam
2818 3075 2872 3127 in
2914 3090 3030 3128 rem
3067 3087 3310 3130 veterum
3346 3077 3448 3131 Pa-

1880 3179 2019 3222 trum
2054 3167 2363 3222 testimonia
2396 3165 2564 3220 refert
2588 3165 2894 3220 Cotelerius
2941 3168 2992 3220 in
3030 3168 3172 3221 notis
3202 3169 3268 3221 ad
3317 3166 3450 3221 [ler-

203 3259 480 3328 tbagoras,
518 3257 564 3310 si
617 3255 837 3310 Laertio
885 3253 930 3285 "
963 3255 1117 3309 ﬁdes.
1150 3254 1364 3308 Primus
1403 3256 1550 3309 enim
1611 3256 1770 3307 sensit
1799 3249 1844 3306 Ο
1877 3269 1978 3309 ma:
2005 3254 2158 3310 Past.
2189 3258 2262 3311 lib
2294 3274 2354 3320 ll,
2406 3273 2526 3326 cap.
2560 3258 2613 3310 2.
2646 3256 2788 3324 Jam,
2826 3259 2876 3310 ni
2926 3257 3107 3327 fallor,
3144 3260 3286 3313 haud
3318 3262 3454 3314 adeo

201 3350 423 3401 animum
449 3349 709 3401 circulum
735 3350 1055 3402 necessitatis
1075 3351 1467 3413 immutantem,
1492 3349 1612 3403 aliis
1637 3351 1776 3403 alias

201 3440 394 3507 illigari
433 3439 821 3492 animantibus.
859 3440 926 3491 At
952 3440 1002 3492 id
1050 3439 1116 3492 ab
1149 3438 1419 3510 Egyptiis
1467 3450 1774 3508 acceperat.

202 3526 330 3582 Nam
363 3529 696 3595 Herodotus,
724 3531 776 3582 in
805 3527 1049 3595 Euterpe,
1100 3528 1384 3598 Egyptios
1409 3530 1612 3596 primos
1638 3531 1776 3582 banc

202 3624 528 3676 sententiam
563 3621 861 3674 tradidisse
906 3623 1003 3676 ait.
1056 3622 1525 3692 Consentiunlque
1553 3622 1778 3677 Jambli-

201 3727 318 3776 cus,
355 3714 454 3767 lib.
493 3729 506 3765 ι
544 3713 618 3766 De
646 3714 750 3766 vita
796 3711 1139 3782 Pythagora,
1167 3729 1285 3784 cap.
1317 3715 1373 3778 5,
1425 3727 1482 3768 et
1528 3717 1774 3779 Pltotius,

204 3805 255 3858 in
289 3803 637 3868 Bibliotheca,
681 3819 732 3871 p.
774 3803 933 3857 1004.

272 3897 392 3952 118.
429 3895 448 3968 [
476 3896 648 3967 LXII]
680 3895 823 3949 Duas
873 3910 1088 3964 quoque
1118 3895 1168 3947 in
1211 3895 1368 3950 nobis
1401 3896 1611 3950 animas
1661 3905 1776 3950 sla--

202 3990 368 4044 tuisse
397 3989 725 4051 Basilidem,
759 3987 900 4040 sicut
951 3996 1005 4038 et
1051 3985 1454 4055 Pythagoreos,
1519 3996 1775 4040 testatum

201 4078 330 4134 facit
359 4079 613 4134 Clemens
640 4077 709 4141 ⁸⁸,
738 4078 960 4129 alterum
996 4076 1317 4140 belluinam,
1340 4078 1564 4130 alteram
1603 4078 1776 4131 ratio-

201 4172 396 4226 nalem.
459 4171 567 4226 Sed
614 4171 734 4239 quis
770 4171 960 4223 ltuicce
1025 4168 1266 4238 dogmati
1321 4170 1494 4223 subsit
1543 4184 1774 4233 sensus,

201 4267 513 4333 aperuimus
544 4265 614 4319 de
669 4263 959 4317 Valentino
1007 4262 1373 4325 disserentes,
1396 4265 1607 4320 scilicet
1640 4264 1777 4316 duas

201 4357 396 4411 animat
429 4367 628 4411 nostra:
658 4367 840 4422 partes
867 4369 1010 4421 esse,
1033 4370 1278 4420 sensum,
1302 4367 1463 4422 quem
1492 4354 1772 4408 nobiscum

201 4451 534 4520 participant
567 4449 779 4508 bellure,
828 4456 884 4500 et
917 4457 1156 4501 mentem
1183 4487 1198 4512 ,
1256 4460 1353 4514 per
1397 4460 1562 4514 quam
1607 4446 1673 4500 ab
1708 4446 1775 4499 iis

200 4539 522 4594 differimus.
570 4539 698 4605 Quae
731 4538 1197 4608 Pythagoreorum
1228 4536 1497 4591 sententia
1530 4547 1585 4590 et
1606 4537 1773 4604 expli-

1876 3362 2165 3417 operosum
2192 3347 2300 3402 erit
2335 3349 2633 3418 explicare,
2668 3352 2798 3417 quid
2850 3351 2957 3405 sibi
3007 3352 3204 3406 vellent
3254 3352 3450 3406 Basili-

1879 3439 2046 3501 diani,
2077 3454 2199 3492 cum
2230 3439 2423 3492 animae
2458 3440 2892 3506 perturbationes
2945 3442 3296 3507 definiebant,
3345 3445 3454 3513 spi-

1878 3527 2007 3580 ritus
2029 3527 2283 3597 quosdam
2307 3528 2592 3582 secundum
2612 3532 2968 3590 substantiam
2993 3547 3244 3601 appensos
3264 3533 3455 3586 animm

1877 3618 2171 3681 rationali,
2217 3619 2400 3672 habita
2439 3621 2646 3674 ratione
2701 3623 3115 3688 perturbationis
3167 3624 3451 3694 cujusdam

1879 3711 2186 3778 principalis
2225 3730 2236 3764 :
2283 3712 2577 3782 Πνεύματὰ
2611 3730 2730 3766 τινα
2768 3716 2888 3766 κατ’
2919 3716 3105 3770 οὐσίαν
3145 3734 3456 3789 προσηρτη-

1882 3802 2017 3872 μένα
2050 3806 2113 3872 τῇ
2142 3803 2329 3874 λογικῇ
2362 3805 2527 3875 ψυχῇ.
2562 3806 2701 3859 κατά
2736 3824 2854 3858 τινα
2903 3809 3140 3879 τάραχον
3183 3811 3276 3862 καὶ
3325 3812 3457 3880 σύγ-

1878 3912 2033 3964 χυσιν
2058 3897 2311 3966 ἀρχικήν,
2345 3897 2599 3952 Eamdetn
2632 3900 2760 3964 ipsis
2791 3915 2912 3952 cum
2965 3901 3196 3968 Origene
3230 3913 3453 3955 senten-

1884 3989 2012 4039 tiam
2033 3986 2201 4045 fuisse
2224 3996 2371 4055 puto:
2399 4001 2592 4056 nempe
2609 3990 2832 4056 spiritus
2858 3990 3030 4044 malos
3045 3979 3148 4045 seu
3165 3993 3451 4057 daenmnia,

1881 4081 2076 4146 quibus
2108 4079 2291 4131 anima
2342 4080 2488 4131 velut
2537 4081 2840 4145 obsidetur,
2883 4084 3172 4151 propositis
3205 4085 3459 4140 inescan-

1880 4169 2024 4221 tibus
2052 4183 2116 4222 ac
2168 4168 2459 4223 fallacibus
2489 4170 2718 4238 objectis
2766 4174 2946 4227 varias
2977 4173 3029 4225 in
3063 4189 3124 4227 ea
3163 4177 3456 4242 perturba-

1883 4261 2054 4313 tiones
2086 4259 2262 4325 ciere;
2297 4275 2462 4313 unum
2499 4271 2682 4317 tamen
2719 4278 2839 4318 esse
2889 4263 2942 4317 in
2997 4281 3323 4334 unoquoque
3359 4268 3456 4321 ho-

1880 4351 2026 4403 mine
2048 4361 2105 4404 ut
2128 4352 2426 4422 principem
2449 4354 2771 4420 daemonem,
2792 4356 2876 4409 cui
2897 4358 3076 4410 caueri
3102 4356 3452 4423 famulentur,

1879 4444 1959 4495 sic
2001 4451 2055 4495 et
2090 4441 2344 4498 affectum
2397 4446 2772 4498 dominantem
2828 4461 2856 4498 a
2908 4463 3016 4516 quo
3071 4449 3260 4516 reliqui
3318 4465 3452 4518 pen-

1880 4534 2042 4586 deant
2073 4544 2147 4595 ,et
2173 4549 2202 4587 a
2233 4550 2340 4602 quo
2377 4534 2701 4590 referantur.
2738 4536 2998 4606 llancque
3047 4539 3216 4594 luisse
3244 4540 3456 4595 Basili-

201 4633 343 4686 catio
374 4643 512 4697 erat,
551 4643 608 4684 ut
634 4632 773 4699 apud
804 4631 1080 4684 Laertinm
1106 4629 1290 4683 videre
1317 4637 1399 4682 est
1424 4628 1619 4698 p.5l2,
1645 4628 1771 4682 5l5.
1807 4627 1843 4634 ”
1879 4627 2168 4680 dianorum
2223 4639 2458 4682 mentem
2505 4628 2790 4683 conlirmat
2846 4634 3138 4700 ipsummet
3181 4630 3454 4688 Valentini

199 4722 373 4778 Paulo
411 4724 694 4778 obscurius
727 4721 870 4790 quod
906 4722 1105 4775 ibidem
1137 4722 1328 4774 scribit
1365 4720 1638 4785 Clemens,
1673 4719 1776 4772 Ba-

200 4814 378 4870 silidis
412 4815 786 4868 sectatoribus
820 4813 1020 4874 visum,
1085 4814 1518 4880 perturbationes
1581 4812 1771 4870 animi,

197 4923 338 4976 quas
372 4909 805 4979 προσαρτὴματα
839 4905 1134 4968 vocabant,
1170 4904 1224 4957 id
1268 4914 1356 4958 est
1406 4905 1770 4973 appendices,

197 5003 462 5070 quosdam
486 5015 615 5066 esse
663 4998 888 5069 spiritus
936 4999 1232 5052 secundum
1285 4997 1644 5059 substantiam
1681 5013 1775 5066 ap-

196 5109 400 5163 pensos
427 5096 625 5147 animat
653 5090 930 5155 rationali,
961 5089 1144 5144 habita
1170 5090 1385 5144 ratione
1409 5089 1774 5159 perturbatio-

195 5187 283 5239 nis
315 5184 594 5252 cujusdam
624 5185 974 5255 principalis;
1022 5186 1159 5240 alias
1185 5193 1361 5237 autem
1411 5181 1770 5245 adulterinas,

192 5289 247 5332 et
284 5279 486 5333 diversi
516 5279 763 5348 generis,
803 5279 1090 5348 spirituum
1150 5289 1377 5334 naturas
1411 5277 1476 5328 iis
1523 5276 1769 5338 adnasci,

196 5382 252 5423 ut
311 5358 450 5439 lupi,
506 5373 702 5438 simiae,
739 5370 938 5435 leonis,
968 5372 1103 5434 ursi,
1163 5369 1362 5438 quibus
1401 5369 1583 5421 anima
1636 5382 1767 5434 pro-

195 5464 461 5530 prietates
491 5465 776 5518 brutorum
809 5464 1167 5517 animantium
1221 5460 1641 5532 proprietatibus
1689 5458 1766 5511 si-

196 5557 356 5610 miles
390 5557 580 5610 induit.
614 5555 708 5611 llis
736 5572 870 5610 vero
901 5556 1074 5610 lucem
1123 5555 1283 5609 alIert
1333 5555 1457 5608 trita
1492 5551 1769 5605 veteribus

194 5662 298 5701 non
328 5649 513 5714 paucis
541 5647 798 5705 Patribus
830 5651 1105 5705 sententia
1134 5690 1150 5715 ,
1202 5649 1331 5702 vitia
1365 5645 1592 5699 totidem
1647 5659 1769 5697 esse

197 5831 208 5843 '
264 5761 576 5843 ‘_‘_Agrippa
607 5763 752 5843 cast:
783 5765 934 5843 apud
956 5763 1285 5843 Euseb.,_l.‘_
1315 5777 1368 5817 Iv
1410 5760 1577 5843 bist...
1613 5776 1664 5814 c.

195 5832 246 5886 in
283 5832 445 5887 Rom.
487 5850 535 5887 ν.
642 5833 689 5864 ⁸³
726 5833 780 5888 In
818 5834 1071 5903 Pytbag.,
1102 5849 1154 5903 p.
1186 5832 1311 5890 ιηῡ.

513 5932 784 5994 ΡΔΤΗΟῙ..
814 5932 949 5992 'Gu.
996 5936 1131 5997 VII.

1875 4724 2270 4789 testimonium,
2292 4724 2435 4793 quod
2457 4740 2485 4778 e
2501 4725 2729 4792 quadam
2748 4725 2865 4793 ejus
2887 4726 3113 4794 epiStola
3138 4728 3453 4796 decerptum
3477 4761 3480 4764 ~

1876 4813 2078 4866 ibidem
2130 4814 2298 4868 refert
2333 4815 2609 4871 Clemens.
2669 4816 2762 4871 llle
2810 4819 2954 4871 enim
2988 4816 3450 4873 Basilidiauorum

1872 4906 2204 4972 appendices
2228 4906 2529 4975 explicans,
2567 4909 2642 4961 ait
2689 4923 2786 4963 cor
2834 4919 3081 4963 n03trum
3114 4924 3233 4965 esse
3271 4911 3452 4966 diver-

1880 5001 2027 5053 sorio
2078 4999 2286 5063 simile,
2319 5000 2508 5068 inquo
2543 5002 2694 5055 multi
2756 5003 3067 5055 habitantes
3116 5005 3361 5071 spiritus,
3398 5006 3449 5059 id

1884 5091 2136 5142 mundum
2153 5104 2271 5144 esse
2285 5092 2601 5157 nonsinant;
2621 5109 3052 5163 unumquemque
3066 5105 3244 5148 autem
3260 5109 3449 5149 eorum

1880 5184 2094 5248 propria
2126 5182 2335 5235 edicere
2367 5198 2555 5252 Opera,
2597 5185 2868 5240 indecoris
2923 5202 3064 5256 saepe
3096 5189 3449 5243 insultantem

1880 5275 2287 5342 cupiditatibus.
2330 5276 2468 5342 Quia
2520 5291 2650 5330 vero
2683 5278 2913 5348 duplicis
2957 5282 3174 5350 generis
3219 5281 3449 5335 allectus

1879 5367 2135 5436 distingui
2189 5379 2443 5436 possunt,
2478 5370 2567 5423 alii
2620 5373 2794 5441 magis
2823 5372 3120 5440 spiritales,
3155 5384 3233 5436 et,
3286 5384 3341 5424 ut
3375 5377 3447 5427 ita

1879 5459 2078 5520 dicam,
2128 5458 2544 5524 delatcatiores,
2593 5476 2822 5529 quorum
2871 5463 3085 5531 objecta
3141 5481 3166 5517 a
3221 5465 3449 5518 materia

1882 5551 2022 5604 haud
2058 5551 2130 5604 ita
2173 5555 2472 5619 pendeant;
2529 5554 2616 5606 alii
2669 5558 2985 5620 crassiores,
3036 5558 3126 5626 qui
3187 5573 3335 5611 caeco
3386 5572 3451 5612 ac

1883 5659 2049 5714 prope
2083 5645 2323 5699 belluiuo
2366 5647 2573 5715 impetu
2608 5647 2851 5704 ferantur
2883 5651 2936 5704 in
2968 5667 3029 5703 ea
3060 5667 3179 5720 qua:
3208 5655 3449 5708 materia:

1845 5759 2103 5838 "_Clem_.
2153 5761 2344 5821 Alex”
2413 5763 2775 5838 Stromhlib.
2823 5781 2895 5830 tv,
2929 5781 2980 5834 ρ.
3024 5765 3155 5833 506;
3191 5766 3446 5838 Ot'igcn..

1408 5832 1454 5865 “
1483 5830 1657 5885 Clem.
1688 5832 1870 5896 Μυκη
1909 5833 1943 5885 l.
1981 5846 2017 5883 tt
2047 5831 2277 5898 Strom.,
2311 5849 2364 5900 p.
2401 5833 2525 5899 408,
2566 5834 2689 5888 409.

3093 5932 3127 5990 ελ
