4180 6332
762 365 862 419 139

1547 355 2148 413 τυιεδειιτλτιοκεε
2184 354 2491 411 PREVIE
2531 353 2598 410 IN
2640 354 2899 412 IRENEI
2935 353 3207 413 LIBROS.

3891 358 3996 415 NO

761 480 925 534 altius
949 477 1224 542 immersa,
1248 475 1441 532 belluis
1468 475 1637 546 magis
1661 490 1825 547 quam
1858 476 2171 531 hominibus
2192 489 2322 531 con-
2356 483 2402 537 Α
2434 491 2584 542 mum
2617 474 2833 531 Patrem
2886 476 3145 534 evolaret.
3187 474 3374 547 Neque
3402 490 3534 532 vero
3580 475 3820 531 animam
3866 476 3993 534 Jesu

760 579 996 642 gruant:
1050 570 1256 625 idcirco
1304 568 1619 627 Basilidiani
1668 570 2005 633 sentiebant,
2043 566 2332 626 affectibus

761 663 1016 719 humanis
1048 662 1183 717 alias
1239 661 1534 732 spirituum
1589 660 1814 717 adnasci
1844 670 2102 727 naturas;
2132 660 2330 731 quibus

759 755 939 811 anima
962 755 1043 811 sui
1068 755 1238 823 ipsius
1260 754 1406 809 velut
1425 753 1615 819 oblita,
1647 754 1932 810 brutorum
1964 752 2326 809 animantium

761 850 1121 918 proprietates
1155 846 1352 901 induit.

1236 982 1295 1036 ν.
1355 981 1429 1036 De
1467 980 1809 1051 Carpocrate.

832 1121 955 1175 H9.
1001 1120 1045 1153 ⁸⁸
1074 1120 1446 1187 Carpocrates,
1482 1133 1576 1173 seu
1609 1120 1931 1187 Carpocras,
1972 1132 2170 1190 genere
2194 1118 2325 1173 Ale-

760 1211 1060 1269 xandrinus
1090 1252 1103 1274 ,
1160 1225 1387 1265 uxorem
1432 1211 1586 1263 duxit
1627 1210 1847 1264 nomine
1904 1210 2279 1265 Alexandriam
2308 1254 2321 1276 ,

760 1314 919 1375 gente
952 1303 1359 1372 Cepltuleniam,
1386 1318 1450 1356 ex
1474 1318 1578 1372 qua
1610 1303 1784 1356 filium
1814 1304 2054 1371 suscepit
2085 1304 2322 1372 Epipha-

759 1411 904 1457 nem,
934 1395 1059 1449 mali
1090 1446 1093 1451 _
1120 1395 1268 1449 corvi
1322 1396 1520 1450 malum
1549 1408 1733 1461 ovum,
1763 1409 1917 1449 novas
1945 1405 2107 1449 sectm
2138 1396 2324 1449 condi-

760 1496 958 1551 torem,
980 1486 1046 1540 de
1066 1502 1172 1555 quo
1191 1485 1301 1554 jam
1330 1486 1711 1540 disseruimus.
1741 1486 1931 1541 Tradit
1964 1485 2231 1541 Eusebius
2254 1487 2319 1550 “,

759 1578 918 1647 quasi
948 1592 1012 1631 ex
1042 1577 1263 1640 Irenaeo,
1296 1575 1684 1646 Carpocratem
1714 1577 1905 1633 iisdem
1936 1592 2056 1631 cum
2091 1576 2323 1631 Basilide

756 1668 961 1722 vixisse
1010 1669 1372 1736 temporibus.
1419 1666 1684 1733 Quamvis
1749 1667 1891 1738 apud
1947 1668 2209 1724 Irenaeum
2257 1683 2323 1721 ne

758 1761 982 1814 verbum
1008 1760 1226 1827 quidem
1256 1761 1319 1813 de
1345 1759 1693 1827 Carpocratis
1730 1770 1890 1815 actate
1913 1770 2184 1825 occurrat,
2215 1776 2319 1814 non

2431 570 2721 631 duntaxat,
2756 568 2851 623 sed
2881 578 2936 622 et
2965 568 3127 622 aliam
3164 582 3546 638 quamcunque
3570 607 3585 633 ,
3637 582 3758 638 quae
3783 577 3993 623 tantum

2430 660 2608 712 valeat
2644 668 2697 712 ut
2735 657 2921 713 mundi
2960 658 3323 714 fabricatores
3373 657 3612 728 Angelos
3644 665 3997 712 contemnere

2429 751 2626 819 possit,
2654 749 2799 805 vires
2824 750 3059 818 desuper
3085 751 3358 817 accipere,
3386 761 3444 806 ut
3465 765 3563 820 per
3591 750 3807 804 easdem
3830 747 3999 803 actio-

2431 858 2524 897 nes
2555 841 3107 913 progressioneJacta
3137 883 3154 905 ,
3214 843 3696 911 functionibusque
3739 840 3999 896 omnibus

2430 936 2590 991 obitis
2620 952 2754 1004 quas
2777 934 2936 991 Jesus
2963 935 3187 1001 obierit,
3214 944 3269 990 et
3298 936 3417 999 ipsa
3445 949 3609 1003 super
3636 934 3865 1005 opifices
3886 935 3998 988 An-

2429 1028 2578 1096 gelos
2602 1028 2783 1082 eﬂ'erri
2809 1029 3004 1098 possit,
3022 1028 3167 1084 etab
3195 1028 3468 1083 universis
3487 1028 3758 1092 expedita,
3778 1041 3997 1082 sursum

2427 1120 2493 1174 ad
2527 1119 2866 1188 incognitum
2899 1118 3121 1173 Patrem
3157 1118 3469 1187 pervenire.
3507 1116 3618 1172 Iino
3647 1132 3709 1172 ea
3737 1123 3860 1171 erat
3890 1116 3998 1169 im-

2427 1213 2943 1282 pudentissimorum
2977 1212 3261 1267 hominum
3295 1210 3606 1279 arrogantia
3632 1249 3649 1275 ,
3702 1217 3764 1264 ut
3792 1207 4001 1275 gloria-

2427 1314 2612 1361 rentur
2646 1306 2869 1375 quidam
2898 1321 3007 1361 non
3047 1305 3205 1359 modo
3239 1304 3500 1373 apostolis
3525 1302 3688 1358 Petro
3718 1311 3773 1354 et
3808 1300 3999 1365 Paulo,

2426 1412 2479 1456 et
2512 1401 2760 1469 reliquis,
2794 1401 2887 1456 sed
2919 1411 2972 1453 et
3000 1399 3100 1469 ipsi
3133 1397 3259 1456 Jesu
3306 1396 3616 1467 precellere
3641 1410 3721 1461 se,
3746 1403 3859 1450 tum
3906 1409 4001 1450 ex-

2427 1491 2678 1545 cellentia
2710 1491 3058 1561 cognitionis,
3086 1500 3197 1544 tum
3221 1490 3362 1558 quod
3383 1490 3791 1559 progressioncs
3811 1486 4005 1541 varias

2427 1594 2491 1633 ac
2522 1581 2788 1636 decursus
2834 1579 3161 1633 cumulatius
3208 1578 3492 1634 obiisseut.
3536 1578 3765 1631 Animas
3793 1577 4002 1645 quippe

2426 1685 2614 1725 omnes
2644 1685 2710 1724 ex
2741 1671 2927 1725 eadem
2961 1671 3234 1741 περιφορᾷ
3284 1683 3433 1733 esse;
3487 1676 3541 1723 et
3570 1666 3692 1722 ideo
3720 1666 3998 1728 eumdem,

2429 1776 2590 1830 quem
2622 1758 2801 1824 Jesus,
2848 1769 3217 1829 contemptum
3256 1758 3584 1829 Angelorum
3610 1754 3998 1824 suscipientes,

759 1851 882 1905 ideo
907 1862 1084 1906 tamen
1108 1851 1245 1904 male
1271 1852 1338 1905 ab
1364 1850 1597 1908 Eusebio
1620 1854 1972 1908 constitutam
1996 1852 2325 1906 existimem.
2360 1834 2401 1887 Β
2428 1855 2616 1909 eadem
2656 1854 2709 1907 vi
2739 1869 2803 1908 ac
2834 1854 3034 1907 virtute
3066 1851 3257 1906 instrui
3283 1867 3386 1917 qua
3419 1865 3517 1919 per
3547 1849 3822 1905 actionum
3870 1861 3999 1902 om-

756 1943 890 1997 Cum
928 1942 1029 1996 hoc
1057 1942 1199 1996 enim
1232 1943 1475 2012 apprime
1498 1943 2110 2013 consentitEpiphanius
2134 1943 2202 2007 ‘7,
2232 1958 2328 1998 nec

759 2045 1023 2105 repugnat
1047 2033 1437 2089 Theodoretus
1465 2033 1530 2099 “,
1567 2036 1665 2089 sub
1696 2036 1938 2089 Adriano
1965 2037 2163 2089 vixisse
2190 2036 2327 2090 scri-

757 2128 910 2181 hens.
962 2125 1053 2181 Ille
1081 2142 1210 2181 vero
1265 2123 1496 2181 afﬁrmat
1548 2126 1825 2191 Basilidis,
1874 2127 2184 2193 Saturnini,
2223 2127 2328 2182 Va-

758 2217 974 2283 lentini,
997 2218 1301 2283 Colorbasi,
1340 2218 1641 2281 Ptolemazi,
1667 2218 1901 2273 Secundi
1930 2226 1984 2273 et
2024 2220 2325 2289 Carpocra-

759 2311 829 2362 tis
877 2320 1057 2364 sectas
1108 2310 1299 2365 eodem
1342 2318 1584 2380 tempore
1612 2310 1919 2379 prodiisse;
1957 2320 2170 2365 tantum
2221 2309 2325 2364 Va-

755 2398 1113 2452 lentinianam
1172 2399 1295 2455 aliis
1353 2400 1511 2469 paulo
1565 2398 1925 2455 recentiorem
1976 2414 2117 2454 esse.
2158 2399 2320 2469 Atqui

755 2491 1046 2546 Basiliden
1091 2490 1289 2569 Joauni
1320 2491 1511 2546 saltem
1567 2489 1809 2560 apostolo
1856 2505 2143 2560 supparem
2172 2530 2188 2558 ,
2224 2505 2324 2544 nec

758 2582 1107 2639 Valentinum
1141 2584 1311 2637 multo
1340 2584 1616 2651 juniorem
1668 2581 1837 2638 fuisse
1864 2585 2229 2653 probavimus.
2263 2583 2319 2638 Si

757 2677 923 2747 igitur
952 2677 1144 2731 iisdem
1178 2691 1301 2730 cum
1329 2686 1564 2744 utroque
1600 2676 1938 2744 temporibus
1968 2676 2208 2730 scholam
2242 2676 2323 2729 in-

752 2771 999 2825 stituerit
1021 2771 1403 2836 Carpocrates,
1431 2768 1653 2822 Adriani
1681 2767 1853 2823 initiis
1881 2768 2072 2822 fecerit
2100 2782 2321 2822 necesse

752 2873 857 2918 est.
890 2862 1074 2933 Longe
1109 2862 1272 2916 citius
1302 2860 1529 2930 proinde
1563 2860 1615 2913 in
1648 2858 1910 2925 Orientis,
1941 2875 2102 2929 quam
2128 2862 2181 2914 in
2211 2859 2319 2916 Oc-

751 2956 983 3011 cidentis
1014 2954 1260 3024 partibus
1289 2951 1527 3005 innutuit
1550 2951 1665 3019 eius
1701 2953 1953 3008 hazrcsis:
1977 2967 2096 3005 eam
2122 2952 2321 3021 quippe

754 3048 859 3103 huc
894 3048 1082 3103 detulit
1114 3044 1424 3099 I‘Iarcellina
1460 3044 1733 3113 quaedam,
1759 3060 1879 3113 qua:
1914 3044 2161 3108 Romam,
2208 3044 2319 3099 Ire—

753 3155 869 3199 naeo
898 3149 1036 3193 teste
1083 3137 1153 3202 δ’,
1208 3137 1358 3192 venit
1394 3136 1494 3190 sub
1540 3135 1765 3191 Aniceto
1815 3136 2068 3205 pontilice
2099 3176 2113 3201 ,
2166 3151 2316 3192 anno

750 3231 966 3285 circiter
1001 3229 1123 3284 160.

822 3323 946 3377 I20.
980 3322 1025 3353 δ’
1051 3321 1345 3376 Platonicae
1372 3320 1670 3389 disciplinae
1704 3317 2123 3373 scientissimum
2147 3315 2318 3372 fuisse

746 3414 1156 3483 Carpocratcm,
1189 3412 1269 3466 vel
1298 3428 1364 3467 ex
1401 3427 1465 3466 eo
1497 3411 1685 3478 liquet,
1722 3409 1866 3477 quod
1897 3408 1994 3463 ﬁlii
2019 3407 2317 3478 Epiphania

750 3504 933 3559 abillo
992 3503 1226 3557 instituti
1271 3518 1525 3572 magnum
1567 3514 1762 3554 nomen
1816 3499 1959 3553 inter
2005 3498 2316 3555 Platonicos

748 3596 932 3650 fuerit.
952 3595 1056 3649 Sed
1076 3596 1121 3648 si
1138 3593 1277 3648 forte
1296 3574 1476 3662 plures
1497 3589 1885 3647 haeresiarchas
1896 3588 2323 3657 scientiaelaude,

746 3702 935 3741 omnes
960 3694 1107 3740 certe
1136 3700 1346 3738 mnuum
1375 3684 1644 3752 pravitate
1672 3684 1966 3753 superavit.
1989 3682 2311 3753 Supremum

747 3780 967 3848 quidem
1019 3793 1183 3831 unum
1214 3776 1575 3845 Principium,
1613 3783 1777 3843 atque
1822 3776 1985 3829 etiam
2024 3774 2311 3829 Parentem

746 3870 988 3925 omnium
1020 3878 1076 3923 et
1106 3868 1465 3938 incognitum,
1496 3882 1595 3922 nec
1627 3867 1735 3920 ullo
1782 3868 2002 3921 nomine
2034 3865 2308 3933 significa-

748 3974 881 4023 tum.
908 3962 1134 4031 perinde
1165 3970 1223 4014 ut
1255 3958 1459 4022 caeteri,
1494 3958 1828 4012 afﬁrmabat:
1868 3956 2125 4011 mundum
2158 3972 2307 4020 vero,

745 4064 800 4109 et
841 4069 959 4121 qua:
994 4053 1193 4107 mundo
1233 4053 1605 4116 continentur,
1640 4048 1707 4101 ab
1756 4048 1977 4117 Angelis
1998 4063 2118 4102 esse
2146 4049 2307 4108 facta,

746 4144 837 4214 qui
872 4143 1149 4212 incognito
1184 4140 1276 4195 illo
1304 4150 1530 4210 parente
1555 4141 1715 4208 longe
1747 4139 2057 4195 inferiorem
2086 4140 2313 4209 dignita-

748 4237 818 4296 tis
840 4236 1066 4305 gradum
1088 4241 1325 4296 teneant,
1352 4232 1491 4285 etab
1509 4245 1574 4285 eo
1595 4230 1912 4285 defecerint.
1935 4228 2117 4293 Jesum
2149 4244 2308 4299 porro

747 4325 1033 4379 Dominum
1090 4334 1335 4377 nostrum
1376 4337 1407 4375 e
1453 4320 1651 4390 Joseph
1704 4330 1757 4375 et
1813 4320 1997 4375 Maria:
2032 4322 2309 4374 consortio

745 4417 1010 4487 genitum,
1042 4415 1275 4469 similem
1337 4413 1552 4482 quidem
1589 4422 1781 4467 natura
1825 4412 2048 4479 reliquis
2078 4414 2309 4467 homini-

2429 1947 2576 2001 nium
2614 1960 2814 2017 genera
2866 1946 3243 1999 traducantur.
3282 1944 3436 2010 Quod
3464 1943 3507 1996 si
3554 1940 3777 2011 reperiri
3815 1939 4001 2009 aliqua

2426 2040 2599 2109 possit
2654 2054 2773 2109 quae
2842 2036 3103 2105 majorem
3165 2051 3326 2105 quam
3398 2034 3558 2090 Jesus
3619 2041 4000 2102 contemptum

2428 2129 2712 2200 suscipiat,
2743 2143 2805 2183 ea
2838 2128 2939 2197 ipsi
2975 2128 3190 2182 demum
3220 2123 3529 2180 antecellet.

2496 2222 2620 2276 121.
2678 2220 2791 2275 Iluc
2832 2220 3019 2289 igitur,
3046 2218 3320 2273 hominum
3371 2215 3545 2270 dicam
3611 2228 3678 2266 an
3730 2209 4018 2265 ferarum?

2423 2314 2746 2386 principium
2782 2312 2905 2377 fuit,
2945 2313 3156 2367 animas
3195 2306 3519 2378 corporibus
3556 2302 4004 2374 prmexsistentes

2422 2404 2771 2477 perfectionis
2794 2405 3001 2459 culmen
3025 2403 3296 2472 attingere
3344 2414 3452 2453 non
3480 2412 3658 2467 posse.
3688 2395 3793 2449 nisi
3819 2394 4005 2447 disso-

2424 2502 2603 2558 lutiori
2637 2501 2764 2564 vita,
2794 2498 3042 2553 nefandis
3074 2492 3526 2566 turpitudinibus,
3569 2489 3831 2547 omniane
3870 2500 4005 2542 see-

2423 2595 2596 2648 Ierum
2621 2608 2683 2647 ac
2712 2590 3020 2646 facinorum
3063 2603 3265 2651 genere
3306 2585 3493 2641 mundi
3535 2583 3848 2638 conditores
3879 2581 4004 2635 An-

2422 2685 2590 2755 gelos,
2627 2683 2885 2738 audacius
2913 2681 3245 2737 conculcatis
3271 2679 3525 2733 omnibus
3550 2690 3737 2731 eorum
3762 2670 4003 2743 legibus,

2422 2776 2705 2847 praeceptis
2744 2784 2800 2829 et
2839 2774 3119 2843 operibus,
3170 2769 3479 2855 spreverint
3519 2784 3534 2820 :
3589 2780 3696 2835 quo
3755 2777 4001 2819 excusso

2414 2870 2544 2940 jugo
2570 2868 2848 2924 ccelestem
2876 2866 3181 2921 libertatem
3207 2862 3510 2926 obtineant,
3532 2866 3587 2914 et
3608 2873 3824 2913 sursum
3852 2856 4007 2923 aspi-

2422 2976 2544 3017 rare
2566 2970 2620 3015 et
2641 2959 2861 3015 evolare
2884 2958 3121 3024 .possint.
3157 2954 3303 3010 Nihil
3335 2954 3535 3023 quippe
3564 2964 3755 3004 natura
3791 2949 4003 3004 bonum

2424 3060 2517 3106 aut
2548 3051 2745 3106 malum
2777 3064 2919 3112 esse,
2954 3049 3047 3102 sed
3101 3046 3213 3100 sola
3257 3046 3536 3099 hominum
3575 3042 3857 3111 opinione,
3901 3040 4003 3109 qui

2420 3160 2482 3200 ea
2515 3158 2633 3198 esse
2662 3144 2799 3198 bona
2826 3150 2919 3194 aut
2943 3140 3082 3193 mala
3127 3144 3378 3201 censent,
3409 3148 3528 3203 qua:
3575 3133 3676 3201 legi
3711 3131 3793 3185 vel
3830 3147 4008 3201 repu-

2421 3244 2614 3309 gnent,
2664 3237 2750 3288 vel
2793 3233 3181 3288 consentiant:
3222 3229 3429 3283 sublata
3475 3226 3705 3295 proinde
3738 3226 3876 3295 lege,
3928 3226 4006 3279 ab

2419 3327 2640 3398 Angelis
2669 3327 2852 3394 inique
2874 3324 3005 3390 lata,
3040 3322 3221 3375 omnia
3251 3331 3437 3389 suapte
3465 3328 3656 3371 natura
3685 3318 4006 3387 promiscua

2420 3419 2607 3476 haberi
2642 3435 2656 3472 ε
2692 3417 2859 3471 solum
2918 3429 3047 3469 vero
3084 3412 3244 3467 fidem
3282 3420 3337 3466 et
3375 3411 3693 3464 charitatem
3735 3409 3802 3461 ad
3846 3408 4007 3463 salu-

2418 3522 2526 3573 tem
2554 3525 2675 3566 esse
2704 3507 3067 3572 necessarias,
3094 3504 3300 3574 reliqua
3326 3500 3508 3558 omnia
3529 3502 3663 3557 nihil
3693 3502 3955 3556 conferre
3986 3520 4003 3555 :

2415 3620 2586 3674 eaque
2616 3616 2735 3657 esse
2769 3615 2889 3670 quae
2915 3598 3073 3653 Jesus
3121 3596 3399 3665 apostolos
3437 3608 3563 3650 suos
3602 3604 3656 3647 et
3695 3592 4004 3661 discipulos

2417 3697 2558 3749 clam
2589 3694 2860 3755 docuerit,
2910 3690 3297 3757 mandavitque
3341 3698 3399 3741 ut
3440 3687 3506 3741 iis
3543 3686 3850 3747 crederent,
3896 3688 4003 3754 qui

2417 3785 2565 3854 digni
2610 3789 2810 3839 essent.
2858 3780 2993 3834 IIinc
3060 3778 3293 3834 conficta
3340 3791 3477 3831 nova
3518 3776 4005 3846 μετεμψυχώσεως

2415 3876 2648 3946 species,
2683 3883 2742 3928 ut
2764 3873 2946 3927 anima
2974 3887 3093 3940 qua:
3126 3871 3208 3924 vel
3241 3871 3461 3923 unicum
3495 3867 3684 3937 flagitii
3717 3884 3889 3938 genus
3939 3869 4003 3922 in

2415 3969 2515 4022 hac
2551 3983 2654 4021 una
2696 3965 2949 4036 prarsenti
2985 3964 3092 4016 vita
3126 3961 3558 4033 praetermiserit,
3601 3960 3653 4013 in
3692 3959 3839 4013 aliud
3866 3975 4005 4014 cor»

2412 4073 2512 4127 pus
2543 4056 2894 4121 detrudatur;
2931 4064 2985 4109 et
3022 4057 3069 4109 si
3100 4070 3166 4108 ne
3197 4064 3327 4109 tunc
3382 4054 3597 4122 quidem
3641 4054 3821 4105 omnia
3858 4066 4000 4120 per-

2413 4150 2624 4213 fecerit,
2675 4147 2914 4201 vicissim
2962 4148 3015 4200 in
3069 4146 3238 4209 aliud,
3286 4145 3461 4199 donec
3501 4144 3646 4197 omni
3697 4142 4000 4197 actionum

2412 4256 2605 4309 genere
2632 4239 2938 4307 perfuncta,
2982 4236 3293 4305 nullinsqne
3328 4236 3380 4289 in
3413 4237 3513 4289 hoc
3556 4236 3753 4289 mumlo
3799 4233 4003 4288 debito

2418 4333 2661 4386 act-iouis
2691 4327 3085 4400 obiigata,jam
3126 4327 3292 4381 libera
3337 4326 3612 4382 abscedat.
3651 4328 3872 4380 Animas
3913 4327 4003 4380 si-

2413 4424 2631 4492 quidem
2666 4422 2797 4474 hinc
2833 4422 3152 4489 migrantes,
3185 4418 3341 4472 simul
3370 4433 3433 4473 ac
3466 4419 3709 4486 corporis
3748 4417 4000 4472 vinculis

738 4510 844 4567 bus
880 4508 1187 4569 exstitisse;
1236 4507 1361 4559 vitae
1403 4514 1585 4559 autem
1622 4504 1895 4569 instituto,
1932 4504 2307 4573 temperantia,
2342 4526 2386 4583 υ

2419 4516 2671 4568 exsoluta:
2703 4513 2924 4577 fuerint,
2974 4512 3334 4580 apprehendit
3363 4525 3499 4563 unus
3537 4524 3604 4562 ex
3663 4511 3847 4564 mundi
3894 4511 3999 4566 fa-

746 4603 941 4653 virtute
987 4598 1283 4666 acjustitia
1315 4596 1654 4666 prmsﬁtisse.
1693 4594 1895 4665 Nempe
1922 4611 2044 4648 cum
2098 4597 2303 4650 lirmio—

745 4708 857 4747 rem
888 4694 1326 4761 vegetioremque
1353 4705 1513 4759 quam
1542 4689 1631 4742 alii
1661 4690 1908 4742 homines
1934 4692 2169 4742 animam
2194 4705 2308 4742 sor-

746 4787 878 4839 titus
908 4792 1071 4849 esset,
1110 4783 1355 4836 tenacius
1382 4783 1429 4834 ei
1478 4780 1790 4835 adhaerente
1814 4781 2040 4851 pristina
2075 4796 2195 4834 cum
2226 4781 2309 4834 iu-

743 4876 925 4942 genito
949 4874 1058 4929 Deo
1076 4875 1361 4945 περιφορᾷ,
1391 4873 1812 4936 circumlatione,
1838 4875 2081 4927 immissa
2109 4874 2159 4926 in
2188 4888 2306 4928 eam

743 4969 850 5023 fuit
888 4969 953 5021 ab
996 4969 1185 5022 eodem
1232 4981 1484 5035 supremo
1520 4966 1752 5019 Parente
1786 4965 1995 5030 Virtus,
2040 4981 2160 5034 quae
2196 4980 2308 5019 me-

748 5062 973 5114 moriam
1021 5070 1147 5112 ante
1182 5059 1418 5111 visorum
1454 5058 1780 5121 refricaret,
1815 5068 1873 5111 ut
1923 5058 2002 5111 sic
2041 5072 2305 5125 superno-

746 5168 862 5205 rum
896 5151 1267 5207 recordatione
1299 5154 1679 5215 corroborata,
1715 5152 2023 5206 conditores
2055 5148 2299 5223 [LXIII]

742 5245 890 5300 orbis
918 5244 1144 5312 Angelos
1172 5242 1456 5311 effugeret,
1491 5243 1853 5311 immissacque
1884 5244 2115 5299 Virtutis
2146 5246 2308 5299 bene—

743 5337 871 5391 ﬁcio
931 5336 1236 5389 actionibus
1285 5336 1536 5389 omnibus
1580 5350 1701 5405 qua:
1743 5336 1811 5390 ab
1842 5336 2149 5389 hominibus
2182 5354 2304 5392 sus-

742 5431 846 5499 cipi
916 5438 1191 5498 possunt,
1255 5429 1585 5497 turpissimis
1647 5429 1815 5483 etiam
1890 5431 2303 5499 quibuscunque

744 5524 1145 5593 (horrendum!)
1162 5538 1225 5577 ac
1242 5524 1640 5579 scelestissimis
1670 5523 1921 5577 defuncta
1936 5566 1947 5587 ,
1962 5525 2072 5590 jam
2105 5525 2300 5586 libera,

743 5614 932 5668 solutis
966 5616 1219 5670 omnibus
1253 5614 1501 5670 humanae
1530 5624 1736 5670 natura:
1763 5617 1983 5682 debitis,
2020 5619 2085 5671 ad
2116 5632 2302 5684 supre-

828 5743 997 5817 ζέω,
1032 5744 1257 5808 Strom.,
1288 5746 1326 5798 l.
1360 5763 1441 5811 tn,
1469 5764 1520 5817 p.
1547 5750 1681 5807 49.8:
1717 5748 1921 5803 Throd-
1955 5767 1992 5813 1,
2030 5752 2080 5805 5-

754 5815 799 5846 "
834 5812 950 5868 Lib.
996 5832 1035 5880 ι,
1077 5830 1121 5867 c.
1183 5816 1272 5881 25,
1308 5834 1359 5871 n.
1402 5820 1452 5871 6.

2160 5752 2204 5783 ⁸⁸
2235 5750 2293 5805 L.
2326 5768 2398 5815 tv,
2426 5751 2589 5816 Ilist.,
2618 5766 2665 5804 c.
2688 5751 2768 5821 7.;
2818 5750 2858 5781 ‘7
2894 5750 3033 5803 Ilrer.
3066 5750 3271 5821 XXXI,S

1563 5821 1606 5851 ⁸ο
1635 5820 1849 5889 Epipb.,
1896 5822 2021 5877 IiiEl‘.
2064 5838 2228 5890 X\\'Il,
2258 5822 2284 5893 §
2316 5824 2375 5890 I;
2413 5822 2569 5887 Ihid.,
2601 5821 2718 5889 §‘2;
2754 5819 2913 5886 Iren.,
2947 5821 3038 5875 lib.
3070 5838 3107 5885 ι,
3133 5836 3181 5875 c.
3209 5819 3309 5885 25;
3345 5820 3571 5888 Theod.,
3598 5820 3635 5874 l.
3672 5836 3708 5883 ι,
3743 5838 3791 5873 c.
3824 5820 3884 5875 5.

2415 4607 2783 4662 bricatoribus
2808 4604 3047 4674 Angelis,
3092 4604 3176 4658 cui
3212 4603 3263 4657 id
3301 4604 3538 4657 muneris
3572 4604 3998 4671 demandatum,

2413 4708 2467 4751 et
2500 4697 2823 4763 adjudicem
2853 4696 3099 4758 deducit;
3138 4695 3225 4747 ubi
3263 4694 3307 4746 si
3353 4694 3587 4746 nondum
3637 4696 3814 4748 omnia
3840 4711 4001 4764 prm-

2411 4790 2615 4845 stitisse
2656 4790 2920 4841 convictu:
2962 4785 3186 4851 fuerint,
3236 4787 3300 4840 ab
3346 4787 3671 4853 Angelorum
3725 4787 3999 4860 Principe

2415 4878 2703 4935 traduntur
2724 4878 2879 4931 alteri
2910 4876 3117 4946 Angelo
3139 4878 3243 4933 sibi
3278 4878 3635 4941 ministranti,
3667 4879 3758 4944 qui
3800 4893 3899 4933 eas
3935 4884 3999 4936 in

2413 4971 2517 5025 alia
2546 4986 2773 5039 corpora
2801 4971 3065 5025 retrudat.

2487 5063 2606 5118 122.
2636 5063 2774 5129 Quid
2820 5062 2930 5131 jam
2967 5061 3162 5114 mirum
3226 5061 3270 5114 si
3313 5061 3558 5117 homines
3598 5062 4003 5121 abominandis

2415 5157 2482 5209 iis
2522 5154 2805 5225 principiis
2852 5152 3066 5217 imbuti,
3118 5153 3381 5223 pecudum
3429 5168 3573 5207 more
3617 5154 3867 5210 viventes
3932 5159 3998 5214 in

2416 5247 2630 5302 inﬁnita
2665 5260 2785 5300 sese
2807 5244 3128 5313 flagitiorum
3158 5258 3356 5313 genera
3386 5244 3681 5312 praecipites
3707 5246 4001 5317 dederint,

2408 5358 2471 5396 ac
2516 5340 2773 5408 quidquid
2810 5341 2859 5392 in
2899 5348 3015 5392 arte
3050 5342 3255 5405 magica
3301 5338 3640 5392 teterrimum
3689 5349 3830 5401 erat.
3877 5344 4003 5397 im-

2410 5436 2673 5503 pudenter
2704 5431 3087 5485 exercuerim?
3136 5428 3334 5483 Parum
3388 5430 3597 5493 fuisset,
3654 5432 3758 5485 nisi
3811 5430 4003 5492 Chri-

2409 5530 2643 5581 stianum
2673 5525 2775 5579 sibi
2809 5540 2999 5578 nomen
3042 5534 3403 5588 assumentes,
3435 5524 3835 5578 sceleStissimaa
3866 5542 4006 5586 sum

2410 5620 2531 5672 vitae
2564 5618 2789 5671 infantia
2836 5616 3132 5670 Ecclesium
3170 5616 3261 5668 Dei
3296 5617 3700 5684 rcspersisseut.
3728 5616 3868 5671 Nam
3919 5637 4003 5679 ex

2818 5750 2858 5781 ‘7
2894 5747 3033 5803 Ilrer.
3066 5766 3216 5808 nxt.
3253 5748 3281 5811 ᾖ
3316 5751 3336 5803 I
3375 5750 3503 5803 912.
3576 5749 3619 5781 ⁴¹¹
3647 5748 3821 5805 Lib.t.
3847 5766 3909 5804 ρ.
3936 5753 4003 5810 5,
