4180 6332
152 390 228 443 lil

848 387 1305 444 DISSERTATIO
1339 387 1380 454 l,
1417 388 1578 445 ΛΒΤ.
1616 390 1704 451 ιιι,
1747 386 1835 440 DE
1866 384 2232 441 ΥΑιιεΝτιΝι
2265 384 2659 444 κΑοιεπυδ.

3284 384 3387 437 149.

150 508 420 580 proﬂigata
463 523 655 571 eorum
696 508 808 565 vita
855 510 1063 565 similes
1115 526 1238 567 esse
1276 510 1711 567 Christianorum
1743 512 1787 569 Α
1820 506 2057 575 Timone,
2093 508 2426 579 Epinomide,
2472 517 2527 563 et
2552 507 2705 573 alibi,
2746 506 2995 561 doctrina
3036 515 3145 574 est,
3178 509 3392 565 snimas

149 602 383 657 omnium
435 615 622 657 mores
682 601 997 672 iudicantes
1053 603 1284 667 ethnici,
1334 603 1407 658 ab
1460 603 1714 659 omnibus

152 694 288 749 nullo
330 693 655 750 discrimine
681 692 871 749 habito
899 695 1293 759 abhorrebant,
1321 704 1376 750 et
1404 710 1472 751 ne
1497 695 1712 766 quidem

152 804 340 844 nomen
364 788 511 845 ferre
535 797 805 858 poterant.
852 788 957 843 Alii
995 797 1173 844 tamen
1207 790 1275 844 ab
1302 789 1424 846 aliis
1469 807 1575 846 non
1611 792 1715 847 ﬁde

153 881 412 936 duntaxat
434 892 489 936 et
520 882 785 947 moribus,
818 882 914 935 sed
945 890 1000 935 et
1046 881 1217 951 signis
1250 882 1574 950 quibusdam
1619 899 1715 939 ex-

153 977 315 1031 ternis
381 976 751 1031 discriminari
818 974 980 1029 facile
1054 970 1383 1043 patuissent.
1457 975 1716 1031 Solebant

152 1068 292 1123 enim
334 1068 746 1148 Cgrpocratiani
779 1067 845 1122 iis
875 1081 1012 1135 quos
1039 1067 1105 1121 ad
1142 1081 1293 1122 suam
1334 1074 1538 1123 sectam
1563 1068 1713 1123 frau-

154 1160 396 1215 dulenter
418 1159 793 1229 pellexissem,
820 1162 1089 1214 candente
1110 1159 1279 1227 ferro,
1305 1160 1390 1215 vel
1426 1162 1712 1231 novacula,

152 1252 231 1308 vel
260 1266 362 1305 acu
396 1259 583 1305 notam
616 1250 903 1318 quamdam
941 1250 1008 1305 ad
1049 1252 1217 1306 imam
1264 1252 1565 1307 auriculam
1615 1254 1715 1308 im-

153 1344 405 1413 primere.
478 1338 557 1393 Ne
611 1354 739 1395 vero
804 1356 833 1394 a
888 1341 1175 1410 gentilium
1236 1343 1716 1412 superstitionibus

154 1437 362 1508 longius
405 1435 765 1501 recederent,
813 1433 1088 1489 habebant
1142 1433 1403 1504 imagines
1448 1425 1714 1504 quasdam

154 1539 256 1584 tum
289 1528 496 1596 pictas,
550 1534 662 1580 tum
714 1526 961 1591 caelatas,
1002 1541 1141 1597 quas
1185 1524 1312 1581 Jesu
1360 1525 1562 1595 efﬁgies
1596 1541 1717 1581 esse

152 1622 537 1677 aﬁirmabanta
568 1619 747 1675 Pilato
786 1618 1015 1684 edictas,
1041 1634 1147 1689 quo
1174 1629 1417 1690 tempore
1446 1620 1534 1674 ille
1574 1621 1717 1673 inter

154 1713 393 1767 homines
450 1712 668 1781 agebat.
736 1709 832 1765 His
883 1726 1051 1781 porro
1117 1711 1493 1766 admiscebant
1573 1712 1716 1765 cele-

154 1804 391 1857 briorum
426 1801 894 1870 philosophorum,
928 1801 1264 1872 Pythagorae,
1295 1802 1558 1866 Platonis,
1588 1800 1713 1856 Ari-

1816 612 2033 657 nostras
2060 602 2150 655 diu
2180 609 2472 672 antequam
2510 614 2740 668 corpora
2786 598 3221 669 ingrederentur,
3258 616 3393 655 con-

1816 693 1959 748 vivio
1988 694 2215 749 deorum
2246 694 2543 761 assedisse,
2567 693 2889 760 divinasque
2911 691 3079 760 dapes
3110 701 3392 762 gustasse;

1814 787 2071 842 videlicet
2118 787 2370 841 veritatis
2418 786 2879 856 contemplatione
2920 785 3156 841 nutritas
3199 785 3394 850 fuisse,

1814 892 2177 948 verarumque
2212 878 2416 932 entium
2457 887 2747 947 conspectu
2779 885 3055 932 recreatas
3082 894 3097 932 :
3126 885 3236 931 tum
3263 892 3397 933 con-

1818 968 2009 1023 fractis
2041 968 2185 1023 binis
2212 968 2337 1033 alis,
2369 969 2567 1038 quibus
2594 971 2659 1022 ad
2703 984 2897 1037 supera
2930 968 3268 1031 ferebantur,
3308 969 3391 1022 fa-

1817 1060 2048 1115 tiscente
2073 1060 2328 1114 nimirum
2380 1061 2687 1116 intellectus
2733 1070 2785 1115 et
2832 1061 3127 1116 voluntatis
3156 1076 3390 1131 pr0pen-

1820 1154 1972 1208 sione
2026 1154 2081 1208 in
2138 1155 2423 1208 veritatem
2471 1164 2525 1210 et
2571 1154 2870 1210 bonitatem
2916 1154 3193 1220 divinam;
3243 1156 3392 1212 illius

1816 1259 1965 1311 vero,
1999 1246 2087 1314 qui
2126 1244 2179 1299 in
2206 1260 2435 1315 corpora
2476 1248 2787 1317 generanda
2832 1256 2886 1301 et
2914 1249 3205 1302 animanda
3236 1248 3393 1303 incli-

1816 1347 1933 1401 nat,
1982 1337 2273 1393 instinctus
2312 1340 2557 1407 pondere
2596 1338 2877 1408 abreptas,
2939 1339 2994 1393 in
3041 1354 3106 1393 ea
3146 1339 3321 1394 delabi
3371 1360 3384 1395 :

1818 1430 1905 1483 ubi
1930 1429 2364 1485 ratiocinationis
2384 1445 2485 1499 cpe
2504 1429 2705 1485 fractas
2735 1441 3065 1502 recuperant
3094 1432 3229 1498 alas,
3251 1448 3389 1503 pau-

1818 1522 1966 1577 latim
2001 1524 2215 1579 scilicet
2247 1524 2547 1579 recordatte
2578 1539 2765 1580 eorum
2808 1540 2928 1594 qua:
2970 1525 3097 1579 olim
3136 1527 3392 1583 viderunt

1822 1614 2175 1683 Deojunctae;
2202 1624 2256 1671 et
2276 1626 2403 1669 tunc
2437 1617 2548 1669 haec
2576 1614 2834 1669 inferiora
2854 1614 3063 1689 [LXIV]
3083 1619 3392 1688 despicien-

1821 1716 1925 1772 tes,
1956 1707 2159 1762 reﬁecti
2192 1706 2259 1762 ad
2303 1721 2429 1762 vera
2480 1707 2627 1761 entia
2657 1720 2778 1775 qua:
2822 1717 2949 1762 sunt
2989 1723 3228 1763 sursum.
3262 1709 3394 1776 Qum

1820 1800 1865 1855 si
1924 1800 2039 1871 jugi
2069 1815 2250 1855 rerum
2278 1800 2579 1856 caelestium
2618 1800 2992 1868 meditatione,
3019 1800 3394 1872 laudabilique

157 1894 384 1957 stotelis,
415 1902 475 1948 et
512 1892 743 1947 aliorum
773 1892 1072 1962 imagines;
1126 1908 1316 1948 omnes
1359 1909 1488 1949 vero
1532 1894 1711 1960 simul,
1744 1876 1790 1931 Β
1823 1892 2053 1946 rationis
2076 1907 2174 1946 usu
2208 1905 2572 1961 supernorum
2597 1888 2730 1944 olint
2773 1891 2876 1945 sibi
2908 1892 3152 1946 visorum
3187 1906 3393 1947 memo.

155 1987 381 2042 servatis
410 1984 689 2051 gentilium
720 1985 939 2049 ritibus,
974 1987 1296 2039 adorabant.

210 2080 335 2134 125.
371 2080 452 2134 Ex
489 2094 557 2134 eo
585 2078 732 2134 cultu
779 2078 1136 2132 confirmatur
1181 2080 1326 2147 quod
1366 2076 1475 2145 jam
1519 2076 1718 2132 multo-

156 2182 247 2226 ttes
279 2171 540 2238 diximus,
566 2185 775 2224 summo
805 2170 947 2237 apud
979 2165 1269 2224 Gnosticos
1300 2168 1355 2223 in
1402 2168 1521 2226 loco
1550 2170 1717 2225 fuisse

156 2261 512 2335 Pythagoram
566 2272 619 2318 et
666 2262 971 2326 Platonem,
1025 2274 1323 2331 eorumque
1367 2261 1589 2332 placita.
1634 2261 1715 2316 Ea

153 2355 272 2411 licet
312 2356 573 2409 maximis
629 2356 974 2425 impietatum
1020 2352 1281 2408 monstris
1332 2354 1617 2410 auxissent
1661 2363 1717 2409 et

157 2448 569 2517 interpolassent
601 2445 1035 2515 Carpocratiani,
1075 2445 1225 2500 inter
1258 2445 1487 2501 nebulas
1531 2455 1716 2503 tamen

156 2542 441 2597 identidem
475 2539 737 2595 relucent.
768 2537 846 2593 De
877 2538 1062 2593 mundi
1098 2538 1389 2594 crca'tionis
1431 2538 1736 2609 hypothesi,

155 2635 214 2688 de
236 2634 425 2701 ignoto
451 2634 585 2695 Deo,
613 2639 669 2686 et
696 2630 1009 2700 abroganda
1050 2630 1167 2700 lege
1194 2645 1293 2700 per
1318 2630 1555 2700 Angelos
1582 2629 1714 2697 lata,

155 2725 277 2778 nihil
306 2724 525 2778 dicam:
562 2721 839 2790 ipsissima
874 2719 1145 2788 siquidem
1194 2721 1438 2776 Simonis
1467 2720 1715 2775 doctrina

152 2827 248 2883 est,
284 2817 611 2889 Pythagorae
637 2824 693 2869 et
740 2812 985 2867 Platonis
1014 2814 1281 2869 institutis
1320 2830 1428 2869 non
1458 2814 1595 2869 male
1632 2828 1719 2868 re-

153 2913 435 2980 spondens.
464 2909 594 2975 Quae
626 2921 754 2961 vero
777 2908 843 2959 de
869 2904 1049 2959 anima
1081 2905 1316 2960 humana
1338 2905 1717 2961 comminisce-

154 3005 306 3057 batur
331 3002 713 3071 Carpocrates,
756 2999 1090 3055 Platonicam
1120 2998 1365 3054 scholam
1410 3014 1508 3069 per
1532 2999 1716 3054 omnia

153 3093 266 3148 fere
306 3096 539 3163 sapiunt.
601 3091 1067 3160 Quemadmodum
1135 3090 1442 3155 Platonici,
1495 3102 1715 3147 auctore

150 3185 447 3241 lamblicho
492 3186 560 3250 δι,
606 3184 874 3253 duplicem
924 3183 1221 3252 unicuique
1262 3183 1467 3238 homini
1509 3183 1715 3239 tribue-
1743 3220 1788 3281 ρ

153 3285 281 3332 bant
322 3279 583 3345 animam,
622 3278 851 3332 alteram
902 3295 935 3332 α
991 3278 1162 3348 primo
1201 3275 1546 3345 intelligibili,
1598 3292 1715 3345 qua:

147 3370 425 3436 participat
461 3368 524 3422 de
554 3370 785 3436 patentia
827 3368 1053 3438 opiﬁcis,
1096 3366 1203 3423 ἀπὸ
1234 3367 1326 3421 τοῦ
1354 3367 1570 3440 πρώτου
1594 3383 1718 3439 νοη-

147 3462 237 3515 τοῦ
276 3461 598 3532 μετέχουσαν
638 3462 732 3515 καὶ
766 3461 864 3532 τῆς
891 3461 983 3515 τοῦ
1026 3460 1356 3533 δημιουργοῦ
1398 3462 1712 3533 δυνάμεως·

148 3554 366 3608 alteram
411 3570 535 3625 qua
593 3554 748 3609 nobis
796 3554 1015 3609 advenit
1053 3554 1117 3607 ἐκ
1160 3554 1257 3624 τῆς
1296 3552 1404 3606 τῶν
1452 3552 1715 3625 οὐρανίων

148 3648 461 3718 περιφορᾶς,
506 3647 586 3709 εἰς
620 3645 688 3718 ἢν
726 3645 1096 3718 ὲπεισὲρπειή
1144 3642 1403 3717 θεοπτικὴ
1448 3645 1613 3718 ψυχή,
1651 3662 1717 3701 ea:

149 3728 451 3791 circuitione
472 3739 760 3791 caelestium
790 3737 1128 3801 mundorum,
1151 3738 1206 3791 in
1228 3754 1385 3807 quam
1412 3738 1591 3790 anima
1619 3736 1716 3791 Dei

149 3829 461 3896 speculatrix
514 3846 572 3882 se
619 3828 850 3892 inserit;
904 3828 986 3883 sic
1048 3840 1103 3885 et
1158 3829 1521 3899 Carpocrates
1580 3830 1715 3885 duas

148 3920 591 3991 uniuscujusque,
627 3919 762 3991 justi
793 3920 1011 3987 saltem,
1048 3920 1289 3977 hominis
1316 3920 1462 3975 velut
1503 3918 1715 3976 animas

148 4012 531 4082 distinguebat;
570 4014 798 4069 alteram
829 4029 950 4083 quae
983 4029 1050 4068 ex
1076 4015 1398 4087 περιφορᾶς,
1428 4012 1713 4067 circumla-

148 4106 287 4159 tione
314 4108 572 4179 incogniti
608 4108 729 4174 Dei,
754 4107 807 4162 id
836 4115 940 4173 est,
970 4107 1069 4162 nisi
1098 4123 1183 4161 me
1210 4106 1345 4161 fallit
1377 4105 1711 4174 conjectura,

148 4211 213 4251 ex
245 4212 498 4267 supremo
528 4198 662 4255 orbe
707 4213 800 4253 seu
844 4197 1007 4265 caelo,
1051 4207 1145 4253 aut
1169 4196 1477 4253 Pleromate
1527 4198 1580 4251 in
1604 4212 1713 4267 quo

149 4304 385 4345 summus
430 4290 575 4347 Deus
645 4291 951 4355 inhabitat,
1002 4290 1387 4356 descenderit;
1445 4289 1709 4355 alteram,

147 4397 267 4450 quae.
292 4385 340 4438 in
371 4384 512 4439 hanc
541 4399 665 4439 sese
708 4384 1105 4449 insinuaverit;
1140 4398 1432 4454 supernam
1462 4383 1712 4439 videlicet

149 4476 397 4531 virtutem
444 4478 495 4531 ei
531 4477 865 4545 immissam,
890 4486 952 4532 ut
996 4477 1408 4543 corroboretur,
1453 4484 1512 4530 et
1556 4478 1710 4531 inco-

1819 1984 1955 2038 riam
1992 1982 2507 2053 redintegraverint,
2540 1981 2735 2037 solutis
2759 1982 2979 2037 demum
3005 1984 3252 2055 corporis
3276 1985 3393 2040 vin-

1817 2077 1958 2133 culis
1993 2092 2205 2133 sursum
2231 2075 2468 2141 evolare,
2500 2084 2704 2131 astrum
2729 2075 2949 2145 aliquod
2968 2085 3234 2143 recturas,
3268 2078 3398 2132 bea-

1822 2178 2043 2238 tamque
2088 2169 2251 2223 vitam
2296 2176 2539 2225 acturas.
2582 2166 2639 2222 Si
2688 2183 2818 2223 vero
2860 2168 3182 2238 corporibus
3229 2169 3394 2224 altius

1819 2262 2109 2327 immersae,
2135 2260 2403 2315 rationem
2452 2259 2858 2330 elanguescere,
2904 2268 2961 2316 et
2985 2274 3280 2330 pravorum
3310 2261 3395 2315 af-

1818 2351 2062 2407 fectuum
2100 2352 2316 2407 nebulis
2355 2351 2514 2407 obrui
2560 2352 2815 2417 siverint,
2840 2352 2909 2407 ad
2958 2367 3196 2423 superna
3248 2368 3395 2408 nus-

1819 2459 1980 2515 quam
2006 2446 2397 2515 respicientes;
2431 2445 2531 2501 has
2576 2445 2632 2501 in
2674 2453 3022 2515 peccatorum
3071 2457 3288 2516 pmnam
3337 2447 3392 2501 in

1819 2537 2102 2592 muliebria
2127 2553 2353 2607 corpora
2391 2538 2649 2607 primum,
2688 2546 2799 2592 tum
2830 2538 2882 2593 in
2906 2538 3165 2604 belluina,
3197 2539 3240 2595 si
3283 2555 3395 2595 non

1819 2632 2165 2702 resipiscam,
2212 2630 2425 2685 detrudi
2464 2650 2477 2684 :
2515 2630 2689 2687 donec
2719 2631 2957 2687 excitata
2988 2632 3225 2698 ratione,
3259 2647 3392 2703 prs-

1820 2725 2008 2793 visque
2036 2722 2323 2779 aﬁ'ectibus
2358 2733 2623 2793 purgante,
2671 2723 2976 2779 cmlestium
3017 2739 3289 2781 memores
3324 2728 3393 2781 ad

1820 2816 2054 2885 primum
2104 2817 2477 2887 optimumque
2518 2818 2601 2872 sui
2655 2816 2903 2873 habitum
2936 2818 3050 2885 jam
3104 2820 3390 2876 redierint.

1821 2908 2080 2964 Eamdem
2112 2924 2275 2977 porro
2316 2907 2666 2978 Carpocratis
2719 2909 3051 2965 sententiam
3093 2925 3239 2977 esse,
3275 2916 3393 2969 cui-

1820 3001 1951 3056 libet
2004 3001 2232 3057 alteram
2290 3015 2406 3056 cum
2476 3000 2646 3059 altera
2690 3001 2993 3057 conferenti
3042 3006 3390 3074 perspicuum

1818 3093 2033 3147 evadet.
2063 3092 2263 3147 Eadem
2301 3101 2528 3163 apparet
2572 3092 2864 3162 utrobique
2905 3093 3207 3151 animarum
3238 3100 3393 3171 origo

1819 3184 2100 3251 caelestis;
2149 3185 2338 3240 eadem
2380 3184 2839 3254 praaexsistentia,
2883 3201 3178 3260 rerumque
3230 3206 3393 3264 supe-

1820 3292 2004 3333 rarum
2034 3277 2444 3348 contemplatio,
2474 3294 2763 3349 corporum
2793 3282 3041 3352 ingressu
3071 3283 3389 3353 antiquior;

1818 3370 2006 3425 eadem
2038 3370 2343 3424 animarum
2378 3372 2651 3441 purgatio,
2685 3373 3158 3447 pristinorumque
3184 3391 3390 3434 memo-

1819 3459 1916 3514 riae
1962 3460 2303 3530 recuperatis
2351 3476 2449 3530 per
2500 3477 2683 3517 rerum
2746 3463 3071 3521 inferiorum
3138 3473 3388 3523 contem-

1817 3561 1991 3619 ptum;
2020 3551 2208 3605 eadem
2236 3552 2505 3608 revolutio
2531 3569 2629 3623 per
2652 3557 2867 3611 diversa
2895 3571 3152 3626 corpora,
3177 3571 3240 3611 ac
3272 3565 3391 3611 tan-

1817 3642 1937 3701 dem
1964 3646 2017 3698 in
2042 3644 2332 3712 pristinum
2357 3654 2559 3700 statum
2586 3648 2879 3703 restitutio.
2915 3648 3155 3703 Tantum
3184 3650 3392 3722 Carpo-

1816 3735 1995 3791 Cratcs
2016 3736 2116 3791 sub
2131 3738 2348 3794 nomine
2373 3738 2683 3794 Christiano
2707 3740 2866 3810 longe
2897 3741 3136 3797 deterior
3162 3742 3390 3798 Platone

1815 3828 2053 3893 ethuico,
2100 3844 2286 3884 rerum
2331 3830 2654 3885 inferiorum
2704 3844 3075 3902 contemptum
3120 3851 3187 3890 eo
3226 3838 3389 3892 modo

1816 3922 2231 3991 interpretatur,
2262 3936 2424 3991 quem
2460 3922 2771 3978 erubuisset
2816 3923 2999 3989 Plato;
3050 3940 3388 3996 causamque

1816 4015 2027 4069 iterata:
2081 4014 2434 4071 revolutionis
2500 4015 2801 4070 animarum
2854 4016 3093 4071 refundit
3154 4018 3207 4071 in
3272 4027 3389 4073 tur-

1821 4106 2035 4177 pissimi
2058 4106 2288 4173 alicujus
2320 4106 2582 4161 facinoris
2616 4106 3181 4185 emissionem,quam
3214 4109 3302 4163 ille
3330 4113 3386 4163 ia

1814 4214 2011 4268 pravos
2035 4197 2258 4254 affectus
2284 4210 2342 4254 et
2379 4213 2697 4268 perversum
2730 4201 2959 4255 rationis
2983 4215 3138 4254 usum
3181 4200 3386 4270 rejicit.

1887 4290 2012 4343 124.
2039 4290 2437 4361 Pythagoreum
2468 4291 2632 4346 etiam
2661 4300 2781 4345 erat
2820 4291 2960 4360 quod
2994 4291 3230 4360 ﬁngebat
3254 4291 3389 4348 Car—

1814 4392 2088 4452 pocrates,
2120 4382 2325 4450 Angela
2369 4383 2586 4438 cuidam
2633 4383 2686 4436 id
2722 4384 2963 4436 muneris
2999 4383 3385 4438 demandatum

1814 4477 2002 4539 fuisse,
2053 4486 2112 4529 ut
2168 4476 2380 4530 animas
2432 4476 2561 4530 hinc
2612 4477 2910 4547 migrantes
2958 4476 3025 4529 ad
3074 4475 3385 4547 Principem

145 4568 276 4637 gniti
314 4569 407 4624 Dei
450 4569 731 4626 recordari
769 4570 963 4625 valeat.
991 4570 1037 4602 ⁸²
1078 4568 1153 4623 Ex
1194 4567 1515 4633 Platonicis,
1557 4569 1709 4639 prior
1736 4563 1788 4624 D
1818 4568 2067 4635 deducat,
2105 4571 2172 4622 ab
2212 4583 2297 4635 eo,
2335 4568 2379 4623 si
2427 4569 2710 4637 quidpiam
2761 4570 3237 4639 praetermiserim.
3286 4586 3385 4639 pu-

146 4658 317 4713 anima
343 4658 673 4716 mundarum
709 4659 1047 4730 obtemperat
1072 4660 1327 4723 motibus,
1359 4667 1413 4712 et
1448 4660 1558 4712 fato
1580 4660 1706 4714 sub-

142 4749 281 4818 iacet
294 4769 308 4818 ;
322 4766 385 4806 ex
401 4752 865 4821 Carpocratianis,
881 4751 1210 4819 Angelorum
1232 4750 1416 4805 mundi
1430 4749 1704 4818 opiﬁcum,

146 4844 194 4895 si
226 4846 328 4898 sola
356 4845 449 4912 sit,
490 4845 779 4916 imperium
808 4844 955 4900 subit
983 4860 997 4898 :
1027 4860 1094 4899 ex
1127 4844 1232 4898 illis
1261 4846 1530 4913 posterior
1553 4859 1707 4911 γενε-

147 4937 388 5007 mpm?
440 4936 673 4991 motioni
728 4934 1117 5006 supereminet,
1168 4935 1296 5002 quia
1345 4933 1505 4988 habet
1550 4935 1604 4987 in
1646 4947 1704 4990 se

144 5025 458 5097 principium
528 5026 807 5097 proprium
862 5023 960 5095 τῆς
1014 5025 1094 5087 εἰς
1152 5023 1215 5076 τὸ
1264 5023 1452 5094 νοητὸν
1508 5040 1701 5095 περια-

142 5116 337 5186 Υωτῆςν
367 5133 476 5191 quo
500 5118 678 5188 possit
709 5121 775 5173 ad
813 5116 1153 5186 intelligibile
1183 5124 1506 5170 convertere
1552 5116 1697 5184 seipo

145 5222 277 5271 sam,
304 5219 355 5263 et
379 5225 409 5265 a
442 5211 607 5266 rebus
639 5210 799 5266 factis
822 5210 1084 5273 eximere,
1113 5224 1178 5263 ac
1207 5208 1452 5264 ordinem
1482 5210 1701 5261 munda-

141 5315 268 5351 num
288 5302 621 5373 supergredi.
654 5302 730 5358 Ex
771 5303 878 5368 his,
918 5302 1244 5372 Augelorum
1292 5299 1473 5354 mundi
1506 5298 1700 5355 condi-

144 5404 311 5447 torum
339 5395 527 5463 jugum
560 5395 791 5459 excutit,
843 5396 1008 5451 rebus
1044 5394 1298 5449 omnibus
1330 5392 1491 5447 factis
1523 5390 1699 5445 domi-

146 5496 316 5549 natur.
360 5503 423 5543 ac
453 5489 668 5544 demum
706 5489 936 5544 vinculis
965 5486 1212 5544 exsoluta
1254 5486 1320 5540 ad
1368 5500 1688 5554 supremum

142 5582 347 5637 Patrem
389 5582 587 5639 evolat.
627 5583 753 5639 Haec
789 5594 901 5637 tam
930 5592 1053 5653 apte
1088 5581 1192 5637 sibi
1235 5580 1588 5651 respondent,
1636 5587 1692 5633 ut

140 5684 286 5742 gutta
315 5683 476 5748 gutta:
509 5675 739 5731 similior
780 5689 889 5731 non
919 5677 1011 5730 sit.
1048 5673 1292 5729 Platonis
1331 5675 1385 5727 in
1434 5672 1695 5735 Phwdro,

217 5853 261 5883 "
290 5853 421 5913 Sest.
456 5872 570 5926 vm,
605 5872 653 5913 c.
688 5857 739 5913 6.
817 5856 863 5891 "
895 5856 1055 5922 idem,
1095 5872 1141 5911 c.
1175 5855 1224 5909 7.

1816 4662 2061 4715 niendas.
2092 4660 2247 4726 Nam,
2280 4660 2497 4715 Laertio
2538 4672 2674 4717 teSIe
2699 4663 2764 4726 ",
2803 4664 2906 4718 hoc
2942 4664 3115 4732 ipsum
3148 4662 3380 4719 ofﬁcium

1811 4762 1932 4807 erat
1964 4754 2107 4821 quod
2133 4752 2400 4807 Mercurio
2435 4752 2707 4808 tribuebat
2737 4752 3075 4823 Pythagoras
3106 4771 3120 4807 :
3150 4756 3289 4809 adeo
3325 4766 3386 4809 ut

1808 4846 2060 4898 eamdem
2088 4846 2313 4898 omnino
2347 4843 2608 4906 fabulam,
2654 4845 2878 4900 mutatis
2919 4847 3185 4901 duntaxat
3210 4846 3384 4901 nomi-

1808 4939 1992 5001 nibus,
2031 4940 2309 4993 recoxerit
2354 4938 2738 5008 Carpocrates.
2784 4940 2982 4994 Aiebat
3017 4940 3127 5004 ille,
3170 4939 3382 4994 Mercu-

1808 5031 1948 5083 rium
2003 5032 2308 5085 animarum
2355 5030 2579 5102 ταμίαν,
2633 5039 2961 5102 quaestorem
3014 5045 3163 5098 esse,
3216 5040 3383 5101 atque

1808 5126 1943 5177 adeo
1984 5123 2266 5177 ductorem
2313 5124 2443 5190 dici,
2490 5126 2635 5195 quod
2686 5125 2729 5178 is
2776 5141 2839 5178 ex
2882 5124 3207 5194 corporibus
3254 5125 3378 5178 aui-

1808 5230 1944 5279 mas,
1974 5230 2136 5283 puras
2174 5216 2392 5283 quidem
2420 5231 2487 5270 ac
2513 5226 2769 5286 purgatas
2804 5217 2855 5269 in
2885 5216 3160 5271 excelsum
3186 5215 3377 5280 ducat,

1809 5308 2049 5375 impuras
2081 5322 2210 5361 vero
2248 5306 2430 5360 Furiis
2475 5308 2674 5369 tradat,
2723 5306 2972 5361 infractis
3002 5306 3232 5362 nexibus
3258 5301 3379 5359 vin-

1803 5398 2042 5453 ciendas.
2070 5396 2207 5450 llinc
2231 5394 2651 5461 Horatiusx,0d.
2685 5396 2775 5449 lO:

2085 5530 2163 5585 Tu
2199 5531 2310 5589 pias
2346 5532 2481 5585 lteris
2513 5532 2716 5582 animus
2746 5534 2950 5597 reponis

2074 5600 2316 5664 Sedibus,
2357 5606 2599 5670 virgaque
2631 5606 2791 5653 levem
2822 5617 3025 5655 coerces

2305 5674 2475 5725 Aurea
2501 5675 2730 5724 turbant.

1305 5856 1346 5889 ⁵³
1378 5856 1431 5911 ln
1469 5856 1719 5925 Pythag.,
1756 5871 1808 5925 p.
1848 5857 1968 5912 Sis.
