4180 6332
843 353 944 407 H3

1365 470 1446 526 Vl.
1482 470 1555 524 De
1597 469 1864 528 Cerintho.

908 563 1028 618 125.
1057 563 1353 618 Cerinthus
1383 564 1425 617 si
1457 579 1562 618 non
1611 564 1851 629 natione,
1889 563 2084 618 saltem
2131 564 2395 633 religione

833 657 1069 719 Jndzcus,
1104 658 1470 726 apostolorum
1505 657 1855 724 temporibus,
1896 656 2002 710 imo
2025 657 2092 712 ab
2139 657 2269 725 ipsis
2301 658 2398 712 Ec-

832 752 1016 809 clesia:
1055 749 1423 813 incunabulis,
1471 749 1515 803 si
1557 748 1859 817 Epiphanio
1907 748 1952 780 “
1996 748 2155 816 ﬁdes,
2196 752 2392 817 erupit.

834 843 964 897 Eum
988 843 1131 897 enim
1170 841 1335 895 fuisse
1361 850 1535 911 putat,
1566 841 1654 909 qui
1704 841 1893 896 ﬁdeles
1925 842 2179 897 adversus
2211 843 2266 897 S.
2296 842 2396 897 Pe-

831 945 998 1001 trum,
1041 935 1183 1002 quod
1215 933 1522 989 Cornelium
1564 933 1950 1018 Centurionem
2000 937 2271 1004 baptismo
2313 929 2394 991 di-

829 1039 1023 1097 gnatus
1056 1028 1265 1092 fuisset,
1296 1029 1590 1082 concitavit
1615 1015 1912 1096 {eumdem
1957 1028 2130 1094 illum,
2159 1015 2249 1098 qui
2274 1046 2395 1099 per-

827 1136 1011 1190 peram
1052 1120 1432 1174 commendata
1481 1121 1654 1176 veteri
1701 1120 1818 1192 lege
1855 1121 2151 1176 Ecclesiam
2201 1123 2393 1176 Antio-

827 1212 1051 1263 chenam
1092 1211 1344 1263 turbavit.
1397 1209 1770 1264 Cerinthianos
1812 1211 2040 1278 denique
2085 1209 2252 1265 fuisse
2299 1211 2392 1280 qui

821 1310 1158 1372 praepostero
1191 1302 1322 1372 legis
1352 1302 1552 1365 studio,
1582 1304 1744 1357 toties
1766 1303 2046 1372 apostolis,
2085 1293 2388 1372 praesertim

822 1393 886 1446 D.
928 1392 1131 1458 Paulo,
1185 1394 1441 1448 invidiam
1492 1393 1813 1461 conflarunt,
1860 1411 1995 1465 quos
2044 1396 2099 1449 in
2131 1396 2391 1466 Epistolis

819 1487 935 1544 suis
965 1488 1055 1542 hie
1084 1488 1282 1556 smpius
1307 1487 1648 1556 perstringit.
1682 1485 1878 1541 Verum
1909 1502 2210 1558 repugnare
2242 1488 2391 1542 vide-

820 1592 910 1634 tur
939 1580 1170 1635 lrenaaus
1226 1582 1476 1636 scribens
1521 1581 1590 1645 ⁵⁸,
1632 1580 1796 1633 multo
1834 1581 1983 1651 prius
2019 1581 2388 1635 inseminatam

817 1672 984 1727 fuisse
1003 1671 1389 1726 Nicolaitarum
1414 1686 1575 1741 quam
1598 1670 2078 1743 Cerinthiauorum
2104 1687 2346 1726 errorem
2370 1689 2382 1724 :

817 1779 915 1818 nec
943 1764 1044 1819 sibi
1074 1765 1175 1833 ipsi
1207 1765 1338 1818 satis
1364 1764 1634 1818 consentit
1662 1762 2027 1840 Epiphanius,
2049 1763 2379 1818 Cerinthum

814 1853 1144 1924 Cérpocrate
1173 1857 1525 1926 posteriorem
1565 1854 1733 1909 fuisse
1783 1855 2117 1924 signiﬁcans,
2165 1857 2276 1925 qui,
2324 1867 2382 1911 ut

814 1948 972 2017 paulo
998 1958 1126 2001 ante
1157 1948 1409 2011 vidimus,
1436 1961 1538 2000 non
1564 1947 1666 2000 nisi
1712 1946 1932 2000 Adriani
1968 1949 2176 2017 imperii
2210 1949 2382 2005 initiis

813 2041 1031 2110 prodiit.
1064 2039 1134 2094 At
1187 2040 1546 2108 antiquiorem
1592 2055 1736 2096 esse
1785 2039 2126 2105 Cerinthum,
2183 2050 2238 2095 et
2281 2041 2381 2097 sub

814 2113 1119 2184 Domitiano
1158 2144 1308 2183 suam
1346 2129 1598 2184 haeresim
1624 2130 1954 2194 condidisse,
2001 2130 2087 2185 vel
2124 2130 2254 2184 illud
2289 2131 2377 2186 de-

812 2230 1098 2285 monstrat,
1125 2223 1328 2291 quoda
1352 2222 1652 2292 Polycarpo
1690 2224 1947 2276 traditum
1993 2224 2272 2293 accepisse
2316 2239 2377 2280 se

813 2324 1046 2370 testatur
1086 2316 1320 2369 lrenaus
1355 2316 1401 2346 ⁵⁸
1449 2325 1504 2369 et
1531 2323 1654 2383 post
1676 2330 1799 2370 eum
1834 2316 2100 2371 Eusebius
2144 2315 2211 2384 ⁸⁷,
2246 2317 2374 2386 Epi-

807 2408 1041 2476 phanius
1065 2406 1134 2475 ⁵⁸,
1179 2404 1540 2478 Hieronymus
1573 2407 1640 2474 ⁵⁸,
1666 2407 2043 2462 'Theodoretus
2076 2407 2118 2438 ⁸⁸
2155 2417 2209 2462 et
2258 2409 2372 2472 alii,

806 2497 1068 2554 Joannem
1121 2500 1422 2552 apostolum
1478 2497 1673 2560 Ephesi
1733 2498 1785 2551 in
1850 2498 2102 2552 balneum
2154 2498 2371 2554 lavandi

806 2604 969 2642 causa
999 2589 1327 2658 ingressum,
1374 2603 1497 2642 cum
1541 2589 1748 2642 certior
1789 2587 1967 2643 lactus
1996 2598 2140 2645 esset
2182 2587 2372 2644 Cerin-

809 2683 956 2735 thum
1009 2681 1152 2734 intus
1207 2695 1349 2744 esse,
1405 2689 1644 2734 actutum
1699 2697 1766 2736 ex
1822 2696 1887 2736 eo
1923 2680 2045 2735 loco
2087 2697 2146 2736 se
2191 2684 2368 2750 prori-

805 2773 1030 2841 puisse:
1063 2788 1131 2826 ne
1173 2772 1449 2839 balneum,
1501 2773 1799 2844 inquiebat,
1838 2775 1890 2828 in
1938 2789 2044 2844 quo
2078 2776 2369 2833 Cerinthus

804 2867 1046 2920 veritatis
1077 2868 1251 2921 hostis
1281 2879 1669 2936 commoratur,
1703 2870 1882 2927 subito
1921 2872 2237 2941 concidens,
2269 2887 2368 2929 nos

801 2958 1094 3027 opprimat.

874 3050 998 3105 126.
1034 3051 1166 3105 Eum
1201 3053 1253 3108 in
1293 3051 1528 3123 Egypto
1566 3053 1797 3124 primum
1827 3055 2030 3110 diutius
2071 3068 2363 3125 versatum,

801 3142 1158 3212 philosOphim
1199 3143 1528 3212 (Platonica:
1570 3155 1750 3211 certe,
1786 3163 1907 3217 qua:
1958 3150 2030 3205 ibi
2079 3161 2192 3207 tum
2236 3157 2436 3214 tem-C

802 3236 948 3302 poris
987 3235 1248 3307 ﬂorebat)
1291 3253 1511 3307 operam
1564 3239 1817 3305 dedisse,
1853 3241 2046 3297 deinde
2094 3244 2149 3298 in
2188 3246 2372 3306 Asiam

799 3325 1030 3398 venisse,
1060 3325 1242 3393 ibique
1269 3325 1425 3392 longe
1449 3327 1663 3397 lateque
1703 3329 2036 3397 impietatem
2064 3343 2216 3384 suam
2246 3347 2370 3400 pro-

797 3432 1058 3487 pagasse,
1094 3427 1281 3473 auctor
1315 3428 1399 3473 est
1448 3419 1822 3478 Theodoretus
1873 3423 1940 3487 δι,
1970 3425 2055 3477 cui
2096 3427 2368 3480 consentit

795 3522 851 3566 et
880 3512 1213 3581 Epiphanius
1239 3513 1308 3566 ⁶¹.
1345 3517 1494 3571 Nova
1528 3529 1592 3567 ex
1626 3529 1692 3567 eo
1723 3507 1874 3568 secta
1916 3516 2184 3584 prorupit,
2223 3517 2365 3572 dicta

794 3606 1294 3672 Cerinthianorum,
1344 3612 1430 3664 vel
1484 3609 2015 3675 Merinthianorum;
2058 3610 2176 3663 sive
2223 3611 2366 3678 quod

796 3699 1087 3754 Cerinthus
1142 3703 1347 3770 pariter
1396 3712 1450 3756 et
1504 3703 1809 3757 Merinthus
1859 3713 2197 3768 vocaretur;
2251 3706 2366 3761 sive

794 3792 939 3860 quod
991 3791 1320 3867 Mei-intlium
1372 3797 1658 3862 quemdam
1706 3795 2005 3860 adjutorem
2059 3808 2114 3850 et
2159 3798 2365 3854 socium

798 3884 1052 3938 habuerit
1099 3888 1291 3954 :quod
1340 3887 1558 3940 dubium
1603 3897 1657 3940 et
1708 3887 1808 3941 soli
1862 3889 1968 3942 Deo
2007 3898 2194 3943 notum
2246 3905 2367 3944 esse

797 3975 1376 4046 f.stetur.Epiplianius
1417 3979 1479 4031 ⁸³.
1530 3979 1806 4048 Scriptum
1856 3977 2027 4036 fuisse
2072 3996 2102 4036 ει
2151 3979 2366 4036 Joanne

797 4071 1170 4140 Evangelium,
1200 4071 1396 4142 partim
1427 4070 1750 4126 utCerintbi
1796 4086 2014 4127 errores
2067 4074 2362 4140 refelleret,

796 4166 960 4218 tradit
999 4166 1253 4220 lrenteus.
1288 4167 1580 4223 Hominum
1627 4169 1794 4238 igitur
1840 4170 2207 4233 insulsissimi,
2248 4169 2359 4238 qui,

792 4255 1087 4312 l’hilastrio
1111 4267 1269 4322 teste,
1333 4259 1607 4328 Evangelii
1656 4261 1816 4328 hujus
1866 4271 2144 4316 auctorem
2177 4261 2366 4317 Cerin-

797 4349 948 4401 thum
982 4351 1154 4419 ipsum
1203 4350 1373 4406 fuisse
1421 4354 1796 4406 autumabant.
1846 4351 2031 4407 Solum
2059 4353 2201 4408 enim
2233 4354 2364 4408 Mat-

797 4440 921 4492 thaei
953 4439 1335 4509 Evangelium,
1381 4440 1543 4508 idque
1585 4442 1788 4497 Christi
1817 4442 2133 4512 genealogia
2169 4443 2362 4497 decur-

797 4540 988 4590 tatum,
1019 4531 1316 4598 repudiatis
1342 4531 1516 4584 tribus
1547 4531 1689 4595 aliis,
1738 4530 1954 4598 rejectis
2002 4532 2168 4585 etiam
2213 4532 2362 4585 Actis

794 4623 1182 4689 apostolorum,
1235 4623 1598 4690 omnibusque
1646 4622 1796 4676 Pauli
1829 4622 2128 4690 Epistolis,
2173 4623 2366 4693 proba-

794 4713 946 4772 lmttt.
978 4715 1021 4766 si
1087 4712 1382 4768 Pbilastrio
1425 4715 1470 4746 ⁸⁸
1517 4726 1569 4767 et
1627 4714 1930 4783 Epiphanio
1974 4713 2018 4743 "
2072 4696 2204 4767 ﬁdes
2260 4723 2363 4768 est.

793 4802 1046 4857 Nonnihil
1088 4815 1268 4858 tamen
1330 4820 1544 4869 vereor,
1603 4815 1661 4857 ut
1711 4813 1938 4873 uterque
1988 4802 2365 4858 Cerinthianos

793 4913 912 4948 cum
952 4896 1218 4950 Ebionitis
1245 4895 1569 4950 confuderit.
1603 4897 1714 4951 Soli
1749 4897 2012 4966 siquidem
2057 4905 2120 4944 ex
2163 4898 2362 4951 veteri-

791 4991 889 5042 bus
922 4990 973 5043 id
1012 4990 1116 5043 illis
1149 4991 1447 5052 ascribunt,
1484 4990 1624 5056 quod
1660 4991 1744 5044 bis
1767 5002 2087 5048 constanter
2120 4993 2363 5046 tribuunt

791 5079 922 5146 alii;
957 5096 1054 5135 nec
1087 5082 1299 5135 videtur
1329 5081 1378 5133 id
1411 5081 1476 5134 ab
1507 5082 1709 5133 lrenzeo
1756 5082 1999 5136 Cerintbi
2036 5097 2252 5137 errores
2278 5096 2363 5134 re-

793 5173 997 5225 ferente
1046 5174 1306 5226 omissum
1355 5174 1444 5237 iri,
1478 5176 1620 5243 quod
1672 5174 2048 5236 Ehionitarum
2110 5171 2359 5242 dogmata

793 5280 1084 5318 recensens
1137 5267 1397 5320 adnotare
1457 5284 1560 5319 non
1611 5268 1872 5336 neglexit.
1929 5268 2152 5320 Accedit
2214 5268 2358 5334 quod

793 5358 1120 5426 Epiphanius
1181 5375 1360 5412 secum
1417 5360 1528 5426 ipse
1604 5376 1844 5428 pugnare
1901 5359 2166 5413 videatur.
2222 5358 2356 5412 Nam

795 5453 922 5505 liter.
953 5450 1129 5520 .vxx,§
1167 5451 1251 5511 l4.
1279 5452 1554 5517 conceptis
1602 5453 1781 5506 verbis
1813 5452 2026 5515 asserit,
2055 5454 2356 5520 Carpocra-

2415 1822 2455 1876 Β

1401 5682 1414 5739 i
1471 5687 1525 5732 ‘2.
1625 5679 1670 5707 "
1710 5678 1766 5729 L.
1807 5694 1967 5739 m,c.
2028 5678 2109 5736 Η,
2166 5694 2218 5732 n.
2257 5677 2307 5729 1.

1363 5747 1404 5776 ⁵ο
1449 5749 1507 5801 L.
1547 5765 1608 5807 tt.
1642 5765 1688 5800 c.
1717 5749 1795 5807 5.,
1867 5750 1906 5777 ⁶¹
1941 5747 2042 5807 ld.,
2079 5749 2212 5800 ibid.

1592 5819 1635 5850 “
1672 5817 1789 5872 Lib.
1825 5834 1904 5884 Ill,
1939 5836 1984 5870 c.
2017 5820 2111 5871 “23.

865 5678 906 5707 ⁵⁵
941 5676 1077 5728 llaer.
1138 5692 1324 5739 xxviii,

795 5746 838 5777 ⁸9
878 5747 928 5797 In
960 5745 1102 5803 Cut..
1135 5763 1179 5799 C.
1214 5748 1264 5799 9.

795 5834 842 5870 c.
877 5817 965 5871 25.
1043 5817 1084 5846 ⁸⁷
1118 5817 1232 5871 Lib.
1277 5834 1336 5883 ll,
1371 5835 1418 5872 c.
1463 5819 1512 5871 5.

1644 346 2245 403 DISSEBTATIONES
2282 345 2589 404 PBEVUE
2629 346 2700 402 IN
2734 347 2996 407 ΙΒΕΝᾹΞΙ
3034 348 3302 417 LIBROS.

2413 5677 2460 5707 ⁵³
2497 5676 2558 5729 L.
2595 5691 2677 5735 ιιι,
2716 5688 2764 5729 c.
2800 5676 2853 5735 5,
2889 5691 2944 5726 n.
2974 5675 3026 5727 4.

2291 5745 2476 5813 διὲϐι

2190 5818 2232 5848 ⁶⁹
2265 5820 2336 5872 De
2371 5819 2627 5881 l’rt'escr.,
2663 5834 2708 5869 c.
2744 5817 2832 5869 48.

3975 355 4064 411 ω

2421 472 2467 528 Α
2497 479 2603 524 tem
2636 481 2690 525 et
2710 470 3025 526 Cerintnum
3051 470 3279 525 Matthaii
3306 469 3606 540 Evangelio
3639 470 3826 535 ﬁctos,
3869 486 3934 527 ex
3959 476 4065 544 ejus

2501 561 2675 627 initio,
2699 562 3010 631 Christique
3034 562 3345 632 genealogia
3379 567 3614 631 probare
3646 565 3766 629 niti,
3788 565 4062 620 Christum

2499 669 2562 707 ex
2609 651 2831 722 Josephi
2879 662 2933 708 et
2980 652 3165 708 Mariae
3203 655 3411 709 semine
3460 668 3809 725 procreatum
3864 655 4060 714 fuisse.

2499 744 2779 799 Ebionaeos
2836 745 3145 798 econtrario
3185 745 3336 799 omni
3388 746 3476 799 illa
3528 748 3840 817 genealogia
3881 765 4059 818 ampu-

2501 847 2635 901 tata,
2685 839 2752 892 ab
2797 837 2918 892 aliis
2955 838 3138 892 verbis
3188 837 3464 909 Evangelii
3498 839 3720 892 .initium
3754 839 4054 896 deduxisse.

2498 928 2661 999 Igitur
2692 928 2926 993 Matthazi
2953 929 3304 1000 Evangelium
3333 931 3648 1002 genealogis
3680 948 3784 987 non
3820 935 4053 988 decurta-

2497 1019 3010 1087 bantCerinthiani,
3042 1037 3072 1076 e
3108 1037 3210 1092 qua
3255 1034 3574 1094 argumenta
3618 1034 3807 1078 contra
3842 1025 4053 1094 virgini-

2499 1119 2662 1166 tatem
2688 1112 2870 1168 Maria:
2898 1123 3081 1182 petere
3112 1129 3170 1167 se
3203 1129 3363 1182 posse
3397 1115 3500 1168 sibi
3533 1117 3961 1184 persuadebant.
3989 1116 4057 1170 Ac

2495 1207 2722 1278 proinde
2767 1207 2970 1260 authie
3013 1216 3107 1260 aut
3153 1206 3264 1262 illic
3317 1209 3584 1263 memoria
3638 1207 3902 1264 defecerit
3941 1209 4060 1280 Epi-

2494 1299 2750 1368 phanium
2778 1312 3006 1352 necesse
3030 1309 3132 1352 est.
3163 1297 3275 1352 lllic
3296 1299 3477 1367 potius
3505 1315 3672 1367 quam
3689 1298 3778 1353 hic
3803 1300 4058 1356 deiecisse

2494 1389 2838 1445 crediderim.
2875 1388 3152 1451 'l‘estatum
3181 1387 3313 1442 facit
3344 1389 3633 1459 Dionysius
3661 1389 4060 1445 Alexandrinus

2493 1480 2634 1550 apud
2669 1479 2958 1534 Eusebium
2988 1479 3056 1542 °°,
3088 1479 3357 1548 quosdam
3401 1474 3566 1534 fuisse
3610 1481 3699 1550 qui
3739 1481 4060 1539 Cerinthum

2493 1583 2768 1630 auctorem
2831 1591 2957 1630 esse
3019 1575 3399 1630 existimarent
3453 1575 3841 1646 Apocalypsis,
3896 1591 4059 1645 quam

2491 1671 2715 1726 Joannis
2739 1686 2858 1726 esse
2887 1671 3189 1725 certissime
3221 1669 3396 1724 credit
3427 1670 3695 1724 Ecclesia.
3722 1670 3872 1724 Haud
3896 1669 4061 1725 dubie

2491 1765 2616 1836 quia
2661 1775 2709 1819 et
2763 1765 2874 1832 ipse
2922 1763 3223 1832 apostolum
3275 1777 3398 1817 sese
3446 1763 3755 1827 venditans,
3810 1764 4060 1832 spuriam

2482 1857 2846 1928 Apocalypsin
2888 1856 3129 1910 scribere
3169 1868 3334 1909 ausus
3385 1861 3565 1908 fuerat
3600 1873 3615 1907 :
3654 1855 3706 1910 id
3738 1856 3938 1924 quippe
3981 1855 4065 1910 di-

2483 1951 2648 2004 sertis
2673 1948 2853 2002 verbis
2877 1948 3076 2001 asserit
3126 1946 3507 2001 Tbeodoretus
3537 1947 3619 2012 “7;
3654 1946 3909 2016 huncque
3939 1963 4066 2003 sen-

2482 2056 2601 2097 sum
2646 2040 2805 2094 facile
2851 2041 3143 2092 admittunt
3189 2033 3305 2092 Caii
3347 2038 3650 2108 presbyteri
3702 2037 3866 2093 verba
3916 2041 4064 2108 apud

2480 2135 2726 2190 eumdem
2753 2132 3049 2187 Eusebium
3078 2131 3148 2184 ⁶⁸.
3193 2131 3450 2186 Ediderat
3487 2133 3672 2197 etiam,
3713 2132 4064 2188 Theodoreto

2484 2239 2642 2291 teste,
2685 2225 2922 2282 ἀπειλῶν
2949 2242 3107 2280 τινων
3139 2224 3504 2290 διδασκαλίας,
3551 2227 3904 2295 quarumdam
3959 2229 4064 2280 mi-

2479 2335 2665 2374 narum
2689 2318 2992 2380 doctrinas;
3022 2316 3112 2385 qui
3146 2314 3288 2370 liber
3312 2332 3383 2370 an
3413 2316 3479 2370 ab
3517 2317 3838 2386 Apocalypsi
3873 2317 4062 2370 diver-

2479 2425 2569 2464 sus
2598 2417 2759 2472 esset,
2803 2423 2908 2462 non
2961 2407 3094 2462 satis
3140 2417 3377 2461 constat.
3428 2406 3562 2462 lllud
3611 2409 3838 2472 certius,
3863 2407 4065 2464 Cerin--

2478 2503 2627 2558 thum
2686 2503 2742 2556 in
2794 2517 2890 2557 sua
2944 2501 3272 2576 Apocalypsi
3310 2501 3485 2571 prima
3533 2501 3921 2556 Chiliastarum
3962 2518 4062 2558 seu

2477 2595 2904 2649 Ilillenariorum
2967 2595 3170 2649 erroris
3228 2593 3584 2647 fundamenta
3632 2592 3828 2661 jecisse
3881 2610 3896 2648 :
3951 2609 4065 2663 quo

2470 2681 2710 2757 tingebat
2745 2695 2866 2755 post
2929 2686 3176 2740 humanae
3213 2687 3395 2741 carnis
3439 2685 3925 2749 resurrectionem,
3971 2686 4062 2740 fu-

2475 2791 2652 2833 turum
2691 2787 2966 2831 terrenum
3013 2776 3218 2832 Christi
3252 2792 3510 2846 regnum,
3554 2786 3608 2831 et
3653 2775 4066 2848 Hierosolymis

2472 2872 2720 2925 homines
2750 2870 2932 2924 carnis
2965 2869 3356 2938 cupiditatibus
3389 2880 3443 2924 et
3497 2869 3835 2940 voluptatum
3870 2871 4058 2926 illece—

2471 2963 2582 3018 bris
2610 2963 2926 3028 servituros,
2945 2961 3195 3030 milleque
3213 2977 3383 3019 annos
3403 2962 3456 3016 in
3481 2964 3792 3034 nuptiarum
3817 2963 3980 3019 festis
4006 2973 4065 3019 et

2470 3055 2786 3109 celebritate
2813 3052 3004 3125 [ων]
3029 3062 3468 3121 consumpturos.
3502 3054 3600 3109 Cui
3628 3054 3848 3124 quidem
3871 3058 4063 3111 errori

2470 3147 2811 3201 occasionem
2839 3145 3141 3211 praebuisse
3169 3145 3418 3198 videntur
3454 3147 3532 3214 (ut
3574 3146 3706 3199 nihil
3731 3148 3796 3200 de
3823 3144 4066 3203 Joannis

2472 3238 2793 3309 Apocalypsi
2823 3235 3022 3305 dicam)
3072 3237 3464 3306 prophetarum
3501 3238 3571 3293 de
3619 3237 3825 3293 Messiae
3875 3255 4063 3311 regno

2473 3331 2757 3396 vaticinia;
2794 3344 2914 3400 quae
2945 3343 3065 3384 cum
3122 3330 3188 3381 ad
3222 3328 3457 3382 litteram
3496 3327 3866 3398 intelligenda,
3923 3345 4062 3386 cum

2470 3424 2773 3477 Judaeorum
2806 3420 2966 3489 vulgo
3019 3420 3348 3473 mundanum
3400 3434 3624 3489 regnum
3668 3427 4064 3491 eXSpectante,

2471 3517 2571 3570 sibi
2624 3518 2850 3586 lingeret
2887 3517 3049 3570 homo
3080 3515 3354 3584 pinguiori
3388 3514 3654 3582 Minerva,
3699 3525 3752 3571 et
3796 3518 3869 3572 ita
3907 3533 4065 3573 no-

2469 3609 2593 3662 dum
2621 3607 2862 3676 impleta,
2888 3608 2939 3660 in
2965 3622 3084 3661 eam
3111 3608 3377 3662 successit
3402 3608 3738 3675 opinionem.
3767 3607 4063 3679 implenda

2469 3704 2558 3758 illa
2592 3717 2711 3758 esse
2755 3713 2877 3770 post
2925 3702 3402 3755 resurrectionem.
3451 3700 3616 3758 Forte
3662 3704 3828 3758 etiam
3863 3715 4066 3760 mate-

2471 3797 2603 3848 riam
2635 3795 3076 3848 subministravit
3099 3793 3336 3848 Platonts
3360 3796 3816 3850 commentum-de
3845 3812 4068 3868 magno

2468 3901 2629 3940 anno.
2662 3883 2782 3938 Vult
2812 3886 2978 3947 enim,
3005 3893 3127 3951 post
3175 3883 3244 3936 56
3287 3897 3547 3936 annorum
3583 3885 3746 3937 millia
3777 3887 4068 3943 innovan-

2468 3978 2591 4030 dum
2629 3991 2747 4030 esse
2777 3975 3032 4029 mundum
3056 3990 3070 4039 ;
3099 3983 3332 4043 tuncque
3361 3971 3477 4028 fore
3498 3973 3752 4028 saeculum
3784 3990 4061 4033 aureum.

2466 4066 2523 4120 In
2560 4067 2805 4121 eumdem
2838 4081 3099 4127 errorem,
3136 4065 3231 4119 sed
3273 4079 3660 4135 corporearum
3694 4066 4066 4136 voluptatum

2467 4158 2690 4213 faecibus
2743 4169 3137 4228 expurgatum,
3197 4171 3320 4210 cum
3388 4158 3705 4227 imprudens
3757 4157 4069 4218 incidisset

2464 4249 2662 4319 Papias
2689 4250 2913 4305 Joannis
2945 4243 3179 4314 auditor,
3211 4248 3333 4303 aliis
3356 4250 3699 4318 postmodum
3728 4265 3759 4305 e
3783 4250 3888 4306 SS.
3937 4253 4068 4308 Pa-

2468 4344 2640 4398 tribus
2683 4356 2788 4396 non
2833 4341 3021 4410 paucis
3074 4338 3258 4410 lapsus
3302 4339 3642 4395 occasionem
3683 4341 4067 4400 ministravit.

2466 4432 2572 4487 Sed
2598 4431 2664 4486 de
2692 4431 2776 4486 his
2805 4429 2956 4484 alias.

2543 4523 2665 4578 127.
2709 4521 2906 4575 Eadem
2945 4521 3058 4576 fere
3085 4520 3352 4588 Cerinthi,
3381 4537 3500 4593 quae
3526 4521 3788 4588 Simonis,
3811 4523 4070 4584 Menan-

2471 4615 2553 4670 dri
2583 4627 2636 4670 et
2684 4617 2919 4670 aliorum
2955 4613 3338 4669 Gnosticorum
3374 4619 3589 4670 somnia
3639 4615 3814 4671 fuere.
3863 4620 4070 4675 Deum

2469 4723 2737 4762 summum
2761 4722 2788 4759 a
2825 4707 3086 4765 Creatore
3122 4711 3305 4765 mundi
3336 4711 3407 4764 ita
3441 4711 3726 4775 distinguit
3749 4719 3805 4763 et
3836 4721 4073 4769 natura

2468 4813 2524 4858 et
2569 4804 2720 4867 sede,
2756 4813 2806 4857 ut
2846 4803 2934 4859 hic
2983 4803 3166 4860 Virtus
3210 4806 3281 4859 sit
3334 4804 3542 4858 inﬁnite
3576 4805 3643 4858 ab
3673 4807 3766 4859 illo
3799 4806 4073 4881 distans,

2468 4895 2694 4963 ejusque
2728 4909 2949 4962 prorsus
2981 4896 3192 4965 ignara.
3224 4894 3377 4950 Unde
3408 4895 3651 4962 sequitur
3684 4897 3852 4951 Deum
3923 4903 4074 4956 nul-

2461 4986 2568 5039 iam
2607 4985 2762 5053 hujus
2790 4987 2972 5041 mundi
3002 5003 3189 5041 curam
3223 4989 3418 5058 egisse,
3446 5003 3545 5042 nec
3573 4987 3743 5056 legem
3783 4989 4072 5060 dedisse;

2465 5080 2557 5135 sed
2586 5081 2849 5149 Angelum
2907 5089 2967 5133 ut
3017 5082 3200 5134 mundi
3261 5083 3617 5146 conditorem,
3677 5081 3754 5135 sic
3805 5090 3860 5136 et
3910 5083 4078 5155 legis

2463 5183 2777 5235 auctorem,
2830 5182 2884 5225 et
2934 5170 3242 5226 Jndzeorum
3300 5173 3587 5228 Dominum
3641 5172 3807 5226 fuisse
3853 5191 3870 5227 :
3932 5193 4080 5247 qua

2467 5260 2726 5326 Simonis,
2763 5259 3045 5316 Menandri
3090 5273 3143 5316 et
3176 5261 3523 5333 Carpocratis
3554 5263 3746 5316 deliria
3783 5262 4076 5335 fuerunt,

2464 5368 2582 5420 quae
2618 5352 2983 5408 Tertullianus
3019 5354 3084 5418 ⁸³,
3109 5355 3192 5409 vel
3223 5355 3362 5409 alius
3390 5356 3592 5425 quivis,
3617 5365 3668 5408 et
3693 5353 4080 5424 Epiphanius

2465 5447 2509 5476 ⁷⁸
2536 5448 2739 5501 diserte
2767 5449 3023 5503 Cerintho
3047 5450 3311 5503 tribuunt.
3339 5449 3404 5504 Et
3435 5457 3616 5502 tamen
3641 5448 3755 5503 vult
3787 5448 4080 5521 Epiphg-

3130 5675 3174 5706 ⁵⁷
3209 5675 3326 5730 Lib.
3364 5691 3444 5734 ιιι,
3478 5690 3526 5728 c.
3555 5672 3644 5730 28.

3414 5672 3644 5752 129-?3-
3700 5671 3863 5752 -.'°.§
3908 5676 3978 5744 ἓν
4013 5683 4080 5737 ι·

3403 5745 3599 5817 διεδ.

2840 5748 2880 5774 ⁵⁸⁵
2909 5744 3029 5798 Lib.
3066 5747 3131 5800 de
3166 5745 3306 5801 llacr.
3403 5747 3445 5776 ⁸⁸
3485 5745 3511 5817 ς
3547 5745 3599 5800 5.
3699 5743 3744 5775 ⁸⁸
3775 5743 3923 5802 ω».
3965 5743 4081 5818 vti,

2915 5819 3095 5888 70§'.

2567 5746 2759 5815 °3§8.
