4180 6332
143 379 233 434 145

844 377 1311 435 DlSSERTATiO
1343 378 1385 443 l,
1415 376 1575 432 ΛΒΤ.
1612 374 1699 441 Ill,
1736 375 1824 430 DE
1869 376 2236 433 VALENTlNi
2270 376 2660 435 MAGISTRIS.

3289 380 3389 439 Hii

142 501 267 564 nius,
312 498 638 553 Cerinthum
686 508 795 555 tam
833 505 1055 557 incenso
1090 504 1291 557 veteris
1320 502 1455 573 legis
1502 514 1717 571 promo—
1746 506 1791 558 Α
1821 500 2084 563 leiecerit,
2116 517 2179 555 ac
2199 501 2615 565 miraculorum,
2639 514 2761 571 quae
2784 502 3045 571 patravit,
3065 511 3253 575 auctor
3274 503 3387 557 fue-

142 592 314 645 vendae
336 591 524 645 studio
544 590 826 661 ﬂagrasse,
843 602 900 647 ut
924 594 1184 663 apostolis
1210 595 1410 664 passim
1430 604 1483 648 et
1514 593 1713 662 ubique

142 682 435 745 restiterit,
474 684 935 755 insusurrataque
990 686 1431 741 Christianorum
1490 685 1713 740 auribus

138 760 591 839 circumcisionis,
624 776 870 844 adeoque
899 786 954 833 et
994 776 1347 833 Judaicorum
1388 778 1591 831 rituum
1619 793 1711 832 ne-

136 863 399 928 cessitate,
420 865 708 934 gentilium
724 864 997 923 Ecciesias
1018 877 1177 923 contu
1189 868 1380 924 rbarit.
1398 865 1523 923 Haec
1548 877 1704 924 certe

135 969 304 1013 secum
324 964 782 1033 apertepugnant
806 976 820 1024 ;
840 959 1067 1030 ipseque
1083 960 1329 1029 agnoscit
1350 961 1705 1031 Epiphanius.

134 1045 306 1111 Quare
338 1056 393 1103 et
418 1046 506 1102 hic
541 1064 733 1104 vereor
768 1058 827 1104 ut
858 1052 1122 1111 memoria
1161 1052 1365 1123 lapsus,
1401 1063 1495 1107 aut
1528 1054 1709 1109 incon-

132 1139 415 1194 siderantia
448 1139 760 1213 oﬁ‘enderit,
803 1151 857 1197 et
901 1144 1209 1215 Augustino
1261 1145 1361 1215 ipsi
1398 1145 1704 1203 oﬂ‘endicu-

132 1228 226 1283 lum
258 1232 599 1300 praebuerit;
639 1248 729 1289 res
774 1233 1180 1297 dissociabiles,
1214 1234 1591 1293 Ebionitarum
1624 1238 1703 1291 vi-

131 1322 317 1377 delicet
358 1332 417 1379 et
451 1324 933 1393 Cerinthianorum
983 1326 1219 1383 haereses
1251 1330 1553 1385 miscendo.
1585 1329 1701 1386 ire-

128 1418 263 1469 nzeus
291 1416 591 1486 siquidem,
626 1418 994 1478 Tertullianus
1028 1433 1084 1478 et
1110 1421 1521 1499 Theodoretus,
1542 1441 1700 1480 accu-

128 1505 381 1561 ratissimi
430 1508 749 1577 scriptores,
806 1511 1056 1568 Cerinthi
1097 1528 1347 1569 errorum
1391 1508 1697 1583 catalogum

127 1607 387 1664 texentes,
410 1599 778 1668 intempestivi
805 1602 952 1658 illius
983 1605 1035 1660 in
1062 1613 1304 1660 veterem
1332 1603 1506 1673 legem
1529 1603 1695 1658 studii

124 1706 185 1765 ne
213 1693 381 1747 verbo
407 1679 627 1762 quidem
657 1696 982 1763 meminere;
1008 1696 1165 1766 cujus
1197 1708 1376 1753 tamen
1402 1696 1695 1753 Ebionaaos

122 1798 340 1854 arguere
376 1802 484 1841 non
509 1788 841 1845 omiserunt.
880 1788 1081 1846 Fateor
1112 1792 1387 1861 equidem,
1416 1791 1551 1847 nihil
1589 1793 1691 1844 mi-

122 1892 230 1931 rum
273 1892 399 1933 esse
451 1881 495 1935 si
530 1880 765 1937 haeretici
810 1880 1187 1952 imprudentes
1232 1884 1500 1954 apseipsis
1532 1885 1693 1939 dissi-

121 1964 295 2027 deant.
352 1971 570 2027 Veritas
603 1988 750 2030 cum.
784 1980 893 2029 una
938 1984 995 2031 et
1046 1976 1235 2031 eadem
1289 1976 1381 2041 sit,
1433 1976 1550 2032 sola
1588 1978 1690 2032 sibi

120 2071 363 2129 constat;
400 2066 497 2121 sed
528 2066 671 2137 quod
704 2076 812 2121 tam
861 2077 1048 2139 aperte
1095 2082 1281 2133 secum
1329 2079 1583 2139 pugnent,
1632 2081 1691 2125 ut

118 2159 340 2212 scientes
368 2168 426 2212 et
448 2158 688 2215 volentes
711 2175 818 2214 una
845 2174 1008 2215 manu
1031 2160 1323 2231 dissipent,
1349 2161 1496 2232 quod
1514 2162 1685 2217 altera

117 2240 430 2306 stmxerint,
481 2241 735 2313 illiusque
790 2241 929 2314 legis
978 2245 1362 2300 necessitatem
1424 2254 1677 2316 urgeant,

115 2328 258 2398 Cujus
295 2331 490 2401 iugum
524 2333 591 2388 ab
624 2333 823 2404 iniquis
859 2336 1097 2404 Angelis,
1124 2346 1183 2393 et
1212 2338 1264 2392 in
1308 2338 1476 2393 Deum
1509 2339 1688 2396 rebel-

116 2421 247 2479 libus
275 2435 472 2481 contra
507 2426 590 2484 fas
630 2414 979 2498 impositum,
1015 2430 1402 2486 excutiendum
1436 2447 1558 2487 esse
1590 2448 1683 2503 pa-

116 2513 210 2569 lam
269 2526 327 2573 et
365 2518 568 2588 ubique
620 2522 846 2588 docent,
908 2522 1000 2577 vix
1053 2521 1214 2578 iidem
1269 2523 1684 2593 apud.sobrios

116 2607 329 2662 obtinet.
362 2607 497 2663 Eam
548 2620 730 2665 autem
773 2627 895 2667 esse
942 2612 1195 2669 debuisse
1232 2622 1383 2683 patet
1431 2613 1680 2670 Cerinthi

114 2694 471 2768 hypothesim,
534 2711 591 2755 ut
648 2716 713 2756 ex
784 2705 1141 2774 consequenti
1205 2703 1451 2761 veterem
1504 2707 1678 2775 legem

114 2791 388 2858 spreverit,
421 2791 680 2863 illiusque
709 2796 1115 2875 observantiam
1168 2812 1386 2853 omnem
1423 2798 1614 2869 procul
1648 2814 1679 2853 a

114 2882 243 2937 veris
272 2882 554 2961 Gndsticis
580 2889 979 2963 amandandam
1007 2902 1130 2946 esse
1155 2892 1452 2958 censuerit,
1480 2906 1545 2947 ex
1571 2905 1678 2961 quo

115 2972 347 3030 Simonis
380 2987 438 3031 et
465 2978 823 3049 Carpocratis
845 2982 1070 3053 vestigia
1103 2982 1352 3053 relegens
1382 2999 1506 3039 cum
1544 2984 1677 3053 ipsis

114 3067 317 3133 asserit,
350 3068 497 3124 hanc
545 3072 614 3126 ab
658 3067 1009 3151 inferioribus
1042 3075 1264 3145 Angelis
1303 3076 1543 3145 supremi
1579 3075 1675 3130 Pa-

1818 595 1907 647 rit.
1943 594 2210 664 Tempore
2246 604 2423 650 autem
2463 595 2733 665 passionis
2767 596 3058 651 recessisse
3087 596 3385 662 Christum,

1814 696 1869 740 et
1912 702 1978 741 eo
2028 688 2305 743 revolasse
2340 686 2481 743 unde
2513 697 2776 751 venerat;
2824 686 3005 742 Jesum
3042 701 3168 741 vero
3210 688 3386 742 solum

1812 790 1867 833 et
1890 780 2093 837 obiisse
2129 791 2382 847 mortem,
2410 790 2467 836 et
2515 798 2544 836 a
2579 781 2811 837 mortuis
2841 781 3138 835 excitatum
3182 779 3381 845 fuisse;

1810 874 2052 938 Christo,
2085 880 2287 944 utpote‘
2304 874 2557 945 spiritali,
2580 888 2753 944 paene
2778 874 2958 929 omnis
2984 884 3229 943 experte.
3252 873 3384 928 Caro

1810 969 2128 1037 pocratiana
2164 969 2279 1024 haec
2323 969 2546 1034 omnia;
2597 983 2627 1021 a
2672 966 3011 1024 Simonianis
3051 980 3184 1022 vero
3228 965 3282 1021 in
3315 978 3386 1020 eo

1809 1062 2093 1126 recedunt,
2130 1062 2433 1132 quod'Jesu
2470 1075 2661 1115 verum
2703 1074 2904 1128 corpus
2950 1056 3249 1114 humanum
3291 1068 3379 1113 at.

1808 1153 2110 1219 tribuatur;
2160 1155 2255 1209 sed
2310 1169 2478 1225 purus
2514 1154 2678 1208 homo
2713 1166 2837 1207 cum
2871 1158 3171 1215 statuatur,
3214 1162 3378 1218 quem

1807 1244 2079 1297 transiens
2130 1244 2399 1298 duntaxat
2447 1242 2754 1301 divinitatis
2811 1227 2996 1296 radius
3042 1238 3377 1303 illustravit;

1805 1336 2098 1407 utrobique
2120 1338 2373 1401 meritum
2402 1352 2564 1392 omne
2585 1336 2787 1392 Christi
2818 1336 3089 1404 passionis
3110 1344 3164 1388 et
3189 1334 3381 1389 mortis

1803 1429 2095 1483 evanescit.
2136 1428 2240 1484 Sed
2285 1442 2353 1485 ex
2388 1432 2551 1484 modo
2586 1430 2747 1483 dictis
2792 1427 2952 1482 facile
2995 1425 3378 1496 deprehendes

1800 1534 1909 1590 quo
1936 1535 2097 1575 sensu
2130 1522 2526 1592 Epiphanius"
2551 1536 2617 1575 ex
2649 1519 2895 1575 Cerinthi
2927 1531 3112 1575 mente
3144 1519 3377 1596 scripse-

1804 1615 1907 1679 rit,
1959 1630 2181 1686 passum
2234 1634 2295 1671 ac
2346 1619 2670 1673 cruciﬁxum
2719 1632 2846 1671 esse
2898 1616 3209 1679 Christum.
3259 1613 3376 1674 Nisi

1800 1707 2053 1760 mendum
2088 1708 2139 1761 in
2173 1716 2377 1763 textum
2428 1708 2734 1779 irrepserit,
2782 1724 2847 1763 ac
2890 1723 2991 1779 pro
3026 1707 3265 1781 Χριστόν
3298 1707 3378 1762 le-

1799 1801 2030 1870 gendum
2079 1801 2151 1855 sit
2200 1801 2426 1873 Ἰησοῦν,
2458 1803 2637 1873 palam
2678 1811 2762 1858 est
2808 1803 2900 1859 hic
2943 1802 3143 1869 Christi
3185 1816 3374 1859 vocem

1799 1904 1905 1944 non
1932 1888 2412 1947 Cerintbianorum
2456 1878 2621 1949 sensu
2653 1894 2932 1964 usurpari,
2965 1894 3059 1963 qui
3092 1892 3373 1948 Christum

1797 2002 1826 2041 a
1860 1985 2019 2042 ‘Jesu‘
2047 1987 2475 2057 distinguebant,
2520 1988 2615 2042 sed
2648 1986 3061 2044 Catholicorum
3103 1987 3197 2059 qui
3247 2001 3374 2057 pro-

1795 2079 2341 2150 miscue'utramque
2386 2094 2575 2135 vocem
2608 2078 2909 2150 accipiunt,
2964 2081 3108 2149 quod
3152 2092 3292 2133 unus
3317 2086 3375 2131 et

1793 2172 1937 2226 idem
1968 2172 2064 2236 sit,
2094 2186 2311 2242 unaque
2352 2179 2406 2226 et
2432 2172 2625 2227 eadem
2657 2185 2891 2242 persona
2917 2169 3171 2225 Christus
3198 2179 3255 2228 et
3277 2170 3365 2226 Je-

1791 2272 1904 2318 sus.
1938 2261 2041 2317 Sed
2075 2263 2217 2332 quod
2244 2264 2394 2317 addit
2428 2262 2767 2332 Epiphanius
2789 2264 2848 2332 ⁷⁸,
2870 2264 3372 2330 (cuiconsentiunt

1789 2352 2111 2411 Pbilastrius
2143 2356 2600 2426 etAugustinus),
2624 2357 2864 2410 nondum
2890 2372 2919 2411 a
2952 2356 3369 2416 mortuisexci-

1790 2455 1959 2501 tatum
2009 2464 2131 2503 esse
2168 2447 2373 2515 Iesum,
2406 2449 2501 2504 sed
2551 2460 2662 2503 tum
2709 2450 2951 2515 demum,
2989 2465 3113 2504 cum
3164 2450 3365 2505 mortui

1788 2547 2075 2607 resurgent
2119 2552 2345 2605 omnes,
2398 2540 2790 2607 excitandum;
2844 2541 2934 2594 vix
2976 2550 3126 2595 stare
3186 2550 3370 2608 potest

1787 2644 1909 2683 cum
1945 2630 2012 2684 iis
2041 2644 2160 2698 quae
2192 2632 2354 2701 modo
2384 2646 2451 2686 ex
2483 2631 2708 2696 irenaeo,
2740 2633 2851 2687 imo
2884 2648 2953 2687 ex
2980 2633 3099 2702 ipso
3129 2632 3368 2705 Epipha-

1784 2722 1877 2776 nio
1908 2721 2208 2786 retulimus,
2241 2730 2514 2777 mortuum
2554 2736 2677 2777 esse
2718 2721 2926 2791 Iesum,
2963 2733 3021 2778 et
3062 2740 3093 2779 a
3130 2724 3365 2795 mortuis

1782 2813 2128 2869 suscitatum.
2164 2814 2279 2881 Nisi
2312 2813 2455 2870 forte
2485 2814 2751 2881 dicamus,
2778 2817 2941 2882 hanc,
2975 2833 3084 2871 non
3113 2816 3361 2873 Cerinthi

1781 2908 1990 2976 ipsius,
2048 2909 2142 2962 sed
2182 2908 2545 2977 quorumdam
2603 2926 2634 2965 e
2690 2909 2975 2979 discipulis
3027 2910 3355 2967 sententiam

1779 2998 1980 3065 fuisse;
2022 3001 2116 3069 qui
2162 3000 2589 3056 Millenariorum
2636 3016 2828 3057 errore
2862 3018 2892 3057 a
2942 3002 3203 3073 magistro
3250 3003 3351 3058 im-

1777 3089 1917 3154 buti,
1941 3091 2083 3168 nulla
2113 3107 2223 3161 pre
2250 3094 2462 3150 caeteris
2486 3095 2745 3165 singulari
2778 3096 3140 3166 praerogativa
3167 3094 3355 3151 Iesum

116 3160 202 3214 Iris
232 3162 440 3234 ignaris
484 3168 720 3236 positam
761 3184 903 3249 esse,
943 3178 995 3225 et
1030 3171 1097 3227 ad
1148 3181 1311 3226 unam
1358 3173 1524 3243 ignoti
1578 3172 1671 3229 Dei
1701 3187 1744 3246 ο
1780 3160 2303 3249 donatum-vellent;
2336 3186 2433 3240 sed
2473 3160 2835 3240 tum'tantu-m
2878 3204 2908 3241 a
2941 3160 3175 3246 mortuis
3204 3187 3358 3243 exci-

112 3253 460 3322 cognitionem
486 3256 719 3312 salutem
748 3246 953 3314 retulit.
983 3252 1094 3316 Nec
1114 3262 1505 3328 omittendum,
1529 3262 1670 3331 apud

112 3338 491 3401 Tertullianum
546 3350 651 3405 hoc
703 3352 883 3417 ipsum
932 3352 1204 3409 Ebiona-is
1262 3356 1485 3422 ascribi,
1523 3356 1669 3425 quod

112 3426 426 3505 Epiphanius
479 3438 852 3497 Cerinthianis
898 3441 1109 3510 tribuit,
1140 3445 1352 3501 scilicet
1386 3449 1531 3517 quod
1584 3448 1672 3504 bis

109 3522 290 3609 Christi
328 3531 516 3586 verbis
550 3536 692 3603 apud
719 3533 1030 3591 Matthasum
1055 3537 1099 3569 "
1127 3555 1143 3593 :
1172 3537 1345 3593 Nemo
1376 3541 1667 3611 discipulus

111 3636 246 3685 super
269 3618 605 3693 magistrum,
637 3643 729 3680 nec
752 3644 927 3695 servus
966 3645 1122 3699 super
1175 3632 1443 3686 dominum
1470 3648 1489 3686 :
1520 3636 1667 3705 sufﬁ-

111 3712 171 3763 cit
202 3714 460 3784 discipulo
509 3707 571 3772 si.
596 3721 664 3773 sit
695 3709 831 3791 sicut
869 3723 1305 3794 magister'ejus;
1346 3725 1425 3780 illi
1471 3726 1664 3784 abute-

110 3815 317 3874 rentur,
340 3824 398 3861 ιιι
434 3812 868 3879 circumcisio‘nis
903 3824 967 3871 ac
1006 3819 1210 3871 veteris
1255 3818 1391 3889 legis
1428 3821 1664 3876 necessi-

110 3904 252 3952 tatem
308 3915 376 3955 ex
427 3900 558 3959 Jesu
609 3904 810 3961 Christi
850 3900 1111 3983 exemplo
1171 3914 1660 3983 commendarent:

106 3993 303 4061 quippe,
327 3991 424 4065 qui
480 3996 699 4069 utrique
744 4000 984 4069 seipsum
1026 4002 1358 4059 subdiderit.
1406 4004 1559 4061 Adeo
1602 4013 1662 4061 ut

106 4079 213 4136 hinc
254 4084 498 4154 suspicio
542 4084 821 4154 ﬁrmetur,
876 4091 1239 4162 Epiphaniam
1286 4094 1430 4151 inter
1469 4097 1661 4151 Cerin-

106 4171 294 4231 thianos
309 4186 366 4232 et
394 4175 681 4236 Ebionaeos
714 4198 818 4238 non
858 4179 993 4239 satis
1031 4195 1285 4242 accurate
1316 4188 1656 4245 distinxisse.

160 4266 271 4323 128.
305 4261 477 4330 Suum
508 4270 679 4327 fuisse
724 4272 1027 4347 C9rintbo,‘
1061 4278 1221 4333 sicut
1243 4287 1300 4335 et
1347 4278 1656 4343 Nicolaitis,

101 4359 309 4433 aliisque
350 4364 631 4423 Gno‘sticis
675 4367 945 4434 Pleroma,
980 4371 1227 4441 supremi
1278 4372 1456 4429 Patris
1486 4387 1549 4428 ac
1574 4369 1655 4428 Si-

98 4468 194 4521 ges,
227 4458 565 4530 aliarumque
594 4459 869 4539 Virtutum
906 4464 1251 4520 inrisibih’um
1280 4479 1329 4521 et
1355 4468 1655 4529 innomina-

1780 3275 2023 3341 tandum,
2064 3293 2188 3332 cum
2227 3278 2320 3334 alii
2373 3293 2564 3335 omnes
2607 3281 2909 3336 suscitandi
2948 3291 3153 3338 essent.
3187 3281 3355 3352 idque

1776 3365 2003 3421 iunuere
2029 3370 2244 3424 videtur
2279 3370 2637 3441 Epiphanius,
2669 3381 2728 3427 ut
2760 3383 2813 3426 et
2836 3372 3226 3431 Cerinthianos
3252 3373 3349 3427 ali-

1772 3473 1910 3528 quos
1934 3470 2274 3514 mortuorum
2313 3465 2770 3535 resurrectionem
2803 3465 3046 3521 funditus
3080 3481 3348 3537 negasse;

1771 3564 1909 3616 quos
1942 3551 2172 3618 proinde
2189 3550 2255 3607 de
2281 3562 2497 3609 terreno
2529 3553 2735 3612 Christi
2770 3571 2939 3625 regno
2960 3549 3119 3612 secus
3146 3571 3213 3611 ac
3240 3572 3352 3611 ma-

1770 3642 1997 3710 gistrum
2041 3643 2278 3699 sensisse
2316 3660 2654 3717 consequens
2676 3648 2915 3703 videtur.
2957 3649 3110 3715 Quod
3144 3632 3345 3705 ludam

1769 3734 2101 3799 proditorem
2142 3736 2495 3794 bonoraverit
2532 3739 2851 3806 Corinthus,
2885 3742 3033 3798 solus
3073 3752 3345 3798 memorat

1765 3825 2114 3893 Philastrius,
2151 3844 2181 3884 e
2205 3832 2481 3890 veteribus
2514 3849 2677 3889 nemo
2713 3834 2876 3889 alius.

2289 3986 2396 4041 VII.
2441 3986 2517 4041 De
2545 3984 2838 4044 Ebionwis.

1836 4097 1960 4154 129.
2004 4097 2222 4154 Sentire
2246 4100 2503 4155 videntur
2531 4099 2795 4170 Origenes
2822 4104 2865 4165 7'
2898 4112 2952 4178 et
2982 4103 3252 4169 Eusebius
3270 4105 3339 4175 ⁷⁸,

1760 4192 2139 4264 Ebionaaorum
2169 4208 2386 4259 nomen,
2409 4196 2477 4251 ab
2499 4195 2707 4251 Ebione
2728 4198 2960 4266 quodam
2992 4209 3156 4255 secta
3188 4202 3341 4270 prin-

1760 4286 1877 4354 cipe
1919 4286 2226 4340 derivatum
2262 4300 2404 4356 esse,
2446 4297 2504 4343 ut
2543 4289 2762 4361 plurimi
2793 4302 3073 4357 asserunt,
3100 4293 3339 4349 sedrme-

1762 4393 1880 4431 rum
1915 4392 2218 4449 cognomen
2245 4394 2369 4435 esse
2405 4381 2473 4436 iis
2503 4382 2783 4438 haereticis
2811 4383 3068 4452 inditum,
3095 4386 3188 4455 qui
3219 4400 3339 4441 me-

1765 4487 1881 4524 rum
1916 4472 2189 4527 hominem
2238 4488 2360 4527 esse
2405 4472 2686 4529 Christum
2730 4476 3005 4541 arbitrati,
3051 4465 3341 4533 humiliter

100 4544 263 4639 bilius
291 4542 507 4630 sedem,
537 4534 855 4639 asseverant
889 4554 1125 4613 Irenaeus
1171 4560 1219 4592 "
1264 4572 1318 4615 et
1356 4562 1653 4635 Gregorius
1686 4532 1733 4588 D
1758 4554 2048 4618 admodum
2069 4574 2233 4635 atque
2266 4565 2477 4643 abjecte
2510 4568 2576 4622 de
2603 4582 2666 4623 eo
2694 4562 3022 4629 sentiebant,
3056 4566 3228 4640 Cujus
3258 4575 3335 4626 τοι

101 4635 459 4698 Nazianzenus
486 4644 557 4710 Y'.
589 4644 671 4699 Ab
702 4636 794 4701 illo
842 4648 1001 4704 Patre
1031 4650 1409 4723 Monogenem,
1444 4658 1510 4711 ab
1546 4658 1645 4713 hoc

97 4728 254 4801 Logon
311 4734 633 4791 derivabat:
665 4740 797 4794 adeo
857 4750 915 4794 ut
967 4736 1220 4799 dubitare
1271 4744 1351 4800 fas
1394 4762 1501 4802 non
1554 4751 1645 4817 sit,

98 4824 205 4887 quin
232 4826 463 4893 primam
496 4826 736 4898 ogdoada
765 4828 886 4885 cum
924 4831 1137 4885 caeteris
1162 4822 1438 4892 GnostiCis
1470 4838 1645 4893 admi-

100 4914 210 4967 serit
231 4914 296 4966 ".
336 4914 523 4969 Jesum
556 4930 685 4970 vero
713 4918 896 4972 mundi
920 4920 1219 4978 conditoris
1249 4925 1471 4993 Filium,
1496 4944 1646 4984 eum—

95 5016 181 5069 que
210 5020 401 5073 purum
449 5007 751 5072 hominem,
799 5023 866 5063 ex
915 5009 1135 5083 Josephi
1179 5025 1234 5070 et
1285 5015 1469 5074 Mariae
1517 5030 1639 5075 satu

96 5106 277 5167 natum,
310 5114 466 5153 more
508 5111 833 5156 caeterorum
880 5092 1195 5177 hominum“,
1225 5084 1476 5179 dicebat;
1516 5129 1641 5169 cum

96 5185 176 5240 hoc
218 5200 421 5245 tantum
463 5191 799 5259 discrimine,
827 5198 971 5266 quod
1005 5198 1245 5267 iustitia,
1287 5205 1555 5271 sapientia
1585 5217 1641 5262 et

96 5283 522 5342 prudentia'aliis
576 5286 892 5343 hominibus
946 5292 1324 5359 prmcelluerit.
1383 5294 1441 5349 in
1495 5298 1641 5353 hunc

98 5384 221 5440 \‘ero,
245 5390 360 5429 cum
394 5378 728 5446 baptismum
765 5384 1025 5453 suscepit,
1058 5385 1337 5456 delapsum
1368 5404 1397 5443 a
1428 5405 1639 5448 summo

99 5461 182 5518 Deo
205 5482 320 5523 esse
335 5470 635 5536 Christum,
656 5473 754 5527 sub
776 5475 1041 5531 columbae
1064 5481 1244 5548 specie
1266 5497 1279 5546 ;
1299 5483 1387 5551 qui
1410 5484 1457 5537 ei
1489 5485 1639 5540 inco-

98 5558 269 5621 gnitum
306 5561 547 5630 Patrem,
594 5574 650 5619 et
677 5579 772 5635 per
800 5582 920 5622 eum
954 5570 1175 5640 reliquis
1204 5574 1518 5633 hominibus
1543 5594 1636 5648 pa-

133 5754 206 5839 n"
232 5758 438 5839 Cap._x,
470 5766 561 5821 24.
644 5771 687 5800 "'
720 5771 834 5827 Lib.
872 5791 952 5839 Ill,
978 5793 1023 5830 c.
1062 5780 1146 5835 il.
1178 5798 1228 5837 n.
1267 5784 1315 5837 i.

118 5817 189 5877 lib.
217 5843 265 5893 u,
293 5817 337 5887 ἑ.
365 5817 560 5901 δ,ἐῖ‹ἑζ
637 5842 681 5871 τι
720 5817 834 5911 ξὲἷξ
872 5817 952 5878 ’τε
977 5817 1084 5913 iii,
1104 5817 1146 5921 ’ς
1177 5817 1225 5906 il

1396 5786 1615 5864 Z'prat.
1814 5791 2054 5864 "__ircn.,
2085 5794 2179 5851 lib.
2216 5810 2252 5853 t,
2282 5811 2329 5848 (ξ.
2360 5795 2449 5857 26,
2484 5814 2537 5851 ιι.
2583 5799 2645 5864 l;

1306 5856 1348 5887 "
1380 5854 1621 5929 Origen,
1655 5860 1743 5915 lib.
1785 5876 1834 5913 tv
1865 5860 1939 5917 De
1968 5865 2139 5931 princ.

1751 4668 1940 4721 causa,
1976 4657 2153 4726 inquit
2181 4657 2470 4723 Eusebius,
2505 4658 2881 4715 Ebionworum
2926 4652 3331 4721 nomensortiti

1748 4758 1892 4813 sunt,
1924 4764 2027 4818 quo
2057 4748 2417 4818 intelligentia:
2440 4749 2655 4803 illorum
2677 4751 2859 4820 inepia
2882 4753 3011 4805 satis
3034 4747 3328 4810 indicatur.

1752 4838 1841 4893 Sic
1873 4842 2009 4894 enim
2040 4843 2262 4895 mendici
2312 4842 2454 4910 apud
2503 4840 2753 4921 Hebraeos
2802 4857 3077 4898 vocantur.
3120 4838 3326 4902 Eadem

1745 4933 1862 4987 fere
1899 4934 2152 5003 Origenis
2181 4934 2343 4989 verba
2368 4944 2512 4991 sunt.
2560 4936 2664 4989 Alii
2693 4946 2872 4991 tamen
2898 4935 3107 5011 [LXVI]
3144 4938 3326 5011 vulgo,

1751 5028 1845 5081 sed
1891 5029 1979 5081 his
2026 5030 2381 5094 recentiores,
2414 5046 2647 5099 quorum
2692 5031 2800 5085 dux
2846 5031 3201 5101 Epiphanius,
3239 5049 3327 5089 re-

1748 5129 2033 5189 pugnant,
2108 5119 2488 5191 aﬂirmantqne
2560 5124 2968 5179 tenebricosum
3034 5126 3323 5196 quemdam

1751 5213 2013 5267 Ebionem
2064 5213 2345 5268 exstitisse
2390 5214 2482 5283 qui
2534 5215 2873 5284 cognominis
2924 5226 3086 5271 sectae
3133 5227 3324 5272 auctor

1748 5303 1934 5358 fuerit.
1976 5303 2167 5359 Mirum
2199 5317 2399 5368 tamen,
2429 5306 2691 5362 irenaeum
2736 5317 3005 5373 nostrum,
3036 5310 3130 5379 qui
3168 5321 3320 5364 vete-

1743 5412 1867 5465 rum
1905 5401 2146 5452 omnium
2178 5408 2455 5453 sectarum
2487 5400 2870 5455 Gnosticarum
2903 5404 3202 5472 principes,
3228 5404 3320 5459 ubi

1745 5492 1881 5544 certi
1915 5490 2135 5545 fuerunt
2166 5500 2219 5546 et
2258 5494 2394 5554 noti,
2428 5496 2710 5548 nominare
2743 5512 3006 5565 nusquam
3044 5499 3318 5568 neglexit;

1745 5582 1970 5637 Ehionis
2008 5582 2175 5649 illius,
2210 5585 2295 5640 ubi
2342 5587 2717 5643 Ebionasorum
2759 5605 2976 5645 errores
3026 5591 3215 5659 refert,
3250 5608 3319 5646 ne

2306 5814 2329 5871 ξε
2360 5797 2449 5871 26,
2484 5799 2645 5871 u.___l;
2682 5797 2872 5871 Epiph.
2909 5800 2936 5871 ξ
2986 5802 3004 5854 i
3036 5821 3048 5869 ;
3086 5800 3314 5868 Tlteod.,

2221 5867 2261 5897 "
2289 5865 2509 5935 Euseb,
2540 5867 2629 5923 lib.
2667 5865 2745 5936 nt,
2773 5865 2819 5924 ὁ.
2848 5865 2935 5925 ⁵2ῖῖ
