4180 6332
772 397 872 453 H7

1618 393 1727 450 DI‘S
1744 387 2223 449 SERTATIONES
2259 383 2559 442 PBEVIE
2597 383 2660 438 ΙΝ
2705 381 2960 437 ΙΒΕΝιΕι
2999 379 3268 435 LlBBOS.

3924 378 4018 434 143

773 520 1090 576 meminisse
1134 518 1679 590 quidem.Quidquid
1729 518 1821 583 sit,
1860 515 2028 570 veteri
2079 514 2218 567 fama
2281 509 2346 563 ad
2377 507 2592 571 Alocis
2645 507 3025 576 depravatum,
3059 501 3424 571 recipiebant.
3473 497 3682 556 Caetera
3729 497 4018 564 Evangelia

771 631 833 669 se
893 615 1165 684 perlatum
1205 612 1401 668 scribit
1451 608 1790 681 Epiphanius
1817 610 1885 673 "’,
1921 608 2190 663 Ebioncm
2226 611 2348 673 post

773 706 1048 761 excidium
1094 704 1675 775 Hierosolymitanum,
1711 716 1835 756 cum
1870 699 2166 756 Christiani
2194 709 2346 754 trans

778 801 1070 858 Jordanem
1116 802 1169 857 in
1206 801 1396 856 urbem
1452 797 1673 858 Pellam,
1737 796 2048 862 vicinasque
2101 795 2348 862 regiones

775 911 902 950 sese
943 896 1302 966 recepissent,
1354 892 1406 945 in
1455 891 1576 945 vico
1613 889 1833 945 Cocabe
1888 888 2030 943 male
2085 893 2346 953 concepta

773 990 1029 1059 dogmata
1078 1001 1379 1057 propagare
1410 984 1678 1052 coepisse;
1712 982 1946 1049 indeque
1985 980 2039 1034 in
2071 979 2222 1043 Asia,
2243 975 2351 1030 Ro-

777 1100 879 1141 mae
906 1085 1072 1140 etiam
1100 1091 1154 1137 et
1188 1083 1242 1136 in
1285 1080 1461 1136 insula
1491 1079 1669 1151 Cypro
1704 1074 2090 1132 disseminasse
2118 1073 2184 1128 ⁸ο.
2218 1071 2350 1127 Vul-

773 1190 901 1250 gata
935 1177 1073 1248 apud
1105 1186 1318 1230 veteres
1347 1172 1619 1229 sententia
1644 1181 1753 1236 est,
1775 1167 2041 1224 Joannem
2065 1168 2350 1236 scripsisse

775 1269 1155 1340 Evangelium,
1176 1275 1233 1320 ut
1250 1265 1476 1335 hydram
1497 1271 1811 1317 nascentem
1841 1259 2137 1316 snlIocaret
2162 1272 2176 1310 :
2207 1257 2349 1326 quod

773 1378 896 1416 cum
943 1374 1088 1414 anno
1119 1358 1343 1413 circiter
1376 1357 1443 1412 97
1475 1357 1739 1425 scriptum
1785 1352 1972 1416 fuerit,
2006 1363 2229 1404 necesse
2271 1357 2354 1402 est

773 1466 938 1510 antea
985 1455 1234 1524 erupisse
1263 1466 1293 1507 e
1323 1450 1552 1506 latebris
1583 1449 1867 1504 Ebionem.

850 1585 973 1640 130.
1002 1585 1048 1618 ⁸¹
1073 1583 1128 1639 Si
1153 1583 1397 1640 Cerinthi
1422 1584 1638 1640 auditor
1671 1582 1854 1649 fuerit,
1891 1599 1922 1638 a
1948 1583 2193 1650 magistri
2233 1596 2354 1636 sen-

781 1678 950 1734 tentia
975 1678 1191 1750 longius
1236 1678 1508 1734 discessit.
1536 1677 1702 1731 Error
1740 1677 1859 1748 ejus
1891 1677 2195 1746 praecipuus
2234 1675 2353 1735 fuit,

781 1773 926 1842 quod
964 1773 1167 1828 veteris
1201 1771 1334 1841 legis
1365 1773 1641 1828 studiosus
1674 1769 2017 1834 observator,
2065 1769 2226 1832 hanc,
2259 1768 2353 1822 sed

2456 614 2565 653 non
2600 598 2782 668 magni
2814 595 3106 656 faciebant,
3129 592 3236 646 τῶν
3255 591 3456 645 λοιπῶν
3485 589 3715 663 σμικρὸν
3746 589 4021 644 ἐποιοῦντο

2452 691 2629 760 λόγον,
2666 690 2744 743 ait
2771 687 3035 744 Eusebius
3069 686 3135 742 ⁸⁷.
3168 687 3224 742 Si
3257 685 3303 718 ⁸⁸
3336 694 3513 739 tamen
3538 683 3708 737 Mario
3738 683 4018 738 Mercatori

2450 785 2609 849 fides,
2642 781 2812 836 Marci
2837 789 2892 836 et
2919 780 3081 845 Luca:
3110 778 3435 834 auctoritate
3466 776 3735 832 interdum
3761 777 3840 831 usi
3865 785 4018 840 sunt;

2449 893 2574 932 cum
2626 874 2884 930 videlicet
2935 877 2986 930 id
3033 889 3065 929 e
3113 887 3171 927 rc
3218 886 3314 928 sua
3345 885 3468 926 esse
3517 870 3926 932 existimabant,
3965 875 4023 922 ut

2439 967 2786 1032 Catholicos,
2832 967 2876 1020 si
2911 975 3156 1036 possent,
3185 963 3426 1034 propriis
3456 963 3624 1017 armis
3669 960 4022 1016 dehellarent.

2452 1059 2570 1114 Non
2605 1068 2816 1114 tantum
2859 1055 3010 1111 Pauli
3050 1054 3322 1124 Epistolas
3355 1051 3702 1122 respuebant,
3733 1051 3829 1104 sed
3873 1050 4023 1104 varia

2453 1152 2509 1206 in
2540 1152 2716 1220 ipsum
2749 1148 2996 1205 convicia
3040 1147 3342 1217 jaciebant.
3393 1145 3436 1200 E
3467 1143 3649 1198 Veteri
3677 1142 4023 1198 Testamento

2458 1258 2781 1313 quacunque
2811 1239 3113 1310 prophetica
3142 1255 3314 1303 erant,
3341 1236 3551 1292 caeteris
3581 1234 3837 1289 curiosius
3862 1250 4025 1300 expo-

2453 1350 2573 1388 nere
2605 1334 2926 1397 nitebantur,
2946 1332 3122 1401 inquit
3141 1330 3372 1385 lrenmus
3393 1345 3408 1395 ;
3431 1331 3480 1384 id
3504 1338 3608 1395 est,
3634 1328 3679 1381 si
3702 1329 3838 1382 bene
3858 1325 4028 1394 conji-

2453 1428 2614 1491 ciam,
2650 1427 2704 1482 in
2732 1426 2914 1481 varias
2937 1437 3215 1493 vanasque
3244 1421 3555 1493 allegorias,
3600 1435 3697 1490 pro
3741 1418 4028 1473 heretico-

2455 1535 2574 1574 rum
2630 1534 2803 1583 more,
2855 1516 3170 1572 trahebant.
3221 1514 3383 1569 Plura
3431 1511 3691 1582 apostolis
3722 1523 4030 1580 supponere

2454 1609 2612 1665 veriti
2644 1625 2752 1664 non
2797 1608 3015 1664 fuerant
3057 1607 3361 1662 adulterina
3393 1608 3618 1673 scripta.
3652 1603 3767 1657 Alia
3812 1611 4031 1672 aposto-

2454 1701 2633 1757 lorum
2667 1701 2802 1756 Acta
2832 1699 3319 1762 circumferehant,
3352 1707 3408 1751 et
3447 1693 3594 1749 Petri
3615 1693 3899 1758 Circuitus,
3933 1707 4034 1746 seu

2457 1794 2630 1847 libros
2665 1792 3128 1862 Recognitionum,
3159 1788 3356 1858 quibus
3386 1786 3525 1840 falso
3555 1785 3873 1853 inscriptum
3905 1781 4035 1836 Cic-

778 1865 1028 1932 pluribus
1060 1864 1563 1943 superstitionibus,
1615 1861 2198 1929 Samaritanorumque
2234 1860 2352 1913 riti-
2385 1874 2426 1927 B
2462 1885 2660 1940 mentis
2691 1860 2923 1937 Romani
2958 1897 3176 1947 nomen,
3210 1879 3350 1935 unde
3377 1885 3754 1947 corruperant.
3785 1875 4036 1930 Circum.

777 1959 882 2012 bus
910 1957 1300 2020 intermistam,
1325 1971 1448 2012 cum
1471 1954 1782 2011 Christiana
1811 1953 1916 2009 fide
1938 1951 2350 2006 consociandam

779 2067 900 2108 esse
919 2050 1275 2122 pertinaciter
1293 2057 1583 2104 assereret.
1608 2046 1866 2101 lilundum
1891 2061 1918 2100 a
1939 2045 2050 2100 Deo
2074 2043 2350 2100 conditum

778 2158 884 2197 non
922 2144 1174 2211 negabat.
1211 2141 1286 2197 De
1313 2139 1443 2196 Iesu
1474 2139 1696 2194 Christo
1735 2148 1913 2192 autem
1945 2152 2052 2191 non
2084 2149 2188 2188 una
2238 2142 2354 2186 erat

777 2234 1154 2288 Ebionitarum
1201 2233 1407 2303 Opinio.
1451 2230 1653 2286 Purum
1700 2227 1976 2283 hominem
2027 2226 2216 2288 fuisse,
2251 2240 2353 2278 non

779 2327 972 2390 Deum,
997 2325 1416 2380 consentiebant
1445 2335 1656 2377 omnes.
1690 2319 1797 2374 Alii
1819 2320 2016 2388 quippe
2044 2316 2356 2372 fatebantur

778 2436 903 2474 eum
934 2435 964 2474 e
990 2417 1215 2489 Virgine
1239 2425 1430 2471 natum
1459 2429 1616 2479 esse;
1645 2413 1737 2469 sed
1762 2412 2030 2482 negabant
2061 2420 2188 2464 ante
2214 2408 2356 2463 hanc

781 2514 1122 2568 nativitatem
1152 2510 1434 2566 exstitisse
1457 2511 1652 2573 Deum,
1686 2523 1749 2562 ac
1787 2506 1883 2561 Dei
1907 2505 2145 2559 Verbum
2175 2512 2228 2558 et
2258 2504 2359 2556 Sa-

780 2608 1064 2677 pientiam.
1100 2604 1204 2659 Alii
1255 2618 1376 2659 cum
1429 2601 1637 2656 Ebione
1681 2600 1956 2663 dicebant,
1989 2613 2112 2653 eum
2157 2612 2226 2651 ex
2267 2597 2356 2651 ,ιο-

780 2699 934 2768 sepbi
968 2708 1024 2752 et
1055 2696 1239 2751 Maria:
1273 2695 1577 2760 consortio,
1624 2707 1778 2748 more
1815 2701 2136 2746 cancrorum
2180 2690 2358 2745 homi-

781 2810 936 2857 num,
973 2807 1094 2847 esse
1128 2790 1394 2860 genitum,
1427 2788 1889 2855 sanctitatemque
1917 2785 2077 2840 bonis
2102 2783 2358 2852 operibus

781 2884 1145 2954 acquisivisse
1193 2881 1320 2940 sibi.
1378 2881 1445 2936 Et
1503 2881 1618 2934 hcce
1648 2878 1997 2934 communior
2030 2885 2148 2930 erat
2196 2874 2359 2928 ΕΙ)ἱο-

783 2990 1023 3031 meorum
1062 2973 1354 3037 sententia,
1383 2987 1544 3040 quam
1579 2971 1711 3041 ipsis
1758 2970 2005 3023 tribuunt
2044 2966 2281 3021 lrenaeus
2309 2965 2355 2996 ⁸³

781 3079 836 3124 et
870 3067 1245 3123 Tertull‘ianus
1275 3064 1345 3130 ⁸⁸,
1381 3062 1651 3118 Eusebius
1687 3061 1733 3092 ⁸⁸
1782 3068 1838 3114 et
1881 3059 2259 3113 Theodoretus
2289 3055 2356 3110 ⁸³.

782 3160 1022 3228 Indeq'te
1049 3158 1343 3211 eruendam
1381 3169 1502 3209 esse
1524 3165 1656 3222 puto
1687 3153 2107 3222 explicationem
2132 3150 2358 3204 istorum

783 3253 974 3306 Irenaai
1009 3252 1300 3306 verborum
1335 3266 1348 3303 :
1385 3247 1466 3301 Ea
1503 3258 1678 3300 autem
1710 3261 1828 3316 quae
1874 3254 1999 3298 sunt
2023 3260 2145 3313 erga
2181 3243 2361 3297 Domi-

784 3357 934 3408 num,
968 3356 1072 3394 non
1105 3338 1359 3394 similiter
1393 3347 1449 3390 ut
1481 3335 1763 3390 Cet-inlitus
1791 3345 1839 3388 et
1865 3333 2210 3403 Carpocrates
2251 3335 2364 3403 api-

785 3443 1018 3497 nantur;
1070 3432 1116 3487 si
1151 3439 1329 3485 tamen
1370 3429 1602 3499 genuina
1649 3428 1720 3482 sit
1767 3427 1952 3490 lectio,
1995 3440 2095 3481 nec
2146 3441 2363 3496 expun-

786 3525 961 3594 genda
1001 3524 1075 3580 sit
1105 3523 1374 3594 particula
1413 3521 1687 3591 negativa.
1721 3519 1791 3574 Ut
1818 3520 1960 3572 enim
1987 3520 2076 3573 hic
2114 3519 2360 3573 omittam

786 3618 930 3683 quod
983 3614 1034 3669 in
1073 3614 1218 3669 notis
1250 3614 1318 3666 ad
1350 3612 1492 3666 hunc
1526 3612 1702 3665 locum
1734 3608 2059 3673 observavi;
2113 3609 2364 3677 quamvis

785 3710 1086 3766 Cerinthus
1117 3719 1173 3764 et
1207 3709 1571 3778 Carpocrates
1601 3703 1784 3760 Jesum
1809 3721 1874 3759 ex
1903 3703 2139 3772 Josepho
2169 3711 2223 3756 et
2256 3701 2365 3754 Ma-

790 3806 870 3856 ria
922 3818 1073 3858 more
1121 3803 1353 3856 aliorum
1387 3802 1670 3856 hominum
1710 3801 1950 3870 genitum
1981 3811 2101 3852 esse
2137 3797 2364 3859 vellent,

790 3911 895 3949 non
918 3904 1097 3950 tamen
1121 3894 1486 3962 cpinabantur
1503 3907 1623 3944 eum
1651 3891 1811 3944 bonis
1835 3890 2091 3958 operibus
2112 3889 2366 3943 sanctita-

789 3999 925 4053 tem,
962 3988 1458 4054 sanctitudinisque
1502 3984 1843 4040 conferendae
1869 3985 1975 4035 vim
2009 3979 2365 4050 acquisivisse

791 4079 934 4145 sibi;
987 4080 1081 4133 sed
1131 4078 1404 4148 delapsam
1441 4077 1491 4130 in
1540 4092 1663 4129 eum
1710 4091 2005 4145 supernam
2034 4074 2300 4128 Virtutem
2336 4089 2363 4122 a

791 4173 926 4236 Deo,
979 4172 1324 4227 sanctitatem
1376 4171 1476 4239 ipsi
1529 4184 1592 4224 ac
1643 4184 1739 4239 per
1787 4168 1962 4235 ipsum
2007 4167 2127 4221 aliis
2162 4167 2364 4235 imper-

795 4266 968 4330 tiisse,
1021 4265 1242 4334 vimque
1291 4262 1543 4333 patrandi
1589 4261 1878 4316 miracula.
1941 4260 2180 4314 Ebiontei
2237 4274 2366 4313 vero

790 4357 932 4413 nihil
961 4357 1136 4411 simile
1165 4355 1482 4420 commenti,
1511 4370 1610 4408 nec
1635 4354 1881 4407 fictitium
1909 4353 2056 4406 illum
2089 4353 2365 4407 Christum

790 4451 1029 4518 desuper
1071 4459 1439 4511 accersentes,
1482 4446 1785 4516 simplicius
1827 4454 2135 4499 statuerunt
2179 4443 2365 4499 Iesum

2459 1977 2708 2041 cisionis,
2740 1975 3108 2046 legaliumque
3141 1974 3524 2029 necessitatem
3557 1972 3632 2026 sic
3661 1969 3949 2041 urgebant,
3975 1977 4039 2021 ut

2459 2073 2576 2128 sine
2610 2071 2718 2127 illis
2744 2085 2870 2126 cum
2899 2071 3009 2126 sola
3056 2071 3162 2126 ﬁde
3191 2069 3501 2124 Christiana
3532 2067 3761 2121 salutem
3794 2063 4036 2118 obtineri

2460 2186 2569 2226 non
2599 2184 2760 2241 posse
2807 2167 3230 2231 contenderent;
3265 2165 3358 2220 sed
3408 2162 3623 2233 legalia,
3671 2169 3730 2214 ut
3771 2159 3906 2223 dixi,
3940 2172 4040 2209 va-

2464 2263 2584 2328 riis,
2620 2262 2795 2330 iisque
2821 2258 3069 2314 ridiculis
3100 2255 3584 2326 superstitionibus
3627 2250 3951 2306 miscebant.
4001 2247 4039 2302 li

2462 2362 2589 2407 sunt
2638 2351 2987 2421 potissimum
3039 2364 3269 2417 quorum
3314 2345 3599 2410 fervidius,
3652 2344 3762 2398 imo
3801 2355 3943 2410 saepe
3984 2349 4044 2394 et

2462 2443 2649 2499 furens
2698 2443 2961 2509 studium,
2994 2443 3195 2511 passim
3239 2439 3618 2510 perstringunt
3666 2451 3730 2490 ac
3779 2441 4045 2489 coercent

2464 2537 2716 2608 apostoli,
2751 2535 2955 2591 Paulus
2989 2534 3292 2606 praesertim
3335 2533 3390 2586 in
3422 2530 3701 2597 Epistolis.
3755 2527 4049 2596 Baptismo

2466 2647 2596 2686 suos
2641 2629 2954 2692 initiabunt,
3003 2641 3190 2695 quem,
3232 2623 3543 2694 Hieronymi
3592 2622 3637 2654 "
3671 2620 3864 2674 saltem
3899 2635 4045 2683 avo,

2463 2722 2731 2779 catholica
2789 2736 2894 2776 non
2950 2719 3223 2788 improbat
3275 2715 3538 2771 Ecclesia.
3599 2713 3853 2785 Mysteria
3909 2728 4051 2767 vero

2464 2816 2757 2886 quotannis
2785 2807 3248 2874 celebrabant.‘in
3296 2811 3494 2879 quibus
3523 2821 3692 2876 panes
3716 2819 3961 2875 azymos,
3993 2815 4050 2858 et

2466 2913 2534 2965 ad
2586 2910 2811 2963 alteram
2869 2905 3116 2977 mysterii
3167 2913 3376 2973 partem
3427 2914 3619 2970 aquam
3679 2896 4044 2951 adhibebant.

2467 3003 2789 3073 Significare
2820 3011 2998 3055 tamen
3024 2999 3235 3052 videtur
3273 2995 3535 3050 Eusebius
3565 2993 3636 3056 °°,
3660 3007 3722 3045 ea
3754 2992 4048 3060 mysteria.

2465 3113 2574 3153 non
2623 3094 2939 3165 quotannis,
2985 3092 3076 3146 sed
3124 3088 3351 3159 singulis
3403 3083 3699 3140 Dominicis
3741 3083 3938 3137 diebus
3980 3082 4053 3134 ab

2390 3221 2431 3276 ρ
2469 3189 2537 3244 iis
2570 3186 2737 3242 fuisse
2767 3183 3062 3238 celebrata.
3095 3179 3252 3242 Nam,
3284 3177 3482 3247 inquit,
3521 3174 3821 3228 Sabbatum
3854 3183 3912 3227 et
3958 3184 4054 3224 re-

2467 3281 2671 3350 liquam
2710 3275 2991 3330 Iudaicam
3025 3271 3426 3326 institutionem
3485 3266 3736 3322 similiter
3778 3278 3906 3318 cum
3952 3259 4052 3316 Ju-

2465 3374 2596 3428 daeis
2620 3373 2951 3433 observant;
2979 3368 3097 3423 dies
3122 3380 3250 3418 vero
3279 3362 3590 3417 Dominicos
3608 3359 3726 3431 pari
3755 3357 4052 3412 nobiscum

2466 3467 2682 3521 ratione
2731 3464 2784 3517 in
2821 3458 3243 3516 resurrectionis
3287 3455 3595 3510 Salvatoris
3630 3453 3803 3506 nostri
3835 3465 4052 3505 memo-

2466 3560 2607 3614 riam
2643 3555 2912 3611 recolunt.
2949 3551 3110 3606 Plura
3143 3550 3245 3602 alia
3295 3549 3364 3603 de
3414 3546 3786 3603 Ebionitarum
3836 3543 4057 3597 errori-

2467 3655 2590 3718 bus,
2622 3649 2916 3720 pravisque
2963 3638 3448 3700 consuetudinibus
3475 3654 3538 3692 ac
3578 3638 3828 3691 moribus
3857 3634 4060 3689 videre

2467 3754 2551 3800 est
2597 3743 2737 3812 apud
2770 3738 3154 3810 Epiphanium,
3205 3749 3324 3803 qua:
3361 3747 3481 3787 cum
3535 3728 3669 3784 nihil
3716 3737 3813 3781 aut
3854 3742 4060 3796 parum

2467 3840 2534 3893 ad
2563 3851 2785 3905 scopum
2815 3842 3062 3888 nostrum
3091 3828 3394 3888 conferant,
3420 3824 3675 3891 nullaque
3701 3823 4062 3889 expositione

2470 3931 2768 3998 indigeant,
2816 3923 3067 3980 consulto
3097 3921 3479 3990 praetermitto.
3536 3915 3805 3972 Observet
3835 3924 4064 3967 tantum

2468 4022 2744 4076 studiosus
2793 4017 2984 4078 lector,
3029 4010 3389 4082 Epiphanium
3450 4021 3557 4060 non
3613 4005 3746 4060 satis
3793 4012 4065 4056 accurate

2468 4108 2786 4164 distinxisse
2817 4108 2960 4160 inter
2990 4104 3232 4174 priorum
3281 4109 3334 4153 et
3365 4098 3732 4167 posteriorum
3761 4093 4064 4148 Ebionita-

2473 4221 2592 4258 rum
2627 4213 2868 4262 errores,
2900 4210 3102 4265 eosque
3131 4191 3433 4264 permistim
3466 4189 3720 4243 omnibus
3762 4185 4067 4249 tribuisse,

2467 4298 2559 4366 qui
2587 4305 2766 4349 tamen
2801 4290 2855 4344 in
2887 4287 3101 4356 priores
3130 4300 3236 4338 non
3262 4282 3609 4344 conveniant,
3647 4277 3743 4331 sed
3785 4275 3839 4328 in
3872 4284 4068 4344 poste-

2475 4393 2649 4445 riores
2679 4388 2985 4440 duntaxat:
3020 4381 3086 4433 ab
3131 4379 3219 4432 his
3243 4375 3509 4444 siquidem
3542 4372 3754 4427 illorum
3787 4369 4069 4438 hypothe-

2471 4485 2572 4537 sim
2617 4493 2882 4534 novorum
2924 4476 3238 4544 dogmatum
3285 4480 3339 4525 et
3384 4464 3835 4535 superstitionum
3868 4477 4070 4518 acces-

792 4558 1006 4640 ""37"?"
1039 4544 1317 4596 honunem
1352 4539 1541 4640 φῶθ’
1579 4553 1734 4640 cuiuis
1771 4552 1878 4640 ",na
1915 4537 2080 4640 mer,”
2117 4553 2228 4606 pm
2265 4554 2369 4640 Ea"
2399 4563 2443 4616 D
2477 4575 2634 4628 sione
2661 4537 3042 4640 interpolatam
3094 4566 3263 4619 fuisse
3293 4571 3423 4632 puto
3457 4577 3470 4613 :
3505 4568 3558 4612 et
3591 4558 3643 4611 in
3681 4570 3746 4610 eo
3780 4555 3897 4608 fere
3945 4554 4073 4609 solo

793 4637 928 4691 teris
960 4636 1075 4690 hac
1101 4633 1484 4702 praerogativa,
1520 4631 1661 4700 quod
1687 4629 1845 4684 bonis
1880 4631 2132 4696 operibus
2156 4631 2365 4684 studio-

794 4732 912 4784 sius
947 4730 1285 4790 incumbens,
1338 4727 1595 4795 majorem
1630 4723 1733 4779 sibi
1766 4723 2111 4776 sanctitatem
2145 4737 2367 4792 compa-

793 4823 1022 4877 raverit.
1052 4821 1142 4877 Sic
1178 4821 1318 4874 inter
1343 4830 1603 4887 utrosque
1636 4833 1742 4874 non
1775 4818 1895 4871 leve
1917 4825 2024 4870 stat
2050 4817 2366 4876 discrimen,

795 4925 852 4967 ut
890 4914 1082 4968 merito
1132 4914 1372 4968 scribere
1418 4917 1656 4983 potuerit
1691 4915 1947 4975 lrenzeus,
1982 4930 2083 4965 non
2130 4913 2370 4965 similiter

795 5008 1023 5075 opinari.

868 5147 990 5199 151.
1025 5145 1071 5176 ”
1105 5145 1182 5199 Ex
1229 5144 1364 5199 Novi
1399 5144 1644 5200 Fmderis
1695 5145 1848 5198 libris
1899 5148 2127 5205 nullum,
2177 5153 2374 5210 praeter

801 5235 1155 5303 Evangelium
1184 5235 1445 5298 Mattbaai,
1487 5236 1614 5288 illud
1648 5235 1901 5288 videlicet
1931 5235 2074 5301 quod
2109 5232 2373 5287 l-lebraice

797 5326 1089 5391 scriptum,
1125 5328 1420 5379 secundum
1457 5325 1714 5380 Hebraeos
1742 5325 2047 5386 dicebatur.
2080 5325 2242 5391 idque
2269 5325 2375 5389 pri-

799 5419 903 5472 mis
951 5420 1164 5474 duobus
1211 5419 1485 5488 capitibus
1534 5417 1864 5480 mutilatum,
1907 5429 1971 5467 ac
2020 5416 2265 5482 pluribus
2320 5417 2370 5470 in

882 5669 925 5700 ’θ’
961 5667 1096 5720 lber.
1129 5682 1256 5724 xxx.
1336 5663 1387 5714 2.

812 5759 855 5790 t'.
898 5740 961 5790 Ἦ
987 5757 1000 5796 ;
1028 5735 1265 5801 Origcn..
1288 5726 1351 5785 ‘in
1384 5731 1546 5787 Cels.
1579 5731 1612 5782 Ι.
1651 5747 1710 5792 v;
1750 5728 1966 5788 Eusein,
2015 5729 2124 5801 lnc._
2159 5726 2249 5776 cit.

809 5826 917 5861 car.
953 5810 1102 5864 Uitta,
1128 5799 1182 5856 ‘t'.
1224 5805 1300 5856 li.
1408 5802 1452 5832 ⁸⁸
1486 5802 1598 5852 Lib.
1639 5817 1711 5856 γι,
1752 5819 1798 5850 c.
1851 5799 1930 5850 17.

812 5877 853 5909 ⁸⁸
882 5877 1107 5939 ’Πιριι‹1.,
1144 5878 1239 5929 [υς.
1270 5877 1381 5936 cits,
1420 5872 1603 5940 Epiph.
1639 5872 1661 5931 ξ
1699 5872 1746 5926 3'»,
1789 5869 1868 5924 i3.
1906 5869 1983 5921 lt},

1470 5663 1512 5691 ⁸ο
1542 5660 1639 5722 ld.,
1677 5656 2098 5725 §18gl1ieron.,
2137 5655 2200 5708 de
2229 5651 2338 5706 Vir.
2374 5653 2378 5703 ἱ

1480 5749 1546 5787 ς..
1579 5731 1612 5782 l.
1651 5747 1710 5789 v;
1750 5728 1966 5788 Euseln,
2015 5729 2114 5778 loc.
2159 5726 2249 5776 cit.
2348 5724 2378 5754 ³⁵

2527 5653 2567 5682 ⁸¹
2599 5651 2853 5705 Pbilastr.
2886 5651 3052 5704 lren.,
3092 5651 3125 5700 l.
3172 5662 3210 5708 I,
3242 5661 3288 5698 c.
3322 5651 3409 5704 ‘25,
3448 5661 3500 5696 n.
3531 5651 3596 5705 ‘2;
3630 5651 3654 5692 ιε

2467 5723 2635 5789 piph..
2672 5719 2696 5789 ξ
2730 5720 2790 5780 “5;
2826 5717 2985 5778 Iren.,
3022 5718 3058 5769 l.
3114 5731 3344 5789 nt._cap.
3373 5713 3468 5789 ξι,
3515 5729 3564 5789 t_i_.
3595 5711 3654 5789 ἰς

2031 5799 2073 5826 SH
2111 5797 2206 5826 1η.
2270 5811 2303 5826 ιι
2378 5810 2404 5826 ιι
2458 5811 2460 5820 ε

2067 5799 2073 5820 ¹
2111 5795 2225 5848 Lib.
2270 5811 2340 5856 lt,
2378 5810 2422 5845 ο.
2458 5794 2502 5843 1.
2603 5794 2645 5820 ³⁸
2678 5794 2838 5853 lren.,
2873 5794 2963 5841 lib.
3007 5803 3042 5847 ι,
3076 5802 3123 5840 c.

2067 5868 2108 5894 ’πθ
2136 5865 2186 5917 ln
2220 5864 2484 5928 Lttc1l.,c.
2521 5863 2571 5915 9.
2646 5862 2688 5891 ³ο
2713 5859 2828 5913 Lib.
2863 5875 2942 5923 ιιι,
2979 5873 3023 5912 c.
3058 5857 3142 5910 9.7..

2475 4667 2686 4736 priores
2709 4675 2987 4733 peccasse.
3019 4658 3162 4728 quod
3193 4653 3435 4710 Judaicis
3464 4647 3828 4713 caeremoniis,
3859 4648 4074 4702 ritibus

2475 4775 2540 4813 ac
2577 4753 3060 4828 superstitionibus
3087 4750 3227 4804 ultra
3262 4748 3479 4801 modum
3515 4742 3715 4796 addicti
3748 4749 3970 4804 essent,
4018 4752 4076 4793 et

2475 4853 2543 4907 de
2575 4852 2773 4907 Christi
2819 4861 3050 4919 persona
3088 4841 3353 4898 humilius
3399 4840 3691 4894 sentirent.
3741 4833 3808 4887 Et
3854 4846 3926 4886 ea
3979 4848 4074 4884 ra-

2476 4951 2624 5000 tione
2677 4959 2771 4998 eos
2821 4939 3202 4996 Gnosticorutn
3254 4932 3504 5000 catalogo
3552 4926 3746 4981 inserit
3779 4924 4074 4990 lrenaeus;

2475 5052 2582 5092 non
2615 5033 2760 5104 quod
2790 5031 3027 5084 IEonum
3067 5025 3340 5083 cbimaaris
3372 5032 3610 5077 mentem
3637 5017 3776 5089 pasti
3815 5016 4074 5082 fuerint;

2477 5132 2568 5185 sed
2596 5130 2741 5198 quod
2772 5128 2826 5181 in
2855 5126 3074 5181 Christo
3105 5122 3231 5176 Jesu
3263 5119 3394 5173 nihil
3429 5117 3531 5172 nisi
3570 5116 3896 5177 humanum,
3926 5113 4081 5168 nihil

2473 5217 2786 5275 substantia
2829 5215 3070 5267 divinum
3101 5219 3479 5281 agnoscentes,
3514 5206 3679 5263 Verbi
3715 5204 4077 5261 lncarnatio—

2473 5328 2596 5366 nem
2635 5327 2663 5365 e
2702 5309 2880 5363 medio
2919 5307 3195 5370 tollerent,
3237 5303 3556 5372 Christique
3597 5297 3874 5370 passionis
3904 5301 4085 5356 meri—

2474 5421 2585 5463 tum
2619 5420 2782 5461 omne
2817 5403 3058 5458 funditus
3083 5407 3418 5454 everterent.

2527 5653 2567 5682 ⁸¹
2599 5650 2853 5705 Pbilastr.
2886 5647 3052 5704 lren..
3092 5647 3125 5700 l.
3172 5662 3210 5708 I,
3242 5661 3288 5698 c.
3322 5643 3409 5704 9.6,
3448 5661 3500 5696 n.
3531 5642 3596 5705 2;
3627 5638 3850 5696 Euseb.
3891 5641 3935 5694 l.
3974 5659 4065 5706 ιιι,

2527 5723 2587 5761 nh
2672 5719 2696 5761 ε
2730 5720 2788 5761 '5-
2826 5717 2984 5761 Ινρη.-
3022 5718 3058 5761 1-
3114 5732 3193 5761 ιιι-
3227 5731 3344 5761 ean.
3378 5713 3467 5761 9.1.
3515 5729 3564 5761 ιι.
3605 5711 3654 5761 1.
3747 5710 3792 5740 ⁸³
3822 5709 3952 5761 Lib-
3999 5718 4065 5761 de.

3773 5728 3792 5738 ““
3822 5728 3952 5765 LII).
3999 5728 4069 5765 ΝΗ

2603 5791 2645 5820 ⁸⁸
2673 5780 2838 5853 irem,
2871 5789 2963 5841 lib.
3007 5803 3042 5847 ι,
3076 5802 3123 5840 c.
3152 5786 3238 5841 “.26.
3281 5780 3332 5839 ll.
3369 5785 3431 5838 ἓ..
3521 5784 3560 5815 ⁸⁷
3595 5780 3707 5834 Lib.
3747 5798 3836 5844 tn,
3869 5797 3930 5837 ρ.
3966 5785 4064 5836 ‘27.
