4180 6332
207 375 299 432 ιη

705 501 831 556 VIII.
862 501 938 557 De
971 501 1021 557 Ν
1026 505 1276 559 icolaitis.

275 589 393 646 132.
426 589 740 649 Nicolaitas
774 610 804 650 a
835 594 1076 669 Nicolao,
1121 612 1229 652 uno
1258 611 1289 652 e
1321 605 1525 666 septem
1571 598 1771 668 priori-

213 679 304 735 bus
333 682 606 748 diaconis,
638 699 870 754 quorum
904 687 1111 740 mentio
1143 687 1202 740 ﬁt
1230 688 1280 740 in
1324 687 1476 742 Actis
1512 689 1775 757 apostolo-

215 788 320 826 rum
366 774 434 837 “,
469 789 675 830 nomen
718 779 974 839 traxisse,
1011 779 1318 834 communis
1366 781 1611 834 omnium
1655 796 1777 836 sen-

213 863 370 919 tentia
415 874 533 932 est;
587 866 635 920 si
678 881 819 922 unus
863 869 1173 937 excipiatur
1219 868 1515 926 Cassianus
1560 873 1629 936 θ’,
1682 870 1773 940 qui

209 956 347 1010 nulla
377 965 629 1012 veterum
678 960 1006 1014 auctoritate
1044 961 1218 1016 fretus
1245 963 1540 1030 existimat,
1566 977 1662 1019 eos
1703 963 1775 1020 ab

205 1047 306 1102 alio
318 1050 553 1118 quodam
575 1049 798 1107 Nicolao
816 1061 868 1107 et
889 1067 1084 1108 nomen
1106 1062 1162 1108 et
1182 1055 1445 1125 originem
1464 1057 1768 1125 accepisse.

203 1142 282 1193 An
313 1155 444 1195 vero
473 1140 727 1216 Nicolaus
753 1142 845 1198 ille
872 1144 1137 1201 diaconus
1163 1147 1505 1216 propudiosa:
1532 1147 1774 1203 Nicolai-

207 1239 378 1281 tarum
432 1237 597 1284 secta:
652 1212 1000 1287 fundamenta
1042 1212 1413 1304 jece'rit,'—jam
1462 1237 1514 1290 in
1559 1238 1771 1294 diversa

201 1317 524 1373 scinduntur
580 1321 883 1390 Opiniones.
965 1322 1069 1377 Alii
1138 1339 1259 1379 eum
1326 1325 1486 1395 culpa
1573 1329 1769 1393 teneri,

202 1406 288 1461 alii
353 1424 554 1465 vacare
594 1412 859 1468 sentiunt.
922 1413 985 1468 Et
1035 1416 1260 1483 quidem
1327 1407 1608 1472 Nicolaum
1657 1420 1773 1489 pri-

203 1514 341 1553 mum
399 1502 608 1555 erroris
657 1513 936 1557 auctorem
981 1514 1036 1558 et
1083 1507 1401 1575 magistrum
1466 1509 1766 1577 exstitisse,

204 1590 400 1646 diserte
445 1603 702 1647 asserunt
748 1593 982 1650 Irenaeus
1014 1598 1083 1660 9’,
1113 1608 1271 1651 vetus
1309 1609 1500 1653 auctor
1542 1600 1770 1654 Addita.

203 1679 361 1735 menti
399 1684 544 1748 quod
569 1682 632 1734 ad
660 1682 862 1737 calcem
882 1683 1198 1738 Tertulliani
1229 1684 1349 1738 libri
1384 1684 1457 1738 De
1476 1688 1766 1756 pra'script.

202 1768 244 1801 ⁸⁸
304 1770 549 1839 legitur,
612 1773 931 1844 Hippolytus
984 1776 1124 1842 apud
1178 1775 1436 1831 Photium‘
1489 1779 1556 1842 ⁸⁵,
1623 1779 1772 1833 Hila-

909 377 1374 437 DISSERTATIO
1410 379 1450 444 I,
1494 378 1650 435 ΛΒΤ.
1684 378 1771 443 III,
1811 378 1896 433 DE
1936 379 2314 436 YALENTINI
2347 381 2742 438 HACIS’I‘RIS.

3351 385 3457 441 ιεθ

1801 505 1850 563 Α
1879 505 2055 574 zeloty
2072 505 2172 574 piae
2201 545 2215 569 ,
2260 504 2547 575 palamque
2573 506 2782 560 laceret
2826 518 2887 560 se
2921 504 2990 559 ita
3023 504 3275 559 allectum
3307 521 3449 574 esse,

1877 604 1956 660 ut,
1989 597 2032 649 si
2062 596 2144 650 fas
2204 603 2368 660 esset.
2426 596 2680 652 abdicata
2729 610 2922 662 uxore,
2978 597 3156 652 cuivis
3182 611 3302 653 eam
3352 598 3453 652 du.-

1875 689 2030 744 cendi
2081 698 2404 752 potestatem
2453 690 2642 760 largiri
2679 697 2900 758 paratus
2936 699 3096 745 esset.
3139 689 3292 756 Quod
3324 691 3450 760 qui-

1875 783 1994 836 dem
2030 783 2115 837 vel
2139 798 2204 838 ex
2253 798 2318 838 eo
2347 784 2780 847 demonstratur,
2811 785 2954 852 quod
2983 798 3008 834 τι
3037 781 3312 853 coniugali
3350 783 3452 837 ﬁde

1873 891 2148 944 nunquam
2183 875 2476 941 resiluerit,
2519 885 2576 930 et
2608 891 2676 930 ex
2723 874 2838 942 ejus
2893 875 3082 928 liberis
3115 875 3236 928 ﬁli:e
3266 889 3453 929 conso-

1874 968 2095 1020 nuerint
2128 967 2395 1038 virgines,
2430 967 2573 1020 ﬁlius
2597 975 2780 1020 autem
2817 964 3018 1020 caelebs
3041 965 3211 1020 vitam
3251 966 3447 1033 egerit.

1871 1058 1994 1112 Alio
2026 1058 2229 1113 Nicolai
2263 1059 2726 1129 apOpbthegmate
2777 1058 3148 1114 abutebantur
3175 1058 3448 1124 haeretici,

1871 1150 2105 1213 scilicet,
2138 1149 2312 1205 Carne
2332 1152 2654 1205 abutendum
2676 1167 2790 1206 esse
2817 1165 2965 1220 :quo
2991 1161 3167 1205 tamen
3196 1150 3247 1205 id
3283 1167 3448 1204 unum

1871 1243 2182 1312 signiﬁcare
2255 1244 2469 1297 animus
2523 1242 2735 1306 fuerat,
2809 1243 2960 1298 carni
3032 1241 3448 1311 haudquaquam

1872 1333 2261 1403 indulgendum
2311 1348 2432 1389 esse
2465 1374 2480 1398 ,
2539 1336 2631 1388 sed
2687 1348 2807 1388 eam
2869 1333 3290 1402 perdomandam
3327 1373 3343 1396 ,
3396 1343 3452 1386 et

1871 1428 2088 1481 assidua
2163 1427 2379 1481 virtutis
2444 1427 2842 1481 exercitatione
2900 1427 3280 1496 frangendam.
3339 1425 3446 1480 Sua

1872 1527 1982 1572 stat
2019 1517 2240 1588 utrique
2267 1517 2407 1587 parti
2441 1517 2738 1572 auctoritas
2764 1556 2779 1581 ,
2830 1518 3130 1586 graviaque
3188 1518 3450 1586 utrinque

1869 1608 2108 1662 militant
2164 1608 2438 1663 rationum
2515 1618 2808 1664 momenta.
2867 1607 3150 1663 Nicolaum
3222 1613 3450 1666 damnat

1869 1700 2102 1756 Irenaeus
2140 1701 2222 1755 vir
2269 1700 2648 1770 apostolicus,
2722 1701 2957 1758 absolvit
3006 1703 3258 1759 Clemens
3324 1705 3451 1758 huic

1869 1809 2116 1859 eomvus;
2162 1804 2392 1864 uterque
2417 1810 2483 1849 ex
2528 1795 2595 1850 iis
2653 1811 2770 1863 qua:
2832 1797 2899 1850 ab
2943 1799 3315 1864 apostolorum
3368 1798 3450 1850 di-

201 1860 305 1914 rius
333 1863 403 1929 ",
471 1862 703 1936 [LXVII]
755 1865 1050 1935 Gregorius
1095 1867 1254 1938 Nyss.
1284 1871 1356 1934 ⁸⁷,
1411 1869 1763 1935 Philastrius,

1871 1889 2096 1958 scipulis
2142 1891 2327 1945 auditu
2387 1891 2675 1962 percipere
2719 1901 3014 1960 potuerat;
3078 1893 3214 1946 adeo
3249 1901 3306 1944 ut
3357 1893 3445 1947 hic

200 1952 555 2024 Hieronymus
586 1957 630 1988 ⁸⁸
688 1967 742 2010 et
798 1958 1092 2028 Gregorius
1161 1961 1388 2031 Magnus
1415 1963 1483 2016 θ’.
1556 1962 1766 2030 Lapsus

200 2047 410 2101 occasio
443 2046 578 2114 fuit,
610 2049 654 2102 si
703 2049 1066 2117 Epiphaniam
1117 2053 1404 2108 audiamus
1431 2057 1481 2123 ιι
1527 2055 1766 2110 hominis

199 2139 616 2207 intemperantia
647 2179 662 2204 ,
721 2143 1074 2196 continentiae
1123 2145 1415 2214 propositi,
1469 2148 1612 2216 quod
1645 2161 1765 2202 sus-

199 2240 431 2299 ceperat,
469 2231 690 2287 minime
739 2241 919 2290 tenax.
968 2234 1101 2289 Cum
1137 2237 1278 2291 enim
1314 2254 1541 2293 uxorem
1599 2241 1763 2296 habe-

198 2331 289 2384 ret,
327 2323 563 2392 eleganti
595 2327 779 2393 specie
826 2326 1132 2390 mulierem,
1188 2344 1216 2380 a
1284 2343 1389 2397 qua
1446 2329 1762 2400 aliquandiu

198 2413 289 2468 sibi
313 2423 715 2484 temperasset;
744 2418 1095 2472 continentia:
1132 2418 1401 2485 longioris
1448 2420 1759 2489 impatiens,

196 2506 255 2558 ad
290 2507 552 2574 pristinos
599 2508 886 2577 amplexus
921 2512 1109 2565 rediit.
1181 2511 1252 2566 Ut
1287 2522 1465 2566 autem
1531 2515 1762 2582 probro-

195 2608 300 2647 sum
354 2595 573 2649 facinus
621 2598 863 2664 qumsitis
903 2601 1180 2657 coloribus
1213 2603 1527 2671 obduceret,
1579 2606 1762 2661 libidi~

196 2699 304 2737 nem
329 2689 669 2755 procacitate
717 2693 1026 2758 cumulans,
1078 2697 1264 2751 docuit
1296 2712 1310 2750 :
1348 2696 1470 2751 Nisi
1499 2701 1615 2768 quis
1655 2700 1762 2753 sin—

193 2775 316 2843 gulis
368 2780 553 2833 diebus
610 2780 840 2837 luxuria:
885 2797 1068 2853 vacet,
1124 2791 1494 2857 sempiternam
1535 2795 1755 2846 salutem

193 2872 425 2939 consequi
465 2888 570 2925 non
611 2891 782 2942 posse.
839 2876 974 2930 Tum
1029 2879 1300 2949 zelotypia
1352 2881 1608 2938 incensus
1639 2927 1654 2951 ,
1689 2890 1757 2940 ‘et

193 2962 306 3017 inde
336 2965 386 3017 in
437 2981 574 3020 nova
639 2969 849 3023 scelera
881 2971 1188 3040 prolapsus,
1255 2974 1644 3030 Nicolaitarum
1693 2993 1756 3032 ac

190 3050 565 3110 Cnostieorum
599 3071 762 3113 sectae
810 3061 1020 3116 initium
1058 3064 1231 3126 dedit,
1263 3078 1294 3118 e
1321 3066 1522 3133 quibus
1567 3065 1756 3136 plures

189 3145 313 3206 alim,
347 3163 582 3216 quarum
639 3151 872 3205 obscura
914 3155 1000 3207 vel
1030 3169 1258 3222 prorsus
1289 3157 1468 3225 ignota
1511 3159 1750 3224 nomina,

190 3239 331 3292 novis
385 3240 586 3294 additis
643 3259 890 3297 errorum
952 3258 1015 3298 ac
1054 3249 1433 3315 spurcitiarum
1467 3251 1750 3314 monstris,

187 3331 499 3385 scaturiere.
531 3331 631 3399 Qui
686 3350 820 3388 vero
862 3336 1149 3390 Nicolaum
1203 3353 1230 3391 a
1264 3340 1422 3408 culpa
1487 3340 1751 3407 liberant,

188 3432 279 3472 nec
313 3420 411 3489 ipsi
438 3425 594 3489 pauci
630 3435 778 3490 sunt,
811 3441 910 3481 nec
943 3427 1114 3481 inﬁmi
1146 3429 1196 3482 in
1224 3428 1464 3485 Ecclesia
1494 3433 1748 3488 nominis.

185 3510 382 3578 Agmen
414 3513 571 3567 ducit
619 3516 870 3572 Clemens
923 3518 1393 3587 Alexandrinus’,
1455 3537 1615 3590 quem
1661 3539 1750 3577 se-

185 3615 416 3669 quuntur
466 3609 731 3665 Eusebius
755 3613 797 3677 ’,
834 3612 1214 3691 Theodqretus
1246 3616 1289 3683 ⁸,
1341 3608 1679 3688 Augustinus
1707 3621 1749 3686 ³,

187 3691 488 3748 Victorinus
530 3697 938 3756 Pelaviouensis
973 3704 992 3732 ⁸
1019 3713 1071 3757 et
1107 3703 1198 3758 alii
1234 3723 1247 3758 :
1283 3708 1426 3760 inter
1474 3723 1608 3776 quos
1668 3726 1752 3764 re-

184 3788 382 3840 censeri
415 3800 598 3854 posset
653 3791 891 3860 Ignatius
942 3794 995 3848 in
1047 3797 1288 3865 epistolis
1319 3800 1383 3852 ad
1446 3800 1751 3857 Trallianos

188 3889 236 3929 et
262 3877 791 3949 Philadelphienses,
823 3886 952 3939 sica
996 3903 1115 3955 quae
1164 3890 1216 3943 in
1250 3889 1455 3945 Nicolai
1515 3895 1750 3962 gratiam

184 3966 521 4023 adducuntur
579 3976 907 4042 testimonia,
946 3993 1010 4033 ex
1052 3981 1325 4051 genuinis,
1383 3999 1490 4035 non
1519 4001 1644 4039 vero
1684 4003 1750 4041 ex

184 4057 516 4128 interpolatis
575 4067 822 4134 epistolis
881 4070 1362 4138 depromerentur.
1418 4075 1496 4130 llli
1558 4094 1749 4133 omnes

183 4162 417 4211 censent,
477 4155 763 4210 haereticos
820 4159 1198 4227 Simonianos,
1254 4177 1310 4218 ut
1361 4170 1746 4224 auctoritatem

180 4239 272 4294 sibi
306 4257 369 4296 ex
414 4261 610 4314 magno
665 4253 885 4306 nomine
947 4256 1353 4322 conciliarent,
1396 4258 1618 4314 Nicolao
1663 4278 1748 4316 ca-

182 4329 484 4399 lumnialos,
545 4353 610 4391 eo
676 4350 897 4395 auctore
954 4347 1219 4412 gloriatos
1279 4348 1469 4414 fuisse,
1527 4361 1743 4420 arrepta

181 4436 457 4492 perperam
508 4432 796 4487 occasione
844 4450 908 4488 ex
953 4437 1096 4490 facto
1119 4442 1262 4505 quod
1308 4441 1560 4498 Clemens
1618 4447 1742 4499 Ale-

1869 1983 2184 2038 alterutrius
2211 1984 2348 2039 ﬁdes
2389 1985 2590 2040 elevari
2621 2002 2728 2041 non
2758 1987 2976 2042 debeat.
3019 1986 3220 2040 Tutius
3255 1982 3442 2052 igitur,

1869 2092 1935 2130 ne
1967 2085 2169 2132 temere
2216 2077 2563 2145 deﬁniamus,
2623 2093 2737 2134 rem
2792 2079 2845 2133 in
2903 2081 3080 2135 medio
3113 2081 3442 2149 relinquere.

1867 2168 2001 2221 Illud
2029 2183 2161 2223 vero
2190 2170 2555 2225 certissimum
2586 2179 2691 2235 est,
2726 2171 2817 2226 Dei
2859 2171 3031 2241 ipsius
3066 2186 3163 2226 ore
3224 2174 3447 2227 damna-

1867 2268 1949 2314 tos
2003 2259 2170 2316 fuisse
2237 2261 2552 2318 Nicolaitas.
2610 2262 2702 2317 Sic
2757 2264 2899 2317 enim
2949 2265 3002 2318 in
3061 2264 3385 2334 Apocalypsi
3423 2266 3445 2297 ⁸

1864 2352 2120 2408 Christus
2175 2356 2492 2423 episcopum
2543 2354 2875 2422 Ephesinnm
2928 2356 3228 2426 alloquitur
3281 2373 3294 2410 :
3336 2357 3442 2412 Sed

1864 2447 1960 2500 hoc
2012 2448 2190 2510 habes,
2233 2448 2360 2518 quia
2398 2447 2556 2501 odisti
2593 2447 2736 2518 facta
2772 2447 3166 2502 Nicolaitarum
3198 2491 3211 2515 ,
3243 2467 3361 2520 quae
3397 2463 3444 2503 et

1861 2556 1954 2609 ego
1978 2540 2095 2592 odi.
2130 2542 2206 2594 Ac
2237 2541 2465 2609 proinde
2500 2548 2614 2595 tum
2674 2542 2936 2609 temporis
2985 2542 3287 2597 Ecclesiam
3344 2543 3443 2597 de-

1863 2631 2195 2686 vastabatea
2219 2641 2394 2686 secta.
2429 2631 2549 2687 Cito
2583 2633 2916 2687 exstinctam
2945 2633 3438 2702 putatEusebius'.

1861 2719 2225 2783 Probabilius,
2280 2737 2390 2777 non
2456 2723 2628 2791 ipsam
2657 2732 2862 2777 sectam
2910 2725 3239 2778 exstinctam
3273 2763 3292 2790 ,
3348 2726 3442 2778 sed

1861 2824 2023 2869 sectae
2047 2829 2247 2870 nomen
2277 2814 2540 2872 duntaxat
2563 2816 2892 2870 exstinctum
2935 2832 3076 2872 esse.
3126 2819 3260 2871 Cum
3294 2818 3442 2871 enim

1858 2909 2308 2964 scelestissimum
2368 2909 2541 2978 quid,
2595 2909 2845 2979 adeoque
2898 2920 2951 2965 et
3019 2912 3439 2972 exsecrandum,

1858 3000 2147 3060 catholicis
2184 3002 2410 3056 auribus
2450 3010 2709 3068 sonaret;
2762 3017 2828 3056 eo
2861 3002 3108 3072 deposito
3145 3017 3316 3057 novus
3341 3019 3438 3055 ex-

1857 3091 2127 3162 c0gitatus
2178 3090 2568 3148 Cnostieorum
2604 3094 2811 3161 titulus,
2847 3095 2937 3163 qui
2968 3096 3229 3150 ementita
3257 3096 3439 3151 scien-

1859 3184 1945 3238 tia:
1977 3185 2135 3239 laude
2157 3184 2341 3240 fucum
2371 3185 2574 3241 faceret
2598 3186 2886 3257 imperitis.

1926 3344 2050 3398 155.
2088 3345 2352 3413 Dogmata
2377 3343 2768 3399 Nicolaitarum
2797 3345 3100 3399 theoretiea
3144 3359 3436 3399 recensere

1855 3448 2320 3503 supervacaneum
2342 3436 2494 3489 duxit
2521 3435 2760 3490 Irenarus
2795 3454 2808 3490 :
2839 3437 3024 3490 eadem
3041 3437 3242 3506 quippe
3267 3436 3438 3491 fuisse

1855 3541 1974 3593 qua:
1987 3535 2304 3580 cmterorum
2319 3527 2702 3582 Cnostieorum
2726 3529 3014 3599 perspicue
3036 3529 3088 3582 in
3101 3529 3218 3581 nuit
3236 3527 3328 3581 lib.
3350 3543 3434 3593 ιιι,

1855 3631 1974 3685 cap.
2007 3618 2091 3681 II,
2130 3629 2189 3672 ut
2215 3619 2326 3686 jam
2352 3619 2417 3674 de
2445 3618 2706 3674 Cerintho
2732 3630 2955 3689 agentes
2978 3621 3420 3674 observavimus.

1856 3709 1928 3762 Ea
1964 3709 2152 3764 fusiori
2177 3711 2316 3782 stylo
2345 3722 2670 3780 prosecutus
2701 3725 2784 3767 est
2807 3715 3140 3782 Epiphanius
3184 3717 3247 3778 ⁸ο,
3278 3729 3433 3769 com-

1854 3804 2052 3870 pendio
2094 3818 2220 3858 vero
2246 3805 2573 3858 retulerunt
2623 3808 2962 3874 Augustinus
2998 3809 3037 3837 “
3100 3817 3154 3861 et
3192 3806 3430 3860 Pseudo-

1855 3897 2313 3952 Tertullianus“.
2376 3900 2480 3955 Sed
2540 3915 2658 3968 quae
2705 3900 2739 3952 ii
2787 3900 3070 3954 Nicolaitis
3121 3902 3428 3961 ascribunt,

1853 3987 1965 4056 ipsa
2009 3999 2133 4042 sunt
2164 4004 2283 4058 qua:
2307 3989 2464 4057 paulo
2495 4000 2619 4057 post
2651 3992 2842 4045 tribuit
2870 3990 3109 4045 Irenaeus
3151 3990 3431 4047 Cnosticis

1853 4081 1904 4134 in
1966 4097 2187 4149 genere.
2235 4083 2369 4138 Cum
2438 4093 2616 4137 autem
2675 4101 2737 4137 eo
2794 4087 3015 4138 nomine
3062 4101 3173 4153 pra:
3219 4086 3429 4137 caeteris

1852 4174 2217 4241 gloriarentur
2245 4175 2544 4243 Nicolaitae,
2573 4177 2814 4244 illudque
2840 4178 2978 4232 forte
2995 4179 3156 4246 primi
3183 4180 3428 4231 omnium

1850 4268 1951 4319 sibi
1983 4268 2386 4332 vindicassent,
2418 4284 2522 4322 non
2558 4270 2797 4324 dubitem
2829 4270 2958 4338 quin
2995 4275 3045 4323 in
3076 4287 3169 4323 eos
3202 4272 3424 4338 potissi-

1849 4360 2341 4413 mum-conveniant
2379 4376 2500 4430 quae
2530 4363 2581 4415 in
2625 4362 2911 4416 Cnosticos
2963 4364 3074 4417 illic
3129 4363 3294 4417 refert
3331 4380 3424 4416 au-

1847 4463 1967 4505 ctor
2011 4464 2210 4507 noster.
2248 4453 2352 4508 Sed
2405 4456 2469 4509 de
2508 4457 2592 4509 his
2652 4471 2748 4509 suo
2807 4458 2946 4511 loco.
3001 4457 3250 4511 Practica
3295 4474 3424 4511 vero

181 4515 328 4566 ‘3“0'
369 4517 387 4545 ⁷
412 4517 572 4586 longe
603 4523 765 4575 ίὶιίιθτ
795 4535 956 4591 alque
1006 4528 1340 4596 Epiphanius
1393 4547 1599 4590 narrat.
1654 4540 1746 4592 Ait
1774 4564 1822 4623 Ι)
1851 4545 2101 4613 dogmata
2127 4546 2477 4614 paucissimis
2509 4548 2710 4606 verbis.
2748 4548 2841 4601 sed
2873 4548 3270 4602 efﬁcacissimis
3299 4565 3420 4616 pcr-

179 4618 378 4673 nempe,
411 4612 653 4665 audiisse
708 4631 786 4677 se,
822 4617 1126 4685 Nicolaum,
1168 4634 1228 4677 ut
1284 4628 1351 4678 ab
1385 4627 1597 4694 objecta
1631 4632 1739 4686 sibi

178 4695 236 4746 ab
265 4702 530 4765 apostolis
575 4705 842 4773 zelotypia
880 4721 1138 4779 purgaret
1173 4729 1295 4767 sese
1326 4755 1339 4777 ,
1391 4732 1585 4782 uxore,
1621 4737 1740 4788 qua:

179 4783 401 4844 formosa
430 4804 569 4857 erat,
608 4799 659 4848 in
704 4799 939 4852 medium
978 4803 1232 4865 adducta,
1289 4810 1606 4875 permisisse
1651 4814 1739 4867 cui

176 4878 320 4932 vellet
350 4884 397 4932 ei
430 4887 658 4939 nubere.
706 4889 832 4942 Inde
866 4907 1017 4958 vero,
1070 4898 1226 4963 (μιίηὶ
1264 4915 1491 4954 uxorem
1523 4905 1739 4971 publice

176 4972 556 5041 prostituisset,
613 4978 836 5050 ejusque
870 4987 1238 5051 promiscuum
1295 5007 1446 5045 usum
1503 4997 1735 5064 quibus-

176 5072 371 5130 cunque
398 5069 757 5136 permisisset,
786 5078 1137 5132 occasionem
1169 5092 1420 5149 captasse
1445 5086 1735 5143 luereticos

175 5149 374 5240 laxandi
427 5159 577 5216 frena
617 5165 849 5222 libidini.
908 5171 1114 5228 Nicolai
1175 5192 1304 5233 vero
1371 5180 1513 5234 hunc
1564 5199 1733 5240 unum

1847 4631 2068 4683 strinxit
2125 4633 2262 4685 idem
2294 4633 2573 4688 Irenmtts:
2613 4635 2902 4690 Indiscrete
2954 4641 3150 4702 vivunt,
3197 4639 3415 4707 inquit,

1847 4722 1895 4775 id
1931 4732 2012 4776 est
2065 4724 2371 4792 promiscua
2403 4726 2481 4779 eis
2514 4736 2639 4780 sunt
2665 4729 2845 4780 omnia
2880 4744 2892 4780 :
2927 4732 3071 4797 quod
3117 4732 3180 4783 ad
3219 4729 3420 4799 Carpo-

1845 4815 2009 4866 cratis
2035 4815 2361 4883 principium
2415 4817 2551 4871 redit
2589 4836 2602 4871 :
2635 4819 2765 4871 nihil
2825 4830 3016 4887 suapte
3068 4829 3258 4872 natura
3320 4820 3415 4872 bo-

1843 4922 1972 4960 num
2005 4922 2124 4961 esse
2157 4910 2489 4972 autmalum,
2522 4911 2612 4965 sed
2648 4910 3010 4965 indiﬁ'erentia
3035 4913 3237 4966 omnia.
3273 4912 3414 4965 Nihil

1844 4999 2038 5052 mirum
2090 5001 2269 5068 itaque
2321 5003 2362 5055 si
2431 5003 2746 5071 idolothytis
2801 5006 2989 5067 vesci,
3032 5013 3085 5056 et
3143 5003 3411 5058 fornicari

1841 5089 2062 5158 (quibus
2097 5093 2510 5149 characteribus
2551 5097 2800 5165 designat
2839 5111 2956 5149 eam
3003 5105 3205 5150 sectam
3250 5097 3411 5151 Chri-

1839 5191 1954 5235 stus
2006 5183 2078 5245 ³³,
2131 5183 2277 5236 nulla
2329 5186 2406 5239 eis
2458 5185 2644 5253 religio
2700 5195 2862 5238 esset.
2911 5184 3027 5237 Uno
3082 5186 3246 5239 verbo
3302 5197 3408 5239 tam

175 5239 324 5300 “"559
376 5267 646 5321 SCOP'Im,
712 5268 826 5311 uta
878 5276 936 5317 se
984 5267 1304 5323 amoliretur
1366 5275 1731 5342 susl‘iicionem
1834 5273 2050 5328 effrenis
2110 5274 2210 5328 fuit
2271 5277 2322 5329 in
2381 5277 2524 5330 omni
2587 5278 3016 5345 iiitenqier'aiit.ia:
3065 5292 3262 5346 genere
3319 5294 3409 5334 eo-

233 5565 544 5644 ','__Cap.)'i_.
578 5571 634 5633 5.
666 5572 720 5625 5.
817 5573 862 5604 θ’
899 5572 1034 5630 Coll.
1072 5579 1159 5644 ts,
1197 5594 1245 5633 c.
1279 5583 1362 5634 ιδ.

172 5634 324 5710 935.
428 5643 470 5678 ³⁷
507 5640 567 5693 L.
605 5659 681 5704 xi,
713 5659 796 5710 ep.
833 5645 881 5697 I.
934 5634 1168 5705 Eunom'.

178 5703 368 5782 LII?“
402 5725 530 5782 UL
564 5711 590 5782 ἓ
633 5703 679 5766 Ie

171 5769 410 5833 Bibliollt.
429 5769 528 5832 I’P.

175 5843 210 5872 "
243 5844 313 5902 De
344 5864 562 5918 praesa,
598 5870 643 5907 ιτ.
678 5855 764 5909 47.

804 5717 822 5746 ²
953 5735 1009 5770 ιιι
1046 5719 1276 5783 Strom.,
1312 5740 1364 5790 p.
1397 5716 1520 5778 436.

642 5784 658 5813 ⁷
695 5784 753 5838 L.
791 5802 826 5841 ιι
861 5789 1087 5853 Strom.,
1143 5784 1364 5860 p.411.

642 5855 764 5909 .47.
846 5859 888 5889 ¹³
940 5860 1108 5930 Apoc.
1157 5880 1215 5930 ll,
1274 5865 1360 5919 14.

1464 5586 1507 5616 9³
1538 5586 1656 5643 Lib.
1689 5607 1726 5653 ι,
1760 5607 1808 5644 c.
1840 5591 1930 5651 26,
1977 5609 2030 5645 ιι.
2073 5593 2124 5644 5.

1267 5654 1310 5683 ⁹⁸
1341 5656 1391 5706 In
1440 5659 1598 5721 epist.
1634 5663 1698 5712 ad
1755 5661 1964 5716 Ileliod.
2024 5673 2076 5715 et
2123 5659 2405 5716 Sabinian.
2465 5660 2620 5714 Diae.

1267 5765 1276 5783 .
1312 5740 1364 5785 ι).
1397 5726 1520 5778 456.
1625 5732 1643 5761 ³
1685 5731 1744 5785 L.
1781 5749 1860 5785 ιιι-
1895 5751 1943 5785 e.
1975 5733 2063 5785 29.
2141 5734 2161 5764 ⁸
2200 5732 2260 5785 L.
2297 5749 2377 5785 ιιι.
2408 5748 2456 5784 c.
2491 5733 2538 5784 I.
2618 5740 2620 5765 έ

1470 5749 1520 5778 υ.
1625 5749 1643 5761 ·
1685 5749 1744 5785 ιλ.
1781 5749 1860 5800 ιιι,
1895 5751 1943 5788 c.
1975 5749 2063 5785 zu.

1465 5796 1483 5827 ⁸
1520 5798 1648 5871 Cap.
1713 5819 1768 5872 ιι,
1807 5803 1857 5862 6.
1960 5814 1978 5845 9
2012 5803 2063 5858 Li

2547 5590 2591 5620 "
2628 5590 2756 5643 Cod.
2815 5589 2941 5643 932.
3026 5589 3072 5621 “
3114 5588 3167 5639 In
3208 5586 3400 5641 Matth.

2723 5660 2766 5690 9°
2805 5661 2958 5713 IIom.
2998 5658 3065 5711 58
3103 5661 3153 5710 in
3193 5657 3396 5726 Evang.

2723 5747 2809 5780 aer-
2849 5747 2899 5780 ν.
2993 5729 3014 5759 ⁸
3047 5726 3099 5780 In
3137 5730 3301 5780 Apoc.
3347 5730 3398 5780 in

3082 5748 3099 5780 ι
3137 5747 3301 5792 Apoc.
3347 5747 3398 5780 ιιι

3082 5803 3122 5832 ι*
3165 5798 3303 5854 Haer.
3346 5814 3398 5854 γ.

2205 5592 2250 5622 νδ
2283 5592 2344 5646 C.
2377 5590 2466 5642 47.

2618 5739 2637 5768 ³
2671 5731 2809 5787 Iber.
2849 5747 2899 5783 ν.

2598 5802 2636 5833 ’θ
2677 5802 2817 5856 Her.
2856 5818 2976 5856 xxv.

2141 5734 2161 5764 ⁸
2200 5732 2260 5790 L.
2297 5749 2377 5794 tu,
2408 5748 2456 5784 c.
2491 5733 2538 5784 I.

1960 5814 1978 5845 θ
2012 5803 2132 5861 Lib.
2171 5822 2252 5868 ιιι.
2317 5822 2364 5859 c.
2398 5804 2484 5857 29.
