  <div class='ocr_page' id='page_1' title='image "/cluster/home/n/w/nwhite01/storage/ocr_20150623/7 pars.1/pst.000005711833/090.png"; bbox 0 0 4180 6332; ppageno 0'>
   <div class='ocr_carea' id='block_1_1' title="bbox 168 377 3410 446">
    <p class='ocr_par' dir='ltr' id='par_1_1' title="bbox 168 377 3410 446">
     <span class='ocr_line' id='line_1_1' title="bbox 168 377 3410 446; baseline 0.001 -17"><span class='ocrx_word' id='word_1_1' title='bbox 168 377 263 435; x_wconf 69' lang='grc'><strong>155</strong></span> <span class='ocrx_word' id='word_1_2' title='bbox 882 377 1335 435; x_wconf 81' lang='lat' dir='ltr'><strong>DISSERTATIO</strong></span> <span class='ocrx_word' id='word_1_3' title='bbox 1370 380 1409 445; x_wconf 91' lang='grc' dir='ltr'><strong>Ι,</strong></span> <span class='ocrx_word' id='word_1_4' title='bbox 1447 378 1612 437; x_wconf 82' lang='lat' dir='ltr'><strong>ART.</strong></span> <span class='ocrx_word' id='word_1_5' title='bbox 1649 380 1738 446; x_wconf 85' lang='lat' dir='ltr'><strong>Ill,</strong></span> <span class='ocrx_word' id='word_1_6' title='bbox 1778 380 1865 434; x_wconf 85' lang='lat' dir='ltr'><strong>DE</strong></span> <span class='ocrx_word' id='word_1_7' title='bbox 1904 378 2275 441; x_wconf 72' lang='lat' dir='ltr'><strong>VALENTINI</strong></span> <span class='ocrx_word' id='word_1_8' title='bbox 2314 380 2710 438; x_wconf 78' lang='lat' dir='ltr'><strong>MAGISTRIS.</strong></span> <span class='ocrx_word' id='word_1_9' title='bbox 3308 378 3410 434; x_wconf 61' lang='grc'><strong>151</strong></span> 
     </span>
    </p>
   </div>
   <div class='ocr_carea' id='block_1_2' title="bbox 166 500 3412 573">
    <p class='ocr_par' dir='ltr' id='par_1_2' title="bbox 166 500 3412 573">
     <span class='ocr_line' id='line_1_2' title="bbox 166 500 3412 573; baseline 0.001 -22"><span class='ocrx_word' id='word_1_10' title='bbox 166 506 232 551; x_wconf 72' lang='lat' dir='ltr'><strong>ita</strong></span> <span class='ocrx_word' id='word_1_11' title='bbox 270 506 328 551; x_wconf 86' lang='lat' dir='ltr'><strong>ut</strong></span> <span class='ocrx_word' id='word_1_12' title='bbox 352 501 459 555; x_wconf 81' lang='lat' dir='ltr'><strong>sub</strong></span> <span class='ocrx_word' id='word_1_13' title='bbox 498 500 746 555; x_wconf 80' lang='lat' dir='ltr'><strong>Adriano</strong></span> <span class='ocrx_word' id='word_1_14' title='bbox 784 501 1014 571; x_wconf 92' lang='lat' dir='ltr'><strong>primum</strong></span> <span class='ocrx_word' id='word_1_15' title='bbox 1042 502 1095 555; x_wconf 93' lang='lat' dir='ltr'><strong>in</strong></span> <span class='ocrx_word' id='word_1_16' title='bbox 1130 502 1302 557; x_wconf 93' lang='lat' dir='ltr'><strong>Ponto</strong></span> <span class='ocrx_word' id='word_1_17' title='bbox 1350 513 1405 557; x_wconf 89' lang='lat' dir='ltr'><strong>et</strong></span> <span class='ocrx_word' id='word_1_18' title='bbox 1439 504 1565 559; x_wconf 87' lang='lat' dir='ltr'><strong>Asia</strong></span> <span class='ocrx_word' id='word_1_19' title='bbox 1597 504 1735 557; x_wconf 92' lang='lat' dir='ltr'><strong>dun-</strong></span> <span class='ocrx_word' id='word_1_20' title='bbox 1764 506 1812 563; x_wconf 84' lang='grc' dir='ltr'><strong>Δ</strong></span> <span class='ocrx_word' id='word_1_21' title='bbox 1839 500 2137 571; x_wconf 89' lang='lat' dir='ltr'><strong>ctrinajam</strong></span> <span class='ocrx_word' id='word_1_22' title='bbox 2153 502 2272 573; x_wconf 83' lang='lat' dir='ltr'><strong>plus</strong></span> <span class='ocrx_word' id='word_1_23' title='bbox 2287 504 2700 570; x_wconf 88' lang='lat' dir='ltr'><strong>satisimbutus,</strong></span> <span class='ocrx_word' id='word_1_24' title='bbox 2721 503 2847 557; x_wconf 92' lang='lat' dir='ltr'><strong>inde</strong></span> <span class='ocrx_word' id='word_1_25' title='bbox 2862 502 3181 557; x_wconf 80' lang='lat' dir='ltr'><strong>discessisse</strong></span> <span class='ocrx_word' id='word_1_26' title='bbox 3196 500 3412 555; x_wconf 87' lang='lat' dir='ltr'><strong>videtur</strong></span> 
     </span>
    </p>
   </div>
   <div class='ocr_carea' id='block_1_3' title="bbox 167 584 3409 667">
    <p class='ocr_par' dir='ltr' id='par_1_3' title="bbox 167 584 3409 667">
     <span class='ocr_line' id='line_1_3' title="bbox 167 584 3409 667; baseline 0.003 -25"><span class='ocrx_word' id='word_1_27' title='bbox 167 599 306 642; x_wconf 81' lang='lat' dir='ltr'><strong>taxat</strong></span> <span class='ocrx_word' id='word_1_28' title='bbox 347 584 627 646; x_wconf 80' lang='lat' dir='ltr'><strong>nefarium</strong></span> <span class='ocrx_word' id='word_1_29' title='bbox 666 593 856 663; x_wconf 75' lang='lat' dir='ltr'><strong>dogma</strong></span> <span class='ocrx_word' id='word_1_30' title='bbox 915 594 1294 659; x_wconf 76' lang='lat' dir='ltr'><strong>praedicaverit</strong></span> <span class='ocrx_word' id='word_1_31' title='bbox 1335 612 1347 648; x_wconf 92' lang='lat'><strong>:</strong></span> <span class='ocrx_word' id='word_1_32' title='bbox 1384 604 1568 664; x_wconf 86' lang='lat' dir='ltr'><strong>postea</strong></span> <span class='ocrx_word' id='word_1_33' title='bbox 1606 611 1734 651; x_wconf 82' lang='lat' dir='ltr'><strong>vero</strong></span> <span class='ocrx_word' id='word_1_34' title='bbox 1834 597 2023 652; x_wconf 87' lang='lat' dir='ltr'><strong>eodem</strong></span> <span class='ocrx_word' id='word_1_35' title='bbox 2060 611 2205 651; x_wconf 86' lang='lat' dir='ltr'><strong>anno</strong></span> <span class='ocrx_word' id='word_1_36' title='bbox 2242 596 2365 662; x_wconf 74' lang='grc'><strong>142,</strong></span> <span class='ocrx_word' id='word_1_37' title='bbox 2400 597 2483 651; x_wconf 87' lang='lat' dir='ltr'><strong>vel</strong></span> <span class='ocrx_word' id='word_1_38' title='bbox 2519 596 2787 666; x_wconf 80' lang='lat' dir='ltr'><strong>sequenti,</strong></span> <span class='ocrx_word' id='word_1_39' title='bbox 2820 604 2879 650; x_wconf 90' lang='lat' dir='ltr'><strong>ut</strong></span> <span class='ocrx_word' id='word_1_40' title='bbox 2919 596 3226 665; x_wconf 78' lang='lat' dir='ltr'><strong>provincias</strong></span> <span class='ocrx_word' id='word_1_41' title='bbox 3287 613 3409 667; x_wconf 88' lang='lat' dir='ltr'><strong>per-</strong></span> 
     </span>
    </p>
   </div>
   <div class='ocr_carea' id='block_1_4' title="bbox 168 684 3407 761">
    <p class='ocr_par' dir='ltr' id='par_1_4' title="bbox 168 684 3407 761">
     <span class='ocr_line' id='line_1_4' title="bbox 168 684 3407 761; baseline 0.002 -24"><span class='ocrx_word' id='word_1_42' title='bbox 168 686 261 738; x_wconf 83' lang='lat' dir='ltr'><strong>sub</strong></span> <span class='ocrx_word' id='word_1_43' title='bbox 281 684 565 739; x_wconf 77' lang='lat' dir='ltr'><strong>Antonino</strong></span> <span class='ocrx_word' id='word_1_44' title='bbox 582 686 814 756; x_wconf 81' lang='lat' dir='ltr'><strong>majores</strong></span> <span class='ocrx_word' id='word_1_45' title='bbox 838 688 1058 742; x_wconf 90' lang='lat' dir='ltr'><strong>trahens</strong></span> <span class='ocrx_word' id='word_1_46' title='bbox 1086 688 1327 756; x_wconf 88' lang='lat' dir='ltr'><strong>spiritus,</strong></span> <span class='ocrx_word' id='word_1_47' title='bbox 1358 691 1739 744; x_wconf 88' lang='lat' dir='ltr'><strong>vehementius</strong></span> <span class='ocrx_word' id='word_1_48' title='bbox 1835 697 2068 760; x_wconf 87' lang='lat' dir='ltr'><strong>agrarct.</strong></span> <span class='ocrx_word' id='word_1_49' title='bbox 2116 687 2251 742; x_wconf 82' lang='lat' dir='ltr'><strong>Nam</strong></span> <span class='ocrx_word' id='word_1_50' title='bbox 2280 688 2469 743; x_wconf 84' lang='lat' dir='ltr'><strong>scribit</strong></span> <span class='ocrx_word' id='word_1_51' title='bbox 2510 687 2871 761; x_wconf 84' lang='lat' dir='ltr'><strong>Hieronymus</strong></span> <span class='ocrx_word' id='word_1_52' title='bbox 2913 690 2958 720; x_wconf 81' lang='grc'><strong>¹⁶</strong></span> <span class='ocrx_word' id='word_1_53' title='bbox 2978 728 2992 752; x_wconf 90' lang='grc'><strong>,</strong></span> <span class='ocrx_word' id='word_1_54' title='bbox 3042 687 3370 743; x_wconf 84' lang='lat' dir='ltr'><strong>Marcionem</strong></span> <span class='ocrx_word' id='word_1_55' title='bbox 3393 732 3407 752; x_wconf 88' lang='lat'><strong>,</strong></span> 
     </span>
    </p>
   </div>
   <div class='ocr_carea' id='block_1_5' title="bbox 169 778 3413 851">
    <p class='ocr_par' dir='ltr' id='par_1_5' title="bbox 169 778 3413 851">
     <span class='ocr_line' id='line_1_5' title="bbox 169 778 3413 851; baseline 0.001 -20"><span class='ocrx_word' id='word_1_56' title='bbox 169 778 219 831; x_wconf 90' lang='lat' dir='ltr'><strong>in</strong></span> <span class='ocrx_word' id='word_1_57' title='bbox 255 779 479 833; x_wconf 90' lang='lat' dir='ltr'><strong>eosdem</strong></span> <span class='ocrx_word' id='word_1_58' title='bbox 529 780 649 843; x_wconf 88' lang='lat' dir='ltr'><strong>illos</strong></span> <span class='ocrx_word' id='word_1_59' title='bbox 706 794 922 835; x_wconf 87' lang='lat' dir='ltr'><strong>errores</strong></span> <span class='ocrx_word' id='word_1_60' title='bbox 976 782 1202 848; x_wconf 67' lang='lat' dir='ltr'><strong>emperit</strong></span> <span class='ocrx_word' id='word_1_61' title='bbox 1244 783 1581 836; x_wconf 89' lang='lat' dir='ltr'><strong>incumbere.</strong></span> <span class='ocrx_word' id='word_1_62' title='bbox 1633 783 1735 849; x_wconf 83' lang='lat' dir='ltr'><strong>Qui</strong></span> <span class='ocrx_word' id='word_1_63' title='bbox 1834 798 1960 837; x_wconf 88' lang='lat' dir='ltr'><strong>cum</strong></span> <span class='ocrx_word' id='word_1_64' title='bbox 1992 783 2093 835; x_wconf 87' lang='lat' dir='ltr'><strong>iter</strong></span> <span class='ocrx_word' id='word_1_65' title='bbox 2118 780 2347 835; x_wconf 91' lang='lat' dir='ltr'><strong>Romam</strong></span> <span class='ocrx_word' id='word_1_66' title='bbox 2373 794 2728 851; x_wconf 86' lang='lat' dir='ltr'><strong>suscepturus</strong></span> <span class='ocrx_word' id='word_1_67' title='bbox 2753 790 2916 843; x_wconf 88' lang='lat' dir='ltr'><strong>esset,</strong></span> <span class='ocrx_word' id='word_1_68' title='bbox 2948 780 3074 835; x_wconf 92' lang='lat' dir='ltr'><strong>illuc</strong></span> <span class='ocrx_word' id='word_1_69' title='bbox 3095 780 3413 850; x_wconf 72' lang='lat' dir='ltr'><strong>prtemisissc</strong></span> 
     </span>
    </p>
   </div>
   <div class='ocr_carea' id='block_1_6' title="bbox 167 869 3412 946">
    <p class='ocr_par' dir='ltr' id='par_1_6' title="bbox 167 869 3412 946">
     <span class='ocr_line' id='line_1_6' title="bbox 167 869 3412 946; baseline 0 -23"><span class='ocrx_word' id='word_1_70' title='bbox 167 869 309 923; x_wconf 88' lang='lat' dir='ltr'><strong>cnim</strong></span> <span class='ocrx_word' id='word_1_71' title='bbox 334 872 387 922; x_wconf 89' lang='lat' dir='ltr'><strong>in</strong></span> <span class='ocrx_word' id='word_1_72' title='bbox 427 869 602 926; x_wconf 85' lang='lat' dir='ltr'><strong>Ponto</strong></span> <span class='ocrx_word' id='word_1_73' title='bbox 638 871 836 926; x_wconf 84' lang='lat' dir='ltr'><strong>etAsia</strong></span> <span class='ocrx_word' id='word_1_74' title='bbox 870 872 1137 925; x_wconf 81' lang='lat' dir='ltr'><strong>nefarium</strong></span> <span class='ocrx_word' id='word_1_75' title='bbox 1185 873 1379 941; x_wconf 86' lang='lat' dir='ltr'><strong>dogma</strong></span> <span class='ocrx_word' id='word_1_76' title='bbox 1435 872 1738 941; x_wconf 65' lang='lat' dir='ltr'><strong>praedicare</strong></span> <span class='ocrx_word' id='word_1_77' title='bbox 1836 877 2139 940; x_wconf 78' lang='lat' dir='ltr'><strong>mulierem,</strong></span> <span class='ocrx_word' id='word_1_78' title='bbox 2178 891 2293 946; x_wconf 79' lang='lat' dir='ltr'><strong>qua:</strong></span> <span class='ocrx_word' id='word_1_79' title='bbox 2325 875 2656 944; x_wconf 78' lang='lat' dir='ltr'><strong>decipiendos</strong></span> <span class='ocrx_word' id='word_1_80' title='bbox 2690 873 2793 927; x_wconf 89' lang='lat' dir='ltr'><strong>sibi</strong></span> <span class='ocrx_word' id='word_1_81' title='bbox 2828 874 3031 927; x_wconf 86' lang='lat' dir='ltr'><strong>animos</strong></span> <span class='ocrx_word' id='word_1_82' title='bbox 3056 882 3412 941; x_wconf 75' lang='lat' dir='ltr'><strong>prtepararet;</strong></span> 
     </span>
    </p>
   </div>
   <div class='ocr_carea' id='block_1_7' title="bbox 161 961 3416 1034">
    <p class='ocr_par' dir='ltr' id='par_1_7' title="bbox 161 961 3416 1034">
     <span class='ocr_line' id='line_1_7' title="bbox 161 961 3416 1034; baseline 0 -21"><span class='ocrx_word' id='word_1_83' title='bbox 161 963 408 1028; x_wconf 80' lang='lat' dir='ltr'><strong>potuerit</strong></span> <span class='ocrx_word' id='word_1_84' title='bbox 440 961 540 1014; x_wconf 91' lang='lat' dir='ltr'><strong>sub</strong></span> <span class='ocrx_word' id='word_1_85' title='bbox 579 961 853 1025; x_wconf 80' lang='lat' dir='ltr'><strong>Adriano,</strong></span> <span class='ocrx_word' id='word_1_86' title='bbox 895 976 1055 1030; x_wconf 86' lang='lat' dir='ltr'><strong>quem</strong></span> <span class='ocrx_word' id='word_1_87' title='bbox 1095 976 1126 1015; x_wconf 90' lang='lat' dir='ltr'><strong>e</strong></span> <span class='ocrx_word' id='word_1_88' title='bbox 1182 961 1355 1018; x_wconf 90' lang='lat' dir='ltr'><strong>Ponto</strong></span> <span class='ocrx_word' id='word_1_89' title='bbox 1405 964 1736 1019; x_wconf 84' lang='lat' dir='ltr'><strong>catholicum</strong></span> <span class='ocrx_word' id='word_1_90' title='bbox 1839 966 1983 1033; x_wconf 90' lang='lat' dir='ltr'><strong>quod</strong></span> <span class='ocrx_word' id='word_1_91' title='bbox 2024 979 2144 1019; x_wconf 86' lang='lat' dir='ltr'><strong>cum</strong></span> <span class='ocrx_word' id='word_1_92' title='bbox 2187 973 2334 1019; x_wconf 88' lang='lat' dir='ltr'><strong>certe</strong></span> <span class='ocrx_word' id='word_1_93' title='bbox 2363 963 2431 1018; x_wconf 91' lang='lat' dir='ltr'><strong>de</strong></span> <span class='ocrx_word' id='word_1_94' title='bbox 2462 964 2635 1034; x_wconf 91' lang='lat' dir='ltr'><strong>prima</strong></span> <span class='ocrx_word' id='word_1_95' title='bbox 2679 962 2921 1033; x_wconf 85' lang='lat' dir='ltr'><strong>ejusdem</strong></span> <span class='ocrx_word' id='word_1_96' title='bbox 2972 961 3416 1032; x_wconf 72' lang='lat' dir='ltr'><strong>peregrinatione</strong></span> 
     </span>
    </p>
   </div>
   <div class='ocr_carea' id='block_1_8' title="bbox 164 1052 3413 1128">
    <p class='ocr_par' dir='ltr' id='par_1_8' title="bbox 164 1052 3413 1128">
     <span class='ocr_line' id='line_1_8' title="bbox 164 1052 3413 1128; baseline -0 -24"><span class='ocrx_word' id='word_1_97' title='bbox 164 1052 776 1122; x_wconf 79' lang='lat' dir='ltr'><strong>profectum&#39;Antonino</strong></span> <span class='ocrx_word' id='word_1_98' title='bbox 823 1054 1146 1119; x_wconf 82' lang='lat' dir='ltr'><strong>imperante.</strong></span> <span class='ocrx_word' id='word_1_99' title='bbox 1174 1054 1360 1109; x_wconf 74' lang='lat' dir='ltr'><strong>Romae</strong></span> <span class='ocrx_word' id='word_1_100' title='bbox 1404 1057 1737 1110; x_wconf 90' lang='lat' dir='ltr'><strong>catholicum</strong></span> <span class='ocrx_word' id='word_1_101' title='bbox 1840 1058 2065 1128; x_wconf 88' lang='lat' dir='ltr'><strong>intelligi</strong></span> <span class='ocrx_word' id='word_1_102' title='bbox 2083 1073 2191 1112; x_wconf 89' lang='lat' dir='ltr'><strong>non</strong></span> <span class='ocrx_word' id='word_1_103' title='bbox 2210 1058 2481 1127; x_wconf 87' lang='lat' dir='ltr'><strong>possit,ad</strong></span> <span class='ocrx_word' id='word_1_104' title='bbox 2496 1058 2789 1111; x_wconf 88' lang='lat' dir='ltr'><strong>secundam</strong></span> <span class='ocrx_word' id='word_1_105' title='bbox 2807 1054 3043 1123; x_wconf 88' lang='lat' dir='ltr'><strong>aliquam</strong></span> <span class='ocrx_word' id='word_1_106' title='bbox 3073 1052 3413 1108; x_wconf 78' lang='lat' dir='ltr'><strong>referendum</strong></span> 
     </span>
    </p>
   </div>
   <div class='ocr_carea' id='block_1_9' title="bbox 165 1141 3414 1220">
    <p class='ocr_par' dir='ltr' id='par_1_9' title="bbox 165 1141 3414 1220">
     <span class='ocr_line' id='line_1_9' title="bbox 165 1141 3414 1220; baseline 0.002 -24"><span class='ocrx_word' id='word_1_107' title='bbox 165 1141 481 1213; x_wconf 81' lang='lat' dir='ltr'><strong>aliquandiu</strong></span> <span class='ocrx_word' id='word_1_108' title='bbox 538 1144 742 1200; x_wconf 78' lang='lat' dir='ltr'><strong>vixisse</strong></span> <span class='ocrx_word' id='word_1_109' title='bbox 778 1155 1029 1199; x_wconf 86' lang='lat' dir='ltr'><strong>asserunt</strong></span> <span class='ocrx_word' id='word_1_110' title='bbox 1060 1144 1432 1201; x_wconf 81' lang='lat' dir='ltr'><strong>Tertullianus</strong></span> <span class='ocrx_word' id='word_1_111' title='bbox 1454 1147 1499 1177; x_wconf 80' lang='lat'><strong>&quot;</strong></span> <span class='ocrx_word' id='word_1_112' title='bbox 1526 1155 1579 1201; x_wconf 90' lang='lat' dir='ltr'><strong>et</strong></span> <span class='ocrx_word' id='word_1_113' title='bbox 1609 1146 1739 1215; x_wconf 86' lang='lat' dir='ltr'><strong>Epi-</strong></span> <span class='ocrx_word' id='word_1_114' title='bbox 1839 1161 1941 1213; x_wconf 88' lang='lat' dir='ltr'><strong>est,</strong></span> <span class='ocrx_word' id='word_1_115' title='bbox 1982 1152 2086 1220; x_wconf 88' lang='lat' dir='ltr'><strong>qua</strong></span> <span class='ocrx_word' id='word_1_116' title='bbox 2111 1150 2339 1206; x_wconf 84' lang='lat' dir='ltr'><strong>Romam</strong></span> <span class='ocrx_word' id='word_1_117' title='bbox 2382 1165 2633 1204; x_wconf 84' lang='lat' dir='ltr'><strong>reversus</strong></span> <span class='ocrx_word' id='word_1_118' title='bbox 2664 1150 2757 1211; x_wconf 86' lang='lat' dir='ltr'><strong>sit.</strong></span> <span class='ocrx_word' id='word_1_119' title='bbox 2808 1147 2956 1201; x_wconf 77' lang='lat' dir='ltr'><strong>utilli</strong></span> <span class='ocrx_word' id='word_1_120' title='bbox 2976 1147 3137 1201; x_wconf 81' lang='lat' dir='ltr'><strong>latius</strong></span> <span class='ocrx_word' id='word_1_121' title='bbox 3173 1158 3414 1200; x_wconf 78' lang='lat' dir='ltr'><strong>errorem</strong></span> 
     </span>
    </p>
   </div>
   <div class='ocr_carea' id='block_1_10' title="bbox 152 1235 3417 1313">
    <p class='ocr_par' dir='ltr' id='par_1_10' title="bbox 152 1235 3417 1313">
     <span class='ocr_line' id='line_1_10' title="bbox 152 1235 3417 1313; baseline 0 -25"><span class='ocrx_word' id='word_1_122' title='bbox 152 1235 423 1301; x_wconf 73' lang='lat' dir='ltr'><strong>phanius,</strong></span> <span class='ocrx_word' id='word_1_123' title='bbox 466 1252 570 1290; x_wconf 89' lang='lat' dir='ltr'><strong>non</strong></span> <span class='ocrx_word' id='word_1_124' title='bbox 633 1237 834 1291; x_wconf 78' lang='lat' dir='ltr'><strong>video:</strong></span> <span class='ocrx_word' id='word_1_125' title='bbox 891 1238 1071 1292; x_wconf 85' lang='lat' dir='ltr'><strong>minus</strong></span> <span class='ocrx_word' id='word_1_126' title='bbox 1133 1239 1313 1294; x_wconf 88' lang='lat' dir='ltr'><strong>adhuc</strong></span> <span class='ocrx_word' id='word_1_127' title='bbox 1360 1253 1467 1306; x_wconf 89' lang='lat' dir='ltr'><strong>qua</strong></span> <span class='ocrx_word' id='word_1_128' title='bbox 1527 1238 1737 1293; x_wconf 82' lang='lat' dir='ltr'><strong>ratione</strong></span> <span class='ocrx_word' id='word_1_129' title='bbox 1841 1240 2050 1313; x_wconf 79' lang='lat' dir='ltr'><strong>[LXIX]</strong></span> <span class='ocrx_word' id='word_1_130' title='bbox 2108 1242 2523 1303; x_wconf 87' lang='lat' dir='ltr'><strong>disseminaret,</strong></span> <span class='ocrx_word' id='word_1_131' title='bbox 2576 1254 2735 1310; x_wconf 88' lang='lat' dir='ltr'><strong>quem</strong></span> <span class='ocrx_word' id='word_1_132' title='bbox 2792 1239 2845 1293; x_wconf 91' lang='lat' dir='ltr'><strong>in</strong></span> <span class='ocrx_word' id='word_1_133' title='bbox 2900 1239 3071 1308; x_wconf 85' lang='lat' dir='ltr'><strong>prima</strong></span> <span class='ocrx_word' id='word_1_134' title='bbox 3126 1236 3261 1290; x_wconf 84' lang='lat' dir='ltr'><strong>satis</strong></span> <span class='ocrx_word' id='word_1_135' title='bbox 3317 1250 3417 1302; x_wconf 89' lang='lat' dir='ltr'><strong>pro</strong></span> 
     </span>
    </p>
   </div>
   <div class='ocr_carea' id='block_1_11' title="bbox 167 1325 3414 1403">
    <p class='ocr_par' dir='ltr' id='par_1_11' title="bbox 167 1325 3414 1403">
     <span class='ocr_line' id='line_1_11' title="bbox 167 1325 3414 1403; baseline -0.001 -22"><span class='ocrx_word' id='word_1_136' title='bbox 167 1328 539 1383; x_wconf 86' lang='lat' dir='ltr'><strong>Tertullianus</strong></span> <span class='ocrx_word' id='word_1_137' title='bbox 595 1328 925 1383; x_wconf 79' lang='lat' dir='ltr'><strong>Marcionem</strong></span> <span class='ocrx_word' id='word_1_138' title='bbox 981 1330 1100 1399; x_wconf 89' lang='lat' dir='ltr'><strong>plus</strong></span> <span class='ocrx_word' id='word_1_139' title='bbox 1144 1331 1311 1385; x_wconf 87' lang='lat' dir='ltr'><strong>semel</strong></span> <span class='ocrx_word' id='word_1_140' title='bbox 1373 1332 1737 1386; x_wconf 89' lang='lat' dir='ltr'><strong>Antonianum</strong></span> <span class='ocrx_word' id='word_1_141' title='bbox 1842 1334 1981 1388; x_wconf 89' lang='lat' dir='ltr'><strong>votis</strong></span> <span class='ocrx_word' id='word_1_142' title='bbox 2008 1334 2306 1403; x_wconf 65' lang='lat' dir='ltr'><strong>praedicare</strong></span> <span class='ocrx_word' id='word_1_143' title='bbox 2327 1348 2429 1388; x_wconf 91' lang='lat' dir='ltr'><strong>non</strong></span> <span class='ocrx_word' id='word_1_144' title='bbox 2460 1340 2730 1400; x_wconf 83' lang='lat' dir='ltr'><strong>potuerat.</strong></span> <span class='ocrx_word' id='word_1_145' title='bbox 2758 1331 2822 1385; x_wconf 85' lang='lat' dir='ltr'><strong>Et</strong></span> <span class='ocrx_word' id='word_1_146' title='bbox 2851 1330 2902 1383; x_wconf 94' lang='lat' dir='ltr'><strong>in</strong></span> <span class='ocrx_word' id='word_1_147' title='bbox 2927 1328 3234 1384; x_wconf 86' lang='lat' dir='ltr'><strong>secundum</strong></span> <span class='ocrx_word' id='word_1_148' title='bbox 3259 1325 3414 1379; x_wconf 91' lang='lat' dir='ltr'><strong>illum</strong></span> 
     </span>
    </p>
   </div>
   <div class='ocr_carea' id='block_1_12' title="bbox 164 1416 3418 1497">
    <p class='ocr_par' dir='ltr' id='par_1_12' title="bbox 164 1416 3418 1497">
     <span class='ocr_line' id='line_1_12' title="bbox 164 1416 3418 1497; baseline -0.002 -22"><span class='ocrx_word' id='word_1_149' title='bbox 164 1421 487 1477; x_wconf 66' lang='lat' dir='ltr'><strong>baereticum</strong></span> <span class='ocrx_word' id='word_1_150' title='bbox 540 1424 834 1493; x_wconf 85' lang='lat' dir='ltr'><strong>appellare,</strong></span> <span class='ocrx_word' id='word_1_151' title='bbox 867 1434 922 1480; x_wconf 91' lang='lat' dir='ltr'><strong>et</strong></span> <span class='ocrx_word' id='word_1_152' title='bbox 968 1426 1066 1479; x_wconf 89' lang='lat' dir='ltr'><strong>sub</strong></span> <span class='ocrx_word' id='word_1_153' title='bbox 1118 1425 1380 1479; x_wconf 84' lang='lat' dir='ltr'><strong>Antonini</strong></span> <span class='ocrx_word' id='word_1_154' title='bbox 1430 1426 1738 1497; x_wconf 85' lang='lat' dir='ltr'><strong>principatu</strong></span> <span class='ocrx_word' id='word_1_155' title='bbox 1841 1422 2141 1477; x_wconf 82' lang='lat' dir='ltr'><strong>Marcionis</strong></span> <span class='ocrx_word' id='word_1_156' title='bbox 2191 1425 2245 1476; x_wconf 92' lang='lat' dir='ltr'><strong>in</strong></span> <span class='ocrx_word' id='word_1_157' title='bbox 2272 1423 2467 1480; x_wconf 88' lang='lat' dir='ltr'><strong>Urbem</strong></span> <span class='ocrx_word' id='word_1_158' title='bbox 2518 1422 2837 1484; x_wconf 86' lang='lat' dir='ltr'><strong>adventum,</strong></span> <span class='ocrx_word' id='word_1_159' title='bbox 2871 1436 2979 1488; x_wconf 86' lang='lat' dir='ltr'><strong>quo</strong></span> <span class='ocrx_word' id='word_1_160' title='bbox 3008 1419 3120 1488; x_wconf 85' lang='lat' dir='ltr'><strong>jam</strong></span> <span class='ocrx_word' id='word_1_161' title='bbox 3174 1416 3418 1485; x_wconf 80' lang='lat' dir='ltr'><strong>apertius</strong></span> 
     </span>
    </p>
   </div>
   <div class='ocr_carea' id='block_1_13' title="bbox 164 1510 3416 1584">
    <p class='ocr_par' dir='ltr' id='par_1_13' title="bbox 164 1510 3416 1584">
     <span class='ocr_line' id='line_1_13' title="bbox 164 1510 3416 1584; baseline -0.002 -17"><span class='ocrx_word' id='word_1_162' title='bbox 164 1515 460 1568; x_wconf 83' lang='lat' dir='ltr'><strong>emersisse</strong></span> <span class='ocrx_word' id='word_1_163' title='bbox 495 1523 602 1568; x_wconf 89' lang='lat' dir='ltr'><strong>tam</strong></span> <span class='ocrx_word' id='word_1_164' title='bbox 658 1514 997 1570; x_wconf 80' lang='lat' dir='ltr'><strong>conﬁdenter</strong></span> <span class='ocrx_word' id='word_1_165' title='bbox 1049 1516 1320 1569; x_wconf 84' lang='lat' dir='ltr'><strong>aﬂirmare</strong></span> <span class='ocrx_word' id='word_1_166' title='bbox 1351 1518 1611 1584; x_wconf 87' lang='lat' dir='ltr'><strong>potuerit,</strong></span> <span class='ocrx_word' id='word_1_167' title='bbox 1646 1510 1738 1584; x_wconf 88' lang='lat' dir='ltr'><strong>qui</strong></span> <span class='ocrx_word' id='word_1_168' title='bbox 1844 1517 2040 1571; x_wconf 88' lang='lat' dir='ltr'><strong>ibidem</strong></span> <span class='ocrx_word' id='word_1_169' title='bbox 2088 1517 2307 1584; x_wconf 86' lang='lat' dir='ltr'><strong>prodire</strong></span> <span class='ocrx_word' id='word_1_170' title='bbox 2365 1517 2531 1583; x_wconf 73' lang='lat' dir='ltr'><strong>cmpit</strong></span> <span class='ocrx_word' id='word_1_171' title='bbox 2578 1513 2693 1582; x_wconf 82' lang='lat' dir='ltr'><strong>ejus</strong></span> <span class='ocrx_word' id='word_1_172' title='bbox 2740 1528 2919 1575; x_wconf 89' lang='lat' dir='ltr'><strong>error,</strong></span> <span class='ocrx_word' id='word_1_173' title='bbox 2961 1522 3238 1579; x_wconf 90' lang='lat' dir='ltr'><strong>utcunque</strong></span> <span class='ocrx_word' id='word_1_174' title='bbox 3275 1522 3416 1578; x_wconf 85' lang='lat' dir='ltr'><strong>qua-</strong></span> 
     </span>
    </p>
   </div>
   <div class='ocr_carea' id='block_1_14' title="bbox 164 1601 3414 1681">
    <p class='ocr_par' dir='ltr' id='par_1_14' title="bbox 164 1601 3414 1681">
     <span class='ocr_line' id='line_1_14' title="bbox 164 1601 3414 1681; baseline -0.001 -24"><span class='ocrx_word' id='word_1_175' title='bbox 164 1604 373 1658; x_wconf 88' lang='lat' dir='ltr'><strong>dudum</strong></span> <span class='ocrx_word' id='word_1_176' title='bbox 418 1616 574 1660; x_wconf 83' lang='lat' dir='ltr'><strong>antea</strong></span> <span class='ocrx_word' id='word_1_177' title='bbox 624 1606 723 1661; x_wconf 90' lang='lat' dir='ltr'><strong>sub</strong></span> <span class='ocrx_word' id='word_1_178' title='bbox 748 1608 988 1661; x_wconf 81' lang='lat' dir='ltr'><strong>Adriano</strong></span> <span class='ocrx_word' id='word_1_179' title='bbox 1014 1608 1329 1677; x_wconf 87' lang='lat' dir='ltr'><strong>prodiisset.</strong></span> <span class='ocrx_word' id='word_1_180' title='bbox 1361 1610 1562 1663; x_wconf 86' lang='lat' dir='ltr'><strong>Deinde</strong></span> <span class='ocrx_word' id='word_1_181' title='bbox 1616 1608 1738 1677; x_wconf 92' lang='lat' dir='ltr'><strong>qui-</strong></span> <span class='ocrx_word' id='word_1_182' title='bbox 1843 1611 1999 1666; x_wconf 90' lang='lat' dir='ltr'><strong>drare</strong></span> <span class='ocrx_word' id='word_1_183' title='bbox 2028 1620 2206 1681; x_wconf 72' lang='lat' dir='ltr'><strong>potest</strong></span> <span class='ocrx_word' id='word_1_184' title='bbox 2248 1609 2391 1679; x_wconf 91' lang='lat' dir='ltr'><strong>quod</strong></span> <span class='ocrx_word' id='word_1_185' title='bbox 2426 1610 2504 1663; x_wconf 90' lang='lat' dir='ltr'><strong>ait</strong></span> <span class='ocrx_word' id='word_1_186' title='bbox 2560 1607 2929 1664; x_wconf 87' lang='lat' dir='ltr'><strong>Tertullianus</strong></span> <span class='ocrx_word' id='word_1_187' title='bbox 2954 1605 2997 1637; x_wconf 76' lang='grc'>³⁷</span> <span class='ocrx_word' id='word_1_188' title='bbox 3029 1619 3043 1658; x_wconf 90' lang='lat'><strong>:</strong></span> <span class='ocrx_word' id='word_1_189' title='bbox 3081 1604 3123 1657; x_wconf 84' lang='lat' dir='ltr'><strong>A</strong></span> <span class='ocrx_word' id='word_1_190' title='bbox 3200 1601 3414 1657; x_wconf 79' lang='lat' dir='ltr'><strong>Tiberio</strong></span> 
     </span>
    </p>
   </div>
   <div class='ocr_carea' id='block_1_15' title="bbox 166 1696 3419 1773">
    <p class='ocr_par' dir='ltr' id='par_1_15' title="bbox 166 1696 3419 1773">
     <span class='ocr_line' id='line_1_15' title="bbox 166 1696 3419 1773; baseline -0.001 -23"><span class='ocrx_word' id='word_1_191' title='bbox 166 1710 385 1765; x_wconf 90' lang='lat' dir='ltr'><strong>cunque</strong></span> <span class='ocrx_word' id='word_1_192' title='bbox 422 1697 584 1752; x_wconf 83' lang='lat' dir='ltr'><strong>feree</strong></span> <span class='ocrx_word' id='word_1_193' title='bbox 624 1700 903 1755; x_wconf 81' lang='lat' dir='ltr'><strong>veteribus</strong></span> <span class='ocrx_word' id='word_1_194' title='bbox 932 1700 1227 1754; x_wconf 86' lang='lat' dir='ltr'><strong>Marcionis</strong></span> <span class='ocrx_word' id='word_1_195' title='bbox 1272 1702 1602 1755; x_wconf 87' lang='lat' dir='ltr'><strong>mentionem</strong></span> <span class='ocrx_word' id='word_1_196' title='bbox 1651 1702 1737 1755; x_wconf 87' lang='lat' dir='ltr'><strong>in-</strong></span> <span class='ocrx_word' id='word_1_197' title='bbox 1842 1719 2004 1773; x_wconf 88' lang='lat' dir='ltr'><strong>usque</strong></span> <span class='ocrx_word' id='word_1_198' title='bbox 2037 1704 2104 1756; x_wconf 89' lang='lat' dir='ltr'><strong>ad</strong></span> <span class='ocrx_word' id='word_1_199' title='bbox 2152 1703 2475 1757; x_wconf 80' lang='lat' dir='ltr'><strong>Antoninum</strong></span> <span class='ocrx_word' id='word_1_200' title='bbox 2527 1701 2653 1753; x_wconf 84' lang='lat' dir='ltr'><strong>anni</strong></span> <span class='ocrx_word' id='word_1_201' title='bbox 2703 1700 2814 1769; x_wconf 80' lang='lat' dir='ltr'><strong>fere</strong></span> <span class='ocrx_word' id='word_1_202' title='bbox 2881 1713 3006 1761; x_wconf 73' lang='grc' dir='ltr'><strong>ειν,</strong></span> <span class='ocrx_word' id='word_1_203' title='bbox 3044 1705 3094 1750; x_wconf 90' lang='lat' dir='ltr'><strong>et</strong></span> <span class='ocrx_word' id='word_1_204' title='bbox 3137 1696 3419 1769; x_wconf 81' lang='lat' dir='ltr'><strong>dimidium</strong></span> 
     </span>
    </p>
   </div>
   <div class='ocr_carea' id='block_1_16' title="bbox 164 1788 3419 1859">
    <p class='ocr_par' dir='ltr' id='par_1_16' title="bbox 164 1788 3419 1859">
     <span class='ocr_line' id='line_1_16' title="bbox 164 1788 3419 1859; baseline -0.001 -17"><span class='ocrx_word' id='word_1_205' title='bbox 164 1788 434 1857; x_wconf 83' lang='lat' dir='ltr'><strong>iecerunt,</strong></span> <span class='ocrx_word' id='word_1_206' title='bbox 472 1790 615 1843; x_wconf 86' lang='lat' dir='ltr'><strong>hunc</strong></span> <span class='ocrx_word' id='word_1_207' title='bbox 668 1790 937 1847; x_wconf 87' lang='lat' dir='ltr'><strong>Cerdonis</strong></span> <span class='ocrx_word' id='word_1_208' title='bbox 990 1800 1044 1846; x_wconf 92' lang='lat' dir='ltr'><strong>et</strong></span> <span class='ocrx_word' id='word_1_209' title='bbox 1081 1790 1402 1859; x_wconf 84' lang='lat' dir='ltr'><strong>discipulum</strong></span> <span class='ocrx_word' id='word_1_210' title='bbox 1433 1800 1486 1844; x_wconf 92' lang='lat' dir='ltr'><strong>et</strong></span> <span class='ocrx_word' id='word_1_211' title='bbox 1525 1806 1741 1845; x_wconf 80' lang='lat' dir='ltr'><strong>succes-</strong></span> <span class='ocrx_word' id='word_1_212' title='bbox 1772 1853 1809 1859; x_wconf 89' lang='lat'><em>_</em></span> <span class='ocrx_word' id='word_1_213' title='bbox 1844 1798 1969 1849; x_wconf 79' lang='lat' dir='ltr'><strong>anni</strong></span> <span class='ocrx_word' id='word_1_214' title='bbox 2014 1813 2131 1850; x_wconf 75' lang='lat' dir='ltr'><strong>cum</strong></span> <span class='ocrx_word' id='word_1_215' title='bbox 2188 1796 2409 1849; x_wconf 69' lang='lat' dir='ltr'><strong>dimidia</strong></span> <span class='ocrx_word' id='word_1_216' title='bbox 2470 1794 2720 1848; x_wconf 68' lang='lat' dir='ltr'><strong>mensis,-</strong></span> <span class='ocrx_word' id='word_1_217' title='bbox 2773 1792 3099 1846; x_wconf 81' lang='lat' dir='ltr'><strong>tantumdem</strong></span> <span class='ocrx_word' id='word_1_218' title='bbox 3168 1789 3419 1859; x_wconf 83' lang='lat' dir='ltr'><strong>temporis</strong></span> 
     </span>
    </p>
   </div>
   <div class='ocr_carea' id='block_1_17' title="bbox 167 1853 1818 1958">
    <p class='ocr_par' dir='ltr' id='par_1_17' title="bbox 167 1853 1813 1953">
     <span class='ocr_line' id='line_1_17' title="bbox 167 1853 1813 1953; baseline -0.001 -16"><span class='ocrx_word' id='word_1_219' title='bbox 167 1895 353 1937; x_wconf 74' lang='lat' dir='ltr'><strong>lorem</strong></span> <span class='ocrx_word' id='word_1_220' title='bbox 390 1884 669 1937; x_wconf 77' lang='lat' dir='ltr'><strong>exstitisse</strong></span> <span class='ocrx_word' id='word_1_221' title='bbox 716 1892 1069 1949; x_wconf 85' lang='lat' dir='ltr'><strong>asseverant;</strong></span> <span class='ocrx_word' id='word_1_222' title='bbox 1126 1882 1270 1953; x_wconf 87' lang='lat' dir='ltr'><strong>quod</strong></span> <span class='ocrx_word' id='word_1_223' title='bbox 1315 1882 1564 1950; x_wconf 80' lang='lat' dir='ltr'><strong>profecto</strong></span> <span class='ocrx_word' id='word_1_224' title='bbox 1594 1895 1740 1936; x_wconf 91' lang='lat' dir='ltr'><strong>stare</strong></span> <span class='ocrx_word' id='word_1_225' title='bbox 1772 1853 1813 1907; x_wconf 78' lang='grc' dir='ltr'><strong>Β</strong></span> 
     </span>
    </p>
   </div>
   <div class='ocr_carea' id='block_1_18' title="bbox 1767 1853 3418 1958">
    <p class='ocr_par' dir='ltr' id='par_1_18' title="bbox 1772 1853 3418 1958">
     <span class='ocr_line' id='line_1_18' title="bbox 1772 1853 3418 1958; baseline -0.005 -15"><span class='ocrx_word' id='word_1_226' title='bbox 1772 1853 1813 1907; x_wconf 78' lang='grc' dir='ltr'><strong>Β</strong></span> <span class='ocrx_word' id='word_1_227' title='bbox 1841 1899 2035 1958; x_wconf 87' lang='lat' dir='ltr'><strong>ponunt</strong></span> <span class='ocrx_word' id='word_1_228' title='bbox 2055 1891 2195 1942; x_wconf 82' lang='lat' dir='ltr'><strong>inter</strong></span> <span class='ocrx_word' id='word_1_229' title='bbox 2222 1887 2490 1941; x_wconf 80' lang='lat' dir='ltr'><strong>Chnstum</strong></span> <span class='ocrx_word' id='word_1_230' title='bbox 2517 1898 2564 1941; x_wconf 91' lang='lat' dir='ltr'><strong>et</strong></span> <span class='ocrx_word' id='word_1_231' title='bbox 2598 1886 2927 1940; x_wconf 80' lang='lat' dir='ltr'><strong>Marcionem</strong></span> <span class='ocrx_word' id='word_1_232' title='bbox 3200 1883 3289 1952; x_wconf 86' lang='lat' dir='ltr'><strong>qui</strong></span> <span class='ocrx_word' id='word_1_233' title='bbox 3323 1884 3418 1936; x_wconf 80' lang='lat' dir='ltr'><strong>sub</strong></span> 
     </span>
    </p>
   </div>
   <div class='ocr_carea' id='block_1_19' title="bbox 166 1974 3418 2051">
    <p class='ocr_par' dir='ltr' id='par_1_19' title="bbox 166 1974 3418 2051">
     <span class='ocr_line' id='line_1_19' title="bbox 166 1974 3418 2051; baseline -0.002 -16"><span class='ocrx_word' id='word_1_234' title='bbox 166 1990 277 2031; x_wconf 86' lang='lat' dir='ltr'><strong>non</strong></span> <span class='ocrx_word' id='word_1_235' title='bbox 302 1985 479 2044; x_wconf 78' lang='lat' dir='ltr'><strong>potest</strong></span> <span class='ocrx_word' id='word_1_236' title='bbox 513 1991 635 2030; x_wconf 88' lang='lat' dir='ltr'><strong>cum</strong></span> <span class='ocrx_word' id='word_1_237' title='bbox 671 1976 876 2031; x_wconf 82' lang='lat' dir='ltr'><strong>Petavii</strong></span> <span class='ocrx_word' id='word_1_238' title='bbox 918 1976 1244 2047; x_wconf 85' lang='lat' dir='ltr'><strong>hypothesi;</strong></span> <span class='ocrx_word' id='word_1_239' title='bbox 1297 1991 1421 2029; x_wconf 84' lang='lat' dir='ltr'><strong>nam</strong></span> <span class='ocrx_word' id='word_1_240' title='bbox 1446 1991 1525 2035; x_wconf 71' lang='grc' dir='ltr'><strong>,εκ</strong></span> <span class='ocrx_word' id='word_1_241' title='bbox 1577 1991 1738 2044; x_wconf 84' lang='lat' dir='ltr'><strong>supe-</strong></span> <span class='ocrx_word' id='word_1_242' title='bbox 1842 1982 2105 2036; x_wconf 77' lang='lat' dir='ltr'><strong>Antonino</strong></span> <span class='ocrx_word' id='word_1_243' title='bbox 2128 1984 2355 2051; x_wconf 86' lang='lat' dir='ltr'><strong>primum</strong></span> <span class='ocrx_word' id='word_1_244' title='bbox 2385 1981 2661 2047; x_wconf 73' lang='lat' dir='ltr'><strong>processit.</strong></span> <span class='ocrx_word' id='word_1_245' title='bbox 2698 1979 2854 2046; x_wconf 86' lang='lat' dir='ltr'><strong>Quia</strong></span> <span class='ocrx_word' id='word_1_246' title='bbox 2882 1975 3110 2031; x_wconf 83' lang='lat' dir='ltr'><strong>Tiberio</strong></span> <span class='ocrx_word' id='word_1_247' title='bbox 3150 1990 3326 2044; x_wconf 85' lang='lat' dir='ltr'><strong>usque</strong></span> <span class='ocrx_word' id='word_1_248' title='bbox 3350 1974 3418 2029; x_wconf 85' lang='lat' dir='ltr'><strong>ad</strong></span> 
     </span>
    </p>
   </div>
   <div class='ocr_carea' id='block_1_20' title="bbox 167 2065 3423 2139">
    <p class='ocr_par' dir='ltr' id='par_1_20' title="bbox 167 2065 3423 2139">
     <span class='ocr_line' id='line_1_20' title="bbox 167 2065 3423 2139; baseline -0.001 -17"><span class='ocrx_word' id='word_1_249' title='bbox 167 2070 284 2124; x_wconf 83' lang='lat' dir='ltr'><strong>rius</strong></span> <span class='ocrx_word' id='word_1_250' title='bbox 318 2070 481 2129; x_wconf 73' lang='lat' dir='ltr'><strong>dictis</strong></span> <span class='ocrx_word' id='word_1_251' title='bbox 531 2082 737 2124; x_wconf 74' lang='lat' dir='ltr'><strong>Certum</strong></span> <span class='ocrx_word' id='word_1_252' title='bbox 766 2079 883 2135; x_wconf 71' lang='lat' dir='ltr'><strong>est.</strong></span> <span class='ocrx_word' id='word_1_253' title='bbox 914 2070 1217 2125; x_wconf 74' lang='lat' dir='ltr'><strong>Cerdonem</strong></span> <span class='ocrx_word' id='word_1_254' title='bbox 1252 2084 1282 2123; x_wconf 74' lang='grc' dir='ltr'>θ</span> <span class='ocrx_word' id='word_1_255' title='bbox 1312 2069 1535 2123; x_wconf 81' lang='lat' dir='ltr'><strong>latebris</strong></span> <span class='ocrx_word' id='word_1_256' title='bbox 1588 2070 1742 2139; x_wconf 90' lang='lat' dir='ltr'><strong>prius</strong></span> <span class='ocrx_word' id='word_1_257' title='bbox 1842 2074 2171 2128; x_wconf 83' lang='lat' dir='ltr'><strong>Antoninum</strong></span> <span class='ocrx_word' id='word_1_258' title='bbox 2205 2088 2379 2126; x_wconf 90' lang='lat' dir='ltr'><strong>annos</strong></span> <span class='ocrx_word' id='word_1_259' title='bbox 2411 2082 2619 2125; x_wconf 84' lang='lat' dir='ltr'><strong>tantum</strong></span> <span class='ocrx_word' id='word_1_260' title='bbox 2659 2071 2760 2125; x_wconf 86' lang='grc'><strong>115</strong></span> <span class='ocrx_word' id='word_1_261' title='bbox 2820 2068 3190 2124; x_wconf 85' lang='lat' dir='ltr'><strong>numeraverit</strong></span> <span class='ocrx_word' id='word_1_262' title='bbox 3241 2065 3423 2136; x_wconf 84' lang='lat' dir='ltr'><strong>Septi-</strong></span> 
     </span>
    </p>
   </div>
   <div class='ocr_carea' id='block_1_21' title="bbox 167 2142 3423 2232">
    <p class='ocr_par' dir='ltr' id='par_1_21' title="bbox 167 2142 3423 2232">
     <span class='ocr_line' id='line_1_21' title="bbox 167 2142 3423 2232; baseline 0.001 -21"><span class='ocrx_word' id='word_1_263' title='bbox 167 2172 337 2230; x_wconf 84' lang='lat' dir='ltr'><strong>caput</strong></span> <span class='ocrx_word' id='word_1_264' title='bbox 377 2175 481 2215; x_wconf 86' lang='lat' dir='ltr'><strong>non</strong></span> <span class='ocrx_word' id='word_1_265' title='bbox 512 2142 788 2225; x_wconf 79' lang='lat' dir='ltr'><strong>extulisse,</strong></span> <span class='ocrx_word' id='word_1_266' title='bbox 832 2176 992 2231; x_wconf 89' lang='lat' dir='ltr'><strong>quam</strong></span> <span class='ocrx_word' id='word_1_267' title='bbox 1032 2160 1260 2213; x_wconf 85' lang='lat' dir='ltr'><strong>Romam</strong></span> <span class='ocrx_word' id='word_1_268' title='bbox 1292 2160 1599 2215; x_wconf 84' lang='lat' dir='ltr'><strong>advenisset</strong></span> <span class='ocrx_word' id='word_1_269' title='bbox 1632 2161 1741 2229; x_wconf 84' lang='lat' dir='ltr'><strong>lly-</strong></span> <span class='ocrx_word' id='word_1_270' title='bbox 1844 2166 2006 2229; x_wconf 89' lang='lat' dir='ltr'><strong>mius,</strong></span> <span class='ocrx_word' id='word_1_271' title='bbox 2054 2164 2195 2220; x_wconf 86' lang='lat' dir='ltr'><strong>haud</strong></span> <span class='ocrx_word' id='word_1_272' title='bbox 2233 2162 2709 2219; x_wconf 79' lang='lat' dir='ltr'><strong>facile‘divinabit</strong></span> <span class='ocrx_word' id='word_1_273' title='bbox 2762 2162 3077 2232; x_wconf 82' lang='lat' dir='ltr'><strong>quisquam,</strong></span> <span class='ocrx_word' id='word_1_274' title='bbox 3129 2159 3234 2214; x_wconf 90' lang='lat' dir='ltr'><strong>nisi</strong></span> <span class='ocrx_word' id='word_1_275' title='bbox 3280 2159 3423 2214; x_wconf 81' lang='lat' dir='ltr'><strong>forte</strong></span> 
     </span>
    </p>
   </div>
   <div class='ocr_carea' id='block_1_22' title="bbox 168 2250 3421 2325">
    <p class='ocr_par' dir='ltr' id='par_1_22' title="bbox 168 2250 3421 2325">
     <span class='ocr_line' id='line_1_22' title="bbox 168 2250 3421 2325; baseline -0 -18"><span class='ocrx_word' id='word_1_276' title='bbox 168 2254 299 2325; x_wconf 73' lang='lat' dir='ltr'><strong>gina</strong></span> <span class='ocrx_word' id='word_1_277' title='bbox 330 2253 649 2316; x_wconf 84' lang='lat' dir='ltr'><strong>Ecclesiam,</strong></span> <span class='ocrx_word' id='word_1_278' title='bbox 693 2254 971 2308; x_wconf 82' lang='lat' dir='ltr'><strong>Antonino</strong></span> <span class='ocrx_word' id='word_1_279' title='bbox 1009 2255 1105 2308; x_wconf 90' lang='lat' dir='ltr'><strong>Pio</strong></span> <span class='ocrx_word' id='word_1_280' title='bbox 1167 2256 1451 2323; x_wconf 86' lang='lat' dir='ltr'><strong>imperium</strong></span> <span class='ocrx_word' id='word_1_281' title='bbox 1494 2263 1738 2322; x_wconf 88' lang='lat' dir='ltr'><strong>regente.</strong></span> <span class='ocrx_word' id='word_1_282' title='bbox 1842 2257 2047 2311; x_wconf 83' lang='lat' dir='ltr'><strong>Tiberii</strong></span> <span class='ocrx_word' id='word_1_283' title='bbox 2090 2256 2377 2325; x_wconf 89' lang='lat' dir='ltr'><strong>imperium</strong></span> <span class='ocrx_word' id='word_1_284' title='bbox 2414 2254 2663 2322; x_wconf 88' lang='lat' dir='ltr'><strong>pluribus</strong></span> <span class='ocrx_word' id='word_1_285' title='bbox 2701 2255 2861 2309; x_wconf 86' lang='lat' dir='ltr'><strong>annis</strong></span> <span class='ocrx_word' id='word_1_286' title='bbox 2909 2251 3301 2308; x_wconf 71' lang='lat' dir='ltr'><strong>decurtaverit.</strong></span> <span class='ocrx_word' id='word_1_287' title='bbox 3361 2250 3421 2306; x_wconf 92' lang='lat' dir='ltr'><strong>Si</strong></span> 
     </span>
    </p>
   </div>
   <div class='ocr_carea' id='block_1_23' title="bbox 168 2328 3425 2417">
    <p class='ocr_par' dir='ltr' id='par_1_23' title="bbox 168 2328 3425 2417">
     <span class='ocr_line' id='line_1_23' title="bbox 168 2328 3425 2417; baseline -0.001 -16"><span class='ocrx_word' id='word_1_288' title='bbox 168 2344 264 2402; x_wconf 79' lang='lat' dir='ltr'><strong>Vel</strong></span> <span class='ocrx_word' id='word_1_289' title='bbox 298 2360 428 2413; x_wconf 82' lang='lat' dir='ltr'><strong>ergo</strong></span> <span class='ocrx_word' id='word_1_290' title='bbox 462 2357 705 2401; x_wconf 85' lang='lat' dir='ltr'><strong>veterum</strong></span> <span class='ocrx_word' id='word_1_291' title='bbox 739 2349 1010 2411; x_wconf 86' lang='lat' dir='ltr'><strong>omnium,</strong></span> <span class='ocrx_word' id='word_1_292' title='bbox 1074 2348 1221 2401; x_wconf 84' lang='lat' dir='ltr'><strong>nulla</strong></span> <span class='ocrx_word' id='word_1_293' title='bbox 1266 2347 1519 2417; x_wconf 77' lang='lat' dir='ltr'><strong>adigente</strong></span> <span class='ocrx_word' id='word_1_294' title='bbox 1549 2362 1745 2402; x_wconf 87' lang='lat' dir='ltr'><strong>neces-</strong></span> <span class='ocrx_word' id='word_1_295' title='bbox 1844 2358 2023 2405; x_wconf 89' lang='lat' dir='ltr'><strong>tamen</strong></span> <span class='ocrx_word' id='word_1_296' title='bbox 2069 2348 2137 2402; x_wconf 93' lang='lat' dir='ltr'><strong>ab</strong></span> <span class='ocrx_word' id='word_1_297' title='bbox 2185 2328 2328 2401; x_wconf 76' lang='lat' dir='ltr'><strong>anno</strong></span> <span class='ocrx_word' id='word_1_298' title='bbox 2383 2346 2594 2401; x_wconf 83' lang='lat' dir='ltr'><strong>decimo</strong></span> <span class='ocrx_word' id='word_1_299' title='bbox 2627 2347 2820 2415; x_wconf 86' lang='lat' dir='ltr'><strong>quinto</strong></span> <span class='ocrx_word' id='word_1_300' title='bbox 2874 2344 3090 2415; x_wconf 86' lang='lat' dir='ltr'><strong>imperii</strong></span> <span class='ocrx_word' id='word_1_301' title='bbox 3143 2345 3283 2414; x_wconf 87' lang='lat' dir='ltr'><strong>ejus,</strong></span> <span class='ocrx_word' id='word_1_302' title='bbox 3315 2358 3425 2413; x_wconf 91' lang='lat' dir='ltr'><strong>quo</strong></span> 
     </span>
    </p>
   </div>
   <div class='ocr_carea' id='block_1_24' title="bbox 166 2434 3421 2509">
    <p class='ocr_par' dir='ltr' id='par_1_24' title="bbox 166 2434 3421 2509">
     <span class='ocr_line' id='line_1_24' title="bbox 166 2434 3421 2509; baseline -0.002 -15"><span class='ocrx_word' id='word_1_303' title='bbox 166 2439 356 2501; x_wconf 85' lang='lat' dir='ltr'><strong>sitate,</strong></span> <span class='ocrx_word' id='word_1_304' title='bbox 386 2439 644 2492; x_wconf 82' lang='lat' dir='ltr'><strong>elevanda</strong></span> <span class='ocrx_word' id='word_1_305' title='bbox 694 2437 870 2501; x_wconf 72' lang='lat' dir='ltr'><strong>rides;</strong></span> <span class='ocrx_word' id='word_1_306' title='bbox 912 2440 995 2493; x_wconf 86' lang='lat' dir='ltr'><strong>vel</strong></span> <span class='ocrx_word' id='word_1_307' title='bbox 1054 2434 1367 2506; x_wconf 82' lang='lat' dir='ltr'><strong>dicendum,</strong></span> <span class='ocrx_word' id='word_1_308' title='bbox 1406 2439 1743 2494; x_wconf 85' lang='lat' dir='ltr'><strong>Marcionem</strong></span> <span class='ocrx_word' id='word_1_309' title='bbox 1843 2441 2095 2497; x_wconf 86' lang='lat' dir='ltr'><strong>Christus</strong></span> <span class='ocrx_word' id='word_1_310' title='bbox 2138 2440 2316 2509; x_wconf 88' lang='lat' dir='ltr'><strong>palam</strong></span> <span class='ocrx_word' id='word_1_311' title='bbox 2348 2439 2547 2494; x_wconf 91' lang='lat' dir='ltr'><strong>docere</strong></span> <span class='ocrx_word' id='word_1_312' title='bbox 2578 2438 2767 2507; x_wconf 75' lang='lat' dir='ltr'><strong>coepit,</strong></span> <span class='ocrx_word' id='word_1_313' title='bbox 2825 2451 3119 2493; x_wconf 86' lang='lat' dir='ltr'><strong>numerare</strong></span> <span class='ocrx_word' id='word_1_314' title='bbox 3164 2436 3421 2502; x_wconf 61' lang='lat' dir='ltr'><strong>velimus;</strong></span> 
     </span>
    </p>
   </div>
   <div class='ocr_carea' id='block_1_25' title="bbox 170 2527 3422 2601">
    <p class='ocr_par' dir='ltr' id='par_1_25' title="bbox 170 2527 3422 2601">
     <span class='ocr_line' id='line_1_25' title="bbox 170 2527 3422 2601; baseline -0.001 -17"><span class='ocrx_word' id='word_1_315' title='bbox 170 2546 196 2584; x_wconf 73' lang='grc' dir='ltr'>ι</span> <span class='ocrx_word' id='word_1_316' title='bbox 232 2530 500 2585; x_wconf 83' lang='lat' dir='ltr'><strong>catholica</strong></span> <span class='ocrx_word' id='word_1_317' title='bbox 539 2530 642 2586; x_wconf 77' lang='lat' dir='ltr'><strong>ﬁde</strong></span> <span class='ocrx_word' id='word_1_318' title='bbox 667 2531 819 2600; x_wconf 90' lang='lat' dir='ltr'><strong>prius</strong></span> <span class='ocrx_word' id='word_1_319' title='bbox 856 2547 962 2585; x_wconf 92' lang='lat' dir='ltr'><strong>non</strong></span> <span class='ocrx_word' id='word_1_320' title='bbox 1002 2531 1283 2593; x_wconf 79' lang='lat' dir='ltr'><strong>defecisse,</strong></span> <span class='ocrx_word' id='word_1_321' title='bbox 1306 2548 1466 2601; x_wconf 90' lang='lat' dir='ltr'><strong>quam</strong></span> <span class='ocrx_word' id='word_1_322' title='bbox 1499 2546 1745 2584; x_wconf 80' lang='lat' dir='ltr'><strong>commu-</strong></span> <span class='ocrx_word' id='word_1_323' title='bbox 1845 2548 1953 2587; x_wconf 91' lang='lat' dir='ltr'><strong>non</strong></span> <span class='ocrx_word' id='word_1_324' title='bbox 1978 2530 2201 2585; x_wconf 89' lang='lat' dir='ltr'><strong>multum</strong></span> <span class='ocrx_word' id='word_1_325' title='bbox 2240 2530 2470 2584; x_wconf 90' lang='lat' dir='ltr'><strong>decedet</strong></span> <span class='ocrx_word' id='word_1_326' title='bbox 2507 2530 2572 2585; x_wconf 91' lang='lat' dir='ltr'><strong>de</strong></span> <span class='ocrx_word' id='word_1_327' title='bbox 2611 2546 2821 2584; x_wconf 86' lang='lat' dir='ltr'><strong>summa</strong></span> <span class='ocrx_word' id='word_1_328' title='bbox 2851 2528 2974 2593; x_wconf 88' lang='grc'><strong>115,</strong></span> <span class='ocrx_word' id='word_1_329' title='bbox 3007 2536 3243 2599; x_wconf 88' lang='lat' dir='ltr'><strong>tuncque</strong></span> <span class='ocrx_word' id='word_1_330' title='bbox 3275 2527 3422 2582; x_wconf 74' lang='lat' dir='ltr'><strong>Mar—</strong></span> 
     </span>
    </p>
   </div>
   <div class='ocr_carea' id='block_1_26' title="bbox 170 2621 3427 2692">
    <p class='ocr_par' dir='ltr' id='par_1_26' title="bbox 170 2621 3427 2692">
     <span class='ocr_line' id='line_1_26' title="bbox 170 2621 3427 2692; baseline -0.001 -14"><span class='ocrx_word' id='word_1_331' title='bbox 170 2623 350 2678; x_wconf 84' lang='lat' dir='ltr'><strong>nionis</strong></span> <span class='ocrx_word' id='word_1_332' title='bbox 373 2638 470 2691; x_wconf 91' lang='lat' dir='ltr'><strong>spe</strong></span> <span class='ocrx_word' id='word_1_333' title='bbox 501 2624 747 2692; x_wconf 89' lang='lat' dir='ltr'><strong>dejectus</strong></span> <span class='ocrx_word' id='word_1_334' title='bbox 798 2622 1100 2678; x_wconf 89' lang='lat' dir='ltr'><strong>Cerdonem</strong></span> <span class='ocrx_word' id='word_1_335' title='bbox 1153 2622 1337 2677; x_wconf 79' lang='lat' dir='ltr'><strong>Romae</strong></span> <span class='ocrx_word' id='word_1_336' title='bbox 1383 2632 1437 2676; x_wconf 90' lang='lat' dir='ltr'><strong>et</strong></span> <span class='ocrx_word' id='word_1_337' title='bbox 1472 2623 1657 2675; x_wconf 80' lang='lat' dir='ltr'><strong>videre</strong></span> <span class='ocrx_word' id='word_1_338' title='bbox 1690 2633 1745 2677; x_wconf 89' lang='lat' dir='ltr'><strong>et</strong></span> <span class='ocrx_word' id='word_1_339' title='bbox 1844 2625 2054 2679; x_wconf 89' lang='lat' dir='ltr'><strong>cionem</strong></span> <span class='ocrx_word' id='word_1_340' title='bbox 2090 2622 2317 2675; x_wconf 87' lang='lat' dir='ltr'><strong>Romam</strong></span> <span class='ocrx_word' id='word_1_341' title='bbox 2363 2636 2483 2677; x_wconf 88' lang='lat' dir='ltr'><strong>esse</strong></span> <span class='ocrx_word' id='word_1_342' title='bbox 2514 2638 2794 2678; x_wconf 85' lang='lat' dir='ltr'><strong>reversum</strong></span> <span class='ocrx_word' id='word_1_343' title='bbox 2822 2661 2838 2687; x_wconf 94' lang='lat'><strong>,</strong></span> <span class='ocrx_word' id='word_1_344' title='bbox 2888 2632 2942 2676; x_wconf 93' lang='lat' dir='ltr'><strong>et</strong></span> <span class='ocrx_word' id='word_1_345' title='bbox 2983 2621 3185 2676; x_wconf 90' lang='lat' dir='ltr'><strong>bellum</strong></span> <span class='ocrx_word' id='word_1_346' title='bbox 3238 2629 3427 2689; x_wconf 82' lang='lat' dir='ltr'><strong>aperte</strong></span> 
     </span>
    </p>
   </div>
   <div class='ocr_carea' id='block_1_27' title="bbox 171 2711 3427 2785">
    <p class='ocr_par' dir='ltr' id='par_1_27' title="bbox 171 2711 3427 2785">
     <span class='ocr_line' id='line_1_27' title="bbox 171 2711 3427 2785; baseline -0.002 -15"><span class='ocrx_word' id='word_1_347' title='bbox 171 2716 361 2770; x_wconf 79' lang='lat' dir='ltr'><strong>audire</strong></span> <span class='ocrx_word' id='word_1_348' title='bbox 398 2716 660 2785; x_wconf 89' lang='lat' dir='ltr'><strong>potuerit.</strong></span> <span class='ocrx_word' id='word_1_349' title='bbox 697 2714 808 2771; x_wconf 78' lang='lat' dir='ltr'><strong>Nec</strong></span> <span class='ocrx_word' id='word_1_350' title='bbox 846 2716 1154 2785; x_wconf 83' lang='lat' dir='ltr'><strong>quempiam</strong></span> <span class='ocrx_word' id='word_1_351' title='bbox 1208 2716 1410 2769; x_wconf 88' lang='lat' dir='ltr'><strong>morari</strong></span> <span class='ocrx_word' id='word_1_352' title='bbox 1442 2715 1603 2769; x_wconf 89' lang='lat' dir='ltr'><strong>debet</strong></span> <span class='ocrx_word' id='word_1_353' title='bbox 1636 2729 1741 2768; x_wconf 88' lang='lat' dir='ltr'><strong>una</strong></span> <span class='ocrx_word' id='word_1_354' title='bbox 1845 2732 1967 2771; x_wconf 87' lang='lat' dir='ltr'><strong>cum</strong></span> <span class='ocrx_word' id='word_1_355' title='bbox 1992 2713 2235 2769; x_wconf 85' lang='lat' dir='ltr'><strong>Ecclesia</strong></span> <span class='ocrx_word' id='word_1_356' title='bbox 2288 2713 2529 2768; x_wconf 79' lang='lat' dir='ltr'><strong>Romana</strong></span> <span class='ocrx_word' id='word_1_357' title='bbox 2562 2730 2753 2772; x_wconf 69' lang='lat' dir='ltr'><strong>gerere</strong></span> <span class='ocrx_word' id='word_1_358' title='bbox 2799 2713 3053 2778; x_wconf 72' lang='lat' dir='ltr'><strong>cmpisse,</strong></span> <span class='ocrx_word' id='word_1_359' title='bbox 3088 2711 3224 2767; x_wconf 85' lang='lat' dir='ltr'><strong>nihil</strong></span> <span class='ocrx_word' id='word_1_360' title='bbox 3260 2726 3427 2781; x_wconf 88' lang='lat' dir='ltr'><strong>repu-</strong></span> 
     </span>
    </p>
   </div>
   <div class='ocr_carea' id='block_1_28' title="bbox 174 2806 1992 2879">
    <p class='ocr_par' dir='ltr' id='par_1_28' title="bbox 174 2806 1992 2879">
     <span class='ocr_line' id='line_1_28' title="bbox 174 2806 1992 2879; baseline -0.001 -16"><span class='ocrx_word' id='word_1_361' title='bbox 174 2808 449 2863; x_wconf 78' lang='lat' dir='ltr'><strong>Pbiiastrii</strong></span> <span class='ocrx_word' id='word_1_362' title='bbox 481 2809 527 2841; x_wconf 71' lang='lat'>“</span> <span class='ocrx_word' id='word_1_363' title='bbox 574 2810 904 2873; x_wconf 89' lang='lat' dir='ltr'><strong>auctoritas,</strong></span> <span class='ocrx_word' id='word_1_364' title='bbox 942 2810 1035 2878; x_wconf 91' lang='lat' dir='ltr'><strong>qui</strong></span> <span class='ocrx_word' id='word_1_365' title='bbox 1088 2808 1421 2864; x_wconf 82' lang='lat' dir='ltr'><strong>Marcionem</strong></span> <span class='ocrx_word' id='word_1_366' title='bbox 1463 2822 1492 2861; x_wconf 92' lang='lat' dir='ltr'><strong>a</strong></span> <span class='ocrx_word' id='word_1_367' title='bbox 1531 2806 1745 2862; x_wconf 77' lang='lat' dir='ltr'><strong>Joanne</strong></span> <span class='ocrx_word' id='word_1_368' title='bbox 1845 2820 1992 2879; x_wconf 87' lang='lat' dir='ltr'><strong>gnat.</strong></span> 
     </span>
    </p>
   </div>
   <div class='ocr_carea' id='block_1_29' title="bbox 172 2896 3423 2968">
    <p class='ocr_par' dir='ltr' id='par_1_29' title="bbox 172 2896 3423 2968">
     <span class='ocr_line' id='line_1_29' title="bbox 172 2896 3423 2968; baseline -0.001 -15"><span class='ocrx_word' id='word_1_369' title='bbox 172 2901 222 2953; x_wconf 87' lang='lat' dir='ltr'><strong>in</strong></span> <span class='ocrx_word' id='word_1_370' title='bbox 245 2901 372 2955; x_wconf 87' lang='lat' dir='ltr'><strong>Asia</strong></span> <span class='ocrx_word' id='word_1_371' title='bbox 426 2900 721 2962; x_wconf 88' lang='lat' dir='ltr'><strong>devictum,</strong></span> <span class='ocrx_word' id='word_1_372' title='bbox 774 2901 990 2968; x_wconf 88' lang='lat' dir='ltr'><strong>Epheso</strong></span> <span class='ocrx_word' id='word_1_373' title='bbox 1032 2900 1251 2968; x_wconf 85' lang='lat' dir='ltr'><strong>pulsum</strong></span> <span class='ocrx_word' id='word_1_374' title='bbox 1317 2914 1439 2954; x_wconf 88' lang='lat' dir='ltr'><strong>esse</strong></span> <span class='ocrx_word' id='word_1_375' title='bbox 1492 2900 1741 2954; x_wconf 85' lang='lat' dir='ltr'><strong>scribit:</strong></span> <span class='ocrx_word' id='word_1_376' title='bbox 1916 2903 2041 2957; x_wconf 77' lang='grc'><strong>157.</strong></span> <span class='ocrx_word' id='word_1_377' title='bbox 2092 2900 2165 2956; x_wconf 87' lang='lat' dir='ltr'><strong>Ut</strong></span> <span class='ocrx_word' id='word_1_378' title='bbox 2211 2908 2267 2954; x_wconf 89' lang='lat' dir='ltr'><strong>ut</strong></span> <span class='ocrx_word' id='word_1_379' title='bbox 2315 2901 2408 2966; x_wconf 91' lang='lat' dir='ltr'><strong>sit,</strong></span> <span class='ocrx_word' id='word_1_380' title='bbox 2441 2914 2510 2953; x_wconf 79' lang='lat' dir='ltr'><strong>ex</strong></span> <span class='ocrx_word' id='word_1_381' title='bbox 2544 2899 2810 2953; x_wconf 82' lang='lat' dir='ltr'><strong>hactenus</strong></span> <span class='ocrx_word' id='word_1_382' title='bbox 2862 2898 3023 2953; x_wconf 91' lang='lat' dir='ltr'><strong>dictis</strong></span> <span class='ocrx_word' id='word_1_383' title='bbox 3073 2896 3423 2966; x_wconf 84' lang='lat' dir='ltr'><strong>perspicuum</strong></span> 
     </span>
    </p>
   </div>
   <div class='ocr_carea' id='block_1_30' title="bbox 174 2988 3423 3060">
    <p class='ocr_par' dir='ltr' id='par_1_30' title="bbox 174 2988 3423 3060">
     <span class='ocr_line' id='line_1_30' title="bbox 174 2988 3423 3060; baseline -0.001 -15"><span class='ocrx_word' id='word_1_384' title='bbox 174 3002 276 3045; x_wconf 84' lang='lat' dir='ltr'><strong>tam</strong></span> <span class='ocrx_word' id='word_1_385' title='bbox 323 2992 637 3046; x_wconf 85' lang='lat' dir='ltr'><strong>immaniter</strong></span> <span class='ocrx_word' id='word_1_386' title='bbox 670 2993 853 3060; x_wconf 76' lang='lat' dir='ltr'><strong>lapsus</strong></span> <span class='ocrx_word' id='word_1_387' title='bbox 874 3002 986 3053; x_wconf 88' lang='lat' dir='ltr'><strong>est.</strong></span> <span class='ocrx_word' id='word_1_388' title='bbox 1029 3001 1086 3045; x_wconf 89' lang='lat' dir='ltr'><strong>ut</strong></span> <span class='ocrx_word' id='word_1_389' title='bbox 1125 2992 1281 3058; x_wconf 87' lang='lat' dir='ltr'><strong>hujus</strong></span> <span class='ocrx_word' id='word_1_390' title='bbox 1318 2995 1607 3047; x_wconf 64' lang='lat' dir='ltr'><strong>sententiae</strong></span> <span class='ocrx_word' id='word_1_391' title='bbox 1636 2992 1746 3046; x_wconf 65' lang='lat' dir='ltr'><strong>calo</strong></span> <span class='ocrx_word' id='word_1_392' title='bbox 1846 3006 1930 3053; x_wconf 82' lang='lat' dir='ltr'><strong>est</strong></span> <span class='ocrx_word' id='word_1_393' title='bbox 1962 2995 2072 3049; x_wconf 82' lang='lat' dir='ltr'><strong>falli</strong></span> <span class='ocrx_word' id='word_1_394' title='bbox 2105 3001 2386 3047; x_wconf 90' lang='lat' dir='ltr'><strong>auctorem</strong></span> <span class='ocrx_word' id='word_1_395' title='bbox 2438 2991 2709 3049; x_wconf 85' lang='lat' dir='ltr'><strong>Carminis</strong></span> <span class='ocrx_word' id='word_1_396' title='bbox 2739 3000 2934 3045; x_wconf 90' lang='lat' dir='ltr'><strong>contra</strong></span> <span class='ocrx_word' id='word_1_397' title='bbox 2985 2988 3317 3043; x_wconf 77' lang='lat' dir='ltr'><strong>Marcionem</strong></span> <span class='ocrx_word' id='word_1_398' title='bbox 3356 2988 3423 3053; x_wconf 79' lang='grc'><strong>⁸⁸,</strong></span> 
     </span>
    </p>
   </div>
   <div class='ocr_carea' id='block_1_31' title="bbox 163 3080 3424 3152">
    <p class='ocr_par' dir='ltr' id='par_1_31' title="bbox 163 3080 3424 3152">
     <span class='ocr_line' id='line_1_31' title="bbox 163 3080 3424 3152; baseline -0 -15"><span class='ocrx_word' id='word_1_399' title='bbox 163 3082 344 3137; x_wconf 87' lang='lat' dir='ltr'><strong>culum</strong></span> <span class='ocrx_word' id='word_1_400' title='bbox 379 3082 619 3151; x_wconf 88' lang='lat' dir='ltr'><strong>adjicere</strong></span> <span class='ocrx_word' id='word_1_401' title='bbox 660 3082 897 3139; x_wconf 89' lang='lat' dir='ltr'><strong>voluisse</strong></span> <span class='ocrx_word' id='word_1_402' title='bbox 926 3082 1204 3137; x_wconf 89' lang='lat' dir='ltr'><strong>Petavium</strong></span> <span class='ocrx_word' id='word_1_403' title='bbox 1250 3098 1358 3137; x_wconf 93' lang='lat' dir='ltr'><strong>non</strong></span> <span class='ocrx_word' id='word_1_404' title='bbox 1389 3091 1592 3152; x_wconf 89' lang='lat' dir='ltr'><strong>putem.</strong></span> <span class='ocrx_word' id='word_1_405' title='bbox 1622 3080 1739 3136; x_wconf 89' lang='lat' dir='ltr'><strong>Non</strong></span> <span class='ocrx_word' id='word_1_406' title='bbox 1848 3093 1975 3146; x_wconf 78' lang='lat' dir='ltr'><strong>dum</strong></span> <span class='ocrx_word' id='word_1_407' title='bbox 2030 3088 2229 3143; x_wconf 80' lang='lat' dir='ltr'><strong>asserit</strong></span> <span class='ocrx_word' id='word_1_408' title='bbox 2274 3086 2416 3139; x_wconf 73' lang='lat' dir='ltr'><strong>[tunc</strong></span> <span class='ocrx_word' id='word_1_409' title='bbox 2444 3084 2544 3139; x_wconf 89' lang='lat' dir='ltr'><strong>sub</strong></span> <span class='ocrx_word' id='word_1_410' title='bbox 2592 3083 2825 3136; x_wconf 84' lang='lat' dir='ltr'><strong>Aniceto</strong></span> <span class='ocrx_word' id='word_1_411' title='bbox 2877 3081 3138 3152; x_wconf 81' lang='lat' dir='ltr'><strong>pontiﬁce</strong></span> <span class='ocrx_word' id='word_1_412' title='bbox 3190 3081 3424 3135; x_wconf 85' lang='lat' dir='ltr'><strong>Romam</strong></span> 
     </span>
    </p>
   </div>
   <div class='ocr_carea' id='block_1_32' title="bbox 166 3172 3424 3257">
    <p class='ocr_par' dir='ltr' id='par_1_32' title="bbox 166 3172 3424 3257">
     <span class='ocr_line' id='line_1_32' title="bbox 166 3172 3424 3257; baseline 0 -31"><span class='ocrx_word' id='word_1_413' title='bbox 166 3174 418 3229; x_wconf 88' lang='lat' dir='ltr'><strong>morabor</strong></span> <span class='ocrx_word' id='word_1_414' title='bbox 455 3174 618 3229; x_wconf 92' lang='lat' dir='ltr'><strong>etiam</strong></span> <span class='ocrx_word' id='word_1_415' title='bbox 662 3174 994 3229; x_wconf 87' lang='lat' dir='ltr'><strong>Clementem</strong></span> <span class='ocrx_word' id='word_1_416' title='bbox 1030 3174 1456 3228; x_wconf 83' lang='lat' dir='ltr'><strong>Alexandrinum</strong></span> <span class='ocrx_word' id='word_1_417' title='bbox 1487 3176 1554 3242; x_wconf 78' lang='grc'><strong>’⁸,</strong></span> <span class='ocrx_word' id='word_1_418' title='bbox 1587 3175 1742 3244; x_wconf 87' lang='lat' dir='ltr'><strong>cujus</strong></span> <span class='ocrx_word' id='word_1_419' title='bbox 1772 3201 1813 3257; x_wconf 68' lang='grc' dir='ltr'>ρ</span> <span class='ocrx_word' id='word_1_420' title='bbox 1848 3185 2087 3253; x_wconf 79' lang='lat' dir='ltr'><strong>primum</strong></span> <span class='ocrx_word' id='word_1_421' title='bbox 2124 3180 2342 3236; x_wconf 76' lang='lat' dir='ltr'><strong>venisse</strong></span> <span class='ocrx_word' id='word_1_422' title='bbox 2371 3186 2426 3232; x_wconf 92' lang='lat' dir='ltr'><strong>et</strong></span> <span class='ocrx_word' id='word_1_423' title='bbox 2465 3177 2788 3231; x_wconf 86' lang='lat' dir='ltr'><strong>innotuisse.</strong></span> <span class='ocrx_word' id='word_1_424' title='bbox 2849 3174 3059 3254; x_wconf 77' lang='lat' dir='ltr'><strong>Dudum</strong></span> <span class='ocrx_word' id='word_1_425' title='bbox 3111 3184 3263 3229; x_wconf 89' lang='lat' dir='ltr'><strong>certe</strong></span> <span class='ocrx_word' id='word_1_426' title='bbox 3308 3172 3424 3241; x_wconf 84' lang='lat' dir='ltr'><strong>jam</strong></span> 
     </span>
    </p>
   </div>
   <div class='ocr_carea' id='block_1_33' title="bbox 173 3263 3422 3339">
    <p class='ocr_par' dir='ltr' id='par_1_33' title="bbox 173 3263 3422 3339">
     <span class='ocr_line' id='line_1_33' title="bbox 173 3263 3422 3339; baseline 0 -21"><span class='ocrx_word' id='word_1_427' title='bbox 173 3264 333 3319; x_wconf 78' lang='lat' dir='ltr'><strong>verba</strong></span> <span class='ocrx_word' id='word_1_428' title='bbox 375 3263 707 3319; x_wconf 80' lang='lat' dir='ltr'><strong>Marcionem</strong></span> <span class='ocrx_word' id='word_1_429' title='bbox 757 3278 860 3319; x_wconf 87' lang='lat' dir='ltr'><strong>non</strong></span> <span class='ocrx_word' id='word_1_430' title='bbox 908 3266 1068 3322; x_wconf 87' lang='lat' dir='ltr'><strong>modo</strong></span> <span class='ocrx_word' id='word_1_431' title='bbox 1123 3265 1390 3330; x_wconf 86' lang='lat' dir='ltr'><strong>Basilidi,</strong></span> <span class='ocrx_word' id='word_1_432' title='bbox 1433 3267 1524 3319; x_wconf 85' lang='lat' dir='ltr'><strong>sed</strong></span> <span class='ocrx_word' id='word_1_433' title='bbox 1577 3266 1741 3320; x_wconf 75' lang='lat' dir='ltr'><strong>etiam</strong></span> <span class='ocrx_word' id='word_1_434' title='bbox 1851 3276 2188 3332; x_wconf 88' lang='lat' dir='ltr'><strong>innotuerat,</strong></span> <span class='ocrx_word' id='word_1_435' title='bbox 2231 3270 2343 3339; x_wconf 90' lang='lat' dir='ltr'><strong>qui.</strong></span> <span class='ocrx_word' id='word_1_436' title='bbox 2387 3266 2593 3323; x_wconf 76' lang='lat' dir='ltr'><strong>lrenaeo</strong></span> <span class='ocrx_word' id='word_1_437' title='bbox 2640 3276 2780 3323; x_wconf 86' lang='lat' dir='ltr'><strong>teste</strong></span> <span class='ocrx_word' id='word_1_438' title='bbox 2804 3270 2869 3332; x_wconf 82' lang='lat'><strong>&quot;,</strong></span> <span class='ocrx_word' id='word_1_439' title='bbox 2924 3266 3023 3322; x_wconf 91' lang='lat' dir='ltr'><strong>sub</strong></span> <span class='ocrx_word' id='word_1_440' title='bbox 3058 3281 3125 3321; x_wconf 89' lang='lat' dir='ltr'><strong>eo</strong></span> <span class='ocrx_word' id='word_1_441' title='bbox 3161 3265 3422 3336; x_wconf 82' lang='lat' dir='ltr'><strong>pontiﬁce</strong></span> 
     </span>
    </p>
   </div>
   <div class='ocr_carea' id='block_1_34' title="bbox 173 3352 3419 3430">
    <p class='ocr_par' dir='ltr' id='par_1_34' title="bbox 173 3352 3419 3430">
     <span class='ocr_line' id='line_1_34' title="bbox 173 3352 3419 3430; baseline 0.001 -20"><span class='ocrx_word' id='word_1_442' title='bbox 173 3352 378 3411; x_wconf 87' lang='lat' dir='ltr'><strong>Simoni</strong></span> <span class='ocrx_word' id='word_1_443' title='bbox 438 3354 594 3426; x_wconf 75' lang='lat' dir='ltr'><strong>Mago</strong></span> <span class='ocrx_word' id='word_1_444' title='bbox 629 3366 788 3409; x_wconf 68' lang='lat' dir='ltr'><strong>aetate</strong></span> <span class='ocrx_word' id='word_1_445' title='bbox 842 3357 1123 3424; x_wconf 80' lang='lat' dir='ltr'><strong>praeivisse</strong></span> <span class='ocrx_word' id='word_1_446' title='bbox 1170 3373 1279 3424; x_wconf 66' lang='lat' dir='ltr'><strong>prce</strong></span> <span class='ocrx_word' id='word_1_447' title='bbox 1319 3372 1380 3412; x_wconf 89' lang='lat' dir='ltr'><strong>se</strong></span> <span class='ocrx_word' id='word_1_448' title='bbox 1429 3357 1632 3414; x_wconf 81' lang='lat' dir='ltr'><strong>ferunt.</strong></span> <span class='ocrx_word' id='word_1_449' title='bbox 1687 3358 1743 3413; x_wconf 82' lang='lat' dir='ltr'><strong>In</strong></span> <span class='ocrx_word' id='word_1_450' title='bbox 1847 3364 2095 3430; x_wconf 78' lang='lat' dir='ltr'><strong>invaluit,</strong></span> <span class='ocrx_word' id='word_1_451' title='bbox 2144 3363 2195 3417; x_wconf 90' lang='lat' dir='ltr'><strong>id</strong></span> <span class='ocrx_word' id='word_1_452' title='bbox 2229 3371 2311 3416; x_wconf 90' lang='lat' dir='ltr'><strong>est</strong></span> <span class='ocrx_word' id='word_1_453' title='bbox 2357 3374 2628 3414; x_wconf 92' lang='lat' dir='ltr'><strong>summum</strong></span> <span class='ocrx_word' id='word_1_454' title='bbox 2678 3360 2937 3429; x_wconf 70' lang='lat' dir='ltr'><strong>nequitiae</strong></span> <span class='ocrx_word' id='word_1_455' title='bbox 2975 3359 3235 3414; x_wconf 87' lang='lat' dir='ltr'><strong>verticem</strong></span> <span class='ocrx_word' id='word_1_456' title='bbox 3285 3358 3419 3412; x_wconf 83' lang='lat' dir='ltr'><strong>ade-</strong></span> 
     </span>
    </p>
   </div>
   <div class='ocr_carea' id='block_1_35' title="bbox 172 3444 3426 3529">
    <p class='ocr_par' dir='ltr' id='par_1_35' title="bbox 172 3444 3426 3529">
     <span class='ocr_line' id='line_1_35' title="bbox 172 3444 3426 3529; baseline -0.002 -28"><span class='ocrx_word' id='word_1_457' title='bbox 172 3444 283 3501; x_wconf 64' lang='lat' dir='ltr'><strong>hmc</strong></span> <span class='ocrx_word' id='word_1_458' title='bbox 308 3448 533 3517; x_wconf 88' lang='lat' dir='ltr'><strong>quidem</strong></span> <span class='ocrx_word' id='word_1_459' title='bbox 563 3449 883 3516; x_wconf 67' lang='lat' dir='ltr'><strong>esplicanda</strong></span> <span class='ocrx_word' id='word_1_460' title='bbox 912 3450 1179 3503; x_wconf 85' lang='lat' dir='ltr'><strong>desudant</strong></span> <span class='ocrx_word' id='word_1_461' title='bbox 1201 3450 1400 3505; x_wconf 91' lang='lat' dir='ltr'><strong>eruditi</strong></span> <span class='ocrx_word' id='word_1_462' title='bbox 1429 3492 1445 3516; x_wconf 94' lang='lat'><strong>,</strong></span> <span class='ocrx_word' id='word_1_463' title='bbox 1489 3452 1583 3505; x_wconf 88' lang='lat' dir='ltr'><strong>sed</strong></span> <span class='ocrx_word' id='word_1_464' title='bbox 1632 3450 1749 3505; x_wconf 82' lang='lat' dir='ltr'><strong>fru-</strong></span> <span class='ocrx_word' id='word_1_465' title='bbox 1848 3468 1976 3529; x_wconf 67' lang='lat' dir='ltr'><strong>plus</strong></span> <span class='ocrx_word' id='word_1_466' title='bbox 2007 3468 2113 3511; x_wconf 82' lang='lat' dir='ltr'><strong>est.</strong></span> <span class='ocrx_word' id='word_1_467' title='bbox 2156 3455 2323 3522; x_wconf 83' lang='lat' dir='ltr'><strong>quue</strong></span> <span class='ocrx_word' id='word_1_468' title='bbox 2368 3455 2575 3524; x_wconf 87' lang='lat' dir='ltr'><strong>liquido</strong></span> <span class='ocrx_word' id='word_1_469' title='bbox 2610 3454 2810 3524; x_wconf 90' lang='lat' dir='ltr'><strong>probat</strong></span> <span class='ocrx_word' id='word_1_470' title='bbox 2866 3454 2915 3508; x_wconf 91' lang='lat' dir='ltr'><strong>id</strong></span> <span class='ocrx_word' id='word_1_471' title='bbox 2956 3454 3101 3522; x_wconf 86' lang='lat' dir='ltr'><strong>quod</strong></span> <span class='ocrx_word' id='word_1_472' title='bbox 3134 3452 3279 3507; x_wconf 83' lang='lat' dir='ltr'><strong>idem</strong></span> <span class='ocrx_word' id='word_1_473' title='bbox 3311 3450 3426 3505; x_wconf 72' lang='grc' dir='ltr'><strong>ιτε-</strong></span> 
     </span>
    </p>
   </div>
   <div class='ocr_carea' id='block_1_36' title="bbox 166 3540 3424 3615">
    <p class='ocr_par' dir='ltr' id='par_1_36' title="bbox 166 3540 3424 3615">
     <span class='ocr_line' id='line_1_36' title="bbox 166 3540 3424 3615; baseline 0 -20"><span class='ocrx_word' id='word_1_474' title='bbox 166 3548 277 3595; x_wconf 71' lang='lat' dir='ltr'><strong>stra</strong></span> <span class='ocrx_word' id='word_1_475' title='bbox 307 3560 322 3595; x_wconf 83' lang='lat'><strong>:</strong></span> <span class='ocrx_word' id='word_1_476' title='bbox 355 3557 488 3595; x_wconf 91' lang='lat' dir='ltr'><strong>mss.</strong></span> <span class='ocrx_word' id='word_1_477' title='bbox 524 3540 772 3596; x_wconf 90' lang='lat' dir='ltr'><strong>codicum</strong></span> <span class='ocrx_word' id='word_1_478' title='bbox 822 3556 923 3611; x_wconf 89' lang='lat' dir='ltr'><strong>ope</strong></span> <span class='ocrx_word' id='word_1_479' title='bbox 964 3544 1208 3595; x_wconf 84' lang='lat' dir='ltr'><strong>sananda</strong></span> <span class='ocrx_word' id='word_1_480' title='bbox 1261 3551 1409 3607; x_wconf 89' lang='lat' dir='ltr'><strong>sunt,</strong></span> <span class='ocrx_word' id='word_1_481' title='bbox 1441 3558 1544 3596; x_wconf 93' lang='lat' dir='ltr'><strong>non</strong></span> <span class='ocrx_word' id='word_1_482' title='bbox 1568 3544 1746 3611; x_wconf 82' lang='lat' dir='ltr'><strong>cxpli-</strong></span> <span class='ocrx_word' id='word_1_483' title='bbox 1849 3564 1996 3603; x_wconf 70' lang='lat' dir='ltr'><strong>ntaus</strong></span> <span class='ocrx_word' id='word_1_484' title='bbox 2019 3548 2181 3602; x_wconf 80' lang='lat' dir='ltr'><strong>refert</strong></span> <span class='ocrx_word' id='word_1_485' title='bbox 2204 3549 2267 3611; x_wconf 83' lang='lat'><strong>&quot;,</strong></span> <span class='ocrx_word' id='word_1_486' title='bbox 2294 3546 2698 3602; x_wconf 88' lang='lat' dir='ltr'><strong>sanctissimum</strong></span> <span class='ocrx_word' id='word_1_487' title='bbox 2718 3557 3015 3615; x_wconf 83' lang='lat' dir='ltr'><strong>martyrem</strong></span> <span class='ocrx_word' id='word_1_488' title='bbox 3042 3542 3424 3613; x_wconf 83' lang='lat' dir='ltr'><strong>Polycarpum,</strong></span> 
     </span>
    </p>
   </div>
   <div class='ocr_carea' id='block_1_37' title="bbox 172 3634 3425 3709">
    <p class='ocr_par' dir='ltr' id='par_1_37' title="bbox 172 3634 3425 3709">
     <span class='ocr_line' id='line_1_37' title="bbox 172 3634 3425 3709; baseline -0.001 -18"><span class='ocrx_word' id='word_1_489' title='bbox 172 3636 361 3691; x_wconf 70' lang='lat' dir='ltr'><strong>cauda.</strong></span> <span class='ocrx_word' id='word_1_490' title='bbox 416 3634 567 3689; x_wconf 81' lang='lat' dir='ltr'><strong>Unus</strong></span> <span class='ocrx_word' id='word_1_491' title='bbox 597 3635 842 3689; x_wconf 77' lang='lat' dir='ltr'><strong>Justinus</strong></span> <span class='ocrx_word' id='word_1_492' title='bbox 881 3644 1098 3705; x_wconf 79' lang='lat' dir='ltr'><strong>martyr</strong></span> <span class='ocrx_word' id='word_1_493' title='bbox 1123 3635 1548 3689; x_wconf 90' lang='lat' dir='ltr'><strong>eruditissimum</strong></span> <span class='ocrx_word' id='word_1_494' title='bbox 1590 3635 1748 3692; x_wconf 82' lang='lat' dir='ltr'><strong>Peta-</strong></span> <span class='ocrx_word' id='word_1_495' title='bbox 1849 3640 2034 3695; x_wconf 67' lang='lat' dir='ltr'><strong>Romae</strong></span> <span class='ocrx_word' id='word_1_496' title='bbox 2068 3651 2179 3695; x_wconf 89' lang='lat' dir='ltr'><strong>tum</strong></span> <span class='ocrx_word' id='word_1_497' title='bbox 2224 3640 2509 3709; x_wconf 88' lang='lat' dir='ltr'><strong>degentem</strong></span> <span class='ocrx_word' id='word_1_498' title='bbox 2541 3657 2554 3692; x_wconf 90' lang='lat'><strong>:</strong></span> <span class='ocrx_word' id='word_1_499' title='bbox 2591 3635 2852 3691; x_wconf 75' lang='lat' dir='ltr'><strong>Marciani</strong></span> <span class='ocrx_word' id='word_1_500' title='bbox 2898 3637 3195 3689; x_wconf 84' lang='lat' dir='ltr'><strong>occurrenti</strong></span> <span class='ocrx_word' id='word_1_501' title='bbox 3222 3635 3344 3693; x_wconf 89' lang='lat' dir='ltr'><strong>sibi.</strong></span> <span class='ocrx_word' id='word_1_502' title='bbox 3376 3645 3425 3688; x_wconf 86' lang='lat' dir='ltr'><strong>et</strong></span> 
     </span>
    </p>
   </div>
   <div class='ocr_carea' id='block_1_38' title="bbox 174 3726 3426 3802">
    <p class='ocr_par' dir='ltr' id='par_1_38' title="bbox 174 3726 3426 3802">
     <span class='ocr_line' id='line_1_38' title="bbox 174 3726 3426 3802; baseline 0.002 -26"><span class='ocrx_word' id='word_1_503' title='bbox 174 3726 309 3779; x_wconf 80' lang='lat' dir='ltr'><strong>vium</strong></span> <span class='ocrx_word' id='word_1_504' title='bbox 336 3726 390 3779; x_wconf 92' lang='lat' dir='ltr'><strong>in</strong></span> <span class='ocrx_word' id='word_1_505' title='bbox 415 3741 511 3781; x_wconf 88' lang='lat' dir='ltr'><strong>eas</strong></span> <span class='ocrx_word' id='word_1_506' title='bbox 541 3727 799 3795; x_wconf 86' lang='lat' dir='ltr'><strong>ambages</strong></span> <span class='ocrx_word' id='word_1_507' title='bbox 838 3726 1073 3794; x_wconf 84' lang='lat' dir='ltr'><strong>conjecit</strong></span> <span class='ocrx_word' id='word_1_508' title='bbox 1103 3742 1118 3780; x_wconf 91' lang='lat'><strong>:</strong></span> <span class='ocrx_word' id='word_1_509' title='bbox 1145 3726 1279 3781; x_wconf 86' lang='lat' dir='ltr'><strong>alios</strong></span> <span class='ocrx_word' id='word_1_510' title='bbox 1326 3728 1545 3783; x_wconf 85' lang='lat' dir='ltr'><strong>Petavio</strong></span> <span class='ocrx_word' id='word_1_511' title='bbox 1570 3730 1748 3785; x_wconf 85' lang='lat' dir='ltr'><strong>minus</strong></span> <span class='ocrx_word' id='word_1_512' title='bbox 1849 3734 2049 3788; x_wconf 82' lang='lat' dir='ltr'><strong>dicenti</strong></span> <span class='ocrx_word' id='word_1_513' title='bbox 2080 3748 2098 3786; x_wconf 92' lang='lat'><strong><em>:</em></strong></span> <span class='ocrx_word' id='word_1_514' title='bbox 2125 3732 2413 3802; x_wconf 87' lang='lat' dir='ltr'><strong>Cognoscis</strong></span> <span class='ocrx_word' id='word_1_515' title='bbox 2450 3735 2592 3785; x_wconf 72' lang='lat' dir='ltr'><strong>nos?</strong></span> <span class='ocrx_word' id='word_1_516' title='bbox 2631 3729 2961 3798; x_wconf 73' lang='lat' dir='ltr'><strong>respondisse</strong></span> <span class='ocrx_word' id='word_1_517' title='bbox 2999 3744 3018 3782; x_wconf 90' lang='lat'><strong><em>:</em></strong></span> <span class='ocrx_word' id='word_1_518' title='bbox 3056 3727 3325 3797; x_wconf 81' lang='lat' dir='ltr'><strong>Cognosce</strong></span> <span class='ocrx_word' id='word_1_519' title='bbox 3373 3736 3426 3783; x_wconf 83' lang='lat' dir='ltr'><strong>ts</strong></span> 
     </span>
    </p>
   </div>
   <div class='ocr_carea' id='block_1_39' title="bbox 171 3814 1822 3899">
    <p class='ocr_par' dir='ltr' id='par_1_39' title="bbox 171 3814 1745 3890">
     <span class='ocr_line' id='line_1_39' title="bbox 171 3814 1745 3890; baseline 0.002 -21"><span class='ocrx_word' id='word_1_520' title='bbox 171 3816 369 3883; x_wconf 88' lang='lat' dir='ltr'><strong>peritos</strong></span> <span class='ocrx_word' id='word_1_521' title='bbox 416 3814 695 3885; x_wconf 87' lang='lat' dir='ltr'><strong>conjicere</strong></span> <span class='ocrx_word' id='word_1_522' title='bbox 751 3827 953 3885; x_wconf 87' lang='lat' dir='ltr'><strong>patest.</strong></span> <span class='ocrx_word' id='word_1_523' title='bbox 1040 3818 1136 3874; x_wconf 84' lang='lat' dir='ltr'><strong>Ille</strong></span> <span class='ocrx_word' id='word_1_524' title='bbox 1182 3818 1326 3871; x_wconf 90' lang='lat' dir='ltr'><strong>enim</strong></span> <span class='ocrx_word' id='word_1_525' title='bbox 1384 3818 1436 3872; x_wconf 93' lang='lat' dir='ltr'><strong>in</strong></span> <span class='ocrx_word' id='word_1_526' title='bbox 1489 3818 1745 3890; x_wconf 85' lang='lat' dir='ltr'><strong>Apologia</strong></span> 
     </span>
    </p>
   </div>
   <div class='ocr_carea' id='block_1_40' title="bbox 1776 3814 3427 3899">
    <p class='ocr_par' dir='ltr' id='par_1_40' title="bbox 1847 3824 3427 3899">
     <span class='ocr_line' id='line_1_40' title="bbox 1847 3824 3427 3899; baseline -0.001 -19"><span class='ocrx_word' id='word_1_527' title='bbox 1847 3828 2251 3899; x_wconf 83' lang='lat' dir='ltr'><strong>primogenitum</strong></span> <span class='ocrx_word' id='word_1_528' title='bbox 2298 3826 2557 3889; x_wconf 68' lang='lat' dir='ltr'><strong>Salone;</strong></span> <span class='ocrx_word' id='word_1_529' title='bbox 2592 3825 2887 3895; x_wconf 83' lang='lat' dir='ltr'><strong>multosque</strong></span> <span class='ocrx_word' id='word_1_530' title='bbox 2912 3824 3270 3879; x_wconf 76' lang='lat' dir='ltr'><strong>Marcionitas</strong></span> <span class='ocrx_word' id='word_1_531' title='bbox 3299 3839 3427 3889; x_wconf 81' lang='lat' dir='ltr'><strong>con-</strong></span> 
     </span>
    </p>
   </div>
   <div class='ocr_carea' id='block_1_41' title="bbox 172 3907 3427 3986">
    <p class='ocr_par' dir='ltr' id='par_1_41' title="bbox 172 3907 3427 3986">
     <span class='ocr_line' id='line_1_41' title="bbox 172 3907 3427 3986; baseline 0.002 -25"><span class='ocrx_word' id='word_1_532' title='bbox 172 3910 333 3976; x_wconf 90' lang='lat' dir='ltr'><strong>priori</strong></span> <span class='ocrx_word' id='word_1_533' title='bbox 361 3907 568 3963; x_wconf 87' lang='lat' dir='ltr'><strong>nedum</strong></span> <span class='ocrx_word' id='word_1_534' title='bbox 598 3907 891 3963; x_wconf 79' lang='lat' dir='ltr'><strong>Marcionis</strong></span> <span class='ocrx_word' id='word_1_535' title='bbox 924 3910 1192 3977; x_wconf 89' lang='lat' dir='ltr'><strong>meminit,</strong></span> <span class='ocrx_word' id='word_1_536' title='bbox 1226 3909 1317 3964; x_wconf 85' lang='lat' dir='ltr'><strong>sed</strong></span> <span class='ocrx_word' id='word_1_537' title='bbox 1343 3921 1396 3964; x_wconf 89' lang='lat' dir='ltr'><strong>et</strong></span> <span class='ocrx_word' id='word_1_538' title='bbox 1419 3908 1541 3976; x_wconf 89' lang='lat' dir='ltr'><strong>ejus</strong></span> <span class='ocrx_word' id='word_1_539' title='bbox 1576 3910 1747 3963; x_wconf 70' lang='lat' dir='ltr'><strong>haere-</strong></span> <span class='ocrx_word' id='word_1_540' title='bbox 1848 3921 2065 3975; x_wconf 59' lang='lat' dir='ltr'><strong>unus“</strong></span> <span class='ocrx_word' id='word_1_541' title='bbox 2112 3920 2166 3973; x_wconf 75' lang='lat' dir='ltr'><strong>in</strong></span> <span class='ocrx_word' id='word_1_542' title='bbox 2213 3918 2507 3971; x_wconf 68' lang='lat' dir='ltr'><strong>Ecclesium</strong></span> <span class='ocrx_word' id='word_1_543' title='bbox 2543 3916 2656 3971; x_wconf 76' lang='lat' dir='ltr'><strong>Dei.</strong></span> <span class='ocrx_word' id='word_1_544' title='bbox 2690 3915 2765 3971; x_wconf 77' lang='lat' dir='ltr'><strong>Ex</strong></span> <span class='ocrx_word' id='word_1_545' title='bbox 2826 3918 2945 3986; x_wconf 81' lang='lat' dir='ltr'><strong>ipso</strong></span> <span class='ocrx_word' id='word_1_546' title='bbox 2992 3929 3176 3971; x_wconf 85' lang='lat' dir='ltr'><strong>autem</strong></span> <span class='ocrx_word' id='word_1_547' title='bbox 3220 3915 3427 3971; x_wconf 74' lang='lat' dir='ltr'><strong>Irenaeo</strong></span> 
     </span>
    </p>
   </div>
   <div class='ocr_carea' id='block_1_42' title="bbox 168 4000 1819 4079">
    <p class='ocr_par' dir='ltr' id='par_1_42' title="bbox 168 4000 1742 4071">
     <span class='ocr_line' id='line_1_42' title="bbox 168 4000 1742 4071; baseline 0.001 -17"><span class='ocrx_word' id='word_1_548' title='bbox 168 4000 394 4069; x_wconf 85' lang='lat' dir='ltr'><strong>simjam</strong></span> <span class='ocrx_word' id='word_1_549' title='bbox 429 4001 587 4070; x_wconf 82' lang='lat' dir='ltr'><strong>longe</strong></span> <span class='ocrx_word' id='word_1_550' title='bbox 612 4000 833 4069; x_wconf 90' lang='lat' dir='ltr'><strong>lateque</strong></span> <span class='ocrx_word' id='word_1_551' title='bbox 888 4010 1243 4071; x_wconf 84' lang='lat' dir='ltr'><strong>propagatam</strong></span> <span class='ocrx_word' id='word_1_552' title='bbox 1296 4016 1418 4056; x_wconf 88' lang='lat' dir='ltr'><strong>esse</strong></span> <span class='ocrx_word' id='word_1_553' title='bbox 1464 4002 1742 4070; x_wconf 83' lang='lat' dir='ltr'><strong>supponit.</strong></span> 
     </span>
    </p>
   </div>
   <div class='ocr_carea' id='block_1_43' title="bbox 1777 4000 3428 4079">
    <p class='ocr_par' dir='ltr' id='par_1_43' title="bbox 1848 4008 3428 4079">
     <span class='ocr_line' id='line_1_43' title="bbox 1848 4008 3428 4079; baseline -0.003 -12"><span class='ocrx_word' id='word_1_554' title='bbox 1848 4022 2057 4067; x_wconf 90' lang='lat' dir='ltr'><strong>certum</strong></span> <span class='ocrx_word' id='word_1_555' title='bbox 2104 4015 2206 4074; x_wconf 82' lang='lat' dir='ltr'><strong>es‘t,</strong></span> <span class='ocrx_word' id='word_1_556' title='bbox 2261 4010 2623 4079; x_wconf 89' lang='lat' dir='ltr'><strong>Polycarpum</strong></span> <span class='ocrx_word' id='word_1_557' title='bbox 2658 4010 2711 4063; x_wconf 92' lang='lat' dir='ltr'><strong>in</strong></span> <span class='ocrx_word' id='word_1_558' title='bbox 2736 4010 2935 4065; x_wconf 89' lang='lat' dir='ltr'><strong>Urbem</strong></span> <span class='ocrx_word' id='word_1_559' title='bbox 2982 4024 3089 4062; x_wconf 94' lang='lat' dir='ltr'><strong>non</strong></span> <span class='ocrx_word' id='word_1_560' title='bbox 3136 4008 3428 4063; x_wconf 82' lang='lat' dir='ltr'><strong>advenisse</strong></span> 
     </span>
    </p>
   </div>
   <div class='ocr_carea' id='block_1_44' title="bbox 172 4092 3426 4169">
    <p class='ocr_par' dir='ltr' id='par_1_44' title="bbox 172 4092 3426 4169">
     <span class='ocr_line' id='line_1_44' title="bbox 172 4092 3426 4169; baseline 0.001 -17"><span class='ocrx_word' id='word_1_561' title='bbox 172 4094 238 4147; x_wconf 79' lang='lat' dir='ltr'><strong>At</strong></span> <span class='ocrx_word' id='word_1_562' title='bbox 292 4110 398 4148; x_wconf 88' lang='lat' dir='ltr'><strong>non</strong></span> <span class='ocrx_word' id='word_1_563' title='bbox 446 4094 582 4147; x_wconf 83' lang='lat' dir='ltr'><strong>adeo</strong></span> <span class='ocrx_word' id='word_1_564' title='bbox 637 4094 855 4162; x_wconf 80' lang='lat' dir='ltr'><strong>premit.</strong></span> <span class='ocrx_word' id='word_1_565' title='bbox 892 4092 1003 4149; x_wconf 87' lang='lat' dir='ltr'><strong>imo</strong></span> <span class='ocrx_word' id='word_1_566' title='bbox 1063 4096 1279 4162; x_wconf 79' lang='lat' dir='ltr'><strong>penitus</strong></span> <span class='ocrx_word' id='word_1_567' title='bbox 1337 4095 1619 4148; x_wconf 71' lang='lat' dir='ltr'><strong>evanescit</strong></span> <span class='ocrx_word' id='word_1_568' title='bbox 1682 4110 1744 4149; x_wconf 82' lang='lat' dir='ltr'><strong>ea</strong></span> <span class='ocrx_word' id='word_1_569' title='bbox 1851 4105 1953 4159; x_wconf 89' lang='lat' dir='ltr'><strong>nisi</strong></span> <span class='ocrx_word' id='word_1_570' title='bbox 1984 4107 2084 4159; x_wconf 87' lang='lat' dir='ltr'><strong>sub</strong></span> <span class='ocrx_word' id='word_1_571' title='bbox 2122 4104 2380 4159; x_wconf 83' lang='lat' dir='ltr'><strong>Aniceto.</strong></span> <span class='ocrx_word' id='word_1_572' title='bbox 2418 4102 2648 4156; x_wconf 84' lang='lat' dir='ltr'><strong>Fallitur</strong></span> <span class='ocrx_word' id='word_1_573' title='bbox 2674 4102 2902 4169; x_wconf 83' lang='lat' dir='ltr'><strong>proinde</strong></span> <span class='ocrx_word' id='word_1_574' title='bbox 2945 4110 2999 4155; x_wconf 90' lang='lat' dir='ltr'><strong>et</strong></span> <span class='ocrx_word' id='word_1_575' title='bbox 3045 4099 3426 4156; x_wconf 79' lang='lat' dir='ltr'><strong>Tertuliianus</strong></span> 
     </span>
    </p>
   </div>
   <div class='ocr_carea' id='block_1_45' title="bbox 172 4184 3430 4265">
    <p class='ocr_par' dir='ltr' id='par_1_45' title="bbox 172 4184 3430 4265">
     <span class='ocr_line' id='line_1_45' title="bbox 172 4184 3430 4265; baseline 0 -25"><span class='ocrx_word' id='word_1_576' title='bbox 172 4184 473 4253; x_wconf 81' lang='lat' dir='ltr'><strong>diﬂicultas,</strong></span> <span class='ocrx_word' id='word_1_577' title='bbox 535 4186 580 4241; x_wconf 86' lang='lat' dir='ltr'><strong>si</strong></span> <span class='ocrx_word' id='word_1_578' title='bbox 628 4186 869 4240; x_wconf 85' lang='lat' dir='ltr'><strong>dicamus</strong></span> <span class='ocrx_word' id='word_1_579' title='bbox 895 4227 909 4253; x_wconf 83' lang='lat'><strong>,</strong></span> <span class='ocrx_word' id='word_1_580' title='bbox 950 4186 1092 4255; x_wconf 83' lang='lat' dir='ltr'><strong>quod</strong></span> <span class='ocrx_word' id='word_1_581' title='bbox 1124 4186 1189 4240; x_wconf 89' lang='lat' dir='ltr'><strong>de</strong></span> <span class='ocrx_word' id='word_1_582' title='bbox 1248 4185 1537 4241; x_wconf 73' lang='lat' dir='ltr'><strong>Valentino</strong></span> <span class='ocrx_word' id='word_1_583' title='bbox 1582 4187 1747 4241; x_wconf 88' lang='lat' dir='ltr'><strong>disse-</strong></span> <span class='ocrx_word' id='word_1_584' title='bbox 1850 4197 2096 4252; x_wconf 64' lang='lat' dir='ltr'><strong>gcrjbens</strong></span> <span class='ocrx_word' id='word_1_585' title='bbox 2132 4198 2199 4262; x_wconf 68' lang='grc' dir='ltr'><strong>εί,</strong></span> <span class='ocrx_word' id='word_1_586' title='bbox 2238 4195 2582 4251; x_wconf 74' lang='lat' dir='ltr'><strong>Valentinum</strong></span> <span class='ocrx_word' id='word_1_587' title='bbox 2616 4203 2669 4249; x_wconf 78' lang='lat' dir='ltr'><strong>et,</strong></span> <span class='ocrx_word' id='word_1_588' title='bbox 2698 4195 3053 4260; x_wconf 68' lang='lat' dir='ltr'><strong>Marcionem,</strong></span> <span class='ocrx_word' id='word_1_589' title='bbox 3087 4210 3251 4265; x_wconf 69' lang='lat' dir='ltr'><strong>neque</strong></span> <span class='ocrx_word' id='word_1_590' title='bbox 3290 4196 3430 4249; x_wconf 78' lang='lat' dir='ltr'><strong>adeo</strong></span> 
     </span>
    </p>
   </div>
   <div class='ocr_carea' id='block_1_46' title="bbox 176 4275 3427 4359">
    <p class='ocr_par' dir='ltr' id='par_1_46' title="bbox 176 4275 3427 4359">
     <span class='ocr_line' id='line_1_46' title="bbox 176 4275 3427 4359; baseline -0.001 -13"><span class='ocrx_word' id='word_1_591' title='bbox 176 4287 353 4331; x_wconf 63' lang='lat' dir='ltr'><strong>remes</strong></span> <span class='ocrx_word' id='word_1_592' title='bbox 385 4277 621 4346; x_wconf 71' lang='grc' dir='ltr'><strong>ιποδπθ</strong></span> <span class='ocrx_word' id='word_1_593' title='bbox 646 4278 825 4330; x_wconf 64' lang='lat' dir='ltr'><strong>com“</strong></span> <span class='ocrx_word' id='word_1_594' title='bbox 865 4292 1071 4339; x_wconf 52' lang='lat' dir='ltr'><strong>sumus.</strong></span> <span class='ocrx_word' id='word_1_595' title='bbox 1097 4277 1359 4345; x_wconf 58' lang='lat' dir='ltr'><strong>scriptam</strong></span> <span class='ocrx_word' id='word_1_596' title='bbox 1396 4279 1537 4332; x_wconf 73' lang='grc' dir='ltr'><strong>¹¹²¹¹ε</strong></span> <span class='ocrx_word' id='word_1_597' title='bbox 1596 4275 1742 4344; x_wconf 73' lang='lat' dir='ltr'><strong>APO‘</strong></span> <span class='ocrx_word' id='word_1_598' title='bbox 1848 4290 1972 4343; x_wconf 86' lang='lat' dir='ltr'><strong>olim</strong></span> <span class='ocrx_word' id='word_1_599' title='bbox 2004 4290 2186 4359; x_wconf 76' lang='lat' dir='ltr'><strong>fuisse,</strong></span> <span class='ocrx_word' id='word_1_600' title='bbox 2219 4289 2597 4356; x_wconf 75' lang='lat' dir='ltr'><strong>Antoninifere</strong></span> <span class='ocrx_word' id='word_1_601' title='bbox 2617 4290 2941 4357; x_wconf 76' lang='lat' dir='ltr'><strong>principatu,</strong></span> <span class='ocrx_word' id='word_1_602' title='bbox 2967 4290 3086 4342; x_wconf 87' lang='lat' dir='ltr'><strong>etin</strong></span> <span class='ocrx_word' id='word_1_603' title='bbox 3108 4288 3427 4343; x_wconf 80' lang='lat' dir='ltr'><strong>catholicam</strong></span> 
     </span>
    </p>
   </div>
   <div class='ocr_carea' id='block_1_47' title="bbox 176 4364 1827 4453">
    <p class='ocr_par' dir='ltr' id='par_1_47' title="bbox 176 4364 1741 4440">
     <span class='ocr_line' id='line_1_47' title="bbox 176 4364 1741 4440; baseline 0.003 -19"><span class='ocrx_word' id='word_1_604' title='bbox 176 4370 361 4440; x_wconf 83' lang='lat' dir='ltr'><strong>logiam</strong></span> <span class='ocrx_word' id='word_1_605' title='bbox 395 4371 565 4426; x_wconf 83' lang='lat' dir='ltr'><strong>fuisse</strong></span> <span class='ocrx_word' id='word_1_606' title='bbox 593 4371 814 4426; x_wconf 90' lang='lat' dir='ltr'><strong>circiter</strong></span> <span class='ocrx_word' id='word_1_607' title='bbox 853 4364 1054 4425; x_wconf 88' lang='lat' dir='ltr'><strong>annum</strong></span> <span class='ocrx_word' id='word_1_608' title='bbox 1091 4368 1357 4440; x_wconf 66' lang='lat' dir='ltr'><strong>reparata:</strong></span> <span class='ocrx_word' id='word_1_609' title='bbox 1401 4370 1594 4425; x_wconf 87' lang='lat' dir='ltr'><strong>salutis</strong></span> <span class='ocrx_word' id='word_1_610' title='bbox 1620 4371 1741 4434; x_wconf 68' lang='grc'><strong>145,</strong></span> 
     </span>
    </p>
   </div>
   <div class='ocr_carea' id='block_1_48' title="bbox 1776 4364 3427 4453">
    <p class='ocr_par' dir='ltr' id='par_1_48' title="bbox 1847 4378 3427 4453">
     <span class='ocr_line' id='line_1_48' title="bbox 1847 4378 3427 4453; baseline -0.003 -16"><span class='ocrx_word' id='word_1_611' title='bbox 1847 4384 2020 4453; x_wconf 88' lang='lat' dir='ltr'><strong>primo</strong></span> <span class='ocrx_word' id='word_1_612' title='bbox 2050 4385 2344 4437; x_wconf 81' lang='lat' dir='ltr'><strong>doctrinam</strong></span> <span class='ocrx_word' id='word_1_613' title='bbox 2376 4384 2664 4437; x_wconf 85' lang='lat' dir='ltr'><strong>credidisse</strong></span> <span class='ocrx_word' id='word_1_614' title='bbox 2700 4384 2842 4449; x_wconf 87' lang='lat' dir='ltr'><strong>apud</strong></span> <span class='ocrx_word' id='word_1_615' title='bbox 2882 4380 3174 4435; x_wconf 86' lang='lat' dir='ltr'><strong>Ecclesiam</strong></span> <span class='ocrx_word' id='word_1_616' title='bbox 3229 4378 3427 4433; x_wconf 81' lang='lat' dir='ltr'><strong>Roma-</strong></span> 
     </span>
    </p>
   </div>
   <div class='ocr_carea' id='block_1_49' title="bbox 175 4462 1826 4543">
    <p class='ocr_par' dir='ltr' id='par_1_49' title="bbox 175 4462 1740 4532">
     <span class='ocr_line' id='line_1_49' title="bbox 175 4462 1740 4532; baseline 0.001 -17"><span class='ocrx_word' id='word_1_617' title='bbox 175 4465 425 4519; x_wconf 84' lang='lat' dir='ltr'><strong>Antonini</strong></span> <span class='ocrx_word' id='word_1_618' title='bbox 470 4478 599 4518; x_wconf 91' lang='lat' dir='ltr'><strong>vero</strong></span> <span class='ocrx_word' id='word_1_619' title='bbox 629 4463 707 4517; x_wconf 90' lang='lat' dir='ltr'><strong>Pii</strong></span> <span class='ocrx_word' id='word_1_620' title='bbox 740 4462 793 4517; x_wconf 91' lang='lat'><strong>8.</strong></span> <span class='ocrx_word' id='word_1_621' title='bbox 823 4463 1205 4531; x_wconf 85' lang='lat' dir='ltr'><strong>Quinquennio</strong></span> <span class='ocrx_word' id='word_1_622' title='bbox 1243 4463 1450 4518; x_wconf 90' lang='lat' dir='ltr'><strong>tardius</strong></span> <span class='ocrx_word' id='word_1_623' title='bbox 1472 4465 1740 4532; x_wconf 84' lang='lat' dir='ltr'><strong>scriptam</strong></span> 
     </span>
    </p>
   </div>
   <div class='ocr_carea' id='block_1_50' title="bbox 1778 4462 3429 4543">
    <p class='ocr_par' dir='ltr' id='par_1_50' title="bbox 1850 4472 3429 4543">
     <span class='ocr_line' id='line_1_50' title="bbox 1850 4472 3429 4543; baseline -0.004 -12"><span class='ocrx_word' id='word_1_624' title='bbox 1850 4492 2089 4539; x_wconf 85' lang='lat' dir='ltr'><strong>nensem;</strong></span> <span class='ocrx_word' id='word_1_625' title='bbox 2126 4476 2287 4531; x_wconf 86' lang='lat' dir='ltr'><strong>donec</strong></span> <span class='ocrx_word' id='word_1_626' title='bbox 2316 4476 2410 4529; x_wconf 87' lang='lat' dir='ltr'><strong>sub</strong></span> <span class='ocrx_word' id='word_1_627' title='bbox 2450 4477 2749 4543; x_wconf 80' lang='lat' dir='ltr'><strong>episcopatu</strong></span> <span class='ocrx_word' id='word_1_628' title='bbox 2814 4474 3112 4528; x_wconf 86' lang='lat' dir='ltr'><strong>Eleutherii</strong></span> <span class='ocrx_word' id='word_1_629' title='bbox 3145 4472 3429 4537; x_wconf 82' lang='lat' dir='ltr'><strong>benedicti,</strong></span> 
     </span>
    </p>
   </div>
   <div class='ocr_carea' id='block_1_51' title="bbox 172 4550 1823 4638">
    <p class='ocr_par' dir='ltr' id='par_1_51' title="bbox 172 4550 1817 4627">
     <span class='ocr_line' id='line_1_51' title="bbox 172 4550 1817 4627; baseline -0.004 -17"><span class='ocrx_word' id='word_1_630' title='bbox 172 4556 353 4611; x_wconf 68' lang='lat' dir='ltr'><strong>volunt</strong></span> <span class='ocrx_word' id='word_1_631' title='bbox 391 4558 507 4627; x_wconf 90' lang='lat' dir='ltr'><strong>ipse</strong></span> <span class='ocrx_word' id='word_1_632' title='bbox 539 4555 792 4610; x_wconf 82' lang='lat' dir='ltr'><strong>Petavius</strong></span> <span class='ocrx_word' id='word_1_633' title='bbox 843 4566 897 4610; x_wconf 92' lang='lat' dir='ltr'><strong>et</strong></span> <span class='ocrx_word' id='word_1_634' title='bbox 947 4555 1016 4610; x_wconf 88' lang='lat' dir='ltr'><strong>cl.</strong></span> <span class='ocrx_word' id='word_1_635' title='bbox 1054 4554 1455 4609; x_wconf 87' lang='lat' dir='ltr'><strong>Tillemontius.</strong></span> <span class='ocrx_word' id='word_1_636' title='bbox 1500 4556 1556 4609; x_wconf 91' lang='lat' dir='ltr'><strong>Si</strong></span> <span class='ocrx_word' id='word_1_637' title='bbox 1602 4556 1738 4623; x_wconf 85' lang='lat' dir='ltr'><strong>jam,</strong></span> <span class='ocrx_word' id='word_1_638' title='bbox 1774 4550 1817 4603; x_wconf 90' lang='lat' dir='ltr'><strong>D</strong></span> 
     </span>
    </p>
   </div>
   <div class='ocr_carea' id='block_1_52' title="bbox 1779 4550 3430 4638">
    <p class='ocr_par' dir='ltr' id='par_1_52' title="bbox 1779 4550 3430 4638">
     <span class='ocr_line' id='line_1_52' title="bbox 1779 4550 3430 4638; baseline -0.003 -16"><span class='ocrx_word' id='word_1_639' title='bbox 1779 4550 1817 4603; x_wconf 74' lang='grc' dir='ltr'>θ</span> <span class='ocrx_word' id='word_1_640' title='bbox 1849 4570 1909 4623; x_wconf 90' lang='lat' dir='ltr'><strong>ob</strong></span> <span class='ocrx_word' id='word_1_641' title='bbox 1944 4570 2234 4638; x_wconf 86' lang='lat' dir='ltr'><strong>inquietam</strong></span> <span class='ocrx_word' id='word_1_642' title='bbox 2268 4584 2466 4636; x_wconf 85' lang='lat' dir='ltr'><strong>semper</strong></span> <span class='ocrx_word' id='word_1_643' title='bbox 2499 4584 2677 4621; x_wconf 82' lang='lat' dir='ltr'><strong>eorum</strong></span> <span class='ocrx_word' id='word_1_644' title='bbox 2702 4569 3082 4630; x_wconf 86' lang='lat' dir='ltr'><strong>curiositatem,</strong></span> <span class='ocrx_word' id='word_1_645' title='bbox 3110 4583 3214 4637; x_wconf 76' lang='lat' dir='ltr'><strong>qua</strong></span> <span class='ocrx_word' id='word_1_646' title='bbox 3234 4566 3430 4633; x_wconf 71' lang='lat' dir='ltr'><strong>fratres</strong></span> 
     </span>
    </p>
   </div>
   <div class='ocr_carea' id='block_1_53' title="bbox 168 4647 1819 4731">
    <p class='ocr_par' dir='ltr' id='par_1_53' title="bbox 168 4647 1744 4712">
     <span class='ocr_line' id='line_1_53' title="bbox 168 4647 1744 4712; baseline -0.001 -10"><span class='ocrx_word' id='word_1_647' title='bbox 168 4657 231 4702; x_wconf 85' lang='lat' dir='ltr'><strong>ut</strong></span> <span class='ocrx_word' id='word_1_648' title='bbox 265 4651 493 4703; x_wconf 81' lang='lat' dir='ltr'><strong>certum</strong></span> <span class='ocrx_word' id='word_1_649' title='bbox 547 4659 651 4712; x_wconf 88' lang='lat' dir='ltr'><strong>est,</strong></span> <span class='ocrx_word' id='word_1_650' title='bbox 689 4648 915 4702; x_wconf 88' lang='lat' dir='ltr'><strong>Romam</strong></span> <span class='ocrx_word' id='word_1_651' title='bbox 956 4648 1182 4703; x_wconf 80' lang='lat' dir='ltr'><strong>venerit</strong></span> <span class='ocrx_word' id='word_1_652' title='bbox 1218 4647 1485 4712; x_wconf 80' lang='lat' dir='ltr'><strong>Marcion,</strong></span> <span class='ocrx_word' id='word_1_653' title='bbox 1530 4660 1744 4702; x_wconf 91' lang='lat' dir='ltr'><strong>mortuo</strong></span> 
     </span>
    </p>
   </div>
   <div class='ocr_carea' id='block_1_54' title="bbox 1775 4647 3426 4731">
    <p class='ocr_par' dir='ltr' id='par_1_54' title="bbox 1846 4657 3426 4731">
     <span class='ocr_line' id='line_1_54' title="bbox 1846 4657 3426 4731; baseline -0.002 -18"><span class='ocrx_word' id='word_1_654' title='bbox 1846 4678 2049 4731; x_wconf 85' lang='lat' dir='ltr'><strong>quoque</strong></span> <span class='ocrx_word' id='word_1_655' title='bbox 2101 4661 2378 4723; x_wconf 85' lang='lat' dir='ltr'><strong>vitiabant,</strong></span> <span class='ocrx_word' id='word_1_656' title='bbox 2431 4660 2590 4713; x_wconf 88' lang='lat' dir='ltr'><strong>semel</strong></span> <span class='ocrx_word' id='word_1_657' title='bbox 2639 4670 2686 4713; x_wconf 88' lang='lat' dir='ltr'><strong>et</strong></span> <span class='ocrx_word' id='word_1_658' title='bbox 2729 4662 2921 4713; x_wconf 84' lang='lat' dir='ltr'><strong>iterum</strong></span> <span class='ocrx_word' id='word_1_659' title='bbox 2958 4660 3128 4729; x_wconf 83' lang='lat' dir='ltr'><strong>ejecti,</strong></span> <span class='ocrx_word' id='word_1_660' title='bbox 3180 4657 3426 4714; x_wconf 72' lang='lat' dir='ltr'><strong>Marcion</strong></span> 
     </span>
    </p>
   </div>
   <div class='ocr_carea' id='block_1_55' title="bbox 175 4739 1826 4821">
    <p class='ocr_par' dir='ltr' id='par_1_55' title="bbox 175 4739 1743 4812">
     <span class='ocr_line' id='line_1_55' title="bbox 175 4739 1743 4812; baseline -0.001 -18"><span class='ocrx_word' id='word_1_661' title='bbox 175 4739 401 4812; x_wconf 79' lang='lat' dir='ltr'><strong>Hygino,</strong></span> <span class='ocrx_word' id='word_1_662' title='bbox 434 4742 669 4811; x_wconf 86' lang='lat' dir='ltr'><strong>sedeque</strong></span> <span class='ocrx_word' id='word_1_663' title='bbox 690 4751 800 4796; x_wconf 90' lang='lat' dir='ltr'><strong>tum</strong></span> <span class='ocrx_word' id='word_1_664' title='bbox 820 4749 1068 4804; x_wconf 87' lang='lat' dir='ltr'><strong>vacante,</strong></span> <span class='ocrx_word' id='word_1_665' title='bbox 1090 4742 1193 4796; x_wconf 89' lang='lat' dir='ltr'><strong>hoc</strong></span> <span class='ocrx_word' id='word_1_666' title='bbox 1217 4750 1298 4795; x_wconf 90' lang='lat' dir='ltr'><strong>est</strong></span> <span class='ocrx_word' id='word_1_667' title='bbox 1322 4756 1388 4794; x_wconf 80' lang='lat' dir='ltr'><strong>ex</strong></span> <span class='ocrx_word' id='word_1_668' title='bbox 1408 4742 1607 4795; x_wconf 88' lang='lat' dir='ltr'><strong>nostris</strong></span> <span class='ocrx_word' id='word_1_669' title='bbox 1655 4756 1743 4793; x_wconf 87' lang='lat' dir='ltr'><strong>ra-</strong></span> 
     </span>
    </p>
   </div>
   <div class='ocr_carea' id='block_1_56' title="bbox 1776 4739 3427 4821">
    <p class='ocr_par' dir='ltr' id='par_1_56' title="bbox 1847 4750 3427 4821">
     <span class='ocr_line' id='line_1_56' title="bbox 1847 4750 3427 4821; baseline -0.001 -17"><span class='ocrx_word' id='word_1_670' title='bbox 1847 4753 2053 4821; x_wconf 81' lang='lat' dir='ltr'><strong>quidem</strong></span> <span class='ocrx_word' id='word_1_671' title='bbox 2087 4768 2204 4805; x_wconf 88' lang='lat' dir='ltr'><strong>cum</strong></span> <span class='ocrx_word' id='word_1_672' title='bbox 2245 4752 2481 4805; x_wconf 82' lang='lat' dir='ltr'><strong>ducentis</strong></span> <span class='ocrx_word' id='word_1_673' title='bbox 2510 4752 2759 4805; x_wconf 79' lang='lat' dir='ltr'><strong>sestertiis</strong></span> <span class='ocrx_word' id='word_1_674' title='bbox 2784 4752 2895 4804; x_wconf 82' lang='lat' dir='ltr'><strong>suis</strong></span> <span class='ocrx_word' id='word_1_675' title='bbox 2927 4768 3044 4820; x_wconf 50' lang='lat' dir='ltr'><strong>qua,</strong></span> <span class='ocrx_word' id='word_1_676' title='bbox 3074 4750 3328 4804; x_wconf 71' lang='lat' dir='ltr'><strong>Ecclesiae</strong></span> <span class='ocrx_word' id='word_1_677' title='bbox 3350 4750 3427 4803; x_wconf 78' lang='lat' dir='ltr'><strong>in-</strong></span> 
     </span>
    </p>
   </div>
   <div class='ocr_carea' id='block_1_57' title="bbox 176 4833 1827 4911">
    <p class='ocr_par' dir='ltr' id='par_1_57' title="bbox 176 4833 1745 4903">
     <span class='ocr_line' id='line_1_57' title="bbox 176 4833 1745 4903; baseline 0.001 -20"><span class='ocrx_word' id='word_1_678' title='bbox 176 4834 429 4898; x_wconf 88' lang='lat' dir='ltr'><strong>tionibus,</strong></span> <span class='ocrx_word' id='word_1_679' title='bbox 464 4838 605 4887; x_wconf 78' lang='lat' dir='ltr'><strong>anno</strong></span> <span class='ocrx_word' id='word_1_680' title='bbox 638 4833 760 4896; x_wconf 72' lang='grc'><strong>142,</strong></span> <span class='ocrx_word' id='word_1_681' title='bbox 818 4833 1078 4903; x_wconf 88' lang='lat' dir='ltr'><strong>brevique</strong></span> <span class='ocrx_word' id='word_1_682' title='bbox 1118 4841 1311 4902; x_wconf 88' lang='lat' dir='ltr'><strong>postea</strong></span> <span class='ocrx_word' id='word_1_683' title='bbox 1368 4834 1607 4885; x_wconf 90' lang='lat' dir='ltr'><strong>animum</strong></span> <span class='ocrx_word' id='word_1_684' title='bbox 1655 4833 1745 4885; x_wconf 81' lang='lat' dir='ltr'><strong>de-</strong></span> 
     </span>
    </p>
   </div>
   <div class='ocr_carea' id='block_1_58' title="bbox 1775 4833 3426 4911">
    <p class='ocr_par' dir='ltr' id='par_1_58' title="bbox 1845 4842 3426 4911">
     <span class='ocr_line' id='line_1_58' title="bbox 1845 4842 3426 4911; baseline -0.003 -13"><span class='ocrx_word' id='word_1_685' title='bbox 1845 4845 2073 4909; x_wconf 86' lang='lat' dir='ltr'><strong>tulerat;</strong></span> <span class='ocrx_word' id='word_1_686' title='bbox 2124 4845 2402 4898; x_wconf 85' lang='lat' dir='ltr'><strong>novissime</strong></span> <span class='ocrx_word' id='word_1_687' title='bbox 2432 4845 2489 4897; x_wconf 85' lang='lat' dir='ltr'><strong>in</strong></span> <span class='ocrx_word' id='word_1_688' title='bbox 2537 4855 2843 4911; x_wconf 80' lang='lat' dir='ltr'><strong>perpetuum</strong></span> <span class='ocrx_word' id='word_1_689' title='bbox 2873 4844 3158 4897; x_wconf 85' lang='lat' dir='ltr'><strong>discidium</strong></span> <span class='ocrx_word' id='word_1_690' title='bbox 3184 4842 3426 4910; x_wconf 75' lang='lat' dir='ltr'><strong>relegati,</strong></span> 
     </span>
    </p>
   </div>
   <div class='ocr_carea' id='block_1_59' title="bbox 172 4926 1823 4997">
    <p class='ocr_par' dir='ltr' id='par_1_59' title="bbox 172 4926 1741 4997">
     <span class='ocr_line' id='line_1_59' title="bbox 172 4926 1741 4997; baseline 0.001 -17"><span class='ocrx_word' id='word_1_691' title='bbox 172 4928 441 4996; x_wconf 85' lang='lat' dir='ltr'><strong>spondens</strong></span> <span class='ocrx_word' id='word_1_692' title='bbox 465 4926 729 4982; x_wconf 88' lang='lat' dir='ltr'><strong>Cerdonis</strong></span> <span class='ocrx_word' id='word_1_693' title='bbox 745 4928 994 4985; x_wconf 66' lang='lat' dir='ltr'><strong>haeresim</strong></span> <span class='ocrx_word' id='word_1_694' title='bbox 1019 4931 1300 4997; x_wconf 79' lang='lat' dir='ltr'><strong>amplexus</strong></span> <span class='ocrx_word' id='word_1_695' title='bbox 1325 4928 1519 4993; x_wconf 81' lang='lat' dir='ltr'><strong>fuerit;</strong></span> <span class='ocrx_word' id='word_1_696' title='bbox 1543 4928 1741 4981; x_wconf 79' lang='lat' dir='ltr'><strong>exinde</strong></span> 
     </span>
    </p>
   </div>
   <div class='ocr_carea' id='block_1_60' title="bbox 1773 4926 3424 4997">
    <p class='ocr_par' dir='ltr' id='par_1_60' title="bbox 1842 4934 3424 4992">
     <span class='ocr_line' id='line_1_60' title="bbox 1842 4934 3424 4992; baseline -0.003 0"><span class='ocrx_word' id='word_1_697' title='bbox 1842 4955 2040 4992; x_wconf 79' lang='lat' dir='ltr'><strong>uenena</strong></span> <span class='ocrx_word' id='word_1_698' title='bbox 2076 4939 2439 4990; x_wconf 79' lang='lat' dir='ltr'><strong>doctrinarum</strong></span> <span class='ocrx_word' id='word_1_699' title='bbox 2483 4953 2700 4989; x_wconf 82' lang='lat' dir='ltr'><strong>suarum</strong></span> <span class='ocrx_word' id='word_1_700' title='bbox 2733 4937 3224 4989; x_wconf 80' lang='lat' dir='ltr'><strong>disseminaverunt.</strong></span> <span class='ocrx_word' id='word_1_701' title='bbox 3261 4934 3424 4989; x_wconf 58' lang='lat' dir='ltr'><strong>Poste</strong></span> 
     </span>
    </p>
   </div>
   <div class='ocr_carea' id='block_1_61' title="bbox 176 5019 3425 5097">
    <p class='ocr_par' dir='ltr' id='par_1_61' title="bbox 176 5019 3425 5097">
     <span class='ocr_line' id='line_1_61' title="bbox 176 5019 3425 5097; baseline 0 -28"><span class='ocrx_word' id='word_1_702' title='bbox 176 5033 341 5086; x_wconf 85' lang='lat' dir='ltr'><strong>usque</strong></span> <span class='ocrx_word' id='word_1_703' title='bbox 366 5022 432 5072; x_wconf 88' lang='lat' dir='ltr'><strong>ad</strong></span> <span class='ocrx_word' id='word_1_704' title='bbox 464 5035 663 5073; x_wconf 86' lang='lat' dir='ltr'><strong>annum</strong></span> <span class='ocrx_word' id='word_1_705' title='bbox 691 5019 811 5083; x_wconf 61' lang='grc'><strong>145,</strong></span> <span class='ocrx_word' id='word_1_706' title='bbox 841 5034 948 5089; x_wconf 89' lang='lat' dir='ltr'><strong>quo</strong></span> <span class='ocrx_word' id='word_1_707' title='bbox 975 5020 1251 5077; x_wconf 87' lang='lat' dir='ltr'><strong>scribebat</strong></span> <span class='ocrx_word' id='word_1_708' title='bbox 1278 5020 1545 5083; x_wconf 83' lang='lat' dir='ltr'><strong>Justinus,</strong></span> <span class='ocrx_word' id='word_1_709' title='bbox 1598 5020 1737 5074; x_wconf 86' lang='lat' dir='ltr'><strong>satis</strong></span> <span class='ocrx_word' id='word_1_710' title='bbox 1840 5032 2052 5083; x_wconf 78' lang='lat' dir='ltr'><strong>modum</strong></span> <span class='ocrx_word' id='word_1_711' title='bbox 2088 5028 2328 5083; x_wconf 71' lang='lat' dir='ltr'><strong>Marcion</strong></span> <span class='ocrx_word' id='word_1_712' title='bbox 2365 5029 2719 5097; x_wconf 71' lang='grc' dir='ltr'><strong>ρωηὶιεηιὶαῃι</strong></span> <span class='ocrx_word' id='word_1_713' title='bbox 2752 5028 3041 5095; x_wconf 53' lang='lat' dir='ltr'><strong>confusus.</strong></span> <span class='ocrx_word' id='word_1_714' title='bbox 3097 5045 3213 5081; x_wconf 73' lang='lat' dir='ltr'><strong>cum</strong></span> <span class='ocrx_word' id='word_1_715' title='bbox 3241 5028 3425 5081; x_wconf 66' lang='lat' dir='ltr'><strong>condi-</strong></span> 
     </span>
    </p>
   </div>
   <div class='ocr_carea' id='block_1_62' title="bbox 174 5111 1825 5188">
    <p class='ocr_par' dir='ltr' id='par_1_62' title="bbox 174 5111 1733 5181">
     <span class='ocr_line' id='line_1_62' title="bbox 174 5111 1733 5181; baseline 0.001 -18"><span class='ocrx_word' id='word_1_716' title='bbox 174 5125 442 5179; x_wconf 88' lang='lat' dir='ltr'><strong>superque</strong></span> <span class='ocrx_word' id='word_1_717' title='bbox 466 5112 623 5181; x_wconf 89' lang='lat' dir='ltr'><strong>spatii</strong></span> <span class='ocrx_word' id='word_1_718' title='bbox 657 5111 820 5165; x_wconf 80' lang='lat' dir='ltr'><strong>fuerit</strong></span> <span class='ocrx_word' id='word_1_719' title='bbox 863 5122 919 5164; x_wconf 88' lang='lat' dir='ltr'><strong>ut</strong></span> <span class='ocrx_word' id='word_1_720' title='bbox 957 5130 1050 5181; x_wconf 92' lang='lat' dir='ltr'><strong>per</strong></span> <span class='ocrx_word' id='word_1_721' title='bbox 1077 5130 1228 5167; x_wconf 90' lang='lat' dir='ltr'><strong>omne</strong></span> <span class='ocrx_word' id='word_1_722' title='bbox 1250 5115 1519 5168; x_wconf 84' lang='lat' dir='ltr'><strong>hominum</strong></span> <span class='ocrx_word' id='word_1_723' title='bbox 1550 5130 1733 5181; x_wconf 82' lang='lat' dir='ltr'><strong>genus,</strong></span> 
     </span>
    </p>
   </div>
   <div class='ocr_carea' id='block_1_63' title="bbox 1773 5111 3424 5188">
    <p class='ocr_par' dir='ltr' id='par_1_63' title="bbox 1843 5121 3424 5188">
     <span class='ocr_line' id='line_1_63' title="bbox 1843 5121 3424 5188; baseline -0.001 -13"><span class='ocrx_word' id='word_1_724' title='bbox 1843 5125 1973 5177; x_wconf 87' lang='lat' dir='ltr'><strong>tioni</strong></span> <span class='ocrx_word' id='word_1_725' title='bbox 2000 5123 2260 5177; x_wconf 77' lang='lat' dir='ltr'><strong>sibidatw</strong></span> <span class='ocrx_word' id='word_1_726' title='bbox 2288 5121 2540 5185; x_wconf 85' lang='lat' dir='ltr'><strong>occurrit,</strong></span> <span class='ocrx_word' id='word_1_727' title='bbox 2577 5122 2653 5173; x_wconf 88' lang='lat' dir='ltr'><strong>ita</strong></span> <span class='ocrx_word' id='word_1_728' title='bbox 2678 5137 2858 5187; x_wconf 87' lang='lat' dir='ltr'><strong>pacem</strong></span> <span class='ocrx_word' id='word_1_729' title='bbox 2900 5130 3222 5188; x_wconf 76' lang='lat' dir='ltr'><strong>recepturus,</strong></span> <span class='ocrx_word' id='word_1_730' title='bbox 3253 5121 3299 5173; x_wconf 90' lang='lat' dir='ltr'><strong>si</strong></span> <span class='ocrx_word' id='word_1_731' title='bbox 3320 5136 3424 5174; x_wconf 72' lang='lat' dir='ltr'><strong>cte-</strong></span> 
     </span>
    </p>
   </div>
   <div class='ocr_carea' id='block_1_64' title="bbox 174 5202 3423 5283">
    <p class='ocr_par' dir='ltr' id='par_1_64' title="bbox 174 5202 3423 5283">
     <span class='ocr_line' id='line_1_64' title="bbox 174 5202 3423 5283; baseline 0.003 -31"><span class='ocrx_word' id='word_1_732' title='bbox 174 5202 468 5256; x_wconf 68' lang='lat' dir='ltr'><strong>dwmonum</strong></span> <span class='ocrx_word' id='word_1_733' title='bbox 539 5203 702 5271; x_wconf 77' lang='lat' dir='ltr'><strong>fretus</strong></span> <span class='ocrx_word' id='word_1_734' title='bbox 762 5204 965 5258; x_wconf 75' lang='lat' dir='ltr'><strong>auxilio</strong></span> <span class='ocrx_word' id='word_1_735' title='bbox 996 5244 1011 5269; x_wconf 93' lang='lat'><strong>,</strong></span> <span class='ocrx_word' id='word_1_736' title='bbox 1060 5206 1301 5273; x_wconf 87' lang='lat' dir='ltr'><strong>plurimis</strong></span> <span class='ocrx_word' id='word_1_737' title='bbox 1356 5218 1545 5261; x_wconf 83' lang='lat' dir='ltr'><strong>auctor</strong></span> <span class='ocrx_word' id='word_1_738' title='bbox 1621 5221 1738 5261; x_wconf 84' lang='lat' dir='ltr'><strong>esse</strong></span> <span class='ocrx_word' id='word_1_739' title='bbox 1845 5225 1981 5268; x_wconf 65' lang='lat' dir='ltr'><strong>(eros</strong></span> <span class='ocrx_word' id='word_1_740' title='bbox 2002 5231 2208 5283; x_wconf 80' lang='lat' dir='ltr'><strong>quoque</strong></span> <span class='ocrx_word' id='word_1_741' title='bbox 2232 5229 2362 5283; x_wconf 83' lang='lat' dir='ltr'><strong>quos</strong></span> <span class='ocrx_word' id='word_1_742' title='bbox 2404 5212 2689 5281; x_wconf 88' lang='lat' dir='ltr'><strong>perditioni</strong></span> <span class='ocrx_word' id='word_1_743' title='bbox 2727 5213 3004 5273; x_wconf 87' lang='lat' dir='ltr'><strong>erudisset,</strong></span> <span class='ocrx_word' id='word_1_744' title='bbox 3056 5211 3307 5264; x_wconf 65' lang='lat' dir='ltr'><strong>Ecclesia</strong></span> <span class='ocrx_word' id='word_1_745' title='bbox 3346 5227 3423 5261; x_wconf 87' lang='lat' dir='ltr'><strong>re-</strong></span> 
     </span>
    </p>
   </div>
   <div class='ocr_carea' id='block_1_65' title="bbox 173 5296 3426 5376">
    <p class='ocr_par' dir='ltr' id='par_1_65' title="bbox 173 5296 3426 5376">
     <span class='ocr_line' id='line_1_65' title="bbox 173 5296 3426 5376; baseline 0.002 -28"><span class='ocrx_word' id='word_1_746' title='bbox 173 5296 406 5361; x_wconf 84' lang='lat' dir='ltr'><strong>poulerit</strong></span> <span class='ocrx_word' id='word_1_747' title='bbox 438 5336 453 5360; x_wconf 96' lang='lat'><strong>,</strong></span> <span class='ocrx_word' id='word_1_748' title='bbox 508 5306 565 5349; x_wconf 85' lang='lat' dir='ltr'><strong>ut</strong></span> <span class='ocrx_word' id='word_1_749' title='bbox 607 5296 906 5364; x_wconf 78' lang='lat' dir='ltr'><strong>blaspheme</strong></span> <span class='ocrx_word' id='word_1_750' title='bbox 956 5300 1185 5353; x_wconf 87' lang='lat' dir='ltr'><strong>dicerent</strong></span> <span class='ocrx_word' id='word_1_751' title='bbox 1217 5341 1232 5366; x_wconf 95' lang='lat'><strong>,</strong></span> <span class='ocrx_word' id='word_1_752' title='bbox 1281 5300 1734 5369; x_wconf 86' lang='lat' dir='ltr'><strong>quemadmodum</strong></span> <span class='ocrx_word' id='word_1_753' title='bbox 1844 5308 2275 5369; x_wconf 80' lang='lat' dir='ltr'><strong>stilucret,morte</strong></span> <span class='ocrx_word' id='word_1_754' title='bbox 2300 5314 2589 5376; x_wconf 80' lang='lat' dir='ltr'><strong>prwventus</strong></span> <span class='ocrx_word' id='word_1_755' title='bbox 2632 5312 2730 5357; x_wconf 84' lang='lat' dir='ltr'><strong>est.</strong></span> <span class='ocrx_word' id='word_1_756' title='bbox 2768 5303 2892 5356; x_wconf 70' lang='lat' dir='ltr'><strong>Haec</strong></span> <span class='ocrx_word' id='word_1_757' title='bbox 2922 5304 3168 5370; x_wconf 80' lang='lat' dir='ltr'><strong>apprime.</strong></span> <span class='ocrx_word' id='word_1_758' title='bbox 3196 5315 3426 5354; x_wconf 86' lang='lat' dir='ltr'><strong>consen-</strong></span> 
     </span>
    </p>
   </div>
   <div class='ocr_carea' id='block_1_66' title="bbox 174 5384 3420 5464">
    <p class='ocr_par' dir='ltr' id='par_1_66' title="bbox 174 5384 3420 5464">
     <span class='ocr_line' id='line_1_66' title="bbox 174 5384 3420 5464; baseline 0.001 -26"><span class='ocrx_word' id='word_1_759' title='bbox 174 5384 407 5453; x_wconf 77' lang='lat' dir='ltr'><strong>ioquitur</strong></span> <span class='ocrx_word' id='word_1_760' title='bbox 451 5384 719 5442; x_wconf 79' lang='lat' dir='ltr'><strong>Justinus.</strong></span> <span class='ocrx_word' id='word_1_761' title='bbox 752 5388 914 5459; x_wconf 82' lang='lat' dir='ltr'><strong>quue</strong></span> <span class='ocrx_word' id='word_1_762' title='bbox 961 5405 1025 5445; x_wconf 88' lang='lat' dir='ltr'><strong>eo</strong></span> <span class='ocrx_word' id='word_1_763' title='bbox 1064 5392 1297 5446; x_wconf 89' lang='lat' dir='ltr'><strong>similius</strong></span> <span class='ocrx_word' id='word_1_764' title='bbox 1332 5406 1463 5446; x_wconf 90' lang='lat' dir='ltr'><strong>vero</strong></span> <span class='ocrx_word' id='word_1_765' title='bbox 1500 5393 1732 5455; x_wconf 86' lang='lat' dir='ltr'><strong>videtur,</strong></span> <span class='ocrx_word' id='word_1_766' title='bbox 1846 5398 1987 5451; x_wconf 90' lang='lat' dir='ltr'><strong>tiunt</strong></span> <span class='ocrx_word' id='word_1_767' title='bbox 2011 5412 2132 5450; x_wconf 90' lang='lat' dir='ltr'><strong>cum</strong></span> <span class='ocrx_word' id='word_1_768' title='bbox 2160 5397 2226 5449; x_wconf 90' lang='lat' dir='ltr'><strong>iis</strong></span> <span class='ocrx_word' id='word_1_769' title='bbox 2250 5412 2367 5464; x_wconf 70' lang='lat' dir='ltr'><strong>qua:</strong></span> <span class='ocrx_word' id='word_1_770' title='bbox 2393 5397 2457 5450; x_wconf 87' lang='lat' dir='ltr'><strong>de</strong></span> <span class='ocrx_word' id='word_1_771' title='bbox 2488 5394 2737 5450; x_wconf 89' lang='lat' dir='ltr'><strong>Cerdone</strong></span> <span class='ocrx_word' id='word_1_772' title='bbox 2769 5394 2936 5447; x_wconf 81' lang='lat' dir='ltr'><strong>refert</strong></span> <span class='ocrx_word' id='word_1_773' title='bbox 2958 5391 3196 5445; x_wconf 59' lang='lat' dir='ltr'><strong>lrenaeus</strong></span> <span class='ocrx_word' id='word_1_774' title='bbox 3226 5391 3293 5455; x_wconf 81' lang='lat'><strong>”,</strong></span> <span class='ocrx_word' id='word_1_775' title='bbox 3328 5390 3420 5459; x_wconf 87' lang='lat' dir='ltr'><strong>qui</strong></span> 
     </span>
    </p>
   </div>
   <div class='ocr_carea' id='block_1_67' title="bbox 172 5476 3419 5557">
    <p class='ocr_par' dir='ltr' id='par_1_67' title="bbox 172 5476 3419 5557">
     <span class='ocr_line' id='line_1_67' title="bbox 172 5476 3419 5557; baseline -0.003 -14"><span class='ocrx_word' id='word_1_776' title='bbox 172 5504 275 5557; x_wconf 85' lang='lat' dir='ltr'><strong>quo</strong></span> <span class='ocrx_word' id='word_1_777' title='bbox 331 5490 520 5545; x_wconf 67' lang='lat' dir='ltr'><strong>Romae</strong></span> <span class='ocrx_word' id='word_1_778' title='bbox 570 5507 679 5546; x_wconf 90' lang='lat' dir='ltr'><strong>non</strong></span> <span class='ocrx_word' id='word_1_779' title='bbox 732 5492 822 5543; x_wconf 87' lang='lat' dir='ltr'><strong>ain</strong></span> <span class='ocrx_word' id='word_1_780' title='bbox 875 5502 1270 5555; x_wconf 85' lang='lat' dir='ltr'><strong>commoratus,</strong></span> <span class='ocrx_word' id='word_1_781' title='bbox 1334 5492 1596 5545; x_wconf 86' lang='lat' dir='ltr'><strong>Cerdonis</strong></span> <span class='ocrx_word' id='word_1_782' title='bbox 1642 5491 1737 5545; x_wconf 88' lang='lat' dir='ltr'><strong>do-</strong></span> <span class='ocrx_word' id='word_1_783' title='bbox 1844 5505 1980 5557; x_wconf 69' lang='lat' dir='ltr'><strong>sa’pe</strong></span> <span class='ocrx_word' id='word_1_784' title='bbox 2028 5491 2081 5542; x_wconf 88' lang='lat' dir='ltr'><strong>in</strong></span> <span class='ocrx_word' id='word_1_785' title='bbox 2142 5476 2434 5543; x_wconf 78' lang='lat' dir='ltr'><strong>Ecclesium</strong></span> <span class='ocrx_word' id='word_1_786' title='bbox 2483 5490 2716 5549; x_wconf 86' lang='lat' dir='ltr'><strong>veniens,</strong></span> <span class='ocrx_word' id='word_1_787' title='bbox 2759 5494 2807 5540; x_wconf 87' lang='lat' dir='ltr'><strong>et</strong></span> <span class='ocrx_word' id='word_1_788' title='bbox 2851 5483 3273 5553; x_wconf 76' lang='lat' dir='ltr'><strong>exhomologesin</strong></span> <span class='ocrx_word' id='word_1_789' title='bbox 3332 5482 3419 5547; x_wconf 79' lang='lat' dir='ltr'><strong>fa-</strong></span> 
     </span>
    </p>
   </div>
   <div class='ocr_carea' id='block_1_68' title="bbox 240 5659 1891 5733">
    <p class='ocr_par' dir='ltr' id='par_1_68' title="bbox 240 5666 1877 5733">
     <span class='ocr_line' id='line_1_68' title="bbox 240 5666 1877 5733; baseline -0.002 -9"><span class='ocrx_word' id='word_1_790' title='bbox 240 5667 286 5697; x_wconf 81' lang='lat'>”</span> <span class='ocrx_word' id='word_1_791' title='bbox 330 5670 404 5723; x_wconf 85' lang='lat' dir='ltr'><strong>De</strong></span> <span class='ocrx_word' id='word_1_792' title='bbox 438 5684 661 5733; x_wconf 51' lang='lat' dir='ltr'><strong>praesa,</strong></span> <span class='ocrx_word' id='word_1_793' title='bbox 696 5684 746 5722; x_wconf 95' lang='lat' dir='ltr'><strong>c.</strong></span> <span class='ocrx_word' id='word_1_794' title='bbox 785 5666 873 5733; x_wconf 77' lang='lat'><strong>50,</strong></span> <span class='ocrx_word' id='word_1_795' title='bbox 925 5677 978 5721; x_wconf 92' lang='lat' dir='ltr'><strong>et</strong></span> <span class='ocrx_word' id='word_1_796' title='bbox 1022 5667 1061 5720; x_wconf 94' lang='lat' dir='ltr'><strong>l.</strong></span> <span class='ocrx_word' id='word_1_797' title='bbox 1109 5683 1123 5718; x_wconf 89' lang='grc' dir='ltr'><strong>ι</strong></span> <span class='ocrx_word' id='word_1_798' title='bbox 1184 5678 1329 5721; x_wconf 88' lang='lat' dir='ltr'><strong>cont.</strong></span> <span class='ocrx_word' id='word_1_799' title='bbox 1363 5667 1527 5721; x_wconf 84' lang='lat' dir='ltr'><strong>Marc.</strong></span> <span class='ocrx_word' id='word_1_800' title='bbox 1563 5681 1611 5718; x_wconf 90' lang='lat' dir='ltr'><strong>c.</strong></span> <span class='ocrx_word' id='word_1_801' title='bbox 1650 5666 1731 5721; x_wconf 72' lang='grc'><strong>19.</strong></span> <span class='ocrx_word' id='word_1_802' title='bbox 1832 5666 1877 5696; x_wconf 73' lang='grc'><strong>’⁸</strong></span> 
     </span>
    </p>
   </div>
   <div class='ocr_carea' id='block_1_69' title="bbox 1762 5659 3413 5733">
    <p class='ocr_par' dir='ltr' id='par_1_69' title="bbox 1832 5659 3413 5733">
     <span class='ocr_line' id='line_1_69' title="bbox 1832 5659 3413 5733; baseline -0.005 -15"><span class='ocrx_word' id='word_1_803' title='bbox 1832 5666 1877 5696; x_wconf 73' lang='grc'><strong>’⁸</strong></span> <span class='ocrx_word' id='word_1_804' title='bbox 1929 5667 2069 5718; x_wconf 59' lang='grc' dir='ltr'><strong>Ηωι.</strong></span> <span class='ocrx_word' id='word_1_805' title='bbox 2108 5666 2198 5719; x_wconf 58' lang='grc'><strong>15.</strong></span> <span class='ocrx_word' id='word_1_806' title='bbox 2272 5666 2350 5733; x_wconf 17' lang='lat'><strong>7”</strong></span> <span class='ocrx_word' id='word_1_807' title='bbox 2399 5664 2457 5721; x_wconf 85' lang='lat' dir='ltr'><strong>L.</strong></span> <span class='ocrx_word' id='word_1_808' title='bbox 2494 5680 2565 5717; x_wconf 84' lang='lat' dir='ltr'><strong>vn</strong></span> <span class='ocrx_word' id='word_1_809' title='bbox 2615 5663 2846 5726; x_wconf 88' lang='lat' dir='ltr'><strong>Strom.,</strong></span> <span class='ocrx_word' id='word_1_810' title='bbox 2891 5679 2941 5730; x_wconf 77' lang='grc' dir='ltr'><strong>ιι.</strong></span> <span class='ocrx_word' id='word_1_811' title='bbox 2986 5663 3103 5715; x_wconf 70' lang='grc'><strong>764.</strong></span> <span class='ocrx_word' id='word_1_812' title='bbox 3146 5732 3159 5733; x_wconf 22' lang='lat'><em>7</em></span> <span class='ocrx_word' id='word_1_813' title='bbox 3226 5660 3271 5691; x_wconf 84' lang='lat'>“</span> <span class='ocrx_word' id='word_1_814' title='bbox 3313 5659 3413 5725; x_wconf 78' lang='lat' dir='ltr'><strong>Ep.</strong></span> 
     </span>
    </p>
   </div>
   <div class='ocr_carea' id='block_1_70' title="bbox 176 5732 3409 5799">
    <p class='ocr_par' dir='ltr' id='par_1_70' title="bbox 176 5732 3409 5799">
     <span class='ocr_line' id='line_1_70' title="bbox 176 5732 3409 5799; baseline -0.001 -13"><span class='ocrx_word' id='word_1_815' title='bbox 176 5736 261 5797; x_wconf 69' lang='grc' dir='ltr'><strong>ιδ,</strong></span> <span class='ocrx_word' id='word_1_816' title='bbox 332 5744 370 5790; x_wconf 87' lang='lat' dir='ltr'><strong>t.</strong></span> <span class='ocrx_word' id='word_1_817' title='bbox 436 5732 503 5793; x_wconf 81' lang='lat' dir='ltr'><strong>IV</strong></span> <span class='ocrx_word' id='word_1_818' title='bbox 570 5753 696 5791; x_wconf 88' lang='lat' dir='ltr'><strong>nov.</strong></span> <span class='ocrx_word' id='word_1_819' title='bbox 756 5732 885 5793; x_wconf 88' lang='lat' dir='ltr'><strong>edit.</strong></span> <span class='ocrx_word' id='word_1_820' title='bbox 979 5738 1021 5769; x_wconf 78' lang='lat'>&quot;</span> <span class='ocrx_word' id='word_1_821' title='bbox 1067 5738 1129 5792; x_wconf 86' lang='lat' dir='ltr'><strong>L.</strong></span> <span class='ocrx_word' id='word_1_822' title='bbox 1165 5756 1180 5791; x_wconf 89' lang='grc' dir='ltr'><strong>ι</strong></span> <span class='ocrx_word' id='word_1_823' title='bbox 1235 5749 1377 5793; x_wconf 90' lang='lat' dir='ltr'><strong>cont.</strong></span> <span class='ocrx_word' id='word_1_824' title='bbox 1429 5737 1616 5799; x_wconf 83' lang='lat' dir='ltr'><strong>Marc.,</strong></span> <span class='ocrx_word' id='word_1_825' title='bbox 1650 5752 1698 5790; x_wconf 91' lang='lat' dir='ltr'><strong>c.</strong></span> <span class='ocrx_word' id='word_1_826' title='bbox 1734 5734 1815 5789; x_wconf 79' lang='lat'><strong>19.</strong></span> <span class='ocrx_word' id='word_1_827' title='bbox 1916 5736 1961 5766; x_wconf 78' lang='grc'><strong>³⁸</strong></span> <span class='ocrx_word' id='word_1_828' title='bbox 1998 5736 2055 5787; x_wconf 87' lang='lat' dir='ltr'><strong>L.</strong></span> <span class='ocrx_word' id='word_1_829' title='bbox 2091 5750 2238 5798; x_wconf 80' lang='lat' dir='ltr'><strong>m,tn</strong></span> <span class='ocrx_word' id='word_1_830' title='bbox 2258 5732 2463 5796; x_wconf 73' lang='lat' dir='ltr'><strong>line,all</strong></span> <span class='ocrx_word' id='word_1_831' title='bbox 2494 5735 2696 5791; x_wconf 78' lang='lat' dir='ltr'><strong>calcem</strong></span> <span class='ocrx_word' id='word_1_832' title='bbox 2732 5734 2957 5789; x_wconf 84' lang='lat' dir='ltr'><strong>Tertull.</strong></span> <span class='ocrx_word' id='word_1_833' title='bbox 3060 5734 3103 5765; x_wconf 83' lang='lat'><strong>&quot;</strong></span> <span class='ocrx_word' id='word_1_834' title='bbox 3142 5732 3205 5787; x_wconf 85' lang='lat' dir='ltr'><strong>L.</strong></span> <span class='ocrx_word' id='word_1_835' title='bbox 3238 5746 3322 5793; x_wconf 88' lang='lat' dir='ltr'><strong>tn,</strong></span> <span class='ocrx_word' id='word_1_836' title='bbox 3359 5744 3409 5783; x_wconf 71' lang='grc' dir='ltr'><strong>ε.</strong></span> 
     </span>
    </p>
   </div>
   <div class='ocr_carea' id='block_1_71' title="bbox 177 5804 1828 5876">
    <p class='ocr_par' dir='ltr' id='par_1_71' title="bbox 177 5804 1828 5876">
     <span class='ocr_line' id='line_1_71' title="bbox 177 5804 1828 5876; baseline 0.001 -16"><span class='ocrx_word' id='word_1_837' title='bbox 177 5804 227 5869; x_wconf 76' lang='grc' dir='ltr'><strong>ι.</strong></span> <span class='ocrx_word' id='word_1_838' title='bbox 268 5825 317 5863; x_wconf 92' lang='lat' dir='ltr'><strong>n.</strong></span> <span class='ocrx_word' id='word_1_839' title='bbox 352 5810 403 5862; x_wconf 81' lang='grc' dir='ltr'><strong>ὅ.</strong></span> <span class='ocrx_word' id='word_1_840' title='bbox 509 5808 554 5841; x_wconf 85' lang='grc'><strong>³⁸</strong></span> <span class='ocrx_word' id='word_1_841' title='bbox 585 5810 648 5862; x_wconf 64' lang='grc' dir='ltr'><strong>ιι.</strong></span> <span class='ocrx_word' id='word_1_842' title='bbox 696 5810 749 5874; x_wconf 81' lang='grc'><strong>5,</strong></span> <span class='ocrx_word' id='word_1_843' title='bbox 788 5826 843 5864; x_wconf 92' lang='lat' dir='ltr'><strong>n.</strong></span> <span class='ocrx_word' id='word_1_844' title='bbox 880 5808 934 5865; x_wconf 73' lang='grc'><strong>4.</strong></span> <span class='ocrx_word' id='word_1_845' title='bbox 1033 5810 1073 5841; x_wconf 77' lang='grc'><strong>³⁸</strong></span> <span class='ocrx_word' id='word_1_846' title='bbox 1110 5809 1184 5863; x_wconf 90' lang='lat' dir='ltr'><strong>De</strong></span> <span class='ocrx_word' id='word_1_847' title='bbox 1227 5823 1417 5876; x_wconf 84' lang='lat' dir='ltr'><strong>pracsc.</strong></span> <span class='ocrx_word' id='word_1_848' title='bbox 1458 5824 1508 5863; x_wconf 92' lang='lat' dir='ltr'><strong>c.</strong></span> <span class='ocrx_word' id='word_1_849' title='bbox 1542 5808 1630 5862; x_wconf 76' lang='lat'><strong>30.</strong></span> <span class='ocrx_word' id='word_1_850' title='bbox 1729 5806 1773 5837; x_wconf 84' lang='grc'><strong>⁸³</strong></span> <span class='ocrx_word' id='word_1_851' title='bbox 1806 5805 1828 5861; x_wconf 88' lang='grc' dir='ltr'>Ι</span> 
     </span>
    </p>
   </div>
   <div class='ocr_carea' id='block_1_72' title="bbox 733 5804 2384 5876">
    <p class='ocr_par' dir='ltr' id='par_1_72' title="bbox 735 5805 2384 5876">
     <span class='ocr_line' id='line_1_72' title="bbox 735 5805 2384 5876; baseline -0.002 -12"><span class='ocrx_word' id='word_1_852' title='bbox 735 5847 749 5874; x_wconf 92' lang='lat'><strong>,</strong></span> <span class='ocrx_word' id='word_1_853' title='bbox 788 5826 843 5864; x_wconf 87' lang='grc' dir='ltr'><strong>ιι.</strong></span> <span class='ocrx_word' id='word_1_854' title='bbox 880 5808 934 5865; x_wconf 73' lang='grc'><strong>4.</strong></span> <span class='ocrx_word' id='word_1_855' title='bbox 1033 5810 1073 5841; x_wconf 77' lang='grc'><strong>³⁸</strong></span> <span class='ocrx_word' id='word_1_856' title='bbox 1110 5809 1184 5863; x_wconf 90' lang='lat' dir='ltr'><strong>De</strong></span> <span class='ocrx_word' id='word_1_857' title='bbox 1227 5823 1417 5876; x_wconf 84' lang='lat' dir='ltr'><strong>pracsc.</strong></span> <span class='ocrx_word' id='word_1_858' title='bbox 1458 5824 1508 5863; x_wconf 92' lang='lat' dir='ltr'><strong>c.</strong></span> <span class='ocrx_word' id='word_1_859' title='bbox 1542 5808 1630 5862; x_wconf 76' lang='lat'><strong>30.</strong></span> <span class='ocrx_word' id='word_1_860' title='bbox 1729 5806 1773 5837; x_wconf 84' lang='grc'><strong>⁸³</strong></span> <span class='ocrx_word' id='word_1_861' title='bbox 1806 5805 1923 5861; x_wconf 85' lang='lat' dir='ltr'><strong>Lib.</strong></span> <span class='ocrx_word' id='word_1_862' title='bbox 1959 5822 2041 5869; x_wconf 86' lang='grc' dir='ltr'><strong>ιιι,</strong></span> <span class='ocrx_word' id='word_1_863' title='bbox 2073 5824 2124 5861; x_wconf 85' lang='lat' dir='ltr'><strong>c.</strong></span> <span class='ocrx_word' id='word_1_864' title='bbox 2156 5808 2208 5865; x_wconf 74' lang='grc'><strong>4.</strong></span> <span class='ocrx_word' id='word_1_865' title='bbox 2245 5822 2299 5857; x_wconf 88' lang='grc' dir='ltr'><strong>ιι.</strong></span> <span class='ocrx_word' id='word_1_866' title='bbox 2332 5805 2384 5861; x_wconf 76' lang='grc'><strong>5.</strong></span> 
     </span>
    </p>
   </div>
  </div>
