4180 6332
769 401 876 459 155

1581 388 2173 451 DlSSERTATlONES
2203 386 2508 444 PBEVLE
2542 386 2607 442 IN
2641 384 2898 444 lRENEl
2936 382 3184 442 LIBROS

765 527 929 588 ciens,
963 523 1040 579 sic
1069 520 1479 581 consummavit,
1508 516 1665 572 modo
1719 516 1929 585 quidem
1988 512 2212 566 latenter
2247 513 2339 566 do—
2372 515 2418 572 Α
2446 526 2475 565 a
2503 509 2754 565 Cerdone
2779 505 3044 562 traditum
3079 511 3371 576 acceperat
3399 503 3640 559 Marcion
3668 518 3683 568 ;
3727 501 3822 556 ille
3849 515 4002 567 vero,

765 633 908 683 cens,
933 617 1086 671 modo
1111 631 1229 671 vero
1253 611 1674 683 echomologesin
1702 609 1926 680 faciens,
1949 606 2102 662 modo
2129 621 2246 660 vero
2270 603 2334 656 ab

764 708 1029 778 aliquibus
1057 714 1333 761 traductus
1360 706 1413 758 in
1451 706 1530 757 Itis
1559 719 1675 769 qua?
1701 701 1920 755 docebat
1945 699 2103 763 male,
2135 707 2182 751 et
2206 699 2331 759 abs-

765 809 934 852 tentus
963 807 1038 852 est
1067 816 1099 852 a
1137 797 1502 866 religiosorum
1542 795 1810 848 hominum
1857 800 2150 856 conventu,-
2181 799 2232 842 at
2281 788 2334 840 in

767 887 1117 944 Valentinum
1143 898 1197 944 et
1231 887 1560 942 Marcionem
1590 899 1933 953 nequaquam
1975 882 2333 936 conveniunt.

763 982 895 1047 Quae
939 982 1050 1051 jam
1085 995 1148 1034 ea
1181 981 1248 1037 de
1285 994 1344 1033 re
1369 979 1436 1033 ad
1473 976 1746 1031 Valentini
1781 976 2030 1029 hmresim
2072 975 2334 1037 diximus,

763 1073 854 1127 hic
885 1080 1130 1140 repetere
1157 1070 1290 1125 nihil
1320 1070 1500 1140 juvat;
1548 1069 1642 1122 sed
1684 1065 2013 1121 Marcionem
2044 1084 2217 1138 usque
2266 1073 2334 1128 ad

762 1162 1068 1218 Eleutherii
1110 1170 1356 1230 tempora
1384 1161 1550 1214 vitam
1577 1173 1901 1229 prorogasse
1932 1174 2039 1213 non
2085 1161 2334 1217 credide-

761 1255 901 1320 rim;
936 1253 987 1307 id
1017 1252 1164 1307 enim
1195 1268 1303 1308 non
1325 1253 1565 1308 siluisset
1594 1252 1828 1307 lrenreus
1857 1252 1950 1321 qui
1983 1262 2110 1307 tunc
2133 1253 2332 1309 librum

762 1361 923 1402 suum
981 1345 1204 1400 tertium
1251 1345 1550 1400 scribebat.
1587 1336 1720 1401 Cum
1768 1344 1937 1415 igitur
1989 1346 2138 1401 illum
2188 1348 2333 1401 inua-

761 1438 925 1493 luisse
947 1439 1041 1492 sub
1066 1439 1284 1492 Aniceto
1315 1439 1515 1494 ibidem
1561 1447 1793 1503 asserat,
1828 1454 1927 1494 nec
1955 1439 2125 1509 ipsius
2173 1441 2330 1509 quasi

766 1541 882 1585 tum
921 1530 1158 1585 viventis
1213 1530 1549 1595 meminerit,
1593 1531 1907 1601 significare
1953 1532 2170 1588 videtur
2215 1531 2328 1601 jam

759 1623 861 1679 sub
890 1623 1116 1678 Aniceto
1146 1623 1359 1676 vivendi
1397 1623 1562 1678 linem
1590 1616 1809 1680 fecisse.
1861 1623 2064 1679 Deinde
2100 1639 2204 1678 non
2233 1624 2332 1679 ob-

760 1729 922 1770 scure
973 1714 1148 1768 innuit
1199 1713 1587 1781 Tertullianus,
1651 1714 1980 1770 Marcionem
2036 1713 2223 1768 taudiu
2274 1717 2328 1766 in

757 1805 1072 1864 catholicam
1142 1805 1438 1860 doctrinam
1495 1806 1781 1861 credidisse
1832 1805 1973 1874 apud
2033 1805 2327 1860 Ecclesium

754 1894 1162 1960 Romanensem,
1202 1897 1366 1950 donec
1398 1898 1493 1952 sub
1536 1898 1835 1965 episcopatu
1863 1897 2151 1951 Eleutherii
2181 1899 2331 1952 bene-

757 1987 888 2042 dicti
911 1988 1192 2041 novissime
1221 1989 1276 2042 in
1309 2001 1612 2057 perpetuum
1638 1989 1918 2043 discidium
1941 1990 2224 2058 relegatus,
2255 2007 2331 2044 ve-

756 2094 893 2131 nena
920 2079 1174 2133 doctrinae
1222 2068 1342 2133 sure
1368 2082 1834 2146 disseminauerit;
1877 2090 1932 2134 et
1964 2089 2145 2135 tamen
2184 2081 2328 2135 hunc

754 2182 900 2236 saepe
926 2178 1088 2223 vocat
1111 2171 1432 2224 harreticum
1464 2164 1822 2226 Antoniniani
1861 2173 2138 2240 temporis,
2174 2171 2328 2241 cujus

754 2257 980 2313 haeresis
1005 2259 1282 2315 Antonino
1315 2260 1618 2330 imperante
1651 2263 1953 2332 prodierit;
1991 2277 2109 2331 quae
2140 2278 2323 2317 secum

753 2361 941 2414 aperte
987 2359 1232 2419 pugnant
1271 2366 1434 2406 :nam
1464 2351 1723 2404 Antonini
1748 2352 1827 2405 Pii
1856 2367 2003 2406 mors
2028 2353 2187 2407 annis
2223 2353 2326 2405 sal-

753 2442 1298 2510 temquatuordecim
1320 2444 1600 2509 praevertit
1631 2443 1925 2497 Eleutherii
1961 2445 2321 2513 episcopatui.

751 2531 823 2586 Et
868 2533 960 2601 qui
1005 2533 1049 2586 is
1091 2534 1394 2588 catholicus
1426 2549 1598 2603 usque
1629 2535 1694 2588 ad
1721 2535 2085 2589 Eleutherium
2123 2537 2325 2591 vixisse

749 2625 950 2694 potuit,
979 2626 1073 2693 qui
1110 2625 1219 2693 jam
1261 2636 1378 2692 post
1415 2625 1610 2696 Hygini
1647 2636 1877 2680 mortem
1911 2642 1938 2678 a
1978 2627 2083 2681 ﬁde
2113 2628 2324 2682 defece-

750 2724 859 2778 rat,
885 2717 1255 2771 invalescebat
1283 2732 1413 2772 vero
1447 2719 1546 2774 sub
1593 2719 1861 2773 Aniceto?
1918 2719 2160 2790 Denique
2213 2731 2321 2774 tota

749 2806 865 2862 haec
895 2805 1216 2864 Tertulliani
1244 2811 1487 2865 narratio
1523 2811 1588 2864 de
1625 2810 1839 2865 iteratis
1871 2813 2132 2879 lapsibus,
2161 2829 2321 2882 repe-

750 2899 962 2969 titaque
1015 2900 1311 2954 Marcionis
1344 2903 1690 2969 ptenitentia,
1734 2904 2015 2957 conciliari
2046 2903 2197 2958 nulla
2234 2921 2323 2957 ra-

749 2989 901 3046 tione
954 3003 1133 3062 potest
1158 3009 1279 3047 cum
1333 2995 1402 3048 iis
1432 3011 1551 3063 qua:
1584 2996 1675 3049 alii
1723 3011 1911 3051 omnes
1957 2998 2318 3068 scripserunt,

740 3083 898 3136 illum
922 3099 1017 3154 Spe
1041 3087 1445 3140 communionis
1469 3087 1734 3152 dejectmn
1768 3089 1952 3144 Statim
1984 3091 2036 3143 in
2059 3090 2320 3145 Cerdonis

744 3186 928 3230 castra
971 3179 1306 3244 convolasse,
1346 3194 1409 3233 ac
1450 3181 1709 3251 deinceps
1739 3183 1995 3236 mundum
2036 3183 2317 3237 erroribus
2345 3213 2387 3270 Ο

744 3266 970 3322 inlicere
996 3283 1101 3321 non
1127 3270 1420 3324 destitisse.
1465 3271 1531 3325 Et
1563 3274 1796 3327 absurda
1829 3289 2059 3344 prorsus
2093 3274 2314 3328 videtur

743 3372 808 3412 ea
832 3359 1028 3413 oblatae
1054 3360 1310 3416 Μιξνοὶοηὶ
1345 3366 1493 3430 pacis
1517 3366 1779 3430 conditio,
1801 3369 1845 3419 si
1873 3376 2091 3421 cwteros
2111 3383 2316 3436 quoque

741 3465 873 3521 quos
900 3453 1185 3518 perditioni
1201 3457 1476 3520 erudisset,
1510 3457 1761 3513 Ecclesia:
1785 3462 2100 3514 restitueret.
2130 3459 2317 3527 Neque

741 3543 886 3596 enim
916 3543 1174 3599 Marciani
1216 3549 1483 3616 integrum
1516 3551 1690 3604 adhuc
1721 3561 1862 3616 erat,
1899 3563 2011 3606 toto
2043 3553 2174 3607 orbe
2205 3553 2314 3619 jam

743 3637 1032 3690 erroribus
1065 3638 1290 3703 imbuto,
1324 3648 1529 3694 tantam
1581 3643 1861 3696 hominum
1914 3643 2313 3696 multitudinem

743 3742 810 3782 ex
840 3729 1092 3784 omnibus
1135 3731 1320 3784 mundi
1371 3735 1619 3795 partibus
1664 3734 1941 3803 colligere,
1968 3744 2023 3788 et
2058 3733 2316 3787 Ecclesia:

744 3821 1064 3876 restituere.
1139 3822 1324 3891 Itaque
1377 3823 1748 3879 Tertullianus
1798 3827 2060 3880 memoria
2123 3826 2314 3896 lapsus

742 3911 1070 3967 Marcionem
1098 3931 1195 3984 pro
1221 3917 1490 3980 Cerdone,
1541 3919 1867 3987 discipulum
1917 3934 2012 3986 pro
2059 3922 2315 3988 magistro

743 4008 1028 4074 scripserit
1065 4023 1288 4062 necesse
1323 4020 1426 4066 est.

813 4100 937 4153 158.
969 4101 1301 4156 Marcionem
1339 4103 1535 4158 Stoicae
1565 4104 1920 4173 philosorihiae
1966 4109 2310 4175 potissimum

739 4192 1041 4258 studuisse,
1093 4202 1147 4248 et
1197 4205 1308 4246 tum
1349 4195 1416 4247 ab
1443 4210 1529 4260 ea,
1566 4205 1675 4249 tum
1711 4196 1877 4249 etiam
1924 4199 1990 4251 ab
2045 4199 2311 4268 Epicurea

738 4293 989 4333 errorum
1039 4293 1355 4351 argumenta
1388 4287 1611 4354 petiisse
1657 4288 1823 4341 tradit
1848 4289 2216 4344 Tertullianus
2244 4292 2309 4344 ³³.

737 4369 988 4426 Clemens
1036 4384 1214 4427 autem
1252 4378 1656 4431 Alexandrinus
1695 4390 1877 4434 censet
1909 4381 1954 4411 ³⁵
1988 4381 2309 4435 Marcionem

736 4475 1072 4519 externorum
1123 4468 1521 4538 alienorumque
1547 4472 1852 4539 dogmatum
1889 4476 2192 4527 occasiones
2225 4475 2310 4527 in-

2443 611 2502 656 ut
2525 600 2778 672 superius
2836 597 3274 663 observavimus,
3320 597 3390 653 ab
3440 597 3564 652 aliis
3615 596 3911 662 Gnosticis,
3973 611 4000 648 a

2439 693 2641 758 quibus
2682 691 2870 747 verbis
2894 699 3131 757 tantum,
3175 704 3284 745 non
3319 690 3483 744 rebus
3511 688 3882 759 discrepabat.
3937 686 4004 744 Et

2441 785 2567 839 hinc
2597 782 2894 854 Gregorius
2940 781 3318 837 Nazianzenus
3348 780 3417 847 ³⁸,
3441 787 3497 836 et
3541 789 3662 851 post
3699 795 3823 836 eum
3855 779 4004 834 Eliss

2436 875 2737 939 Cretensis,
2770 873 3029 929 Marciani
3085 872 3275 928 tribuit
3325 870 3564 927 Simonis
3594 871 3757 943 Magi,
3788 880 4006 926 cetera

2439 984 2664 1037 rumque
2711 966 3096 1024 Gnosticorum
3148 965 3367 1029 delirla,
3427 964 3662 1036 Bythum
3723 963 4003 1027 videlicet,

2439 1040 2622 1131 Sigeo,
2658 1075 2764 1114 uno
2813 1059 2981 1114 verbo
3038 1059 3260 1130 triginta
3291 1057 3567 1113 Valentini
3619 1054 3849 1111 Ationes.
3898 1055 4006 1110 Nec

2437 1153 2710 1208 immerito
2739 1168 2752 1204 :
2782 1151 3021 1208 lrenaeus
3051 1152 3096 1183 ³⁸
3129 1152 3397 1221 siquidem
3431 1166 3554 1206 eum
3585 1157 3835 1205 recenset
3864 1149 4006 1203 inter

2438 1243 2582 1311 illos,
2606 1245 2697 1311 qui
2744 1244 2838 1299 Dei
2865 1243 3010 1315 Lago
3044 1245 3252 1298 tertiam
3281 1244 3630 1314 prolationem
3661 1258 3694 1294 a
3726 1239 3892 1294 Patre
3915 1239 4012 1292 do—

2435 1337 2654 1403 nabant,
2687 1337 2827 1391 unde
2884 1349 2930 1391 et
2977 1337 3191 1407 ignorat
3235 1334 3655 1406 magnitudinem
3702 1333 3856 1403 ejus;
3896 1333 4011 1402 qui-

2434 1446 2538 1502 que
2560 1446 2717 1500 porro
2763 1440 2809 1484 et
2853 1431 3005 1500 longe
3050 1431 3231 1501 Logon
3281 1448 3313 1484 a
3356 1431 3466 1485 Deo
3497 1431 3835 1499 separabant,
3860 1439 3909 1485 et
3944 1446 4008 1484 es;

2433 1521 2742 1591 cogitatione
2763 1532 2810 1576 et
2839 1537 2994 1575 sensu
3015 1561 3030 1584 ,
3061 1523 3117 1575 id
3149 1531 3223 1576 est
3249 1522 3456 1577 Ennma
3485 1530 3539 1576 et
3561 1521 3644 1575 Nu
3668 1520 3839 1575 emitti
3871 1520 4011 1574 dice-

2432 1613 2605 1668 bant:
2640 1609 2735 1681 qui
2788 1613 3122 1683 garriebant,
3173 1629 3444 1669 summum
3483 1615 3650 1668 Deum
3701 1613 3744 1645 "
3771 1621 3921 1667 extra
3952 1628 4009 1666 se

2433 1706 2621 1759 habere
2650 1706 2927 1774 subjacens
2973 1705 3200 1776 aliquid,
3243 1705 3382 1776 quod
3421 1721 3645 1759 vacuum
3686 1713 3735 1760 et
3763 1704 4005 1758 umbram

2431 1806 2636 1862 uocant,
2684 1797 2740 1850 in
2789 1813 2891 1866 quo
2920 1796 3240 1866 fabricatum
3280 1806 3354 1851 est
3398 1798 3495 1850 hoc
3521 1794 3660 1866 quod
3685 1806 3758 1850 est
3791 1793 4012 1849 Univer-

2432 1905 2572 1952 sum,
2603 1886 2746 1957 infra
2776 1887 3015 1957 spiritale
3048 1887 3300 1942 Pleroma
3345 1908 3367 1946 :
3405 1890 3694 1942 secundum
3730 1904 3860 1957 quos
3894 1900 4009 1940 erat

2430 1988 2477 2032 et
2504 1977 2654 2030 aliud
2680 1980 2829 2048 quid,
2846 1980 2984 2048 quod
3007 1979 3214 2048 quidem
3231 1990 3379 2034 extra
3402 1979 3651 2035 Pleroma
3672 1996 3784 2034 esse
3804 1980 4006 2045 dicunt,

2430 2068 2486 2120 in
2507 2068 2645 2137 quod
2668 2079 2715 2121 et
2744 2071 3069 2138 superiOrem
3096 2074 3380 2126 erraticam
3407 2074 3646 2126 virtutem
3670 2073 4009 2127 descendisse

2428 2160 2715 2228 opinantur
2745 2173 2763 2211 :
2796 2162 2886 2229 qui
2915 2162 3147 2230 denique
3174 2165 3418 2217 nituntur
3448 2165 3635 2219 docere
3662 2182 3816 2233 super
3847 2165 4011 2233 fabri-

2428 2261 2654 2306 catorem
2679 2253 2793 2306 caeli
2815 2262 2864 2306 et
2889 2264 3041 2308 terra:
3068 2271 3178 2308 esse
3197 2256 3414 2318 aliquod
3441 2256 3688 2310 Pleroma
3705 2267 3796 2311 aut
3814 2256 4009 2310 Deum.

2426 2343 2554 2409 Quae
2578 2346 2758 2399 omnia
2779 2362 2900 2400 cum
2933 2350 3042 2402 sint
3074 2348 3345 2417 ipsissima
3364 2349 3639 2404 Valentini
3667 2358 4009 2413 commenta,

2426 2438 2718 2492 manifeste
2762 2440 3142 2495 detuonStrant
3192 2441 3551 2507 Marcionem,
3582 2444 3672 2514 qui
3712 2443 4005 2498 Valentino

2426 2544 2659 2593 coaevus,
2689 2529 2852 2599 paulo
2880 2534 3158 2601 posterior
3189 2544 3368 2589 tamen
3400 2534 3524 2601 fuit,
3559 2545 3729 2590 totam
3768 2535 4009 2591 Valenti-

2425 2619 2571 2672 niani
2603 2624 2920 2690 systetnatis
2951 2623 3189 2678 fabulam
3221 2626 3606 2695 ingeminasse.
3642 2627 3798 2694 Quod
3835 2627 4006 2681 etiam

2423 2727 2488 2765 ex
2519 2712 2585 2766 iis
2612 2721 2762 2780 patet
2809 2729 2928 2782 qua:
2971 2715 3062 2768 alii
3095 2725 3347 2772 auctores
3392 2717 3654 2773 Marciani
3691 2720 4005 2773 ascribunt.

2425 2803 2533 2857 Sua
2579 2813 2720 2867 erat,
2769 2802 3113 2862 Tertulliano
3171 2817 3307 2862 teste
3336 2809 3405 2873 ³⁸,
3443 2825 3656 2864 summo
3707 2826 3803 2865 seu
3863 2812 4006 2865 bono

2424 2894 2718 2948 Marcionis
2738 2895 2846 2950 Deo
2871 2899 3122 2965 conditio,
3154 2909 3202 2953 et
3231 2917 3358 2954 suus
3388 2902 3637 2966 mundus,
3663 2912 3708 2955 et
3734 2918 3887 2955 suum
3913 2917 4003 2956 cte-

2421 2986 2567 3052 lum;
2619 2993 2853 3044 mundus
2886 3001 3073 3046 nostro
3122 2995 3368 3060 superior
3407 3003 3460 3046 et
3493 3010 3650 3060 super
3679 2991 4006 3048 Creatorem.

2422 3079 2726 3136 Creatorem
2752 3085 2804 3135 in
2834 3083 2948 3137 loco
2977 3084 3123 3153 fecit,
3149 3086 3328 3153 utique
3358 3085 3538 3138 eadem
3561 3086 3862 3138 conditione
3891 3101 4007 3138 cen-

2420 3175 2604 3239 sendo,
2646 3185 2694 3227 et
2741 3176 3018 3229 materiam
3067 3178 3114 3230 ei
3167 3177 3413 3246 subjecit.
3471 3177 3690 3232 Clarius
3728 3177 4001 3236 Valentini

2420 3266 2688 3330 Pleroma,
2719 3267 3071 3336 ejusdemque
3097 3268 3426 3339 Demiurgus
3458 3269 3730 3338 designari
3763 3286 3869 3324 non
3915 3286 4006 3340 po-

2422 3368 2583 3413 terat.
2615 3359 2910 3429 Dionysius
2939 3361 3338 3416 Alexandrinus
3367 3364 3506 3431 apud
3543 3363 3900 3416 Athanasium
3931 3361 4003 3431 ”,

2420 3459 2474 3503 et
2501 3457 2622 3518 post
2652 3463 2773 3502 eum
2803 3448 3042 3520 Cyrillus
3062 3449 3585 3524 llierosolytnitanus
3601 3455 3648 3491 ⁸ο
3671 3462 3724 3507 et
3761 3453 3999 3522 Epipha-

2421 3543 2548 3598 nius
2585 3543 2629 3574 ⁸¹
2675 3553 3015 3609 asseverant,
3040 3543 3373 3600 Marcionem
3411 3547 3514 3600 tria
3548 3547 3820 3614 principia
3873 3561 4006 3601 con-

2420 3634 2700 3700 stituisse;
2759 3635 2946 3708 [LXX]
3016 3652 3246 3706 quorum
3308 3654 3474 3691 unum
3531 3639 3601 3692 sit
3652 3654 4000 3708 supremum.

2419 3728 2560 3794 quod
2595 3742 2768 3794 neque
2823 3729 3039 3781 nomine
3067 3728 3482 3795 comprehendi,
3521 3745 3694 3800 neque
3726 3731 3842 3784 visu
3876 3746 4005 3801 pet~

2419 3820 2525 3887 cipi
2557 3822 2752 3887 possit,
2789 3837 2949 3889 quem
2981 3832 3033 3875 et
3077 3823 3276 3877 bonum
3312 3821 3475 3876 Deum
3508 3824 3765 3892 appellat,
3811 3840 3838 3876 a
3885 3841 3997 3896 quo

2420 3911 2554 3964 nihil
2587 3913 2658 3965 sit
2689 3928 2877 3966 eorum
2901 3929 3022 3982 quae
3056 3915 3106 3967 in
3143 3917 3345 3969 mundo
3373 3927 3523 3979 sunt,
3564 3916 3879 3983 conditum;
3914 3919 3998 3971 al-

2417 4009 2592 4053 terum
2631 4017 2759 4055 vero
2789 4003 2957 4056 Deum
2983 4005 3111 4057 dicit
3138 4019 3263 4058 esse
3297 4006 3682 4072 aspectabilem
3740 4022 3803 4059 ac
3845 4022 4000 4060 crea-

2418 4104 2620 4161 torem;
2682 4099 2901 4150 tertium
2965 4097 3198 4165 denique
3269 4097 3546 4150 diabolum
3603 4099 3747 4151 inter
3806 4100 3999 4153 ambos

2418 4189 2558 4246 illos,
2590 4189 2974 4256 aspectabilem
2999 4191 3226 4255 scilicet,
3251 4200 3303 4243 et
3335 4205 3458 4244 eum
3484 4192 3572 4260 qui
3594 4192 3759 4260 aspici
3785 4193 3995 4260 nequit,

2419 4281 2757 4348 interiectum
2790 4298 2802 4345 ;
2842 4297 2906 4335 ex
2939 4284 3026 4346 iis,
3061 4284 3151 4350 qui
3187 4294 3402 4336 creator
3427 4293 3509 4336 est
3531 4297 3582 4337 et
3613 4286 3815 4352 Opil'ex,
3847 4287 3998 4340 vide-

2415 4376 2568 4442 rique
2599 4381 2794 4441 potest,
2858 4371 3171 4427 Iudaeorum
3219 4387 3336 4427 esse
3388 4375 3576 4439 Deum,
3631 4377 3995 4442 eumdemque

2411 4464 2654 4532 iudicem
2690 4480 2700 4514 :
2737 4465 2938 4517 bonum
2987 4464 3154 4518 Deum
3191 4464 3364 4533 (addit
3392 4476 3584 4518 auctor
3616 4465 3829 4534 Dialogi
3862 4482 3997 4520 con-

733 4566 881 4624 grate
910 4569 954 4608 et
979 4558 1185 4612 indocte
1216 4562 1477 4625 accepisse
1505 4579 1534 4613 α
1563 4561 1811 4616 Platone,
1849 4564 1957 4617 Sed
2003 4568 2309 4634 praecipuus
2345 4554 2387 4608 D
2422 4565 2498 4610 tra
2546 4556 2920 4620 Mat'cionitas,
2971 4554 3190 4624 Origeui
3253 4556 3391 4610 falso
3441 4557 3687 4624 ascripti)
3721 4558 3992 4624 imperare

735 4645 880 4699 illius
906 4665 1079 4712 error,
1109 4662 1269 4719 caput
1295 4663 1635 4717 czeterorum,
1666 4656 1728 4708 de
1757 4656 1955 4724 duplici
1988 4658 2306 4715 Deo.altero

732 4738 877 4793 bono
909 4750 961 4789 et
988 4738 1190 4791 Christi
1222 4740 1400 4807 Patre,
1442 4743 1614 4796 altero
1649 4745 1849 4798 veteris
1901 4747 2034 4818 legis
2082 4759 2304 4803 auctore

737 4839 794 4885 et
824 4828 1089 4881 malorum
1116 4830 1394 4898 eﬂectore,
1423 4832 1575 4888 ﬂuxit
1607 4845 1718 4889 tum
1745 4852 1772 4889 a
1792 4837 2036 4892 doctrina
2059 4839 2303 4895 Platonis

731 4922 823 4991 qui
851 4924 1032 4974 mundi
1071 4926 1407 4980 conditorem
1462 4942 1490 4979 a
1529 4943 1784 4997 supremo
1831 4930 1939 4984 Deo
1993 4932 2301 5003 distinguit,

729 5022 786 5065 ut
818 5014 943 5067 alibi
971 5017 1349 5084 ostendimus;
1403 5019 1643 5088 duasque
1695 5021 1883 5075 mundi
1914 5026 2124 5079 animas
2152 5044 2300 5081 com-

728 5106 1038 5159 miniscitur
1085 5107 1182 5163 lib.
1228 5125 1260 5162 ι
1309 5110 1385 5163 De
1414 5114 1596 5180 legib..
1640 5115 1943 5172 beneficam
1973 5119 2200 5182 scilicet,
2249 5130 2302 5174 et

728 5212 847 5251 eam
886 5214 1005 5267 qua:
1031 5211 1208 5269 potest
1234 5201 1450 5258 ellicere
1484 5210 1756 5260 contraria
1787 5227 1800 5274 ;
1844 5219 1955 5263 tum
1992 5214 2227 5266 maxime
2271 5230 2299 5267 a

726 5293 1087 5345 vetustiorum
1119 5293 1332 5347 illorum
1361 5297 1805 5368 philosophorum
1841 5302 2113 5371 Opinione,
2146 5321 2174 5357 a
2213 5321 2302 5359 no-

727 5379 808 5437 bis
839 5381 1117 5438 Plutarchi
1151 5387 1333 5442 verbis
1359 5389 1652 5458 explicata,
1692 5395 1958 5462 duplicem
1993 5376 2159 5451 Deum
2194 5400 2296 5450 lin-

728 5477 991 5547 gentium,
1027 5479 1257 5532 alterum
1288 5482 1487 5537 bonum
1514 5496 1567 5538 et
1593 5486 1880 5552 bonorum,
1923 5489 2153 5543 alterum
2191 5506 2300 5542 ina-

730 5568 835 5622 Ium
870 5579 923 5622 et
953 5570 1217 5624 malorum
1243 5571 1578 5631 eﬂectorem.
1617 5577 1768 5632 llunc
1795 5581 2014 5648 quidem
2045 5595 2289 5636 errorem

799 5707 842 5739 ³³
873 5709 946 5762 De
978 5727 1191 5778 pnesc.,
1223 5729 1271 5768 c.
1305 5716 1333 5765 7
1370 5726 1420 5769 et
1453 5719 1540 5781 30,
1570 5731 1621 5771 et.
1658 5720 1693 5772 l.
1735 5739 1762 5772 ν
1819 5734 1962 5776 cont.
1999 5724 2189 5790 .\larc.,
2227 5740 2277 5775 τ’.
2319 5726 2336 5776 l

799 5787 870 5833 et.
906 5782 954 5833 in
982 5795 1119 5837 orat.
1148 5786 1239 5837 :23.
1317 5784 1360 5816 ⁸⁵
1395 5788 1511 5843 Lib.
1547 5807 1602 5850 ll,
1635 5809 1751 5850 «an.
1783 5794 1870 5850 23,
1908 5811 1960 5849 η.
1995 5796 2047 5850 5,
2082 5796 2132 5848 ti.
2215 5795 2254 5824 ³⁷
2291 5796 2338 5850 ld

2486 5722 2530 5753 ³⁸
2570 5722 2624 5774 L.
2667 5738 2722 5775 lli
2783 5717 3012 5782 Strom..
3042 5736 3097 5788 p.
3127 5719 3254 5772 454.

2427 5811 2477 5848 c.
2516 5795 2565 5850 l.
2604 5811 2655 5847 n.
2700 5794 2753 5850 5.
2786 5793 2843 5846 4.
2924 5793 2967 5822 ³⁸
2997 5792 3102 5845 L.t
3164 5806 3246 5843 eo:

2353 5836 2390 5857 .,
2427 5811 2477 5848 ς.
2516 5807 2565 5855 ‘l,
2604 5811 2655 5847 n.
2700 5807 2753 5858 ο,
2786 5807 2843 5846 s.

1189 5786 1214 5800 ὀ

723 5778 870 5863 (ξι-ει.
906 5782 1119 5863 in‘ot‘at.
1266 5784 1360 5863 __”
1395 5778 1602 5850 Libuit,
1635 5809 1751 5858 «ap.
1783 5794 1870 5853 23,
1908 5811 1960 5849 η.
1995 5796 2047 5858 5,
2082 5796 2132 5863 ti,

727 5849 928 5905 deerat.
967 5851 1077 5908 Nic.
1178 5858 1220 5886 ὀ
1266 5856 1403 5911 Hatr.
1445 5876 1569 5927 XLII,
1609 5861 1636 5933 ς
1672 5849 1721 5916 ζ’).
1823 5849 1868 5894 ’ί
1896 5849 2120 5921 (uncia;
2152 5865 2237 5918 l6.

2339 5869 2380 5898 δ’
2415 5866 2552 5919 llaer.
2583 5865 2671 5920 2‘3.

2416 4650 2744 4706 Christianis
2778 4667 2790 4714 ;
2840 4650 3114 4703 diabolum
3155 4649 3470 4719 gentilibus.
3515 4649 3610 4703 llis
3641 4651 3788 4703 addit
3823 4651 3995 4706 Theo-

2414 4745 2638 4798 doretus
2667 4743 2952 4796 materiam
2989 4758 3108 4809 qua:
3143 4742 3280 4795 mala
3312 4745 3406 4807 sit,
3437 4752 3493 4796 et
3522 4744 3609 4796 alii
3632 4744 3772 4796 malo
3792 4746 3988 4807 subsit,

2415 4851 2663 4904 quaeque,
2716 4833 3048 4887 Tertulliano
3104 4844 3259 4900 teste,
3291 4843 3495 4887 aeterna
3544 4836 3613 4888 sit
3657 4845 3709 4888 et
3761 4836 3983 4890 infecta.

2415 4927 2675 4993 Quamvis
2704 4927 2967 4989 Justinus,
2991 4926 3250 4991 lrenaeus,
3287 4936 3339 4980 et
3366 4926 3591 4980 Rhodon
3632 4929 3774 4996 apud
3821 4927 3988 4981 Euse-

2412 5019 2581 5088 bium,
2612 5023 2840 5075 duorum
2880 5030 3090 5074 tantum
3120 5019 3414 5073 Marci0nis
3451 5023 3672 5073 deorum
3701 5035 3792 5072 seu
3832 5022 3976 5088 prin-

2414 5116 2702 5183 cipiorum,
2756 5114 2899 5166 tertii
2953 5128 3019 5166 ne
3071 5112 3232 5165 verbo
3287 5113 3527 5179 quidem,
3594 5112 3980 5174 meminerint;

2413 5208 2521 5260 imo
2571 5207 2636 5260 ab
2687 5220 2875 5259 errore
2919 5204 3145 5272 triplicis
3199 5204 3514 5260 Divinitatis
3566 5206 3906 5274 Augustinus
3937 5205 3980 5237 δ’

2405 5301 2734 5354 Marcionem
2806 5297 3084 5364 absolvat;
3151 5299 3379 5353 Rhodon
3430 5298 3474 5328 "
3529 5300 3760 5368 primum
3821 5300 3979 5368 hujus

2403 5401 2678 5444 auctorem
2746 5389 2910 5442 fuisse
2984 5388 3234 5458 Syneron
3293 5389 3588 5443 Marcionis
3650 5389 3979 5456 discipulum

2400 5483 2635 5548 scribat;
2676 5483 2806 5535 nihil
2839 5493 3105 5550 repugnat
3138 5481 3466 5537 Marcionem
3501 5481 3773 5535 Valentini
3809 5483 3980 5535 vesti-

2401 5576 2887 5643 giisinsistentem,
2915 5585 3110 5642 praeter
3132 5591 3404 5628 summum
3430 5575 3598 5629 Deum
3627 5574 3977 5638 invisibilem,

3339 5719 3378 5748 aa
3412 5718 3563 5772 Orat.
3593 5716 3663 5769 E25
3691 5726 3742 5768 et
3771 5716 3857 5770 4i.
3893 5716 3976 5771 ΕΙ.

3345 5788 3536 5843 Mure.
3573 5805 3619 5839 C.
3659 5788 3740 5839 15.
3825 5788 3866 5818 ³⁸
3903 5788 3981 5843 Di

2924 5793 2967 5822 ³⁸
2997 5792 3055 5844 L.
3089 5808 3102 5845 t
3145 5799 3312 5857 cont.
3345 5788 3536 5852 Mare,
3573 5805 3619 5839 (τ,
3659 5788 3740 5839 lii.

2754 5865 2798 5895 "
2826 5865 2977 5931 Apud
3033 5863 3250 5926 Euseb.,
3298 5863 3329 5913 l.
3364 5875 3414 5922 v,
3445 5873 3490 5912 (τ.
3534 5859 3627 5912 l5.
