4180 6332
245 393 340 450 157

939 389 1395 448 DISSERTATIO
1434 390 1476 456 ι,
1517 390 1679 447 ART.
1713 389 1803 456 111,
1837 390 1924 444 DE
1958 390 2332 448 νΑιΕΝτιΝι
2370 391 2764 450 MAGISTBIS.

3377 396 3482 454 158

242 517 296 563 et
363 506 722 579 Demiurgum
779 506 1030 564 Uuiversi
1100 508 1463 572 conditorem,
1538 508 1809 564 diabolum
1839 509 1882 567 Α
1912 529 2118 583 aperas,
2144 530 2306 584 neque
2348 513 2487 566 mala
2529 511 2716 566 bonas.
2750 509 3029 580 Languens
3055 513 3191 566 enim
3222 513 3394 583 (quod
3428 522 3476 564 et

242 600 499 655 statuisse
527 599 1033 666 Cosmocratorem,
1083 601 1145 656 id
1178 610 1264 656 est
1305 599 1585 656 inferioris
1626 600 1813 656 mundi

243 691 593 763 Principem;
649 703 705 748 et
769 695 1080 758 materiam,
1141 695 1382 749 erratica:
1431 695 1659 760 virtutis,
1718 708 1812 748 seu

243 785 488 854 Sophia,
531 785 618 841 vel
670 786 1061 859 Entbymeseos
1101 787 1503 842 emanationem
1551 795 1811 840 asternam

243 879 448 935 dixisse
496 897 511 934 :
551 894 863 949 quanquam
899 887 1080 934 tamen
1119 895 1222 934 non
1246 887 1479 945 constet,
1512 895 1581 933 an
1622 877 1814 933 Valen-

242 973 386 1027 tinus
405 974 692 1027 materiam
716 983 974 1027 aeternam
1007 986 1129 1028 esse
1159 971 1484 1038 crediderit;
1520 972 1626 1026 imo
1655 971 1811 1041 longe

241 1064 576 1134 probabilius
607 1065 857 1119 videatur
886 1080 1011 1118 eum
1055 1064 1110 1118 in
1145 1073 1390 1134 tempore
1419 1065 1692 1121 conditam
1748 1067 1814 1120 il-

241 1156 344 1210 lam
382 1156 705 1213 amrmasse.
753 1156 820 1211 Et
871 1173 934 1212 ea
975 1158 1189 1212 ratione
1230 1155 1392 1212 facile
1441 1158 1810 1225 consentient,

243 1249 332 1316 qui
384 1249 534 1304 inter
555 1263 614 1303 se
639 1262 883 1319 pugnare
918 1249 1172 1304 videntur
1201 1258 1477 1304 auctores.
1509 1248 1656 1304 Nihil
1683 1265 1812 1320 ergo

243 1338 488 1392 Marcion
527 1354 556 1392 a
591 1339 882 1395 Valentino
927 1339 1217 1395 differebat
1266 1357 1281 1394 :
1330 1349 1560 1410 uterque
1586 1341 1814 1398 docebat

243 1434 374 1486 duos
406 1447 528 1487 esse
561 1431 713 1495 deos,
747 1446 937 1497 nempe
983 1431 1219 1504 Bytbum
1269 1440 1436 1501 caput
1481 1431 1814 1488 Pleromatis

243 1523 528 1592 spiritalis,
585 1535 639 1580 et
691 1524 1037 1593 Demiurgum
1059 1533 1216 1578 extra
1253 1523 1503 1581 Pleroma
1536 1521 1820 1580 illudexsi-

242 1629 495 1676 stentem.
529 1617 639 1673 Hoc
667 1627 869 1672 tantum
895 1617 1156 1674 Marcioni
1187 1619 1465 1689 proprium
1499 1626 1640 1684 erat,
1667 1617 1809 1689 quod

243 1715 354 1781 ipse
389 1715 604 1782 primus
654 1713 1026 1782 Demiurgum,
1060 1713 1175 1766 sive
1223 1713 1408 1767 mundi
1440 1713 1809 1776 conditorem,

242 1817 428 1875 aperta
482 1814 671 1875 petere
713 1805 1051 1876 blasphemia
1105 1821 1270 1860 ausus
1332 1805 1518 1870 fuerit,
1583 1806 1812 1860 dicendo
1844 1845 1886 1904 Β

245 1900 414 1968 ipsum
439 1915 562 1955 esse
601 1901 823 1963 malum,
848 1899 1084 1968 malique
1117 1908 1419 1954 auctorem.
1455 1898 1666 1954 Cerdon
1691 1898 1812 1968 qui-

243 1991 359 2046 dem
403 2008 525 2046 cum
575 1994 744 2048 Deum
791 1993 929 2061 legis
959 2000 1012 2047 et
1048 1992 1434 2061 prophetarum
1465 1992 1661 2046 bonum
1695 2006 1816 2046 esse

244 2085 482 2153 negavit,
512 2085 723 2152 justum
757 2094 936 2140 tamen
970 2084 1250 2140 confessus
1282 2095 1404 2149 est;
1458 2093 1514 2138 at
1551 2084 1812 2151 Marcion,

243 2185 299 2232 ut
327 2193 455 2249 cum
489 2177 690 2231 Irenaeo
719 2178 767 2208 “
793 2178 1004 2246 loquar,
1034 2177 1284 2244 magistri
1313 2178 1605 2231 doctrinam
1631 2178 1818 2230 adam-

242 2266 443 2334 pliavit,
477 2266 742 2321 malorum
775 2268 1047 2335 factorem,
1075 2279 1122 2322 et
1169 2268 1422 2321 bellorum
1448 2270 1818 2336 concupiscem-

244 2371 362 2423 tem,
399 2370 445 2414 et
495 2360 870 2414 inconstantem
898 2377 1097 2431 quoque
1118 2361 1396 2422 sententia,
1422 2370 1471 2414 et
1492 2362 1818 2414 contrarium

244 2450 337 2505 sibi
364 2453 540 2520 ipsum
588 2452 789 2510 dicens.
827 2453 1191 2507 Valentiniani
1228 2455 1455 2524 quidem
1503 2454 1816 2508 nominibus

247 2544 525 2600 honestius
557 2545 870 2611 utebantur,
905 2555 963 2599 ut
990 2547 1252 2601 observat
1295 2547 1436 2600 idem
1474 2545 1710 2600 lrenaeus
1732 2545 1812 2612 ‘3;

247 2635 411 2692 Deum
463 2638 610 2691 enim
657 2639 928 2692 malorum
977 2637 1296 2692 effectorem
1335 2646 1522 2706 aperte
1565 2637 1814 2706 proﬁteri

247 2728 435 2799 religio
460 2739 604 2783 erat.
645 2729 712 2782 At
755 2738 904 2782 certe
931 2727 1174 2797 ejusdem
1208 2729 1441 2785 sceleris
1491 2736 1609 2783 erat
1650 2731 1815 2782 Deum

245 2822 608 2894 ignorantem,
660 2833 821 2891 atque
856 2823 1023 2877 Deum
1064 2824 1263 2877 malum
1306 2833 1361 2878 et
1394 2822 1660 2877 malorum
1689 2820 1817 2876 eﬂ‘e-

245 2923 448 2970 clorem
481 2925 727 2968 statuere
776 2931 789 2966 ;
843 2914 952 2968 imo
984 2913 1114 2968 illud
1158 2930 1226 2970 eo
1257 2915 1493 2982 gravius,
1527 2929 1632 2983 quo
1664 2916 1816 2983 igno-

246 3008 419 3061 rantia
465 3008 582 3078 ipsa
623 3007 930 3062 refunditur
961 3008 1012 3061 in
1049 3007 1224 3076 ipsum
1261 3022 1569 3076 supremum
1623 3007 1811 3073 Deum,

246 3096 524 3170 Demiurgi
558 3112 780 3153 causam
809 3098 1000 3152 saltem
1030 3109 1321 3162 remotam,
1349 3106 1408 3151 ut
1446 3093 1512 3149 ad
1545 3097 1812 3152 Valentini

248 3190 495 3246 haeresim
545 3189 920 3258 probavimus.
968 3187 1032 3241 Et
1055 3188 1220 3241 Deum
1257 3187 1618 3258 ignorantem,
1669 3203 1812 3241 casco
1841 3224 1882 3280 Ο

248 3282 451 3351 impetu
486 3290 764 3350 agentem,
791 3291 844 3335 et
877 3279 1185 3341 animalem,
1215 3279 1266 3333 id
1306 3288 1388 3333 est
1412 3279 1666 3333 omnibus
1697 3280 1814 3332 ani-

247 3373 312 3427 mi
347 3373 876 3442 perturbationibus,
910 3386 1046 3441 quas
1079 3371 1186 3425 ciet
1224 3372 1494 3440 appetitus
1539 3371 1810 3433 sentiens,

246 3462 536 3517 obnoxium
569 3462 1012 3530 inducere;quid
1043 3460 1186 3514 aliud
1211 3470 1314 3522 est,
1352 3476 1511 3528 quam
1548 3461 1813 3514 malorum

249 3557 512 3618 omnium,
576 3554 777 3621 quibus
834 3550 1198 3606 labefactatur
1254 3553 1427 3618 orbis,
1489 3553 1700 3621 culpam
1763 3554 1813 3605 in

248 3648 417 3718 ipsum
446 3644 736 3701 conferre?
776 3642 950 3705 U—ude,
981 3642 1079 3696 etsi
1114 3641 1286 3710 prima
1313 3640 1494 3696 fronte
1530 3643 1816 3711 impuden-

249 3742 351 3795 tius
396 3740 783 3808 blasphemare
833 3738 1082 3790 videatur
1133 3735 1400 3800 Marcion,
1433 3751 1530 3790 sua
1569 3738 1812 3792 emollire

248 3835 407 3887 verba
468 3830 888 3899 haudquaquam
928 3837 1185 3897 satagens
1244 3845 1258 3880 ι
1313 3844 1416 3882 non
1453 3831 1631 3885 minus
1653 3845 1813 3884 exse-

248 3923 444 3978 cranda
478 3920 760 3977 Valentini
796 3919 1130 3986 blasphemia
1160 3928 1302 3980 erat,
1349 3918 1476 3972 licet
1510 3921 1809 3974 nominibus

248 4013 518 4066 honestius
572 4012 651 4063 uti
703 4011 996 4064 videretur.
1057 4008 1196 4075 Quid
1255 4009 1325 4062 sit
1371 4019 1548 4064 autem
1600 4013 1814 4081 utrique

252 4106 388 4159 Deus
421 4104 534 4167 ille,
563 4117 655 4157 seu
683 4102 964 4173 ignorans,
995 4115 1088 4154 seu
1116 4098 1383 4154 malorum
1411 4100 1655 4166 ell‘ector,
1699 4106 1810 4175 jam

249 4213 349 4253 non
383 4196 554 4252 semel
585 4195 841 4258 diximus,
880 4203 934 4248 et
966 4193 1128 4263 paulo
1158 4199 1283 4244 ante
1311 4190 1376 4242 ad
1400 4193 1663 4251 Cerdonis
1705 4200 1815 4252 lue-

249 4291 408 4345 resim
444 4287 767 4341 iteravimus
797 4303 810 4349 ;
867 4301 1055 4341 merus
1107 4289 1318 4344 scilicet
1344 4287 1613 4356 Angelus;
1650 4302 1810 4356 quem

249 4382 339 4437 Dei
404 4380 564 4435 titulo
603 4394 668 4433 ac
725 4379 944 4433 nomine
1000 4381 1364 4436 cohonestare
1425 4379 1657 4450 placuit;
1719 4378 1812 4433 sed

248 4476 336 4544 qui
373 4488 564 4528 revera
609 4488 638 4525 a
669 4487 798 4527 vero
837 4471 945 4525 Deo
1004 4473 1330 4527 immensum
1361 4472 1609 4536 distaret,
1643 4484 1695 4525 et
1720 4488 1812 4524 ea-

1917 623 2056 662 nunc
2077 607 2250 673 multi,
2275 613 2324 658 et
2350 606 2575 658 maxime
2603 604 2857 673 haeretici)
2889 605 3031 659 circa
3070 607 3202 660 mali
3229 606 3477 676 questio-

1915 716 2061 764 ncm;
2079 700 2221 755 Unde
2249 698 2484 752 malum?
2509 707 2558 751 et
2603 698 2805 753 obtusis
2837 697 3074 752 sensibus
3106 699 3220 767 ipsa
3248 699 3480 752 enormi-

1913 805 2017 848 tate
2047 794 2370 847 curiositatis
2395 792 2655 846 inveniens
2682 791 2984 846 Creatorem
3013 792 3437 861 pronuntiantem
3458 805 3478 844 :

1919 905 1937 938 ι
1969 885 2079 956 Ego
2103 902 2217 940 sum
2258 885 2345 954 qui
2372 887 2538 938 condo
2569 884 2708 938 mala
2740 875 2822 949 ἐξ
2861 904 2880 937 s
2917 891 3114 954 quanto
3139 886 3307 953 ipsum
3342 897 3485 953 pra-

1912 988 2207 1049 sumpserat
2256 977 2386 1031 mali
2430 987 2723 1041 auctorem,
2766 985 2814 1030 et
2858 993 2923 1031 ex
2959 976 3081 1031 aliis
3127 976 3476 1046 argumentis.

1915 1089 2029 1142 qum
2048 1074 2119 1125 ita
2140 1069 2453 1137 persuadent
2489 1084 2728 1138 peruerso
2759 1069 2980 1138 cuique;
3009 1076 3159 1122 tanta
3182 1068 3236 1120 in
3259 1062 3479 1119 Creato-

1913 1183 2022 1221 rem
2068 1167 2460 1230 interpretatus,
2510 1167 2706 1218 malam
2760 1166 3002 1218 arborem
3048 1162 3219 1216 malos
3269 1160 3480 1233 fructus

1913 1258 2237 1320 condentem,
2292 1255 2488 1310 scilicet
2535 1255 2697 1322 mala,
2730 1256 2894 1309 alium
2943 1255 3098 1309 deum
3145 1254 3478 1322 praesumpsit

1915 1365 2022 1404 esse
2051 1349 2237 1402 debere
2285 1349 2340 1401 in
2384 1356 2585 1415 portent
2635 1346 2783 1400 bona:
2815 1345 3020 1400 arboris
3069 1345 3230 1399 bonas
3273 1345 3478 1413 fructus

1915 1439 2123 1510 (supple
2167 1439 2516 1507 condentem).
2568 1437 2635 1492 Et
2673 1439 2747 1491 ita
2770 1440 2823 1492 in
2849 1435 3067 1492 Christo
3117 1437 3269 1506 quasi
3314 1437 3479 1490 aliam

1913 1534 2176 1588 inveniens
2209 1534 2605 1603 dispositionem
2635 1519 2804 1586 solius
2833 1541 2879 1585 et
2922 1546 3069 1598 pune
3117 1529 3477 1597 benignitatis,

1913 1637 1969 1680 ut
1999 1628 2216 1682 diversa
2241 1625 2573 1688 a‘Creatore,
2601 1625 2757 1694 facile
2799 1641 2982 1678 novam
3013 1633 3059 1676 et
3103 1623 3361 1691 hospitam
3391 1637 3482 1673 ar-

1912 1730 2246 1792 gumentatus
2276 1731 2350 1776 est
2369 1721 2697 1774 divinitatem
2731 1719 2784 1772 in
2812 1713 3021 1772 Christo
3039 1732 3132 1771 suo
3166 1714 3479 1770 revelatam:

1914 1816 2219 1884 modicoque
2240 1814 2428 1868 exinde
2455 1813 2702 1882 fermento
2732 1820 2889 1865 totam
2913 1811 3034 1878 ﬁdei
3065 1825 3290 1862 massam
3318 1810 3484 1860 haereo

1915 1911 2016 1962 tico
2051 1924 2203 1962 acore
2232 1907 2450 1972 decepit.
2476 1905 2559 1960 Ex
2595 1919 2658 1958 eo
2687 1911 2951 1958 venenato
2981 1900 3124 1955 fonte
3161 1900 3331 1953 limmt
3366 1915 3480 1954 om-

1914 2003 2003 2056 nia
2032 2013 2172 2069 pene
2196 2012 2443 2051 errorum
2477 2006 2730 2064 portenta
2755 1995 2952 2065 quibus
2984 1995 3152 2047 miser
3177 1990 3268 2044 ille
3297 1990 3478 2044 deludi

1915 2109 1973 2147 se
2005 2106 2199 2162 passus
2231 2098 2333 2144 est.
2369 2087 2566 2142 Totum
2600 2087 2766 2142 Vetus
2797 2085 3201 2140 Testamentum
3224 2081 3482 2151 repudia-

1916 2183 2004 2237 bat
2028 2183 2096 2245 “,
2127 2191 2316 2252 utpote
2358 2180 2501 2249 quod
2530 2178 2794 2248 originem
2832 2176 3028 2230 ducere
3078 2172 3420 2230 existimaret
3450 2187 3478 2224 a

1918 2273 2062 2325 malo
2089 2275 2218 2339 Deo,
2262 2285 2422 2340 quem
2452 2269 2570 2322 ideo
2595 2270 2973 2321 inconstantem
2997 2267 3255 2319 sententia
3279 2274 3325 2317 et
3357 2280 3483 2316 con-

1918 2364 2141 2416 trarium
2171 2363 2273 2416 sibi
2297 2363 2399 2430 ipsi
2425 2359 2852 2429 blasphemabat,
2881 2359 3022 2426 quod
3057 2356 3212 2425 plura
3237 2369 3359 2409 esse
3391 2368 3482 2406 ve-

1920 2455 2051 2508 teris
2105 2453 2241 2523 legis
2296 2449 2607 2508 testimonia
2680 2448 3050 2510 contenderet,
3104 2461 3224 2516 quae
3296 2459 3479 2498 secum

1918 2554 2103 2611 aperte
2133 2551 2468 2613 pugnarent;
2516 2555 2635 2608 quae
2673 2538 2889 2608 quidem
2939 2538 3180 2592 studiose
3216 2535 3482 2601 colligens

1917 2641 2113 2695 librum
2146 2635 2506 2695 Antitheseon,
2549 2647 2640 2686 seu
2689 2629 3168 2684 contradictionum
3211 2627 3380 2681 edidit
3411 2626 3480 2686 5°,

1919 2732 1971 2787 in
2011 2746 2119 2801 quo
2167 2728 2466 2782 sententias
2516 2723 2800 2778 sententiis
2847 2721 3172 2792 opponebat.
3221 2719 3483 2786 Quamvis

1902 2830 2098 2875 autem
2124 2821 2320 2872 bonum
2344 2817 2511 2871 Deum
2534 2812 2666 2869 Novi
2692 2812 3023 2867 Testamenti
3047 2821 3326 2867 auctorem
3358 2824 3483 2863 esse

1917 2911 2190 2975 crederet,
2219 2925 2326 2964 non
2352 2908 2537 2961 omnia
2571 2914 2749 2960 tamen
2784 2904 3214 2972 amplectebatur
3238 2900 3481 2970 ejusdem

1917 3001 2257 3058 Testamenti
2285 3000 2512 3066 scripta,
2547 3013 2666 3065 qure
2691 2996 2961 3052 catholica
2991 2995 3181 3063 recipit
3214 2992 3480 3047 Ecclesia.

1918 3095 2050 3150 Nam
2083 3109 2145 3147 ex
2187 3104 2421 3162 quatuor
2453 3091 2778 3162 Evangeliis,
2810 3089 3107 3157 repudiatis
3156 3086 3353 3148 tribus,
3389 3100 3480 3138 sn-

1918 3187 2025 3240 lum
2051 3187 2234 3249 Luem,
2260 3184 2372 3239 imo
2400 3183 2520 3252 ejus
2549 3192 2757 3253 partem
2791 3182 3053 3236 duntaxat
3103 3180 3366 3248 probabat
3396 3180 3438 3210 δ’
3465 3196 3481 3243 ς

1919 3295 2208 3352 suppresso
2235 3289 2412 3333 tamen
2433 3276 2672 3332 auctoris
2695 3276 2933 3340 nomine,
2955 3274 3158 3328 nullum
3185 3274 3328 3328 enim
3355 3273 3484 3328 huic

1920 3374 2146 3430 inscribi
2187 3373 2380 3428 voluit.
2419 3369 2681 3440 Discipuli
2714 3384 2844 3424 vero
2876 3371 2994 3438 ejus
3023 3369 3100 3422 sic
3133 3369 3229 3437 ipsi
3265 3367 3485 3420 Christo

1916 3466 2282 3528 ascribebant,
2314 3473 2373 3518 ut
2403 3472 2583 3516 tamen
2610 3462 2854 3530 pluribus
2890 3469 3131 3523 auctum,
3159 3469 3216 3513 ut
3259 3459 3484 3513 historia

1917 3559 2248 3628 passionis,a
2273 3556 2332 3612 ο.
2369 3555 2534 3610 Paulo
2556 3553 2724 3608 fuisse
2760 3553 3057 3622 garrirem.
3083 3549 3222 3615 Quin
3251 3559 3304 3603 et
3333 3559 3484 3603 tanta

1915 3660 2038 3705 erat
2071 3665 2255 3703 eorum
2311 3647 2561 3710 audacia,
2607 3655 2666 3700 ut
2720 3645 2770 3699 i'd
2825 3643 3067 3714 quotidie
3126 3642 3482 3710 interpolare,

1917 3742 2159 3812 pluribus
2215 3739 2435 3803 additis,
2490 3736 2572 3790 vel
2624 3735 2866 3798 resectis,
2914 3741 3072 3804 prout
3123 3748 3151 3787 a
3186 3732 3484 3787 Catholicis

1917 3828 2270 3899 urgebantur,
2309 3842 2413 3880 non
2446 3834 2790 3879 vererentur.
2839 3823 3112 3878 Abscissis
3142 3837 3483 3893 quaecunque

1920 3939 1985 3977 ex
2018 3919 2204 3977 Veteri
2250 3920 2595 3974 Testamento
2627 3916 2866 3969 citantur
2908 3914 3261 3978 testimoniis,
3308 3913 3484 3982 iisque

1915 4013 2166 4067 omnibus
2203 4011 2357 4073 locis,
2398 4011 2449 4064 iu
2494 4009 2688 4077 quibus
2716 4006 2971 4061 Christus
3012 4007 3196 4059 mundi
3230 4005 3481 4059 condito-

1915 4120 2027 4158 rem
2058 4102 2272 4156 Patrem
2306 4116 2461 4154 suum
2513 4114 2634 4154 esse
2681 4098 3003 4161 conﬁtetur;
3040 4105 3318 4164 amputato
3369 4104 3483 4148 toto

1917 4195 2093 4257 initio,
2125 4192 2266 4261 quod
2316 4192 2388 4245 ibi
2439 4189 2739 4243 Salvatoris
2777 4189 2828 4240 in
2872 4197 3028 4240 utero
3071 4188 3373 4255 generatio,
3429 4195 3482 4241 et

1914 4282 2156 4352 ejusdem
2188 4281 2449 4335 adventus
2494 4295 2617 4333 cum
2657 4291 2885 4346 corpora
2916 4277 3198 4344 perspicue
3241 4289 3482 4329 comme-

1916 4384 2202 4440 moretur;
2241 4382 2295 4427 et
2342 4387 2440 4426 nec
2473 4385 2538 4426 ex
2586 4371 2740 4424 initio
2792 4372 2968 4436 modo,
3000 4371 3095 4424 sed
3141 4379 3195 4423 et
3246 4384 3277 4423 e
3306 4370 3482 4423 medio

1918 4468 2147 4522 sublatis
2186 4465 2429 4536 pluribus
2462 4462 2766 4523 sententiis,
2797 4460 3027 4528 aliisque
3059 4476 3158 4528 pro
3209 4459 3320 4514 illis
3350 4460 3479 4514 sub-

250 4569 364 4622 dem
388 4567 702 4621 conditione
731 4580 850 4618 cum
882 4565 1099 4618 ueteris
1135 4565 1300 4618 rebus
1325 4564 1528 4618 creatis
1565 4578 1814 4618 censerc-
1846 4577 1888 4630 Ι)
1918 4561 2144 4623 stitutis,
2201 4573 2306 4611 non
2359 4556 2471 4625 jam
2537 4552 2914 4622 Evangelium,
2967 4552 3062 4604 sed
3121 4550 3481 4604 adulterinam

251 4668 355 4723 tur,
386 4669 444 4714 ut
471 4660 548 4712 ait
582 4672 710 4711 mox
749 4656 946 4709 citatus
976 4653 1376 4710 Tertullianus.

316 4752 438 4806 1'59.
471 4749 644 4803 Porro
676 4747 1050 4801 Tertullianus
1084 4745 1130 4777 ’⁵⁸
1161 4757 1351 4800 auctor
1377 4755 1481 4810 est,
1510 4746 1650 4799 hanc
1674 4743 1812 4797 Mar-

249 4843 386 4899 cioni
444 4842 613 4896 fuisse
660 4839 1001 4894 occasionem
1054 4836 1285 4906 duplicis
1344 4852 1521 4892 rerum
1556 4836 1813 4905 Principii

249 4933 721 4990 comminiscendi.
776 4929 977 4984 Passus
1037 4940 1133 4994 est,
1178 4929 1372 4997 inquit,
1423 4927 1610 4994 infelix
1658 4929 1812 4991 hujus

248 5026 663 5097 prmumptionis
696 5025 1019 5089 instinctum,
1046 5022 1109 5076 de
1138 5021 1360 5089 simplici
1381 5020 1608 5086 capitulo
1630 5019 1815 5071 Domi-

232 5122 376 5176 ἰιὶείε
399 5119 860 5190 pronuntiationis,
889 5119 946 5171 in
978 5119 1240 5181 homines,
1273 5131 1374 5169 non
1403 5115 1456 5167 in
1485 5115 1611 5166 deos
1683 5114 1795 5165 dis—

248 5215 480 5280 ponentis
511 5210 744 5281 exeatpla
775 5209 869 5262 illa
916 5209 1063 5262 bona:
1112 5214 1162 5260 et
1206 5205 1358 5259 mala:
1403 5205 1630 5267 arboris,
1671 5203 1810 5272 quod

249 5317 408 5373 neque
441 5303 577 5356 bona
613 5302 800 5367 malos,
829 5317 989 5371 neque
1030 5299 1173 5353 mala
1206 5298 1362 5351 bonos
1401 5296 1635 5365 proferat
1694 5295 1809 5362 fru-

249 5407 355 5449 ctus
378 5395 460 5460 ";
493 5397 548 5447 id
574 5404 649 5448 est
681 5410 843 5460 neque
870 5409 1011 5445 meus
1040 5391 1120 5444 vel
1168 5391 1299 5458 ﬁdes
1328 5389 1461 5442 bona
1495 5385 1662 5439 malas
1691 5385 1810 5438 edat

321 5706 363 5737 ⁵⁸
390 5705 505 5758 Lib.
542 5720 578 5765 I,
610 5717 661 5753 c.
714 5700 802 5762 ‘27,
844 5717 895 5755 ιι.
927 5701 982 5753 2.

249 5777 423 5829 "iet-ti.
451 5791 571 5836 XLV,
600 5773 649 5824 7.

250 5862 296 5899 ε.
330 5845 379 5898 Ξ.
413 5850 636 5898 Auctor.
688 5842 820 5897 Dial.
868 5852 1008 5895 coul.
1054 5840 1237 5896 Marc-.3
1270 5839 1522 5898 Tertull.,
1573 5854 1619 5894 c.
1666 5839 1717 5890 5.

1087 5699 1130 5730 ⁸⁸
1162 5699 1284 5753 Lib.
1315 5716 1394 5761 nt,
1429 5714 1475 5750 c.
1515 5696 1597 5760 1‘2,
1630 5713 1684 5752 n.
1731 5695 1809 5751 l3.

729 5760 955 5833 "irem,
983 5771 1075 5824 lib.
1099 5760 1385 5838 t,cap.27,
1409 5771 1532 5821 ".2.
1604 5768 1648 5798 ⁵ο
1678 5766 1926 5838 Tertull.,
1963 5767 1993 5811 ι.
2020 5780 2066 5817 ιν
2097 5775 2243 5838 cont.
2274 5764 2522 5838 hlarc.,c.
2546 5760 2599 5838 Ἰ.

1821 5837 1864 5867 ⁵³
1911 5822 2026 5888 lrcn
2061 5875 2074 5898 ,
2114 5835 2213 5888 loc.
2251 5835 2364 5887 cit..
2406 5829 2620 5897 Epiph.,
2674 5828 2801 5880 hazr.
2839 5840 2969 5886 xui,
3003 5822 3030 5888 ᾗ
3063 5823 3116 5877 9.

1926 4651 2199 4720 Evangelii
2229 4650 2461 4718 speciem
2494 4646 2607 4700 suis
2629 4645 2950 4700 obtrudebat
2985 4642 3248 4697 Marcion.
3274 4643 3483 4708 Quous-

1923 4758 2026 4813 que
2058 4741 2383 4811 processerit
2430 4738 2750 4806 sacrilegum
2788 4738 3021 4791 hominis
3065 4735 3298 4798 facinus,
3333 4733 3484 4802 sigil—

1924 4835 2083 4887 latim'
2106 4834 2337 4902 explicat
2370 4831 2701 4901 Epiphanius
2733 4828 2872 4884 lizer.
2907 4843 3035 4883 xui.
3066 4827 3261 4880 Decem
3294 4827 3484 4879 dunta-

1926 4936 2015 4978 xat
2039 4926 2187 4979 Pauli
2220 4924 2491 4991 Epistolas
2517 4921 2842 4976 admittebat
2871 4921 2938 4984 ⁵³,
2970 4932 3166 4989 easque
3199 4934 3302 4972 non
3335 4919 3479 4971 inte-

1923 5033 2065 5086 gras,
2109 5017 2198 5069 sed
2232 5016 2333 5068 alia
2367 5031 2431 5069 ex
2470 5015 2570 5068 illis
2603 5015 2777 5083 capita
2814 5012 3152 5071 detrahebat,
3193 5010 3297 5062 alia
3327 5024 3477 5063 com-

1925 5110 2198 5173 mutabat;
2245 5108 2533 5175 respuebat
2570 5119 2698 5159 vero
2741 5115 3027 5171 utramque
3058 5100 3356 5171 Epistolam
3408 5100 3477 5155 ad

1922 5202 2282 5265 Timotheum,
2308 5215 2424 5253 eam
2469 5212 2586 5266 quae
2612 5207 2695 5252 est
2721 5196 2790 5250 ad
2817 5194 2996 5249 Titum
3024 5202 3078 5250 et
3101 5193 3168 5247 ad
3203 5192 3474 5255 Hebraeos,

1921 5308 2040 5348 cum
2071 5292 2411 5362 Apocalypsi,
2439 5291 2758 5357 caeterisque
2798 5287 3078 5345 canonicis
3096 5284 3368 5354 Epistolis.

1991 5382 2111 5437 HO.
2159 5383 2354 5436 Eadem
2401 5390 2556 5434 erant
2614 5379 2929 5434 Marcionis.
2981 5393 3100 5440 qua:
3149 5384 3471 5430 caaterorum

1923 5694 1966 5725 ⁸⁸
1995 5693 2052 5747 L.
2104 5707 2117 5745 l
2178 5702 2321 5746 cont.
2375 5689 2562 5749 Marc.,
2597 5701 2645 5740 c.
2677 5687 2730 5736 2.
2843 5685 2886 5714 ⁸⁷
2918 5684 3048 5738 Luc.
3090 5699 3161 5746 Vl,
3217 5682 3306 5744 43,
3367 5679 3450 5734 Η.

2676 5756 2719 5786 ἰ
2747 5755 2911 5818 lren.,
2939 5756 3036 5805 loc.
3065 5755 3180 5806 cit.-.
3213 5753 3458 5807 Tertul...
