4180 6332
661 381 763 441 159

1487 373 2082 431 DlSSERTATlONES
2114 371 2420 429 PREVL/E
2456 372 2522 427 ΙΝ
2557 371 2814 427 [BENE]
2851 370 3116 428 LIBROS.

3816 373 3918 430 160

661 498 1069 565 Gnosticorum,
1106 498 1172 553 de
1195 496 1417 553 Christo
1447 497 1636 552 deliria
1662 517 1676 564 ;
1707 497 1934 551 missum
1967 496 2172 552 scilicet
2209 511 2237 548 a
2269 499 2313 555 Α
2343 495 2475 550 tioni
2507 493 3008 561 calumniabantur,
3040 494 3184 563 quod
3234 494 3433 547 malam
3484 511 3595 548 esse
3644 506 3915 561 naturam,

660 582 821 645 Patre
867 589 1040 645 fuisse
1075 592 1335 646 ementita
1392 590 1578 643 carnis
1618 590 1804 659 specie
1850 590 2123 654 indutum,
2183 597 2243 641 ut

662 684 848 737 mundi
878 682 1089 753 opificis
1126 698 1291 752 opera
1326 682 1548 753 etleges
1572 682 1903 751 dissolveret
1930 682 1997 748 ⁸³,
2031 683 2242 737 anima-

662 777 871 845 busque
898 776 1026 830 solis
1048 776 1276 831 salutem
1303 776 1607 844 impertiret
1629 792 1644 842 ;
1664 773 1986 844 corporibus
2008 774 2242 841 proinde

662 876 868 921 mterno
928 868 1172 922 interitui
1227 869 1480 923 obnoxiis
1521 869 1868 924 manentibus
1904 866 1973 922 “.
2024 864 2238 939 [LXXI]

664 957 807 1013 Duos
843 969 1046 1024 tamen,
1099 960 1145 1013 si
1204 959 1541 1014 Tertulliano
1577 961 1851 1015 credimus
1880 960 1951 1025 ",
1994 960 2241 1015 Christos

669 1048 890 1105 tinxisse
922 1052 1158 1115 videtur,
1189 1052 1351 1105 alium
1386 1054 1475 1123 qui
1518 1052 1817 1106 Tiberianis
1846 1053 2164 1122 temporibus
2208 1070 2241 1107 a

668 1141 776 1197 Deo
801 1144 1026 1213 quodam
1051 1143 1228 1213 ignoto
1264 1146 1521 1200 revelatus
1554 1147 1645 1213 sit,
1676 1147 1729 1199 in
1754 1146 1981 1202 salutem
2006 1148 2240 1199 omnium

662 1234 927 1304 gentium;
963 1236 1149 1298 alium,
1198 1237 1288 1307 qui
1334 1255 1364 1292 a
1392 1229 1501 1292 Deo
1534 1245 1765 1293 creatore
1787 1241 1840 1293 in
1860 1238 2239 1292 restitutionem

659 1324 878 1381 Judaici
925 1336 1096 1383 status
1134 1332 1204 1383 sit
1242 1332 1558 1396 destinatus,
1604 1332 1918 1403 quandoque
1966 1344 2236 1392 venturus.

665 1419 799 1486 Quae
828 1419 1317 1478 Cerinthi'fabulas
1349 1424 1413 1479 de
1457 1434 1674 1485 terreno
1705 1425 1909 1479 Christi
1943 1440 2112 1497 regno
2147 1441 2239 1479 sa-

662 1527 792 1581 pere
822 1513 1100 1580 videntur,
1130 1529 1430 1586 ansamque
1461 1516 1745 1572 Gennadio
1767 1518 1984 1572 dedisse
2011 1516 2243 1572 Marcio-

661 1606 807 1659 nitas
839 1608 979 1662 inter
1003 1607 1339 1664 Millenarios
1382 1612 1724 1666 recensendi.
1759 1612 1987 1667 Animas
2016 1614 2087 1667 ab
2119 1612 2239 1669 aliis

662 1696 714 1748 in
739 1698 845 1751 alia
878 1713 1103 1769 corpora
1131 1700 1460 1770 migraturas
1483 1717 1547 1774 ac
1571 1703 1897 1758 transituras
1922 1704 2196 1760 statuebat
2224 1725 2237 1761 :

662 1788 807 1859 quod
835 1791 901 1845 ad
923 1805 1018 1845 eos
1056 1793 1280 1861 quidem
1310 1795 1565 1850 homines
1598 1798 1815 1864 attinet,
1849 1798 1941 1868 qui
1983 1799 2035 1854 in
2086 1800 2241 1869 igno-

662 1884 874 1937 ratione
902 1896 1213 1939 versantur.
1266 1886 1339 1941 De
1379 1890 1576 1959 quibus
1623 1891 1769 1945 hanc
1816 1891 2051 1947 fabulam
2088 1908 2239 1949 com-

661 1985 878 2032 mentus
917 1990 1033 2033 erat
1088 1998 1101 2033 :
1146 1982 1344 2037 Redire
1382 1984 1636 2039 videlicet
1690 1986 1951 2052 animam,
1988 2002 2052 2043 ac
2083 2002 2143 2042 se
2183 1989 2237 2043 in

659 2072 1087 2143 unumquodque
1129 2075 1490 2129 animantium
1548 2077 1799 2144 induere,
1833 2080 2005 2134 donec
2033 2096 2239 2152 purga-

662 2156 863 2211 tionem
898 2157 1090 2230 adepta
1135 2164 1227 2228 sit,
1262 2176 1422 2233 atque
1458 2165 1530 2219 ita
1568 2177 1820 2237 purgata,
1865 2169 2240 2241 dissolutoque

660 2248 715 2304 in
764 2250 1007 2307 celestia
1061 2256 1179 2309 loca
1212 2256 1557 2327 eommigret.
1630 2257 2077 2316 Marcionitarum
2112 2278 2241 2318 vero

659 2344 870 2400 animas
904 2346 970 2413 ⁸⁸,
1021 2363 1113 2402 seu
1148 2356 1337 2402 eorum
1360 2351 1470 2419 qui
1511 2350 1801 2406 Marcionis
1833 2356 2128 2409 doctrinam
2154 2358 2237 2409 di-

658 2437 936 2506 dicissent,
972 2442 1110 2495 adeo
1147 2444 1365 2511 purgari
1400 2451 1453 2499 et
1489 2459 1519 2498 a
1542 2460 1807 2515 corporea
1825 2444 1961 2503 faece
1989 2448 2238 2515 liberari,

660 2537 720 2584 ut
751 2531 873 2598 pOSt
904 2542 1133 2589 mortem
1170 2534 1487 2591 immediate
1511 2545 1714 2591 azterna
1758 2538 1933 2595 salute
1962 2520 2237 2597 fruantur.

668 2611 799 2687 Quae
827 2625 1007 2676 omnia
1039 2623 1324 2680 Platonica
1357 2634 1412 2680 et
1441 2625 1871 2695 Carpocratiana
1898 2639 2042 2684 sunt.
2089 2629 2155 2683 Et
2185 2629 2238 2684 in

657 2712 711 2766 id
741 2711 1031 2769 Marcionis
1064 2717 1256 2789 dogma
1289 2718 1479 2787 procul
1513 2718 1677 2773 dubio
1720 2719 1946 2787 digitum
1983 2722 2239 2776 intende-

659 2802 755 2857 bat
791 2804 1053 2875 Origenes
1086 2810 1152 2875 ",
1191 2824 1310 2864 cum
1343 2810 1619 2865 scribebat
1660 2814 1874 2867 animas
1915 2828 2129 2879 omnes,
2172 2829 2235 2869 ex

661 2894 953 2955 Marcianis
983 2901 1274 2969 sententia,
1302 2917 1407 2956 non
1431 2918 1552 2958 esse
1588 2905 1750 2960 unius
1783 2916 1838 2959 et
1872 2906 2114 2975 ejusdem
2147 2922 2239 2977 ge-

660 2992 832 3055 neris,
883 2994 977 3047 sed
1031 2993 1169 3047 alias
1223 2996 1290 3049 ab
1324 2992 1447 3050 aliis
1498 3005 1693 3049 natura
1746 2995 1990 3051 differre.
2028 2999 2105 3053 Ex
2132 3015 2238 3068 quo

658 3085 825 3137 etiam
855 3081 1012 3163 fluxit
1058 3085 1226 3140 altera
1260 3075 1966 3165 impo‘storis’blasphemia,
2001 3091 2159 3157 Cain,
2188 3100 2239 3145 et

2345 606 2410 643 ex
2436 587 2576 641 mala
2604 588 2918 655 materia,et
2955 604 2986 640 a
3021 590 3161 651 iusto
3195 585 3395 656 Opi/ica
3425 604 3487 639 ac
3520 585 3771 642 Creatore
3827 590 3916 657 [a-

2343 694 2483 734 ctam
2517 681 2823 751 e/futirent;
2852 698 2955 750 qua
2986 681 3191 751 quidem
3215 684 3421 735 ratione
3444 680 3674 735 nolentes
3702 680 3921 750 implere

2345 776 2602 829 mundum
2640 776 2730 845 qui
2766 774 2941 844 factus
2986 784 3063 827 est
3112 792 3144 827 a
3192 774 3464 841 Creatore,
3508 775 3840 829 abstinebant
3886 792 3919 827 a

2345 867 2565 935 nuptiis,
2602 867 2898 920 resistentes
2930 883 3029 919 suo
3055 865 3314 920 Creatori.
3368 865 3678 935 Philosophi
3718 877 3920 930 autem,

2343 976 2566 1030 quorum
2592 961 2905 1013 mentionem
2929 959 3174 1027 fecimus,
3192 960 3429 1029 aquibus
3455 975 3571 1013 cum
3595 954 3791 1012 malam
3809 977 3920 1013 esse

2343 1052 2732 1120 generationem
2764 1049 2922 1119 impie
2943 1048 3249 1104 didicissent
3280 1048 3637 1116 Marcionitce,
3666 1059 3919 1117 tanquam

2342 1141 2441 1196 suo
2470 1145 2714 1213 dogmate
2737 1140 3057 1211 gloriantur,
3090 1157 3194 1194 non
3236 1158 3351 1194 eam
3389 1143 3566 1195 volunt
3592 1156 3700 1194 esse
3726 1150 3919 1193 natura

2343 1234 2580 1301 malam;
2610 1240 2702 1290 sed
2734 1236 2880 1305 quod
2910 1251 2994 1301 ea,
3043 1236 3225 1290 anima
3278 1250 3397 1305 quae
3452 1235 3637 1289 divina
3679 1242 3783 1296 est,
3819 1232 3919 1287 de—

2347 1327 2598 1380 trudatur
2633 1326 2686 1381 in
2732 1341 2951 1397 corpus,
2990 1336 3247 1395 tanquam
3295 1326 3348 1379 in
3399 1325 3583 1380 locum
3643 1324 3918 1394 supplicii.

2344 1416 2398 1471 lu
2421 1418 2666 1488 ejusdem
2695 1418 2973 1473 Creatoris
3006 1418 3189 1472 odium
3231 1428 3466 1472 mortem
3510 1417 3611 1472 sibi
3645 1417 3919 1471 interdum

2343 1510 2761 1566 consciscebant
2785 1509 3119 1565 Marcionita:
3144 1511 3209 1573 σί,
3238 1511 3479 1565 oblatam
3510 1525 3614 1563 non
3651 1516 3925 1564 detrecta-

2342 1602 2471 1657 bant
2496 1614 2579 1658 :et
2612 1604 2740 1658 hinc
2767 1612 2975 1659 sectam
3002 1620 3154 1659 suam
3215 1604 3547 1675 martyribus
3586 1618 3690 1658 non
3733 1601 3923 1671 paucis

2343 1698 2596 1753 decorari
2652 1697 3056 1768 gloriabantur.
3124 1696 3737 1767 Sabbatojejunabant,
3774 1695 3922 1766 quod

2343 1805 2406 1843 ea
2438 1790 2526 1845 die
2550 1790 2737 1845 mundi
2760 1788 3062 1845 fabricator
3080 1790 3741 1859 requievisset.Animatis
3770 1789 3924 1843 vesci

2342 1882 2728 1951 prohibebant,
2759 1897 2821 1937 ac
2858 1890 2980 1938 reos
3016 1890 3137 1937 esse
3158 1881 3385 1952 judicio,
3448 1881 3524 1935 ait
3565 1877 3923 1949 Epiphanius,

2342 1978 2607 2046 putabant
2666 1975 2788 2033 illos
2838 1978 2929 2048 qui
3006 1992 3206 2031 carnes
3246 1979 3625 2047 degustarent,
3658 1984 3923 2040 tanquam

2343 2071 2555 2124 animas
2587 2070 2964 2126 comederent.
3003 2068 3193 2123 Fidem
3245 2079 3420 2124 tamen
3462 2068 3591 2123 facit
3628 2065 3927 2121 Tertullia-

2344 2177 2465 2226 nus,
2493 2162 2738 2238 piscibus
2773 2177 2899 2216 usos
2932 2161 3125 2224 fuisse,
3152 2163 3256 2215 imo
3280 2162 3599 2215 sanctiorem
3618 2161 3793 2238 cibum
3829 2158 3927 2212 de-

2342 2233 2575 2325 putasse.
2607 2249 2776 2308 Addit
2805 2252 3172 2323 Epiphanius,
3237 2253 3570 2322 baptismum
3599 2235 3749 2331 apud
3800 2250 3927 2307 illos

2344 2362 2518 2415 usque
2569 2346 2732 2399 tertio
2810 2346 3019 2415 repeti,
3088 2345 3518 2415 baptizandique
3550 2400 3553 2401 ν
3589 2354 3919 2413 potestatem

2341 2439 2680 2493 mulierculis
2707 2439 2984 2511 eoncedi‘:
3046 2437 3310 2510 mysteria
3361 2435 3772 2491 catechumenis
3803 2450 3929 2491 cer—

2341 2531 2596 2585 nentibus
2648 2530 2917 2585 celebrari
2970 2531 3094 2595 ;ad
3152 2524 3269 2583 brec
3322 2538 3461 2582 vero
3507 2538 3708 2596 aquam
3768 2528 3929 2581 adbi-

2342 2621 2480 2689 beri,
2513 2622 2683 2676 solam
2718 2622 2964 2687 quidem,
2993 2630 3051 2676 ut
3087 2620 3353 2687 videtur;
3404 2621 3496 2689 qui
3556 2620 3927 2690 Aquariorum

2342 2728 2498 2769 error
2523 2712 2647 2769 fuit.

2904 2875 2995 2930 XI.
3024 2873 3100 2929 De
3132 2872 3377 2929 Tatiano.

2413 3014 2539 3067 142.
2583 3014 2845 3070 Tatianus
2869 3027 3046 3082 seipse
3108 3014 3333 3065 natione
3396 3010 3681 3081 Assyrium
3747 3010 3925 3065 fuisse

2344 3116 2576 3162 testatur
2606 3108 2672 3164 ".
2709 3106 2911 3178 Syrum
2948 3104 3223 3161 exstitisse
3247 3104 3497 3159 scribunt
3546 3103 3928 3158 Theodoretus

655 3191 744 3271 θεῖε
784 3178 875 3247 συί
907 3177 1107 3231 “mil”
1132 3189 1251 3232 "‘n‘
1280 3181 1351 3247 εῖν
1406 3190 1453 3234 ει
1486 3176 1811 3271 δοάοηιίεαερ
1842 3196 1888 3237 ει
1913 3201 2088 3240 omnes
2118 3204 2239 3240 οηι-
2267 3203 2307 3259 C
2343 3211 2399 3254 et
2428 3176 2862 3270 Epiphanicstr’:
2890 3213 3206 3271 quanquam
3247 3197 3334 3251 hic
3360 3197 3489 3251 alibi
3526 3197 3578 3250 in
3612 3195 3930 3267 Mesopota-

657 3269 783 3323 nino
824 3278 1023 3336 gentes,
1048 3288 1168 3339 qua:
1225 3274 1279 3325 in
1333 3276 1474 3327 omni
1513 3268 1858 3345 permistiane
1888 3281 2237 3350 malignitatis

656 3362 1080 3427 ambulaverunt,
1111 3362 1342 3420 salvatus
1368 3383 1480 3421 esse
1527 3385 1558 3421 a
1586 3367 1841 3434 Domino,
1872 3388 1991 3424 cum
2024 3375 2238 3427 descen-

655 3437 821 3531 disset
849 3448 919 3505 ad
970 3448 1191 3522 inferos,
1234 3464 1283 3509 et
1331 3457 1673 3513 occurrissent
1699 3460 1768 3515 ei.
1801 3461 2053 3527 Quandiu
2086 3466 2235 3521 enim

658 3538 1039 3601 damnatorum
1096 3549 1295 3604 animae
1340 3539 1671 3620 cognitionis
1724 3554 1886 3609 istius
1930 3555 2236 3612 Marcioni-

658 3628 777 3688 ticae
808 3646 1057 3691 exsortes
1090 3636 1330 3704 fuerunt,
1364 3655 1556 3709 pmnas
1594 3622 1745 3698 luere
1792 3645 2134 3714 debuerunt;
2168 3663 2234 3702 ex

656 3739 764 3795 quo
797 3740 926 3781 vero
961 3742 1023 3782 ea
1063 3729 1351 3786 illustratze
1386 3720 1623 3803 fuerunt,
1663 3716 1883 3791 Christo
1919 3739 2035 3794 viso
2062 3740 2115 3794 in
2154 3741 2237 3794 in-

655 3818 814 3884 feris,
850 3822 1120 3875 mundata:
1166 3822 1237 3877 ab
1283 3824 1400 3893 ipso
1430 3824 1676 3893 fuerunt,
1727 3818 1795 3883 et
1819 3841 2119 3901 assumptus
2182 3832 2235 3887 in

658 3926 886 3982 regnum
922 3913 1060 3983 ejus.
1133 3916 1324 3971 Iisdem
1374 3919 1658 3989 principiis
1704 3922 1923 3978 innixus
1977 3927 2233 3994 addebat,

657 4004 902 4072 Abclem,
940 4006 1149 4073 Enoch,
1197 4008 1334 4075 Noe,
1366 4022 1419 4064 et
1472 4013 1713 4082 reliquos
1750 4015 1949 4086 justos,
1985 4018 2237 4072 Abraha-

660 4111 806 4165 mum
853 4114 978 4153 cum
1038 4100 1294 4155 omnibus
1331 4103 1636 4172 prophetis,
1672 4116 1729 4161 et
1777 4108 1861 4162 his
1890 4110 1981 4179 qui
2010 4110 2235 4179 placue-

657 4198 788 4243 runt
853 4190 985 4256 Deo,
1044 4207 1153 4247 non
1205 4194 1568 4263 participasse
1634 4199 1909 4268 salutem;
1976 4202 2234 4271 quoniam

655 4282 915 4353 suspicati
973 4301 1031 4341 se
1083 4288 1287 4342 tentari
1349 4306 1378 4343 a
1440 4291 1622 4347 mundi
1674 4294 1981 4364 conditore,
2036 4306 2093 4350 ut
2144 4311 2230 4350 so-

655 4376 829 4445 lebat,
854 4377 1041 4435 Jesum
1076 4382 1264 4435 audire
1297 4397 1363 4437 ac
1412 4384 1595 4439 verbis
1626 4384 1743 4454 eius
1774 4388 2001 4442 credere
2032 4403 2235 4443 renue—

654 4480 805 4525 runt.

2342 3292 2448 3344 mia
2487 3298 2673 3344 natum
2711 3298 2948 3346 asserat.
2982 3286 3115 3355 Quae
3168 3298 3350 3342 tamen
3406 3287 3565 3341 facile
3628 3287 3924 3342 conciliari

2342 3391 2569 3453 possunt
2596 3398 2609 3445 ;
2648 3397 2769 3434 nam
2800 3379 3074 3434 interdum
3106 3380 3365 3451 Assyriae,
3394 3380 3570 3451 Syriae
3596 3388 3651 3436 et
3676 3379 3932 3448 Mesopo-

2344 3476 2526 3529 tamia:
2582 3475 2803 3528 nomina
2867 3474 3176 3543 promiscue
3225 3481 3577 3540 usurpantur.
3636 3470 3737 3545 Sic
3783 3470 3927 3527 Gen.

2342 3580 2536 3631 xxvm,
2569 3565 2622 3629 5,
2661 3564 2753 3634 qui
2796 3561 2967 3619 Jacob
3028 3563 3297 3635 profectus
3336 3564 3470 3617 venit
3517 3563 3572 3617 in
3603 3562 3929 3634 Mesopota-

2336 3660 2501 3713 miam
2554 3652 2779 3729 Syriae,
2808 3658 2842 3727 ᾗ
2898 3656 2951 3720 7,
3011 3657 3169 3709 ivisse
3210 3656 3262 3707 in
3302 3653 3512 3724 Syriam
3567 3655 3790 3710 dicitur.
3835 3655 3931 3714 Sic

2338 3753 2504 3809 etiam
2544 3752 2808 3815 Arrianus
2844 3750 3038 3806 scribit
3086 3751 3156 3815 ⁸⁸,
3194 3751 3471 3820 Euphrate
3501 3760 3556 3805 et
3609 3751 3759 3821 Tigri
3810 3769 3933 3808 me-

2340 3845 2484 3899 diam
2513 3842 2797 3912 Assyriam
2830 3840 3136 3896 contineri:
3168 3842 3327 3903 unde,
3357 3841 3554 3910 inquit,
3592 3851 3640 3895 et
3670 3842 3734 3895 ab
3773 3842 3926 3896 indi-

2336 3938 2482 4008 genis
2516 3935 2905 4004 Mesopotamia
2966 3942 3208 3987 vocatur.
3253 3934 3571 3989 Griecorum
3624 3936 3836 3991 artibus
3860 3952 3930 3992 ac

2339 4026 2536 4083 studiis
2566 4042 2678 4082 non
2746 4024 3105 4079 mediocriter
3164 4026 3421 4080 excultus
3467 4027 3694 4082 Romam
3733 4022 3925 4092 venit;

2339 4119 2430 4172 ubi
2464 4134 2583 4173 cum
2616 4118 2670 4173 in
2723 4133 2911 4173 sacras
2958 4116 3276 4187 Scripturas
3331 4116 3641 4186 incidisset,
3674 4119 3746 4193 iis
3786 4135 3930 4191 quos

2340 4226 2453 4279 pra:
2499 4226 2558 4265 se
2606 4210 2809 4278 ferunt,
2841 4211 3147 4266 divinitatis
3176 4212 3592 4277 characteribus
3618 4226 3925 4281 permotus,

2339 4302 2543 4357 Christi
2582 4303 2739 4357 ﬁdem
2777 4302 3062 4372 amplexus
3092 4312 3200 4358 est.
3235 4302 3434 4358 Justini
3502 4304 3757 4376 Martyris
3811 4308 3930 4376 pri-

2343 4409 2487 4447 mum
2519 4394 2739 4450 auditor
2772 4394 2815 4425 ⁸³
2840 4435 2857 4462 ,
2894 4394 3135 4463 quandiu
3178 4411 3301 4449 cum
3330 4411 3397 4451 eo
3432 4396 3604 4450 vitam
3642 4398 3779 4468 egit,
3812 4398 3925 4453 illi-

2342 4487 2523 4539 batam
2580 4484 2741 4538 fidem
2784 4490 3059 4552 servavit;
3106 4496 3163 4540 at
3208 4486 3302 4541 illo
3346 4502 3446 4557 pro
3477 4488 3581 4543 ﬁde
3602 4502 3743 4543 caeso
3772 4490 3925 4545 circa

728 4565 853 4619 Ml.
915 4562 1109 4620 Odium
1148 4566 1290 4636 quod
1316 4566 1694 4623 inCreatorem
1721 4581 2053 4639 conceperat
2084 4572 2230 4627 Mar-
2267 4543 2311 4597 Β
2342 4592 2540 4631 annum
2568 4576 2692 4642 167,
2725 4592 2845 4632 cum
2874 4578 2986 4646 jam
3023 4543 3174 4633 solus
3205 4543 3413 4635 schola:
3441 4596 3468 4634 a
3514 4579 3731 4637 Justino
3762 4543 3928 4641 inisti:

656 4657 805 4723 cion,
863 4671 928 4712 eo
970 4672 1141 4726 usque
1187 4659 1517 4727 eruperat",
1554 4672 1609 4713 ut
1660 4664 1875 4729 nuptias
1922 4666 2232 4733 damnaret,

656 4751 1041 4821 neminemque
1100 4751 1165 4805 ad
1220 4753 1475 4821 baptismi
1542 4754 1775 4823 gratiam
1836 4757 2231 4813 admittendum

656 4857 928 4913 censeret,
960 4849 1063 4903 nisi
1100 4849 1390 4920 virginem,
1444 4851 1527 4906 vel
1590 4852 1821 4924 conjuge
1870 4856 2089 4921 orbum,
2141 4867 2234 4912 aut

654 4943 1045 5000 continentem.
1079 4945 1215 5001 Nam
1245 4964 1492 5015 carnem,
1518 4965 1638 5019 quae
1670 4955 2025 5021 generatione
2055 4955 2233 5011 nasci-

658 5046 769 5100 tur,
794 5037 921 5091 mali
958 5039 1170 5109 cpiﬂcis
1204 5054 1337 5109 opus
1371 5057 1491 5096 esse
1521 5043 1913 5099 contendebat.
1957 5045 2109 5100 llunc
2141 5061 2231 5100 er-

657 5144 857 5196 rorem,
887 5130 932 5186 si
966 5131 1228 5187 Clementi
1284 5131 1662 5188 Alexandrino
1694 5134 1829 5192 fides
1870 5138 1935 5203 ‘9,
1975 5140 2233 5193 hauserat

657 5238 686 5275 e
731 5222 1133 5279 Platonicorum
1238 5224 1819 5298 Pythagoreorumque
1865 5229 2097 5295 lacunis,
2136 5232 2231 5302 qui

655 5314 856 5370 malam
888 5331 1003 5371 esse
1024 5318 1431 5388 generationem
1456 5323 1873 5387 existimabam,
1917 5339 2227 5394 quanquam

656 5421 761 5461 non
794 5408 983 5463 eadem
1020 5411 1227 5466 ratione
1255 5422 1416 5483 atque
1458 5413 1787 5471 Marcionita:
1812 5417 1878 5469 ⁸ο.
1920 5416 1982 5470 Hi
2008 5434 2230 5488 genera-

2340 4681 2470 4725 tnta:
2504 4679 2801 4739 praesset,
2834 4670 3146 4742 magisterio
3177 4673 3371 4737 elatus,
3421 4674 3470 4726 in
3504 4675 3733 4730 exitium
3763 4679 3902 4734 ruit.

2337 4760 2499 4816 Prius
2529 4770 2711 4816 tamen
2730 4777 2894 4831 quam
2928 4778 2956 4815 a
2992 4763 3265 4817 catholica
3299 4765 3401 4819 fide
3434 4766 3925 4838 descisceret,post

2338 4854 2539 4911 Justini
2564 4866 2819 4921 mortem,
2854 4871 3007 4910 suam
3048 4858 3310 4914 adversus
3336 4857 3554 4915 Graecos
3588 4862 3922 4931 orationem,

2338 4964 2473 5017 opus
2524 4960 2677 5004 certe
2705 4948 3060 5014 catholicum,
3112 4952 3351 5008 edidisse
3403 4963 3613 5008 certum
3651 4964 3755 5010 est.
3808 4955 3922 5013 Sed

2341 5060 2448 5101 non
2480 5046 2649 5099 multo
2679 5053 2797 5115 post
2855 5044 3026 5099 Roma
3081 5048 3361 5115 profectus
3420 5049 3475 5103 in
3523 5049 3828 5118 Orientem,
3864 5055 3921 5110 in

2340 5139 2605 5192 absurdas
2633 5138 3019 5194 Gnosticorum
3045 5143 3331 5211 opiniones
3362 5143 3578 5206 incidit,
3605 5159 3922 5216 novamque

2340 5234 2549 5286 sectam
2576 5233 2824 5286 condidit
2879 5234 3027 5293 circa
3070 5244 3272 5289 annum
3330 5252 3408 5290 xu
3445 5236 3515 5294 M.
3542 5238 3748 5293 Aurelii
3782 5239 3920 5304 (non

2339 5325 2597 5378 Antonini
2622 5322 2731 5389 Pii,
2764 5335 2821 5379 ut
2871 5341 3159 5395 perperam
3206 5330 3345 5395 apud
3382 5329 3743 5399 Epiphanium
3778 5330 3921 5402 legi-

2342 5417 2675 5479 turi,Christi
2707 5432 2837 5471 vero
2870 5418 2992 5483 172,
3029 5435 3147 5488 quae
3182 5421 3560 5484 Tatianorum,
3597 5422 3918 5477 Encratita-

730 5526 776 5556 "
809 5525 1054 5609 Tertulla,
1084 5544 1151 5609 _c.
1207 5530 1289 5609 5._
1321 5532 1486 5609 lren.,
1528 5532 1656 5609 loc;
1690 5534 1809 5609 _c_it.,
1872 5535 2132 5609 Tertull,
2179 5539 2215 5593 Ι.
2253 5556 2291 5605 ι,
2349 5555 2397 5593 c.
2426 5538 2471 5591 6.
2531 5606 2546 5609 _
2572 5537 2616 5567 "
2645 5537 2862 5605 Epipb..
2898 5536 2923 5609 ς
2955 5538 3007 5599 4ς
3040 5538 3269 5602 Themi»
3301 5539 3337 5591 l-
3372 5555 3407 5604 1,
3442 5555 3489 5593 C-
3524 5540 3615 5595 9-4.
3712 5539 3757 5571 ⁸⁵
3793 5540 3913 5596 Ub-

658 5613 732 5679 LV;
766 5612 813 5649 c.
848 5596 899 5651 6.
1000 5598 1381 5679 ’ξ-Ι-Γεηζτηιος.
1415 5605 1559 5679 cit._'
1612 5596 1845 5679 "limit.
1988 5610 2039 5661 in
2076 5596 2173 5678 Ep.
2206 5596 2490 5679 ad'Romq
2531 5596 2701 5679 lreu.'
2733 5596 2787 5659 ti.
2830 5596 2923 5661 5.“
2985 5596 3029 5640 ⁸⁸
3073 5609 3188 5661 lrcn
3224 5596 3405 5677 ,Icap;
3452 5611 3542 5667 “28.
3645 5613 3689 5643 ⁸³
3732 5611 3795 5667 L.
3851 5628 3916 5667 In

660 5667 888 5750 Strob“
921 5684 973 5750 Β,
1015 5669 1142 5750 ut
1174 5670 1299 5750 s52,
1424 5675 1479 5750 ξο⁸
1501 5674 1751 5750 Tynd!"
1801 5676 2091 5750 inﬂMarc”
2122 5667 2233 5734 'lib.
2282 5698 2317 5747 ι,
2358 5697 2406 5734 c.
2444 5667 2543 5740 lit;
2579 5678 2796 5746 Epiph.,
2840 5679 2951 5750 §5.
3045 5680 3099 5750 ξ’
3134 5667 3303 5734 Clem.
3338 5667 3447 5745 ᾸΙ.,
3504 5685 3537 5733 l.
3583 5699 3633 5735 iv
3680 5682 3916 5745 Strom.,

661 5737 842 5820 pn._tsi
869 5738 1143 5820 ;nEUS£bn.‘,
1175 5743 1211 5796 ι.
1246 5758 1295 5820 γ,
1330 5760 1378 5796 c.
1416 5745 1517 5820 te,
1550 5737 1828 5820 Epiphgs
1857 5749 1909 5820 sq,
1943 5737 2321 5820 12_;Tertull.,
2360 5752 2397 5803 I.
2431 5764 2445 5802 ι
2480 5737 2867 5820 __i.’._iia_i~_c.,'_c".
2897 5751 3003 5820 tt;
3040 5748 3254 5820 Epipb.,
3295 5750 3322 5820 ς
3366 5737 3457 5820 δέ
3498 5754 3540 5783 ει
3574 5754 3725 5820 om.
3757 5737 3913 5810 ροηιζ

672 5802 764 5886 cf.
802 5804 852 5855 in
886 5804 939 5886 ti.
1008 5807 1057 5886 ff
1084 5802 1430 5886 I‘iieodoreiq
1456 5802 1555 5886 un.
1594 5802 1706 5886 i,_'c_.
1738 5802 1834 5886 eo";
1866 5802 2100 5886 Epiph.:
2126 5802 2446 5886 ii'sii'fiigi,
2478 5816 2529 5879 5,
2569 5816 2627 5879 t;
2667 5802 2865 5881 ld.,'iu'
2896 5802 3105 5879 Indice:
3128 5802 3218 5873 lib.
3243 5802 3322 5872 'i."
3366 5802 3415 5851 δέ
3441 5819 3556 5872 Lib.
3584 5802 3896 5886 iiiiixbéii'.

670 5873 926 5927 Alexand.
1007 5876 1049 5907 "
1084 5876 1323 5947 Tatian.,
1358 5873 1423 5946 p.’
1450 5881 1570 5948 i65,
1610 5882 1731 5948 lit),
1762 5873 1887 5941 edit.
1914 5873 2085 5951 1636,
2116 5884 2177 5938 ad
2213 5884 2339 5940 calc.
2368 5873 2539 5953 ‘Justf;
2575 5873 2803 5954 lr'en.,'l.
2841 5904 2873 5953 ι,
2910 5904 2957 5943 c.
2986 5873 3156 5953 28,'n.
3195 5890 3213 5941 1
3245 5907 3256 5955 ;
3287 5889 3476 5959 Epiph.
3512 5888 3537 5961 ς
3568 5890 3624 5955 1;
3655 5873 3907 5961 Tutiam,
