4180 6332
246 374 334 431 liii
943 372 1399 430 DlSSERTATlO
1435 375 1478 438 l,
1514 371 1673 430 ΛΒΤ.
1713 371 1802 436 111,
1839 370 1928 427 DE
1959 370 2332 429 YALENTINI
2369 371 2778 431 MAGISTRIS.

3391 384 3494 448 162

247 511 356 550 rum
385 510 482 551 seu
520 495 953 559 Continentium,
1007 505 1063 552 et
1126 496 1660 566 HydrOparastarum
1717 510 1811 550 seu
1843 505 1891 564 Α
1920 494 2119 550 nedum
2182 493 2320 550 alios
2372 495 2719 550 Christianos
2754 495 3122 566 despicerent,
3182 501 3276 555 sed
3324 501 3490 558 etiam

245 587 607 657 Aquariorum
644 590 784 643 dicta
809 599 910 642 est.

312 679 435 734 115.
471 680 734 750 Dogmata
760 682 944 734 eadem
980 679 1132 734 fuere
1156 695 1274 749 quae
1303 675 1820 745 Saturtiitii,ltalen-

247 773 335 826 tini
363 783 417 826 et
442 772 754 842 Marcionis.
778 773 992 842 Ubique
1019 782 1296 828 recantata
1316 774 1543 827 ridicula
1575 771 1816 827 Eanum

245 864 439 931 fabula,
475 866 818 936 duplicisque
867 867 1147 938 principii,
1194 881 1258 920 ac
1291 868 1564 920 ementita:
1610 863 1814 919 Christi

243 959 418 1012 carnis
456 968 786 1014 commenta.
823 957 1002 1014 Unum
1042 961 1240 1029 adjecit
1267 961 1557 1021 Tatianus,
1595 958 1814 1013 scilicet

240 1048 505 1103 Adamum
537 1051 765 1104 salutem
820 1052 1176 1106 consecutum
1231 1068 1336 1106 non
1390 1051 1582 1114 fuisse,
1613 1051 1708 1106 sed
1742 1051 1812 1106 ob

241 1140 444 1209 lapsum
506 1151 713 1196 aeterna
793 1142 1140 1197 damnatione
1202 1128 1482 1213 punitum.
1539 1141 1812 1196 Caeterum

241 1241 453 1310 nuptias
487 1256 610 1295 cum
637 1240 914 1295 Marciane
949 1239 1286 1293 damnabat:
1339 1238 1664 1292 animatiset
1685 1226 1812 1292 vino

242 1333 621 1387 abstinendum
662 1333 935 1395 censebat,
973 1345 1283 1401 aquamque
1319 1331 1490 1385 solam
1524 1330 1579 1385 in
1614 1342 1813 1398 myste-

240 1427 332 1480 riis
354 1424 644 1480 oﬂ‘erebat.
692 1424 911 1479 Utvero
949 1424 1052 1494 legi
1087 1425 1256 1478 veteri
1300 1424 1560 1478 invidiam
1599 1421 1811 1477 conﬂa-

241 1529 338 1581 ret,
390 1515 812 1582 Problematum,
850 1530 944 1570 seu
978 1515 1344 1582 Quaestionum
1376 1515 1576 1569 librum
1607 1509 1805 1578 edidit,

244 1619 298 1663 ut
332 1612 781 1664 onscurissimam
843 1624 964 1663 esse
993 1624 1056 1663 ac
1091 1606 1408 1678 imperviam
1438 1605 1715 1676 probaret,
1752 1619 1814 1659 ac

243 1701 468 1769 proinde
518 1717 546 1754 a
591 1701 736 1754 malo
778 1699 885 1754 Deo
918 1698 1236 1770 profectam.
1267 1699 1460 1754 Plures
1509 1699 1648 1752 alios
1681 1696 1814 1752 scri-

243 1793 366 1861 psit,
399 1793 466 1847 de
489 1793 690 1862 quibus
721 1808 842 1847 cum
879 1791 1014 1844 nihil
1045 1791 1277 1860 speciale
1302 1791 1588 1845 dicendum
1616 1788 1817 1843 babeav

245 1901 363 1939 mus
384 1925 399 1949 ,
432 1885 658 1939 consule
682 1884 1106 1938 eruditissimum
1135 1881 1561 1943 Tillemontium.
1597 1889 1729 1936 tom.
1768 1879 1814 1936 11

244 1978 537 2033 Comment.
578 1977 630 2029 in
668 1976 812 2029 Hist.
851 1974 1074 2041 Eccles.,
1113 1977 1166 2029 in
1199 1974 1509 2030 Encratitis.

507 2064 618 2118 ΧΗ.
655 2065 731 2118 De
762 2065 886 2118 aliis
918 2065 1231 2134 quibusdam
1260 2065 1540 2118 haereticis.

305 2155 667 2212 MLTatiano
691 2157 1115 2227 subjungitalios
1129 2158 1411 2212 haereticos
1430 2155 1811 2222 lrenmus'u';

243 2265 376 2319 quos
407 2265 438 2304 a
475 2249 710 2305 Basilide
740 2259 794 2305 et
833 2250 1162 2321 Carpocrate
1199 2250 1514 2304 occasiones
1539 2249 1813 2317 accepisse

242 2341 387 2395 dicit.
440 2340 650 2396 Nomen
687 2343 1010 2413 suppressit,
1047 2342 1140 2397 sed
1185 2343 1328 2397 scire
1371 2349 1570 2412 parum
1599 2339 1764 2394 refert
1796 2355 1809 2391 :

242 2435 373 2488 nibil
427 2434 627 2505 quippe
683 2450 713 2489 a
779 2434 1061 2506 magistris
1105 2433 1454 2499 differebant,
1509 2433 1614 2488 nisi
1666 2430 1812 2503 quod

239 2540 426 2580 eorum
464 2527 756 2597 spurcitias
779 2535 942 2596 atque
965 2525 1166 2602 ﬂagitia
1202 2525 1385 2581 minus
1409 2525 1809 2594 erubescerent,

239 2619 578 2687 promiscuos
611 2619 858 2674 videlicet
883 2629 936 2673 et
981 2620 1104 2689 plus
1130 2634 1294 2690 quam
1327 2618 1530 2673 ferinos
1555 2620 1814 2675 concubi-

235 2718 338 2774 tus,
363 2710 750 2780 polygamiam,
777 2710 1171 2765 indifferentem
1195 2710 1617 2782 idolothytorum
1634 2726 1810 2778 esum,

236 2808 286 2854 et
311 2799 417 2854 alia
448 2797 744 2868 ejusmodi.
775 2797 870 2852 llis
887 2799 1032 2852 enim
1059 2796 1229 2852 Deam
1261 2801 1487 2855 minime
1509 2801 1650 2870 tangi
1667 2801 1810 2855 blas-

235 2892 590 2962 phemabant,
626 2899 811 2958 utpote
841 2905 999 2958 quem
1049 2892 1163 2945 otio
1208 2900 1539 2960 torpentem,
1576 2892 1806 2946 inferio-

235 2997 458 3051 rumque
488 2996 671 3035 rerum
710 2981 1134 3048 haudquaquam
1167 2979 1460 3033 sollicitum
1510 2979 1801 3049 ﬁngerent.

474 3072 616 3127 Xlll.
647 3071 724 3126 De
755 3073 919 3126 variis
953 3070 1324 3125 Gnosticorum
1363 3072 1542 3124 sectis.

1924 585 2197 654 apostolos
2228 586 2374 656 ipsos
2401 587 2628 642 scientia
2655 601 2913 658 superare
2959 603 3018 644 se
3053 590 3318 648 audacter
3345 595 3494 650 allir.

1923 684 2156 730 marent.

1998 767 2114 822 M6.
2146 768 2277 836 Quis
2319 769 2528 839 primus
2551 768 2842 839 superbum
2870 769 3115 830 Gnostici
3149 792 3345 835 nomen
3389 781 3493 837 sibi

1919 874 2099 916 suazve
2115 869 2278 916 secta:
2307 861 2586 926 indiderit,
2614 877 2720 917 non
2762 876 3001 921 constat.
3057 866 3112 922 Si
3166 869 3388 939 quidem
3421 875 3491 929 de

1920 952 2089 1020 ipsius
2117 953 2390 1008 hereseos
2419 955 2634 1025 origine
2665 958 2890 1024 quaestio
2938 969 3105 1024 esset,
3157 962 3317 1020 facile
3347 963 3488 1019 diri-

1919 1049 2159 1094 tncretur
2186 1058 2202 1107 ;
2235 1059 2404 1122 nama
2434 1043 2768 1102 Simonianis
2797 1049 2924 1116 falsi
2951 1052 3180 1106 nominis
3210 1055 3492 1110 scientiam

1915 1135 2172 1203 accepisse
2194 1133 2344 1188 initia
2371 1135 2574 1191 diserte
2598 1140 2763 1194 tradit
2794 1140 3113 1199 lrenaaus“.
3139 1144 3280 1213 Alibi
3307 1156 3491 1204 tamen

1915 1225 2094 1278 vocari
2122 1223 2398 1280 Gnosticos
2423 1243 2456 1280 a
2481 1225 2774 1282 Menandro
2822 1228 3053 1287 Simonis
3095 1233 3357 1303 discipulo
3381 1251 3402 1301 ,°
3437 1212 3491 1291 et

1913 1315 2410 1386 Carpocratianos,
2469 1317 2745 1386 Gnosticos
2803 1339 2855 1376 se
2905 1340 3093 1379 vocare
3145 1303 3491 1394 pronuntiat.

1915 1407 2345 1480 Hieronymus”
2382 1425 2512 1466 vero
2565 1411 2856 1469 Gnosticos
2905 1416 3117 1472 derivat
3153 1433 3181 1473 a
3215 1419 3487 1479 Basilide:

1914 1502 2278 1571 Epiphanius,
2312 1503 2640 1559 Philastrius
2670 1515 2725 1559 et
2777 1506 3116 1575 Augustinus
3140 1525 3169 1563 a
3203 1510 3491 1570 Nicolaitis

1912 1591 2207 1646 deducunt.
2235 1591 2367 1658 Quae
2391 1595 2573 1648 omnia
2617 1611 2742 1649 vera
2798 1607 2962 1664 sunt;
2999 1614 3124 1653 nam
3171 1601 3258 1656 isti
3297 1617 3490 1673 omnes

1913 1683 2155 1738 haeretici
2187 1682 2575 1740 Gnosticorum
2610 1702 2808 1742 nomen
2832 1689 2934 1743 sibi
2963 1691 3342 1748 vindicabant.
3378 1695 3490 1751 Sed

1915 1775 2005 1844 qui
2040 1791 2104 1830 ex
2135 1775 2204 1829 iis
2245 1775 2378 1831 illud
2411 1777 2647 1847 primum
2713 1780 2816 1835 sibi
2862 1782 3178 1848 tribuerint,
3211 1799 3316 1838 non
3355 1787 3491 1841 adeo

1918 1875 2154 1921 certum.
2179 1866 2233 1923 ld
2265 1867 2461 1922 fecisse
2494 1869 2708 1937 priores
2751 1871 2992 1927 Simonis
3055 1883 3150 1928 aut
3202 1874 3487 1933 Menandri

1918 1957 2214 2027 discipulos
2265 1959 2425 2014 facile
2475 1961 2826 2028 crediderim,
2878 1974 2936 2016 ut
2985 1965 3266 2030 invidiam,
3322 1981 3486 2036 quam

1915 2047 2016 2100 sibi
2043 2046 2252 2102 fecerat
2282 2049 2608 2119 probrosum
2662 2053 3053 2123 magistrorum
3108 2070 3333 2123 nomen,
3364 2073 3391 2110 a
3428 2072 3488 2114 se

1913 2138 2272 2193 amolirentur
2303 2157 2317 2196 :
2347 2156 2508 2211 quam
2532 2142 2676 2198 enim
2696 2143 2839 2215 illud
2857 2145 3490 2203 exhorrescerentChri-

1914 2230 2078 2283 stiani
2104 2246 2316 2297 omnes,
2350 2248 2457 2287 non
2494 2248 2586 2288 eos
2629 2234 2856 2290 latebat.
2891 2236 3073 2303 Quare
3114 2238 3358 2308 deposita
3395 2237 3486 2294 Si-

1912 2321 2291 2376 monianorum
2326 2334 2417 2377 aut
2451 2320 2993 2396 Menandrianorum,
3036 2329 3203 2383 indita
3234 2331 3335 2386 sibi
3363 2346 3485 2401 spe-

1912 2414 2055 2468 ciosa
2114 2413 2502 2471 Gnosticorum
2560 2419 2944 2488 appellatione,
2986 2423 3088 2478 sub
3137 2437 3202 2477 ea
3250 2423 3396 2478 larva
3429 2432 3485 2480 et

1914 2507 2081 2560 tutius
2109 2507 2280 2564 latere
2315 2521 2370 2563 et
2387 2509 2552 2565 latius
2583 2525 2807 2580 serpere
2834 2527 2892 2568 se
2922 2528 3085 2583 posse
3106 2516 3480 2576 crediderunt.

1910 2596 2122 2668 Quippe
2175 2601 2434 2671 deinceps
2487 2603 2540 2657 in
2603 2605 2974 2671 resarcienda,
3031 2609 3341 2677 amplianda
3391 2623 3489 2674 aut

1909 2693 2258 2760 propaganda
2316 2691 2560 2748 Simonis
2611 2695 2816 2761 lhaeresi
2878 2712 3105 2766 operam
3162 2715 3485 2772 posuerunt,

1909 2794 2222 2850 quanquam
2255 2786 2367 2839 suis
2395 2785 2764 2854 peculiaribus
2799 2791 3110 2845 nominibus
3140 2793 3250 2847 noti
3276 2805 3483 2863 essent,

1909 2871 2158 2928 Gnostici
2205 2882 2387 2932 tamen
2443 2879 2548 2933 dici
2595 2879 2931 2952 maluerunt.
2993 2882 3153 2938 Certe
3199 2882 3489 2948 Gnosticos

1910 2975 2102 3021 notare
2134 2968 2354 3022 videtur
2389 2967 2588 3025 Paulus
2612 2971 2680 3035 7°,
2714 2956 2805 3026 ubi
2832 2971 3181 3030 Timotheum
3227 2979 3486 3035 hortatur

1908 3057 2154 3112 devitarc
2185 3052 2487 3126 ἀντιθέσεις
2511 3062 2609 3133 τῆς
2633 3063 2985 3136 ψευδωνύμου
3024 3067 3297 3137 γνώσεως,
3325 3088 3486 3142 oppa-

300 3163 543 3238 [LXXIl]
579 3164 702 3220 115.
735 3157 1030 3232 Postquam
1055 3166 1124 3217 de
1151 3160 1507 3227 Simonianis,
1525 3163 1804 3234 variisque
1832 3174 1874 3230 ο
1909 3142 2125 3206 sitiones
2154 3153 2281 3223 falsi
2311 3157 2538 3210 nominis
2571 3159 2826 3214 scientite.
2881 3146 2973 3217 Sic
3008 3163 3205 3220 saltem
3249 3169 3486 3242 Aposto-

236 3258 670 3314 Simonianorum
687 3257 956 3315 classibus
979 3256 1252 3325 sigillatim
1273 3254 1529 3309 disseruit
1553 3255 1809 3323 lrenaaus,

233 3356 341 3399 tum
379 3345 444 3400 de
477 3343 711 3399 diversis
740 3345 1016 3400 haereticis
1045 3344 1176 3415 agit,
1200 3358 1340 3414 quos
1378 3344 1526 3398 nullo
1559 3346 1810 3414 speciali,

233 3439 323 3492 sed
354 3437 600 3506 generali
653 3439 916 3492 duntaxat
968 3435 1360 3491 Gnosticorum
1417 3437 1636 3490 nomine
1666 3437 1811 3492 desi-

233 3538 384 3600 gnat.
418 3525 626 3585 Omnes
656 3529 876 3598 quidem
911 3537 1022 3583 tum
1061 3528 1326 3591 Simonis,
1382 3534 1495 3581 tum
1535 3525 1807 3584 Valentini

231 3626 475 3690 asseclae,
501 3625 889 3682 Gnosticorum
920 3623 1076 3679 titulo
1108 3638 1166 3680 se
1218 3624 1543 3679 insolentius
1615 3623 1810 3679 eﬂere—

231 3715 654 3784 bant,’scientia2
679 3715 1374 3784 excellentiamjactantes.
1409 3713 1614 3778 Γνῶσις
1657 3714 1807 3768 enim

229 3807 524 3871 scientiam,
557 3816 614 3860 et
646 3809 949 3874 γνωστικός
1001 3807 1248 3860 scientem
1297 3805 1380 3860 vel
1409 3804 1629 3858 scientia
1671 3817 1809 3871 prte-

230 3901 392 3955 ditum
427 3899 726 3970 signiticat.
776 3897 852 3952 Eo
887 3898 1106 3953 nomine
1159 3899 1416 3952 eximiam
1453 3907 1508 3952 et
1562 3895 1808 3966 singula-

226 3978 374 4064 rem,
429 4001 538 4056 qua
596 4003 707 4057 pra:
765 3990 974 4045 caeteris
1030 3991 1231 4060 pollere
1284 3990 1385 4045 sibi
1443 3989 1800 4056 videbantur,

228 4094 408 4134 rerum
451 4080 761 4135 divinarum
817 4083 1065 4137 notitiam
1117 4083 1799 4154 imperitis‘venditabant.

230 4170 359 4225 Cum
391 4171 538 4226 enim
569 4171 659 4224 alii
710 4171 1007 4226 Christiani
1045 4186 1156 4226 suae
1186 4174 1350 4227 sortis
1387 4172 1554 4242 probe
1599 4172 1803 4230 conscii

230 4263 406 4316 divina
441 4263 706 4332 mysteria
744 4277 774 4316 a
812 4263 1014 4318 saeculo
1049 4250 1390 4330 abscondita,
1413 4266 1481 4319 de
1511 4264 1800 4330 Trinitate,

232 4356 293 4408 de
325 4354 568 4422 Christo,
604 4356 671 4409 de
724 4358 1027 4424 creatione,
1051 4366 1188 4423 etc.,
1241 4357 1512 4412 curiosius
1546 4372 1804 4427 perscru-

232 4449 328 4503 tari
352 4449 456 4504 sibi
495 4465 605 4504 non
652 4449 841 4517 licere,
877 4451 976 4506 sed
1004 4465 1069 4505 ea
1100 4451 1338 4522 simplici
1369 4462 1424 4508 et
1475 4451 1663 4507 humili
1696 4451 1801 4506 fide

1915 3241 2026 3296 lum
2063 3243 2382 3315 intelligunt
2407 3246 2657 3303 Clemens
2680 3250 3114 3322 Alexandrinus,
3135 3267 3190 3312 et
3246 3241 3485 3333 Chryso-

1913 3346 2124 3391 stomus
2154 3354 2168 3389 :
2204 3353 2436 3404 quorum
2468 3343 2742 3396 sententia
2771 3358 2836 3398 eo
2856 3345 3340 3421 probabilior,quo
3366 3354 3482 3410 Ire-

1913 3443 2063 3483 naeus
2116 3428 2185 3498 iis
2234 3430 2454 3484 omnino
2509 3433 2720 3498 verbis,
2777 3434 2874 3505 τῆς
2925 3433 3280 3511 ψευδωνύμόυ
3336 3444 3477 3514 γνὼο

1913 3536 2071 3586 σεως,
2097 3521 2486 3602 Gnosticorum
2525 3527 2773 3588 heresim
2807 3530 3008 3597 passim
3045 3532 3326 3604 designat;
3373 3546 3482 3594 imo

1912 3622 1966 3705 et
1996 3613 2276 3705 librissuis
2299 3614 2827 3705 tituluminscripsit,
2845 3619 3105 3693 Ἔλεγχος
3133 3627 3227 3680 καὶ
3243 3628 3480 3705 ἀνατρο-

1911 3703 1986 3773 πὴ
2019 3702 2118 3772 τῆς
2149 3702 2504 3773 ψευδωνύμου
2529 3703 2802 3773 γνώσεως.

1981 3793 2105 3846 147.
2143 3793 2526 3849 Gnosticorum
2561 3797 2743 3866 itaque
2786 3816 3016 3868 nomen,
3051 3819 3158 3860 non
3187 3808 3483 3876 peculiaris

1909 3883 2138 3955 alicujus
2158 3898 2320 3942 secta:
2337 3898 2431 3940 aut
2455 3888 2743 3956 hazreseos,
2765 3894 2856 3948 sed
2876 3897 3184 3952 communis
3206 3902 3480 3967 omnium,
3570 3910 3575 3914 '

1907 3987 2172 4047 quotquot
2202 3977 2444 4036 Simonis
2481 3995 2545 4035 ac
2588 3980 2869 4039 Menandri
2912 3987 3121 4044 deliriis
3169 3990 3324 4047 illudi
3373 3996 3481 4052 sibi

1906 4071 2169 4136 siverant,
2202 4070 2498 4141 appellatio
2523 4073 2641 4128 fuit.
2685 4074 3048 4152 Quamobrem
3077 4097 3178 4137 nec
3221 4083 3477 4142 Theodov

1908 4175 2080 4231 retus,
2114 4181 2215 4221 nec
2242 4166 2858 4227 Pseudo-Tertullianus
2892 4172 3168 4229 Gnosticae
3199 4177 3474 4235 haereseos

1908 4268 2160 4327 tanquam
2194 4260 2451 4331 specialis
2481 4269 2642 4330 atque
2671 4274 2701 4313 a
2732 4265 2944 4318 eteteris
2979 4263 3260 4321 distinctae
3289 4271 3478 4324 memi-

1907 4361 2130 4404 nerunt.
2163 4349 2274 4405 Cur
2299 4367 2430 4406 vero
2463 4351 2701 4408 lrenteus
2743 4357 3075 4420 econtrario,
3113 4356 3473 4428 Epiphanius,

1904 4445 2237 4516 Augustinus
2268 4455 2323 4500 et
2347 4445 2463 4511 alii,
2501 4449 2705 4502 certam
2733 4449 3022 4517 quamdam
3057 4466 3121 4506 ac
3155 4455 3473 4520 specialem,

231 4539 479 4594 venerari
517 4541 622 4595 sibi
651 4542 920 4596 satisesse
947 4543 1144 4597 merito
1172 4536 1604 4612 persuaderent:
1633 4544 1801 4597 haere-
1830 4518 1877 4574 D
1905 4545 2071 4606 atque
2099 4551 2130 4590 a
2185 4536 2549 4602 Simonianis.
2611 4536 3036 4608 Menandrianis.
3097 4542 3474 4614 Basilidianis,

233 4631 654 4687 ticiecontrario
685 4632 1002 4701 ,temeraria
1053 4624 1377 4690 curiositate
1427 4635 1570 4688 ultra
1629 4648 1799 4690 evan-
1898 4627 2320 4703 ValentinianiS.
2353 4639 2482 4696 etc.,
2507 4630 2818 4686 distinctam
2863 4643 3067 4688 sectam
3109 4640 3471 4710 consrituant,

233 4720 410 4792 gelice
459 4724 825 4794 simplicitatis
858 4736 1033 4781 metas
1067 4725 1282 4797 longius
1325 4727 1561 4795 abrepti,
1609 4727 1699 4780 illa
1731 4742 1794 4782 ex

1897 4723 1950 4777 in
1983 4733 2234 4794 promptu
2269 4724 2383 4780 haec
2411 4726 2549 4782 ratio
2575 4736 2680 4780 est.
2719 4727 2965 4796 Duplicis
2988 4732 3206 4811 generis
3227 4730 3474 4796 Gnostici

233 4807 504 4896 Platonica
543 4815 894 4898 philosophia
957 4816 1153 4874 eruere
1199 4827 1254 4873 et
1306 4819 1708 4885 demonstrare,
1731 4829 1798 4874 ‘et
1893 4827 2072 4871 erant.
2109 4817 2214 4872 Alii
2251 4833 2362 4874 non
2391 4819 2627 4873 modoex
2656 4807 3021 4888 peculiaribus
3045 4822 3148 4876 sibi
3180 4825 3474 4900 dogmatis,

233 4915 346 4959 cum
378 4919 441 4960 ea
487 4906 787 4991 conciliare
841 4916 1149 4965 tentarunt.
1200 4908 1353 4977 Quod
1411 4911 1630 4981 quidem
1667 4909 1797 4966 licet
1895 4912 1987 4989 sed
2017 4910 2186 4965 etiam
2219 4924 2286 4964 ex
2319 4909 2543 4965 famosis
2596 4911 2925 4980 quibusdam
2960 4923 3136 4981 sectae
3162 4929 3277 4991 suae
3300 4931 3470 4988 cory-

235 4994 597 5051 infelicissimo
628 4983 848 5065 conatu,
890 5007 945 5054 et
967 5016 1089 5055 cum
1119 5001 1294 5071 ipsius
1327 5003 1450 5058 fidei
1501 5003 1793 5076 naufragio

233 5085 426 5141 factum
465 5088 557 5154 sit,
585 5087 798 5144 miseris
833 5099 1013 5147 tamen
1043 5093 1207 5148 varia:
1233 5094 1575 5164 gloriationis
1603 5110 1791 5152 ansam

233 5181 488 5245 praebuit;
528 5183 685 5252 quasi
721 5179 825 5236 sibi
861 5179 1016 5252 solis,
1056 5187 1102 5241 si
1162 5189 1374 5258 superis
1401 5190 1596 5258 placet,
1632 5191 1793 5247 Chri-

234 5269 408 5323 stiana:
434 5271 712 5353 religionis
741 5277 1068 5343 penetralia,
1121 5278 1427 5350 intimaque
1456 5285 1672 5340 viscera
1705 5301 1795 5340 re-

234 5373 404 5416 serare
424 5363 609 5417 datum
641 5376 806 5422 esset.
837 5367 902 5421 Et
937 5370 1061 5424 hinc
1086 5385 1152 5426 eo
1180 5373 1408 5430 insaniae
1436 5377 1700 5446 prolapsi,
1729 5386 1787 5433 ut

1901 4987 2070 5073 phaais
2099 5019 2162 5058 ac
2192 5003 2419 5059 ducibus
2459 5005 2571 5062 noti
2628 5013 2783 5058 erant
2817 5021 2831 5071 ;
2859 5006 2950 5062 alii
2993 5021 3120 5061 vero
3150 4989 3278 5064 licet
3312 4987 3470 5065 erro-

1900 5096 2049 5150 ribus
2081 5085 2183 5151 sibi
2230 5097 2467 5168 propriis
2519 5099 2783 5169 insignes,
2825 5100 2909 5154 vel
2961 5100 3180 5155 obscuri
3234 5103 3470 5169 nominis

1901 5174 2069 5246 duces
2106 5188 2406 5255 habebant,
2459 5189 2543 5244 vel
2585 5191 2765 5245 nullos
2814 5202 2995 5248 certos
3049 5201 3106 5247 et
3160 5193 3470 5264 singulares

1899 5284 2285 5354 agnoscebant.
2313 5283 2534 5347 Priores
2563 5299 2670 5337 non
2707 5293 2918 5338 tantum
2946 5289 3219 5340 communi
3249 5269 3465 5342 Gnosti-

1899 5395 2086 5434 corum
2118 5379 2275 5434 titulo
2299 5380 2437 5444 noti,
2469 5379 2563 5433 sed
2599 5379 3008 5449 magistrorum,
3038 5391 3309 5451 sectaaque
3337 5397 3462 5437 con-

239 5617 285 5670 p.
313 5603 443 5676 l_58;
481 5601 715 5676 Epiph,
745 5601 831 5676 §_l
855 5601 1122 5676 ;_Euseb.,
1155 5601 1384 5676 Chrom;
1420 5603 1856 5676 lren.,__loc_cit.;
1893 5603 2121 5676 Epiph.._
2151 5605 2176 5674 §
2205 5605 2274 5668 2;
2319 5604 2491 5676 Clem.
2525 5606 2701 5668 Alex.,
2747 5603 2972 5669 Strom.,
3005 5607 3099 5659 lib.
3143 5622 3223 5671 ιιι,
3255 5623 3307 5676 p.
3334 5608 3458 5670 565,

239 5683 284 5726 et
318 5672 563 5740 Excerpt.
595 5689 648 5741 p.
693 5671 828 5732 806;
857 5671 1106 5736 Tertull.,
1151 5673 1216 5725 de

1263 5689 1475 5740 praesa,
1504 5689 1551 5728 c.
1583 5673 1683 5738 52;
1722 5672 1964 5731 llieron..
2002 5674 2054 5726 in
2089 5672 2206 5728 Gal.
2236 5691 2300 5742 v;
2330 5675 2561 5740 Theod.,
2611 5676 2714 5728 Ioc.
2754 5678 2845 5728 cit.
2923 5676 3041 5716 ⁶⁶ο⁶⁷
3074 5677 3187 5730 Lib.
3226 5672 3270 5736 ιζ
3295 5696 3339 5729 (ι.
3369 5678 3457 5740 28,

241 5759 286 5820 ιι.
310 5743 359 5795 2.
434 5745 478 5775 ⁸⁸
506 5742 624 5797 Lib.
659 5758 693 5803 ι,
725 5743 886 5820 ego,
917 5760 968 5794 n.
999 5741 1065 5808 4;
1106 5742 1195 5820 lib.
1235 5759 1316 5805 ιιι,
1344 5743 1568 5820 (ελᾶηη.
1597 5744 1657 5806 ὃς
1692 5745 1786 5820 lib:

1911 5761 1957 5797 c.
1989 5744 2162 5820 25,31:
2193 5746 2244 5800 5.
2290 5741 2293 5742 ⁷
2323 5747 2365 5778 θ’
2395 5745 2450 5801 1η
2480 5745 2595 5801 Cat.
2631 5754 2685 5797 et
2714 5743 2814 5793 Fin.
2850 5747 2916 5800 ad
2951 5745 3215 5820 Ctesipb;
3244 5747 3458 5817 Epiph.,

241 5815 355 5868 liter.
392 5831 517 5874 xxv,
551 5828 732 5874 xxvn;
764 5812 985 5868 Philast.
1019 5823 1071 5867 et
1094 5814 1346 5882 August.,
1380 5811 1456 5867 De
1483 5814 1613 5867 liter.
1691 5814 1735 5844 7°
1767 5812 1786 5864 l
1815 5812 1958 5869 Tim.
1990 5829 2059 5882 vr,
2092 5815 2180 5868 20.
