4180 6332
682 370 787 428 163

1485 367 2076 430 DISSERTATIONES
2113 371 2422 430 ΡΒΕΥΙΛΕ
2460 373 2526 429 1N
2561 373 2816 430 ΙΒΕΝᾸΞΙ
2854 374 3128 432 LIBROS.

3816 383 3917 440 164

679 489 914 546 (litorum
944 491 1205 560 singulari
1258 492 1478 547 nomine
1529 497 1771 549 notiores
1801 493 1973 560 fuere,
2006 493 2243 564 dictique
2270 499 2317 556 Α
2345 509 2464 549 rum
2489 495 2850 565 plurimorum
2878 496 3143 550 sententia
3167 493 3293 550 fuit.
3328 493 3462 550 IIuic
3497 511 3624 552 vero
3658 499 3917 569 subjicie-

679 578 1004 649 Simoniani,
1027 583 1364 649 Basilidiani,
1401 581 1785 648 Valentiniani,
1809 593 1939 652 etc.,
1970 599 2066 640 seu
2091 583 2237 640 Gno-

677 677 800 731 stici
833 675 1159 739 Simouiani,
1199 674 1443 730 GnoStici
1492 673 1874 740 Valentiniani,
1909 685 2046 741 etc...
2078 686 2137 730 ut
2161 675 2240 730 sic

678 767 845 822 variae
872 765 973 822 sub
1004 765 1196 822 eodem
1226 764 1463 837 generali
1492 767 1713 822 nomine
1763 764 2076 822 scholarum
2116 782 2239 836 spe-

677 855 813 921 cies,
845 871 874 909 a
909 856 1222 911 se'invicetn
1287 853 1545 922 distingui
1591 863 1648 908 et
1705 854 1943 908 discerni
1995 861 2236 923 possent.

677 928 1081 1003 PosteriOribus
1110 954 1318 1009 autem,
1359 946 1500 1012 quod
1551 944 1700 999 nulla
1749 945 2042 1014 peculiaris
2091 953 2240 1000 esset

677 1038 983 1108 appellatio,
1013 1050 1131 1106 quae
1159 1050 1228 1091 ex
1277 1034 1590 1091 auctoribus
1633 1036 1876 1092 derivata
1910 1037 2072 1097 tribui
2106 1051 2234 1106 pos—

675 1140 782 1195 set,
814 1130 984 1184 indita
1011 1130 1318 1184 communis
1356 1128 1764 1186 Gnosticorum.
1797 1129 1864 1184 Et
1892 1130 1966 1184 ila
2010 1127 2237 1183 'Gnosti-

675 1233 864 1277 corum
899 1235 1094 1275 nomen
1131 1218 1213 1274 vel
1236 1234 1521 1276 commune
1557 1229 1662 1286 est,
1693 1221 1836 1290 quod
1865 1219 2118 1276 omnibus
2157 1219 2240 1275 Si-

675 1314 852 1367 monis
880 1313 1157 1382 discipulis
1191 1314 1447 1369 convenit
1480 1331 1494 1379 ;
1523 1313 1609 1369 vel
1649 1311 1904 1383 speciale,
1941 1314 2084 1384 quod
2118 1328 2239 1368 cer-

674 1406 743 1460 tis
770 1405 1090 1476 quibusdam
1140 1406 1407 1461 duntaxat
1471 1405 1914 1461 Simonianorum
1965 1405 2237 1462 classibus

672 1511 804 1554 usus
855 1499 1134 1568 proprium
1193 1498 1338 1554 fecit.
1382 1498 1451 1553 Et
1476 1498 1531 1567 :ii
1565 1506 1694 1553 sunt
1720 1512 1950 1567 quorum
1977 1498 2233 1568 ineptias,

672 1591 959 1660 descriptis
999 1590 1113 1658 jam
1173 1590 1536 1647 celebriorum
1601 1589 1841 1645 Simonis
1892 1589 2236 1644 asseclarum

669 1683 969 1749 erroribus,
995 1682 1270 1753 sigillatim
1307 1682 1475 1738 refert
1498 1680 1755 1748 lrenaeus,
1797 1681 1891 1737 lib.
1920 1698 1962 1745 ι,
1987 1697 2036 1736 c.
2065 1681 2136 1737 29
2183 1689 2237 1734 et

669 1790 846 1845 seqq.,
874 1785 928 1830 et
964 1785 1085 1844 post
1121 1791 1243 1830 eum
1262 1768 1631 1844 Epiphanius,
1686 1773 1819 1827 liter.
1857 1786 2010 1826 xxvi.
2062 1770 2236 1839 Super

668 1867 763 1921 hos
793 1877 989 1931 autem,
1021 1867 1199 1935 inquit
1228 1866 1340 1930 ille,
1371 1883 1436 1920 ea:
1464 1866 1547 1919 Itis
1587 1866 1679 1935 qui
1728 1864 1969 1930 praedicti
1999 1872 2122 1917 sunt
2151 1860 2237 1918 Si-

668 1959 921 2022 moniani,
952 1959 1233 2012 multitudo
1252 1956 1639 2022 Canticorum,
1665 1955 1888 2012 Barbelo
1913 1956 2232 2022 exsurrexit,

667 2060 719 2105 et
752 2051 887 2105 velut
915 2067 946 2103 a
982 2058 1123 2104 terra
1149 2049 1304 2120 fungi
1355 2049 1680 2118 manifestati
1730 2057 1874 2102 sunt.
1915 2045 2086 2102 Recte
2110 2045 2235 2115 qui-

667 2141 813 2198 dem.
852 2134 984 2196 Cum
1037 2141 1219 2208 enim,
1274 2149 1335 2195 ut.
1386 2143 1565 2211 capite
1615 2139 1945 2208 praecedenti
2001 2138 2232 2203 monuit,

666 2238 822 2293 multi
848 2254 912 2292 ea:
945 2237 1009 2290 iis
1056 2235 1147 2306 qui
1209 2234 1591 2291 Gnosticorum
1630 2233 1788 2289 titulo
1817 2234 2231 2303 superbiebant,

665 2331 773 2383 imo
803 2346 981 2384 omnes
1010 2329 1193 2384 uellent
1221 2331 1461 2385 doctores
1481 2345 1609 2394 esse,
1641 2339 1690 2383 et
1719 2330 1995 2384 abscedere
2022 2330 2232 2399 quidem

667 2422 733 2477 ab
767 2423 957 2476 literni
1004 2424 1058 2476 in
1104 2438 1207 2492 qua
1262 2421 1496 2490 fuerant,
1547 2422 1696 2476 aliud
1735 2432 1908 2475 autem
1949 2422 2138 2490 dogma
2168 2422 2232 2476 ab

666 2513 779 2566 alia
809 2513 1097 2576 sententia,
1125 2523 1173 2567 et
1198 2513 1435 2580 deinceps
1466 2512 1690 2566 alteram
1731 2512 1794 2565 ab
1827 2511 1992 2565 altera
2024 2528 2236 2580 compo-

667 2613 846 2658 nentes
879 2620 1003 2658 naue
1023 2609 1212 2658 docere
1240 2605 1558 2672 insisterent,
1622 2604 1923 2674 semetipsos
1981 2605 2234 2657 adinven-

665 2706 803 2751 tores
825 2700 1114 2763 sententiae,
1151 2713 1518 2768 quamcunque
1557 2698 1953 2766 compegissent,
1974 2712 2232 2751 enarran-

666 2787 1107 2852 tes;innumera:
1128 2790 1548 2859 propemodum,
1592 2804 1730 2858 quas
1753 2790 1840 2842 vix
1896 2805 1962 2844 ac
2018 2803 2087 2844 ne
2141 2790 2233 2843 vix

665 2879 883 2946 quidem
916 2878 1200 2933 nornin‘are
1227 2890 1391 2945 esset,
1423 2881 1730 2950 propagines
1753 2880 2043 2934 multarum
2065 2881 2234 2934 hazre-

664 2985 780 3022 sum
807 2969 963 3038 {actm
986 2969 1218 3038 fuerant.
1243 2968 1445 3025 Omnes
1467 2971 1686 3039 quidem
1707 2971 1974 3027 Elimeam
1999 2986 2232 3026 venera-

666 3058 912 3124 bantur;
939 3061 1032 3114 sed
1063 3062 1182 3127 quae
1223 3060 1344 3114 aliis
1377 3059 1607 3125 Helena,
1638 3060 1759 3115 aliis
1792 3061 1921 3131 Sige
1949 3070 2048 3116 aut
2093 3061 2233 3116 Cha-

2340 587 2472 640 bant
2501 584 2574 641 AE
2581 602 2726 640 onem
2753 588 3033 658 quemdam
3061 605 3323 660 nunquam
3353 599 3695 644 senescentem
3729 592 3784 645 in
3809 594 3920 646 vir-

2339 679 2506 746 ginali
2568 680 2780 748 spiritu,
2812 696 2971 751 quem
3002 681 3292 747 Barbelon,
3333 683 3618 750 Ennmam,
3669 687 3914 742 omnium

2339 772 2593 837 Matrem,
2628 781 2684 829 et
2735 788 2992 842 magnum
3025 774 3199 830 Eona
3251 777 3373 829 κατ’
3440 775 3628 847 ἐξοχὴν
3672 778 3918 832 nomina-

2339 874 2492 930 bant.
2531 871 2624 929 lsti
2657 874 2839 944 Logon
2891 875 3236 945 copulabant.
3279 875 3428 930 Hanc
3476 877 3914 947 conjugationem

2341 964 2685 1035 excipiebant
2747 974 2856 1020 tres
2897 965 3038 1031 alite,
3057 961 3416 1034 Aphtbarsiae,
3440 967 3489 1020 id
3542 975 3625 1020 est
3664 966 3915 1020 incorru-

2337 1055 2516 1126 ptelae,
2567 1064 2617 1110 et
2650 1055 2885 1122 Christi;
2919 1053 3060 1110 Zoes
3107 1064 3164 1111 et
3209 1053 3558 1123 'I‘belematis,
3587 1057 3688 1112 hoc
3717 1067 3803 1112 est
3832 1056 3916 1109 vi-

2343 1156 2408 1204 ta:
2447 1156 2503 1203 et
2530 1147 2857 1212 voluntatis;
2899 1147 3241 1218 Prognoseos
3274 1156 3329 1203 et
3362 1145 3468 1214 Nu,
3526 1149 3629 1204 hoc
3674 1160 3760 1207 est
3785 1169 3918 1225 pro-

2340 1240 2598 1294 videntiae
2634 1250 2689 1294 et
2729 1241 2944 1297 mentis.
2979 1239 3256 1295 Christum
3314 1249 3498 1296 autem
3559 1243 3740 1299 lumen
3791 1261 3917 1304 esse

2341 1330 2615 1396 dicebant,
2638 1331 2783 1400 quod
2819 1329 2990 1386 Pater
3022 1339 3258 1384 unxerat
3310 1345 3410 1386 sua
3469 1332 3916 1405 benignitate,'ut

2338 1423 2648 1496 perlectum
2682 1424 2839 1478 ﬁeret
2872 1442 2887 1478 :
2939 1423 3080 1479 male
3113 1425 3325 1480 scilicet
3358 1424 3663 1482 alludentes
3697 1437 3809 1482 tum
3842 1431 3914 1485 ad

2339 1517 2574 1572 nominis
2608 1516 3017 1588 etymologiam,
3061 1517 3205 1586 quod
3240 1517 3426 1573 Graece
3466 1530 3678 1573 unctum
3703 1521 3914 1593 signiti-

2337 1619 2450 1676 cat,
2477 1617 2589 1663 tum
2621 1609 2688 1664 ad
2726 1622 2787 1663 ea
2819 1608 3097 1679 Evangelii
3147 1610 3265 1664 loca
3303 1615 3356 1664 in
3400 1612 3599 1680 quibus
3657 1612 3915 1670 Christus

2339 1703 2580 1769 seipsum
2603 1701 2844 1770 appellat
2898 1700 3067 1754 lucem
3118 1703 3322 1768 mundi,
3371 1712 3484 1757 tum
3525 1707 3590 1759 ad
3614 1705 3702 1759 illa
3731 1705 3914 1761 Patris

2339 1791 2532 1847 Filium
2556 1793 2935 1862 compellantis
2961 1795 3125 1850 verba
3155 1813 3167 1850 :
3216 1794 3316 1848 Hic
3339 1809 3414 1848 est
3443 1794 3618 1850 Filius
3657 1815 3800 1852 meus
3826 1800 3913 1854 di-

2335 1883 2520 1950 lectus,
2546 1886 2599 1938 in
2620 1900 2722 1954 quo
2748 1885 2876 1938 mihi
2900 1885 3024 1940 bene
3046 1886 3332 1954 complacui
3356 1887 3422 1941 7‘.
3448 1888 3570 1944 Hrec
3594 1891 3762 1959 prima
3784 1891 3915 1946 isto-

2336 1992 2452 2029 rum
2472 1977 2694 2046 ogdoas,
2715 1992 2876 2046 quam
2898 1977 3071 2032 fusius
3089 1978 3364 2047 explicare
3388 1979 3520 2032 nihil
3547 1980 3726 2048 juvat,
3749 1982 3911 2036 facile

2336 2069 2655 2139 intelligitur
2679 2084 2742 2123 ex
2780 2070 2844 2124 iis
2878 2083 2998 2139 quae
3028 2071 3092 2124 de
3123 2068 3505 2125 Valentiniano
3545 2073 3796 2128 diximus.
3829 2074 3914 2128 Ab

2336 2160 2539 2215 Ennoia
2557 2171 2612 2214 et
2625 2159 2770 2231 Logo
2785 2161 3118 2232 Autogenem
3138 2177 3231 2216 seu
3253 2161 3683 2234 Monogenem,id
3699 2175 3916 2236 est,per

2338 2268 2397 2308 se
2423 2256 2691 2325 genitum,
2724 2269 2820 2309 seu
2841 2255 3180 2323 unigenitum
3206 2255 3546 2311 derivabant.
3572 2259 3914 2327 Autogenem

2336 2356 2391 2402 et
2405 2347 2757 2416 Monogenem
2775 2346 3138 2418 appellabant,
3153 2348 3277 2416 quia
3293 2362 3413 2402 eum
3431 2349 3690 2419 singulari
3707 2366 3912 2418 praero-

2337 2439 2514 2508 gativa
2529 2440 2764 2507 genitum
2780 2438 3126 2501 asserebant;
3144 2447 3326 2508 utpote
3347 2441 3525 2510 magni
3547 2439 3783 2502 luminis.
3802 2441 3914 2496 En-

2337 2531 2475 2585 noiaa
2493 2530 2722 2593 scilicet,
2747 2528 2974 2598 eﬁigiem
3002 2539 3059 2584 et
3086 2530 3399 2600 imaginem,
3428 2535 3656 2588 summis
3678 2535 3913 2603 proinde

2336 2619 3015 2688 bonoribus,omniumque
3031 2634 3210 2674 rerum
3229 2622 3556 2690 praefectura
3573 2625 3906 2680 decoratum.

2338 2710 2509 2779 Hujus
2542 2710 2735 2777 couqu
2803 2711 3016 2766 Alethia
3054 2715 3168 2768 sive
3198 2717 3418 2768 veritas.
3444 2717 3489 2768 Α
3514 2717 3740 2782 lumine,
3765 2718 3912 2788 quod

2335 2812 2418 2858 est
2441 2802 2710 2870 Christus,
2737 2805 3191 2874 etincorruptela,
3226 2817 3459 2876 quatuor
3513 2811 3706 2865 emissa
3748 2811 3913 2864 lumi-

2338 2896 2515 2960 naria,
2559 2897 2664 2950 hoc
2690 2905 2773 2951 est
2801 2905 3039 2967 quatuor
3090 2900 3314 2969 angelos
3353 2900 3651 2970 ﬁngebant,
3677 2904 3766 2970 qui
3793 2904 3910 2956 Au-

2338 2998 2585 3057 togenem
2613 2989 2769 3058 quasi
2811 2990 3078 3047 satellites
3107 2995 3395 3060 stiparent,
3432 3007 3662 3060 quorum
3689 2995 3908 3048 nomina

2337 3088 2493 3133 erant
2545 3079 2938 3150 Ilarmogenes,
2974 3099 3068 3137 seu
3123 3083 3283 3138 Soter
3323 3083 3405 3137 vel
3462 3083 3742 3150 Servatur,
3795 3083 3909 3137 Ra-

667 3151 779 3214 ris;
811 3151 953 3214 aliis,
999 3166 1136 3221 quos
1168 3167 1304 3206 nova
1340 3152 1549 3208 dicendi
1582 3153 1721 3206 mala
1763 3154 1986 3223 prurigo
2035 3153 2234 3208 exede-
2260 3201 2301 3258 C
2337 3189 2362 3241 ε

2337 3172 2479 3241 guel,
2517 3171 2683 3226 David
2712 3183 2764 3227 et
2794 3174 3038 3241 Eleleth;
3075 3175 3272 3244 quibus
3309 3175 3493 3230 itidem
3527 3187 3759 3246 quatuor
3775 3192 3911 3232 con-

666 3241 1021 3305 bat,Barbelo
1035 3245 1176 3297 dicta
1200 3243 1370 3299 fuit".
1402 3243 1528 3298 Inde
1551 3243 1680 3298 dicti
1709 3260 1735 3298 a
1762 3246 2079 3316 quibusdam
2103 3247 2233 3300 Bar-

668 3333 898 3396 beliotm,
933 3350 961 3387 a
996 3334 1230 3390 barbaro
1263 3336 1482 3389 nomine
1509 3335 1651 3403 quod
1682 3335 1781 3404 ipsi
1810 3338 2189 3392 confinxerunt
2216 3355 2231 3400 ;

668 3424 737 3476 ab
768 3425 890 3478 aliis
923 3424 1267 3493 Borboriani,
1318 3426 1403 3479 vel
1451 3425 2085 3483 Coddiani.Borboriaui
2111 3430 2233 3497 qui-

668 3521 811 3578 dem,
838 3522 940 3569 hoc
969 3527 1057 3571 est
1113 3518 1342 3582 cmuosi,
1382 3531 1412 3571 a
1449 3519 1822 3582 sordidissima
1861 3531 2022 3590 atque
2077 3518 2233 3594 ﬂagi-

670 3606 759 3657 tiis
795 3607 1045 3662 omnibus
1102 3607 1364 3663 lutulenta
1414 3610 1630 3664 vivendi
1685 3610 1935 3666 ratione:
1968 3613 2231 3668 Coddiani

668 3710 800 3749 vero
831 3713 860 3749 a
887 3712 1015 3751 voce
1046 3697 1248 3763 Codda,
1286 3714 1424 3767 quae,
1451 3700 1527 3754 ait
1570 3700 1926 3773 Epiphanius,
1957 3704 2094 3759 idem
2150 3713 2232 3759 est

669 3787 895 3856 Syriace
927 3789 1069 3859 quod
1126 3799 1396 3860 paropsis,
1433 3803 1526 3847 aut
1585 3795 1797 3849 catinus
1835 3812 1848 3847 :
1887 3798 2030 3865 quod
2076 3805 2226 3850 tanta

669 3889 1022 3935 esseteorum
1047 3883 1331 3952 spurcitia,
1362 3894 1423 3939 ut
1451 3901 1609 3942 nemo
1634 3890 1910 3943 communi
1956 3905 2076 3944 cum
2123 3890 2230 3945 illis

671 3971 745 4024 uti
777 3972 898 4026 cibo
921 3972 1098 4039 vellet,
1134 3974 1226 4028 sed
1259 3979 1554 4045 separatim
1579 3980 1967 4036 contaminatis
2000 3981 2107 4037 illis
2132 3999 2228 4053 ap-

669 4062 793 4130 poni
819 4063 1039 4118 soleret.
1075 4063 1240 4119 Iidem
1277 4066 1329 4120 in
1361 4067 1596 4138 Egypto
1628 4070 1924 4126 Stratiotici
1958 4087 2048 4126 seu
2087 4073 2230 4128 Mili-

671 4170 836 4218 tares,
862 4156 980 4210 aliis
1019 4157 1072 4209 in
1106 4157 1238 4210 locis
1263 4154 1522 4224 Floriani,
1563 4158 1908 4227 Phibiouitae,
1934 4170 1988 4216 et
2015 4161 2229 4220 Zachaei

669 4248 844 4303 vocati
876 4257 1022 4302 sunt.
1051 4248 1371 4319 Quanquam
1416 4260 1620 4318 tamen,
1647 4254 1692 4306 si
1716 4253 2087 4324 Epiphanium
2128 4271 2226 4309 au-

669 4343 900 4405 diamus,
937 4341 1240 4396 Stratiotici
1288 4352 1343 4396 et
1369 4341 1713 4409 Pbibiunitte,
1750 4345 1950 4415 quibus
1983 4346 2231 4418 adjuugit

669 4432 913 4494 Levitas,
947 4441 1058 4486 tres
1089 4442 1291 4486 tantum
1322 4443 1508 4488 essent
1535 4434 1589 4488 in
1620 4449 1725 4489 una
1749 4445 1802 4490 et
1840 4437 2025 4490 eadem
2081 4447 2227 4492 secta

671 4523 948 4576 hominum
993 4523 1239 4588 classes,‘
1259 4538 1490 4592 quarum
1541 4526 1715 4593 prima
1771 4537 1915 4598 esset
1963 4529 2226 4598 incipien-

674 4616 833 4678 tium,
863 4615 1098 4668 secunda
1138 4614 1565 4684 proﬁcientium,
1621 4617 1777 4672 tertia
1835 4619 2068 4690 denique
2099 4636 2227 4674 con-

669 4715 1062 4759 summatorum
1089 4705 1140 4759 in
1172 4710 1318 4760 omni
1371 4709 1625 4777 nequitiae
1645 4720 1703 4765 et
1726 4711 2101 4768 abominanda:
2126 4713 2224 4771 fm-

668 4798 858 4852 ditatis
882 4814 1098 4868 genere.
1150 4799 1274 4855 Illos
1306 4802 1592 4860 haereticos
1622 4822 1650 4859 a
1677 4805 1956 4862 Nicolaitis
1990 4823 2228 4880 progna-

670 4899 754 4944 tus
780 4890 894 4943 vult
927 4891 1064 4944 idem
1101 4891 1476 4962 Epiphanius;
1515 4913 1546 4951 a
1599 4898 1996 4955 Valentinianis
2051 4901 2227 4956 Theo-

667 4980 983 5034 doretus".
1047 4979 1348 5053 Utrumque
1397 4987 1532 5044 forte
1582 5003 1802 5058 verum;
1863 5007 1992 5046 nam
2045 4996 2113 5049 ab
2143 4995 2228 5050 his

676 5070 912 5127 rEonum
952 5075 1162 5143 deliria,
1189 5078 1258 5132 ab
1286 5078 1392 5133 illis
1412 5080 1532 5148 plus
1555 5097 1718 5150 quam
1739 5085 2020 5154 porcinum
2042 5086 2230 5142 viven-

667 5167 720 5220 di
747 5180 950 5220 morem
983 5171 1214 5223 mutuari
1250 5180 1563 5242 potuerunt.

737 5277 994 5351 [LXXIII]
1031 5281 1159 5337 “8.
1199 5283 1456 5354 Dogmata
1501 5288 1830 5357 speculativa
1870 5293 2058 5346 eadem
2119 5297 2233 5349 fere

2331 3264 2487 3332 juges
2545 3264 2926 3334 assignabant,
2963 3264 3192 3330 Charin,
3244 3265 3520 3332 Thelesin,
3575 3266 3806 3336 Synesin
3850 3279 3910 3324 et

2333 3362 2660 3427 Phronesin,
2694 3363 2795 3416 hoc
2835 3372 2919 3417 est
2969 3363 3237 3428 Gratiam,
3290 3365 3656 3429 Voluntatem,
3698 3366 3910 3421 Intelli-

2335 3455 2567 3522 gentiam
2597 3464 2649 3508 et
2680 3453 3050 3510 Prudentium.
3083 3456 3392 3524 Autogenes
3427 3467 3606 3511 autem
3653 3459 3910 3528 produxit

2335 3546 2565 3600 alterum
2595 3545 2832 3602 Aionum
2863 3563 2983 3618 par,
3015 3547 3264 3602 videlicet
3285 3546 3570 3603 Hominem
3604 3550 3909 3617 perfectum

2334 3649 2389 3694 et
2426 3655 2639 3700 verum,
2670 3654 2829 3708 quem
2872 3640 3252 3703 Adamantem,
3293 3640 3363 3694 ob
3407 3640 3671 3694 invictam
3733 3643 3912 3697 virtu-

2337 3741 2466 3799 tem,
2494 3732 2860 3800 appellabant,
2890 3741 2946 3784 et
2975 3729 3185 3786 Gnosin
3221 3747 3317 3785 seu
3351 3732 3682 3801 agnitionem
3724 3735 3912 3803 perfe-

2334 3832 2510 3889 ctam;
2547 3827 2688 3879 unde
2744 3825 3048 3889 illi,datum
3089 3836 3147 3879 ut
3201 3840 3514 3894 supremum
3563 3825 3777 3880 Patrem
3812 3842 3910 3882 co-

2334 3927 2641 3985 gnosceret.
2700 3915 2791 3971 Sic
2847 3917 3253 3970 manifestatum
3321 3933 3590 3970 summum
3663 3917 3908 3987 Patrem,

2335 4007 2580 4074 Matrem,
2619 4017 2674 4061 et
2700 4007 2894 4060 Filium
2934 4007 3188 4061 dicebant
3216 4015 3504 4077 nugatores
3544 4009 3652 4062 isti.
3688 4008 3764 4062 Ex
3793 4007 3911 4063 An-

2335 4100 2527 4166 tliropo
2582 4108 2757 4151 autem
2809 4107 2863 4151 et
2905 4096 3072 4151 Gnosi
3135 4109 3322 4153 natum
3371 4099 3573 4168 lignum
3629 4099 3906 4164 dicebant,

2331 4193 2474 4262 quod
2519 4203 2572 4246 et
2607 4192 2783 4260 ipsum
2830 4189 3058 4246 Gnosim
3101 4192 3469 4260 appellabant,
3505 4191 3808 4246 alludentes
3835 4193 3908 4246 ad

2330 4283 2531 4352 lignum
2555 4284 2796 4338 scientiae
2830 4283 2958 4337 boni
2989 4291 3043 4337 et
3072 4284 3220 4347 mali,
3260 4284 3326 4338 de
3366 4299 3472 4352 quo
3510 4284 3709 4340 Genes.
3740 4300 3801 4350 ιι,
3841 4287 3903 4341 9.

2331 4377 2534 4431 Deinde
2556 4392 2622 4430 ex
2643 4377 2816 4445 primo
2839 4376 3041 4446 Angclo
3062 4376 3358 4444 Autogenis
3382 4376 3636 4440 satellite,
3656 4377 3903 4446 genitum

2330 4462 2589 4534 Spiritum
2628 4472 2894 4530 sanctum,
2935 4479 3094 4533 quem
3124 4474 3178 4519 et
3219 4464 3479 4532 Sopltiam
3511 4475 3567 4521 et
3590 4465 3900 4536 .Prunicum

2258 4543 2302 4598 Ι)
2333 4554 2710 4624 appellabant;
2741 4556 3060 4624 quiquidcm
3081 4569 3204 4610 cum
3233 4556 3682 4612 videretcaateros
3697 4558 3903 4616 Eques

2335 4648 2654 4716 conjugibus
2676 4649 2789 4701 suis
2830 4647 3130 4717 copulatus,
3163 4661 3221 4702 se
3251 4659 3432 4702 autem
3465 4650 3691 4722 conjuge
3728 4652 3904 4705 desti-

2337 4743 2530 4796 tutum,
2559 4736 2718 4789 anxie
2752 4736 3001 4804 quaesivit
3021 4738 3106 4790 cui
3143 4736 3396 4806 conjungi
3426 4749 3638 4806 posset;
3667 4749 3904 4795 temera-

2335 4827 2525 4895 rioque
2558 4827 2781 4895 impetu,
2814 4827 3120 4883 inconsulto
3143 4827 3324 4895 Patre,
3349 4829 3746 4901 latus-primum
3776 4848 3903 4887 ver-

2333 4935 2426 4974 sus
2486 4922 2795 4989 superiores
2856 4930 3056 4988 partes,
3125 4929 3240 4974 tum
3308 4937 3500 4978 versus
3552 4925 3842 4982 interiores
3879 4967 3898 4990 ,

2334 5011 2643 5079 nullamque
2686 5027 2805 5081 quae
2842 5013 2943 5068 sibi
2977 5015 3313 5079 cmivcniret,
3369 5016 3680 5081 inveniens;
3740 5020 3901 5076 Iadio

2333 5104 2577 5168 aﬂ'ectus,
2611 5106 2677 5158 ab
2709 5107 2918 5172 incepto
2971 5117 3275 5169 revocatus,
3312 5108 3538 5163 destitit.
3573 5109 3680 5165 Sed
3702 5125 3767 5164 ex
3804 5121 3899 5168 ta!-

2333 5196 2420 5248 dio
2445 5195 2557 5263 ejus
2593 5205 2777 5248 natum
2808 5209 2966 5265 opus,
2999 5196 3050 5249 in
3090 5213 3197 5266 quo
3230 5209 3346 5252 erat
3379 5201 3680 5267 ignorantia
3716 5211 3769 5255 et
3800 5219 3900 5257 au-

2330 5288 2503 5341 dacia.
2552 5284 2663 5339 Hoc
2696 5297 2869 5339 autem
2893 5303 3048 5355 opus,
3084 5290 3528 5353 I’runrchomcm,
3569 5294 3751 5345 mundi
3790 5295 3893 5348 hu-

662 5382 839 5434 cram.
875 5387 993 5441 quae
1030 5373 1531 5434 Valentinianorum
1549 5379 1628 5445 7‘;
1661 5382 1753 5435 sed
1785 5381 2020 5437 Eonum
2047 5383 2230 5453 appel-
2320 5379 2411 5447 jus
2436 5379 2757 5446 principem,
2792 5382 3128 5433 conditorem
3158 5391 3212 5435 et
3238 5381 3620 5436 fabricatorem
3655 5386 3900 5452 appella-

664 5461 918 5526 latones,
945 5464 1130 5529 series,
1163 5477 1324 5536 atque
1341 5470 1751 5539 conjugationes
1781 5474 1940 5542 paulo
1974 5475 2225 5529 diversae.

665 5552 876 5608 Patrem
902 5555 1329 5612 innominabitem
1359 5563 1532 5629 primo
1573 5563 1692 5618 loco
1716 5566 2048 5629 statuebant,
2084 5581 2230 5619 eum-

662 5661 767 5714 que
822 5649 888 5700 ab
909 5649 1055 5701 omni
1086 5650 1464 5713 conjuaatione
1512 5653 1783 5723 solutum;
1819 5671 1940 5724 qum
1999 5666 2054 5711 et
2089 5655 2227 5710 alio-

729 5806 767 5835 “
805 5807 1018 5875 Epiph.,
1055 5810 1079 5867 5
1125 5813 1176 5865 5.

2326 5471 2485 5532 bant;
2523 5473 2614 5538 qui
2653 5473 2902 5526 virtutem
2947 5488 3196 5540 magnam
3257 5490 3283 5525 a
3321 5485 3496 5528 matre
3542 5472 3776 5539 furatus.
3823 5479 3896 5533 ad

2327 5563 2586 5619 inferiora
2622 5566 2921 5634 digressus,
2975 5567 3275 5619 condiderit
3313 5571 3709 5621 ﬁrmamentum
3741 5570 3892 5636 caeli,

2327 5659 2514 5727 inquo
2551 5658 2902 5724 inhabitaret,
2956 5657 3276 5724 Potestates,
3337 5661 3591 5731 Angelos,
3645 5662 3814 5719 oculos
3835 5673 3887 5720 et

1251 5815 1320 5857 δ”
1355 5815 1567 5879 Enimn,
1615 5816 1641 5886 ς
1683 5819 1745 5883 l;
1791 5818 2021 5883 Thend.,
2056 5818 2090 5873 l.
2129 5835 2168 5874 ι.
2217 5820 2384 5876 0.13.
2462 5820 2506 5851 "
2538 5820 2698 5874 Ircn..
2735 5819 2823 5872 lib.
2869 5834 2914 5874 c.
2947 5819 3036 5875 ΞΩ.
3114 5819 3157 5850 ⁷⁵
3195 5818 3379 5873 Matth.
3419 5834 3548 5881 xvii,
3581 5818 3634 5874 5.
