4180 6332
174 377 265 434 185

883 369 1335 430 DISSERTATIO
1369 372 1409 437 l,
1445 370 1603 426 ΛΒΤ.
1641 370 1727 434 ill,
1764 370 1850 426 DE
1887 370 2256 430 VALENTiNl
2293 375 2691 434 MAGISTRIS.

175 504 382 549 terrena
438 494 666 561 omnia;
727 491 1081 561 omniumque
1132 491 1419 552 malorum,
1483 491 1750 556 rixarum,
1781 491 1826 550 Δ
1857 486 2179 546 Viennensis
2207 492 2259 546 in
2294 495 2524 564 cpistola
2575 510 2696 560 sua,
2748 497 2891 566 apud
2921 496 3210 554 Eusebium
3238 498 3333 559 lib.
3363 515 3420 566 ν,

176 587 611 652 contentionum,
639 594 774 648 etc.,
804 594 994 640 auctor
1043 584 1231 640 fuerit.
1288 584 1382 638 His
1421 586 1746 640 contristata

176 686 344 732 mater
370 677 580 747 Sophia
608 677 679 731 ab
731 691 795 730 eo
842 675 1085 740 secessit,
1121 676 1412 744 sedemque
1444 673 1550 728 sibi
1583 689 1746 745 supra

175 771 578 825 ﬁrmamentum
617 784 712 825 seu
746 772 1030 838 septimum
1063 769 1260 823 caelum
1305 767 1506 838 delegit
1541 785 1553 822 :
1586 767 1748 822 utsic

174 861 449 918 inferioris
477 848 743 931 ogdoadis
768 867 930 929 caput
952 862 1226 914 evaderet.
1254 859 1312 913 In
1343 859 1428 915 his
1454 869 1619 914 totam
1651 857 1749 911 Va-

172 953 596 1010 lentinianorum
626 951 884 1013 fabulam,
920 949 1198 1019 paululum
1231 951 1505 1006 duntaxat
1547 950 1746 1005 immu-

175 1048 295 1102 tatis
327 1047 668 1112 nominibus,
695 1056 964 1101 recoctam
985 1047 1214 1115 quisque
1236 1044 1409 1098 videt.
1439 1041 1646 1098 Caetera
1680 1047 1747 1097 de

172 1137 389 1194 Christo
451 1137 604 1208 Jesu,
647 1139 1063 1202 resurrectione,
1098 1138 1255 1193 bonis
1301 1136 1580 1206 cperibus,
1612 1143 1744 1200 etc.,

173 1231 444 1299 dogmata,
475 1232 667 1286 eadem
695 1240 853 1287 erant
881 1247 1000 1301 quae
1042 1231 1566 1286 V'alentinianorum.
1595 1229 1748 1284 Gno-

173 1326 330 1380 sticos
349 1340 497 1394 saepe
520 1326 572 1379 in
588 1325 707 1379 suis
721 1325 966 1395 epistolis
985 1325 1353 1393 perstringunt
1372 1322 1748 1391 Joannesapo-

171 1418 357 1481 stolus,
371 1415 564 1480 Judas,
582 1415 838 1477 Iacobus.
864 1416 1103 1488 lgnatins
1121 1424 1173 1471 et
1195 1416 1550 1487 Pol‘ycarpus,
1573 1414 1747 1492 maxi-

172 1522 251 1561 me
279 1507 430 1576 quod
465 1507 858 1563 lncarnationis
880 1507 1122 1578 mysterii
1144 1508 1430 1561 veritatem
1460 1513 1744 1576 negarent.

239 1601 362 1655 149.
396 1599 443 1653 Ἐ
473 1600 750 1656 Gnosticis
786 1600 1004 1670 quidam
1037 1599 1217 1654 Veteri
1254 1599 1460 1668 pariter
1490 1609 1546 1654 et
1593 1598 1744 1653 Novo

169 1691 523 1748 Testamento
580 1693 896 1759 utebantur,
937 1695 1033 1749 sed
1088 1693 1292 1749 mutilis
1335 1694 1402 1747 ⁷⁸.
1436 1693 1566 1762 Quae
1595 1693 1741 1748 enim

169 1787 262 1840 sibi
287 1785 475 1841 favere
497 1786 782 1854 putabant,
816 1787 930 1841 haec
962 1786 1452 1854 amplectebantur,
1506 1801 1678 1858 eaque
1709 1803 1738 1842 a

173 1878 372 1948 Spiritu
404 1881 654 1935 veritatis
685 1883 1035 1952 pronuntiata
1063 1884 1424 1949 dictitabant;
1460 1895 1581 1954 qua:
1606 1899 1737 1940 vero

168 1973 264 2027 sibi
293 1975 547 2039 adversa,
570 1973 986 2041 rejiciebant,et
1018 1990 1049 2030 a
1079 1977 1262 2031 mundi
1295 1976 1457 2046 hujus
1487 1976 1739 2048 Principe

170 2063 404 2132 profecta
448 2066 892 2134 pronuntiabant.
944 2066 1095 2122 Pauli
1144 2068 1410 2138 Epistolas
1452 2069 1519 2124 ad
1552 2070 1736 2126 Timo-

171 2155 344 2210 theum
372 2157 761 2223 repudiabant,
783 2161 926 2228 quod
959 2160 1012 2215 in
1057 2159 1125 2214 iis
1157 2162 1475 2215 nominatim
1512 2160 1739 2216 damna-

170 2260 371 2303 rentur.
414 2247 524 2303 Sed
551 2249 640 2303 alii
675 2265 863 2306 omnes
884 2250 1134 2308 Gnostici
1168 2253 1341 2324 legem
1367 2263 1422 2308 et
1447 2253 1736 2324 prophetas

169 2342 491 2410 spernebant
531 2341 576 2372 ⁷⁸
635 2361 649 2396 :
717 2343 823 2399 imo
878 2358 980 2399 nec
1020 2344 1219 2400 multos
1268 2347 1451 2400 dicere
1480 2346 1733 2416 pudebat,

167 2439 514 2488 Servatorem
549 2443 795 2489 nostrum
834 2438 1067 2505 primum
1093 2438 1480 2507 spurcitiarum
1511 2447 1733 2492 suarum

170 2534 322 2594 atque
364 2526 718 2594 impietatum
774 2537 1054 2583 auctorem
1094 2529 1292 2584 fuisse.
1343 2527 1734 2598 Quamplurimi

169 2630 323 2682 penes
354 2616 477 2671 illos
500 2618 818 2688 apocryphi,
855 2621 1198 2689 anilibusque
1227 2620 1451 2686 fabulis,
1482 2620 1735 2677 obsceni-

169 2707 358 2761 tatibus
389 2718 445 2763 et
476 2709 829 2778 b’lasphemiis
876 2711 1062 2767 referti
1124 2714 1251 2768 libri
1293 2723 1472 2777 erant,
1499 2729 1730 2785 quorum

170 2801 463 2872 catalogum
499 2806 740 2874 reperies
795 2807 939 2875 apud
973 2807 1356 2876 Epiplianinm,
1408 2808 1541 2865 har.
1582 2825 1730 2865 xxvr.

169 2890 237 2946 De
260 2894 644 2961 perditissimis
677 2911 867 2951 eorum
913 2899 1159 2953 moribus
1190 2898 1326 2953 nihil
1354 2900 1527 2955 dicam
1559 2917 1572 2954 :
1607 2915 1734 2970 por-

169 2999 255 3039 cos
285 2994 340 3040 et
367 3001 537 3044 canes
594 2997 834 3056 putares,
866 3004 971 3042 non
1001 2990 1286 3057 homines;
1343 2992 1479 3046 adeo
1519 2992 1729 3047 abhor-

169 3087 282 3131 rent
307 3081 376 3132 ab
406 3078 646 3133 humana
665 3089 857 3135 natura
900 3097 1022 3151 quae
1050 3084 1215 3140 de-iis
1246 3083 1412 3138 refert
1457 3099 1582 3140 mox
1609 3084 1731 3140 lau-

1850 593 1975 649 cap.
2015 577 2073 645 2,
2110 583 2330 639 disertis
2353 587 2534 641 verbis
2558 597 2831 654 asserunt,
2865 599 2959 643 aut
2988 593 3202 646 nescire
3223 606 3300 655 se.
3327 601 3425 648 aut

1849 686 1954 726 non
2004 674 2231 729 credere
2286 673 2486 744 ﬂagitia
2521 677 2635 733 huic
2675 679 2743 732 ab
2773 679 3063 745 haereticis,
3101 691 3193 736 aut
3216 697 3250 737 a
3282 697 3424 753 quo-

1849 778 2010 832 quam
2038 765 2352 819 mortalium
2409 782 2638 838 usquam
2666 785 2786 825 esse
2832 782 3069 838 patrata.
3106 773 3211 829 Sed
3243 773 3423 832 facilis

1850 856 2151 924 responsio.
2216 854 2349 927 Ipsa:
2406 858 2524 913 ista:
2583 860 2867 916 calumniae
2925 879 3046 934 qum
3089 864 3423 923 Christianis

1848 948 2223 1015 struebantur,
2285 952 2581 1007 ostendunt
2606 957 2837 1024 gentiles
2893 957 3095 1025 aliquid
3125 959 3320 1015 saltem
3351 959 3423 1015 do

1849 1040 2166 1110 turpissima
2221 1043 2607 1100 Gnosticorum
2634 1049 2742 1101 vita
2793 1048 3109 1117 inaudisse;
3154 1054 3297 1122 quod
3325 1067 3423 1107 ca-

1847 1131 2174 1188 lumniarum
2202 1137 2424 1193 occasio
2476 1138 2596 1194 fuit.
2624 1139 2756 1195 Cum
2807 1143 2952 1196 enim
2989 1157 3083 1198 eos
3138 1160 3166 1197 a
3202 1146 3420 1201 caeteris

1847 1225 2176 1285 Christianis
2211 1245 2316 1283 non
2349 1231 2762 1301 distinguerent,
2807 1235 3058 1291 omnibus
3085 1237 3420 1293 iudiscrimi-

1847 1318 2015 1371 natim
2047 1317 2373 1383 tribuerunt,
2407 1324 2550 1389 quod
2579 1323 2927 1379 larvatoruml
2948 1327 3210 1381 duntaxat
3241 1330 3421 1386 scelus

1849 1408 1967 1463 fuit.
1995 1410 2129 1466 Hinc
2158 1413 2223 1466 de
2246 1412 2686 1482 Carpocratianis
2734 1433 2898 1487 agens
2927 1415 3166 1475 Irenaeus
3189 1419 3258 1476 ⁷⁸.
3282 1438 3418 1476 con-

1844 1503 2093 1570 queritur
2116 1504 2258 1571 ipsos
2288 1507 2355 1557 ad
2407 1506 2782 1559 detractionem
2839 1508 3005 1563 diuini
3045 1508 3298 1566 Ecclesia:
3317 1529 3418 1568 no-

1845 1594 1999 1646 minis
2037 1611 2068 1647 a
2100 1593 2302 1649 Satana
2338 1598 2679 1666 praemissos:
2723 1600 2799 1651 uti
2826 1601 3107 1654 secundum
3151 1601 3416 1680 [LXXIV]

1844 1685 2008 1740 alium
2033 1696 2082 1741 et
2113 1688 2279 1741 alium
2328 1690 2558 1750 modum,
2584 1708 2702 1761 qua!
2741 1703 2863 1746 sunt
2892 1693 3107 1748 illorum
3137 1696 3419 1751 audientes

1846 1779 2102 1848 homines,
2139 1790 2189 1834 et
2231 1790 2476 1851 putantes
2532 1801 2713 1839 omnes
2737 1802 2831 1840 nos
2857 1786 2987 1840 tales
3015 1804 3147 1852 esse,
3178 1797 3419 1843 avertant

1843 1887 1996 1926 aures
2039 1888 2159 1926 suas
2199 1889 2230 1925 a
2252 1875 2517 1942 praeconio
2554 1877 2789 1930 veritatis
2811 1894 2832 1942 ;
2857 1890 2947 1931 aut
2973 1890 3020 1932 et
3048 1881 3275 1935 ridentes
3299 1897 3420 1952 qua:

1841 1974 1964 2019 sunt
2001 1964 2239 2030 illorum,
2267 1983 2442 2022 omnes
2464 1983 2557 2023 nos
2613 1969 2996 2034 blasphement.
3050 1973 3112 2027 Et
3149 1972 3418 2029 Eusebius

1841 2059 1934 2113 lib.
1963 2057 2210 2123 ivIlist.,
2265 2074 2385 2127 cap.
2437 2060 2487 2124 7,
2530 2047 2782 2116 similiter
2831 2063 3041 2130 scribit,
3089 2068 3413 2123 miserorum

1842 2150 2058 2207 illorum
2100 2152 2301 2224 llagitia
2341 2153 2633 2224 gentilibus
2675 2168 2860 2208 ansam
2910 2157 3212 2225 praebuisse
3235 2174 3417 2214 sacro-

1839 2252 2029 2298 sancto
2054 2241 2148 2298 Dei
2170 2245 2336 2299 verbo
2367 2244 2674 2314 petulanter
2716 2245 2985 2316 impieque
3022 2247 3360 2308 obtrectandi
3395 2265 3413 2303 :

1839 2349 1903 2390 eo
1933 2334 2092 2404 plane
2115 2336 2367 2399 consilio,
2397 2346 2455 2390 ut
2481 2335 2623 2391 fama
2666 2337 2732 2393 de
2757 2339 2988 2392 scelesta
3018 2338 3255 2408 ipsorum
3289 2341 3416 2397 vita

1838 2427 2052 2483 ratione
2084 2429 2285 2497 passim
2311 2429 2593 2498 dissipata.
2626 2439 2838 2500 turpem
2869 2432 3186 2501 ignominiae
3221 2444 3413 2492 notam

1838 2519 2108 2574 universae
2134 2520 2568 2576 Christianorum
2599 2522 2927 2578 multitudini
2955 2524 3214 2582 inureret.
3254 2525 3414 2582 Unde

1837 2621 1990 2665 certe
2018 2611 2236 2673 accidit,
2270 2613 2472 2682 inquit,
2500 2621 2553 2667 ut
2585 2613 2797 2669 nefaria
2844 2617 3092 2684 quaedam
3136 2618 3324 2690 Opinio
3347 2620 3414 2676 de

1837 2701 2000 2756 nobis
2026 2703 2290 2771 excitata,
2319 2719 2489 2773 eaque
2530 2704 2598 2758 ab
2622 2710 2772 2760 omni
2808 2707 3024 2762 ratione
3052 2709 3409 2776 alienissima,

1835 2807 1933 2864 per
1978 2792 2270 2848 inﬁdelium
2304 2796 2516 2851 animos
2569 2796 2728 2868 longe
2779 2797 2992 2870 lateque
3039 2802 3411 2871 pervaderet:

1834 2885 1978 2955 quod
2030 2887 2280 2942 videlicet
2314 2899 2425 2942 tum
2480 2889 2717 2945 nefando
2772 2894 3062 2948 concubitu
3121 2906 3325 2952 matres
3357 2904 3414 2952 et

1834 2994 2053 3035 sorores
2106 2981 2329 3044 violare,
2360 2992 2470 3037 tum
2511 2984 2680 3038 etiam
2714 2986 2981 3042 scelerato
3034 2992 3270 3058 quodam
3309 2993 3411 3048 ali-

1837 3073 2000 3128 menti
2040 3076 2366 3142 genereiuti
2394 3091 2501 3130 non
2555 3091 2890 3133 vereremur.
2922 3079 3073 3135 Unde
3125 3098 3254 3137 vero
3300 3094 3408 3140 tam

164 3174 312 3227 dam;
351 3173 709 3242 Epiphanius,
746 3172 869 3229 Haec
898 3177 988 3229 vix
1019 3175 1176 3230 ﬁdem
1210 3176 1458 3233 obtinere
1487 3190 1728 3249 possem,
1760 3181 1808 3247 ο
1840 3165 2097 3220 immania
2127 3167 2394 3220 scelerum
2427 3179 2675 3237 portenta
2731 3170 2784 3224 in
2821 3171 3255 3229 Christianorum
3290 3192 3411 3231 om-

167 3263 264 3317 u'isi
289 3263 510 3317 aliunde
559 3274 840 3320 constaret
869 3269 1182 3322 necessaria
1232 3271 1631 3341 principiorum
1664 3272 1731 3326 ab

166 3352 228 3408 iis
249 3364 576 3409 statutorum
628 3358 969 3411 consectaria
1028 3362 1435 3430 esse;ipseque
1488 3362 1724 3432 Epipha-

167 3447 281 3498 nius
303 3446 346 3476 "
384 3461 450 3501 ea
487 3456 602 3501 tum
636 3463 703 3502 ex
734 3447 888 3502 libris
913 3464 1124 3514 eorum,
1155 3460 1263 3503 tum
1295 3466 1359 3504 ex
1389 3453 1610 3521 proprio
1636 3468 1731 3507 ore

167 3539 380 3593 duarum
411 3538 704 3593 mulierum
733 3539 893 3608 hujus
935 3551 1097 3595 sectae
1138 3545 1473 3614 κορυφαίων,
1503 3561 1621 3614 quae
1645 3545 1731 3613 ju-

166 3641 343 3682 venem
369 3631 551 3686 adhuc
606 3639 958 3687 tentaverant
986 3634 1196 3689 retibus
1244 3637 1357 3691 suis
1408 3637 1728 3705 illaqueare,

166 3720 408 3776 didicisse
449 3737 506 3775 se
529 3732 961 3779 contestaretur.
1002 3725 1327 3795 Castiganda
1361 3728 1587 3796 proinde
1638 3743 1727 3782 re-

167 3813 456 3866 centiorum
508 3821 869 3884 quorumdam
931 3821 1163 3875 audacia
1193 3831 1249 3874 et
1301 3822 1604 3887 temeritas,
1635 3825 1726 3892 qui

165 3911 215 3953 ut
265 3901 836 3967 Cnosticos,lutilibus
888 3909 1030 3964 ducti
1053 3911 1403 3979 coniecturis,
1439 3913 1505 3966 ab
1538 3913 1728 3966 imma-

165 3995 332 4058 nibus,
354 3997 549 4064 qnibus
569 4010 913 4064 accusantur,
944 4001 1244 4057 sceleribus
1271 4003 1571 4069 vindicent,
1599 4003 1726 4072 Epi-

165 4086 357 4153 phanii,
388 4090 846 4160 antiquorumque
894 4093 1138 4146 omnium
1189 4094 1346 4148 ﬁdem
1375 4095 1590 4150 elevare
1617 4110 1723 4150 non

162 4188 428 4242 verentur,
470 4180 626 4248 quasi
680 4181 794 4235 lizec
831 4182 897 4236 ab
926 4182 1238 4239 hominibus
1267 4185 1408 4239 male
1430 4187 1720 4255 religiosis,

163 4266 210 4319 in
248 4269 426 4321 odium
454 4269 624 4337 ipsius
647 4280 809 4325 secta:
839 4271 1075 4327 conﬁcta
1102 4286 1308 4331 essent.
1345 4276 1510 4344 Quasi
1543 4279 1722 4346 potior

164 4359 394 4413 habenda
422 4362 554 4415 ﬁdes
579 4371 724 4416 esset
757 4364 912 4417 vanis
951 4366 1353 4421 neotericorum
1381 4367 1592 4423 illorum
1623 4369 1719 4424 ob-

165 4456 555 4509 scurinominls
615 4455 958 4521 ratitmculis,
1010 4471 1170 4526 quam
1201 4459 1512 4528 Epiphanii,
1567 4463 1718 4516 testis

1836 3258 1988 3312 nium
2015 3269 2177 3326 caput
2215 3259 2564 3330 intorquendi
2614 3277 2802 3317 ansam
2841 3275 3062 3333 captare
3107 3269 3409 3337 potuissent

1833 3349 2060 3416 ethnici,
2102 3350 2203 3404 nisi
2235 3352 2425 3405 saltem
2481 3365 2671 3407 eorum
2709 3355 2912 3423 aliquid
2947 3357 3027 3411 vel
3059 3375 3122 3413 ex
3155 3377 3405 3416 verorum

1832 3442 2035 3496 Christi
2083 3442 2318 3496 ﬁdelium
2358 3445 2615 3513 querelis,
2649 3447 2732 3499 vel
2765 3461 2828 3500 ex
2862 3452 3249 3506 ementitorum
3275 3471 3408 3509 con-

1831 3535 2086 3599 fessione,
2125 3536 2209 3589 vel
2241 3551 2306 3590 ex
2348 3536 2487 3590 fama
2536 3540 2960 3608 percepissent?
3000 3542 3132 3597 Tatn
3166 3546 3407 3602 insolens

1832 3628 2135 3682 criminatio
2165 3628 2323 3681 ﬁdem
2360 3645 2634 3698 nunquam
2655 3633 2793 3700 apud
2827 3633 3222 3690 infensissimos
3253 3637 3407 3692 Chri-

1830 3721 2136 3772 stianorum
2188 3721 2369 3774 hostes
2427 3723 2779 3788 obtinuisset,
2824 3727 2930 3781 nisi
2980 3728 3105 3784 huic
3163 3731 3404 3800 aliquam

1829 3814 1940 3866 veri
1969 3815 2205 3882 speciem
2237 3815 2552 3871 obduxisset
2585 3817 2851 3889 ﬂagitiosa
2877 3825 3233 3890 quorumdam
3268 3829 3401 3878 vita.

1829 3906 1935 3962 Nec
1965 3923 2294 3978 quemquam
2337 3925 2556 3965 movere
2579 3912 2740 3967 debet
2775 3913 3116 3970 laudatorum
3143 3918 3401 3988 Apologi-

1826 4013 2034 4056 starum
2091 4003 2386 4069 silentium,
2423 4014 2517 4058 aut
2550 4005 2771 4068 Justini.
2815 4017 2872 4063 et
2905 4008 3269 4064 Ecclesiarum
3299 4011 3403 4066 Lu-

1825 4092 2120 4164 gdunensis
2145 4104 2196 4147 et
2219 4094 2540 4149 Viennensis
2570 4098 2856 4165 ignoratio.
2891 4100 2945 4153 ld
2972 4115 3068 4155 eos
3100 4102 3272 4158 latere
3304 4121 3402 4174 po-

1827 4186 1949 4250 tuit,
2005 4187 2147 4252 quod
2195 4188 2427 4250 occulte,
2469 4188 2709 4252 etclam,
2758 4206 2862 4245 non
2918 4201 3069 4246 certe
3122 4196 3300 4263 palam
3345 4207 3400 4253 et

1822 4278 2033 4348 publice
2057 4280 2512 4348 perpetrabatur;
2551 4296 2648 4334 nec
2680 4281 2876 4335 mirum
2910 4283 2953 4337 si
2998 4286 3222 4341 credere
3254 4287 3400 4341 refu-

1822 4371 2021 4443 gerint,
2056 4369 2197 4438 quod
2224 4369 2457 4422 immane
2477 4378 2740 4437 quantum
2775 4371 3120 4426 abhorretab
3158 4374 3394 4430 humana

1824 4473 2040 4523 natura,
2072 4463 2267 4531 vixque
2295 4460 2532 4529 porcinae
2562 4461 2826 4530 congruit.
2855 4461 3057 4515 Deinde
3083 4462 3132 4516 id
3163 4466 3396 4533 agebant

163 4566 261 4602 non
294 4562 503 4604 tantum
537 4549 720 4614 auriti,
755 4549 849 4605 sed
882 4550 1046 4603 etiam
1101 4552 1324 4617 oculati,
1375 4553 1715 4623 aliorumque
1744 4525 1796 4583 D
1824 4556 2156 4624 apologistm,
2189 4561 2246 4606 ut
2275 4551 2643 4617 Christianos,
2676 4567 2907 4621 quorum
2926 4568 3139 4608 causam
3169 4558 3396 4611 tueban-

163 4654 391 4698 veterum
413 4644 692 4697 Gnosticis
717 4659 1022 4699 corevorum
1050 4641 1393 4707 testimoniis,
1427 4645 1517 4713 qui
1548 4647 1716 4700 barre-

163 4737 287 4789 ticos
316 4738 457 4805 ipsos
512 4736 791 4800 viderunt,
839 4737 1156 4801 audierunt,
1211 4751 1508 4804 eorumque
1545 4737 1713 4791 libros

163 4827 488 4882 evolverunt.
538 4829 642 4891 At,
704 4827 977 4896 inquiunt,
1041 4842 1199 4880 nemo
1267 4826 1710 4897 apologistarnm,

164 4917 278 4970 dum
329 4917 628 4972 Ecclesiam
673 4917 1043 4972 Christianam
1093 4933 1121 4971 a
1171 4918 1457 4972 calumniis
1483 4917 1716 4988 (Εάίρο-

163 5008 369 5062 deorum
423 5011 838 5074 concubituum,
885 5019 941 5063 et
970 5009 1361 5080 ’l‘liyestearum
1411 5011 1714 5079 epularum,

160 5101 339 5169 quibus
368 5116 486 5156 eam
510 5104 868 5170 aspergebant
892 5103 1143 5173 gentiles,
1173 5113 1385 5172 purgat,
1421 5112 1568 5156 tanta
1593 5117 1713 5159 sce-

164 5191 262 5247 lera
334 5195 579 5250 meminit
627 5210 658 5248 a
711 5195 1283 5264 pseudooChristianis
1330 5204 1642 5264 perpetrata
1695 5212 1709 5248 :

161 5294 290 5354 Quod
339 5301 516 5345 tamen
565 5305 596 5345 e
629 5305 686 5344 re
743 5307 931 5347 eorum
995 5289 1182 5343 las-set
1246 5302 1353 5341 non
1420 5287 1709 5353 omittere,
1760 5356 1762 5358 ν

162 5381 379 5436 ωειιὶιιιθ
433 5399 554 5438 cum
596 5385 980 5438 ementitorum
1018 5400 1050 5436 ιι
1119 5397 1232 5435 rum
1268 5382 1471 5450 ﬂagitia
1503 5381 1709 5434 calum-

161 5473 270 5536 niis,
296 5473 486 5544 quibus
514 5476 624 5530 veri
649 5476 849 5532 Christi
902 5475 1084 5530 ﬁdeles
1110 5475 1482 5529 onerabantur
1519 5475 1709 5526 imme-

162 5569 258 5626 nti,
291 5582 471 5622 ansam
525 5570 902 5638 praebuissent.
949 5569 1060 5621 lino
1121 5566 1365 5621 Jusﬁnus
1409 5567 1617 5636 Martyr
1649 5568 1700 5619 in

161 5658 392 5730 Apotogia
440 5681 542 5720 sua
600 5666 791 5736 priori,
835 5676 890 5719 et
927 5665 1183 5719 Ecclesia:
1228 5663 1602 5731 Lugdunensis
1652 5672 1705 5718 ct

1825 4654 1934 4710 tur,
1973 4653 2270 4714 purgarent
2299 4657 2327 4694 a
2381 4641 2702 4695 criminibus
2738 4640 2934 4708 quibus
2972 4656 3253 4709 perperam
3307 4643 3395 4695 in-

1822 4738 2200 4804 famabantur;
2242 4738 2450 4808 quodet
2473 4734 2846 4806 pra-stiterunt
2869 4733 2920 4785 in
2953 4734 3226 4802 Apologiis
3253 4734 3389 4790 suis.

1821 4831 1966 4885 Nihil
2005 4843 2187 4885 autem
2233 4830 2502 4885 attinebat
2549 4827 2651 4880 hac
2683 4826 2969 4879 occasione
3002 4824 3391 4880 Cuostieorutn

1820 4923 2205 4986 obscenitates,
2257 4932 2463 4976 aeterno
2501 4918 2716 4974 silentio
2760 4915 3117 4986 sepeliendas,
3151 4933 3392 4974 comme-

1819 5032 2034 5071 morare
2069 5034 2080 5069 :
2113 5032 2234 5070 cum
2285 5015 2430 5069 veris
2463 5012 2788 5068 Christianis
2843 5014 2978 5066 nihil
3008 5027 3128 5065 cum
3165 5012 3390 5066 larvatls

1817 5109 1959 5171 istis,
1997 5111 2099 5163 nisi
2126 5109 2298 5164 solum
2338 5124 2557 5173 nomen,
2587 5123 2873 5163 commune
2914 5115 3076 5168 esset,
3116 5113 3173 5159 ut
3219 5101 3388 5158 Justi-

1815 5215 1918 5253 nus
1941 5201 2231 5266 obeerVat;
2270 5199 2458 5267 illique
2491 5198 2595 5261 his,
2624 5207 2680 5251 ut
2704 5199 2900 5252 citatus
2928 5197 3163 5250 lrenaeus
3192 5195 3288 5259 ait,
3328 5196 3384 5246 in

1815 5295 1959 5347 nullo
1994 5295 2460 5354 communicarent,
2498 5307 2658 5359 neque
2715 5291 2771 5343 in
2816 5290 3079 5349 doctrina,
3125 5301 3285 5355 neque
3326 5286 3383 5338 in

1813 5385 2067 5446 moribus,
2124 5398 2285 5450 neque
2315 5384 2365 5433 in
2410 5379 2721 5448 quotidiana
2762 5376 3178 5430 concertatione.
3236 5372 3382 5427 Satis

1814 5488 1928 5532 erat
1983 5479 2027 5531 si
2085 5493 2273 5531 eorum
2307 5515 2321 5540 ,
2376 5488 2609 5544 quorum
2662 5470 2930 5525 vindicias
2972 5475 3326 5536 susceperant
3359 5504 3377 5530 ,

1814 5569 2123 5623 innocentia
2186 5569 2698 5625 demonstraretur;
2754 5565 2889 5616 alios
2945 5573 3210 5614 accusare
3269 5573 3378 5612 non

1815 5664 2061 5724 decebat.
2097 5659 2222 5713 etin
2255 5657 2446 5727 capitis
2472 5655 2774 5726 periculum
2809 5653 3098 5707 adducere.

219 5774 559 5854 "_Epiph.,§
604 5783 656 5839 6.
733 5783 780 5816 "
812 5782 980 5839 Clem.
1016 5781 1193 5847 Alex.,
1229 5780 1455 5844 Strom.,
1493 5780 1582 5834 lib.
1622 5797 1678 5844 ιι,
1714 5797 1764 5850 p.
1796 5781 1926 5847 33.1;
1963 5779 2179 5850 Epiph.,
2216 5775 2244 5849 ς
2282 5777 2338 5834 8.
2418 5775 2463 5807 ’⁷
2500 5772 2717 5844 ΕΡῙΡ¹¹οο
2753 5769 2780 5840 5
2819 5768 2956 5823 Ποη
2987 5765 3106 5821 Lib‘
3142 5778 3179 5832 ¹ν
3211 5762 3373 5830 “'9‘5'

162 5858 206 5897 ι.
245 5846 293 5902 3.
