4180 6332
793 389 898 448 167

1137 493 1275 552 XIV.
1311 494 1384 548 Dc
1410 491 1615 556 Ophiti:
1639 499 1684 543 et
1711 477 1999 546 Setltianit.

847 590 968 646 {50.
983 589 1137 644 Aliud
1152 582 1535 643 Gnosticdrum
1554 599 1722 652 genus
1739 590 1999 637 memorat
2015 579 2348 646 lremeus"',

801 700 928 753 quos
973 681 1101 746 alii,
1157 688 1212 734 ut
1265 678 1654 740 Theodoretus,
1690 673 1917 741 Ophitas
1963 679 2016 726 et
2058 672 2352 726 Sethianos

795 775 1101 845 promiscue
1143 777 1338 825 vocant
1395 784 1409 822 :
1444 766 1689 836 quamvis
1746 765 1861 826 alii,
1907 773 1965 816 ut
1995 762 2348 832 Epiphanius,

794 873 936 925 inter
959 879 1218 936 utrosque
1262 863 1612 930 distinguant,
1653 860 2004 925 diversasque
2035 873 2099 909 ex
2131 859 2209 909 eis
2247 857 2354 909 hm-

791 963 1080 1016 reticorum
1144 966 1320 1012 sectas
1367 954 1730 1015 constituant;
1764 950 1858 1003 sed
1917 958 2112 1018 printer
2167 947 2352 1001 Irenrei

791 1061 1048 1115 mentem,
1095 1048 1187 1117 qui
1241 1048 1374 1100 alios
1405 1045 1473 1098 ab
1514 1043 1635 1097 aliis
1681 1042 2097 1109 haudquaquam
2156 1039 2350 1092 distin-

790 1146 925 1213 guit,
956 1143 1158 1212 unique
1180 1149 1233 1195 et
1283 1139 1463 1192 eidem
1499 1144 1682 1198 sectae,
1714 1135 1905 1189 eadem
1957 1148 2075 1200 quae
2103 1133 2192 1186 alii
2230 1147 2353 1200 par-

795 1241 1018 1300 tiuntur,
1061 1236 1313 1302 dogmata
1368 1229 1636 1284 attribuit.
1686 1225 1894 1296 Ophita:
1938 1242 2031 1281 seu
2085 1225 2353 1294 Anguinei

790 1332 1130 1390 dicebantur,
1168 1329 1234 1381 ab
1261 1342 1428 1394 angue
1479 1337 1572 1378 seu
1608 1331 1862 1390 serpente,
1900 1335 2060 1387 quem
2113 1319 2352 1373 numinis

791 1424 963 1475 instar
995 1420 1414 1479 venerabantur,
1457 1415 1598 1484 quod
1629 1412 1938 1468 hominibus
1968 1413 2210 1467 scientia:
2238 1427 2354 1465 om-

791 1514 875 1567 nis
923 1523 1198 1566 auctorem
1228 1508 1508 1563 exstitisse
1562 1507 1871 1570 crederent;
1926 1505 2166 1560 Sethiani
2202 1519 2350 1567 vero,

788 1606 930 1674 quod
962 1605 1094 1658 Seth
1149 1601 1339 1655 Adami
1394 1598 1564 1652 tilium
1600 1601 1853 1652 virtutem
1888 1597 2177 1665 quamdam
2211 1597 2352 1649 divi—

790 1714 913 1752 nam
943 1697 1111 1751 fuisse
1142 1696 1561 1749 arbitrarentur.
1616 1690 1813 1744 Eorum
1847 1691 2071 1744 haeresis
2116 1703 2179 1744 ex
2214 1689 2353 1742 male

789 1801 1070 1856 compacta
1109 1788 1428 1858 placitorum
1486 1783 1872 1837 Nicolaitarutn
1923 1791 1980 1836 et
2010 1782 2352 1837 Valentinia-

789 1897 994 1936 norum-
1017 1879 1300 1950 farragine
1338 1881 1558 1934 condita
1593 1886 1674 1931 est
1704 1894 1718 1928 :
1748 1886 1802 1930 et
1827 1882 2117 1942 eapropter
2141 1889 2167 1926 a
2189 1875 2354 1928 Pseu-

788 1975 1225 2030 do-Tertulliano
1274 1989 1394 2028 cum
1427 1975 1512 2026 illa
1552 1970 1936 2027 Nicolaitarum
1969 1965 2353 2031 confunditur;

789 2067 857 2120 ab
899 2067 1101 2122 Irenaeo
1146 2083 1275 2121 vero
1298 2069 1364 2130 7°,
1397 2067 1701 2136 Epiphanio
1728 2072 1782 2118 et
1821 2059 2163 2116 Theodoreto
2192 2074 2222 2112 a
2246 2057 2353 2112 Va—

787 2155 1086 2210 lentiniana
1115 2156 1300 2211 schola
1324 2157 1599 2209 derivatur
1626 2156 1692 2218 3°,
1729 2152 1873 2222 quod
1922 2148 2355 2205 Valentinianum

788 2245 1064 2317 quidpiam
1096 2248 1390 2302 admistum
1430 2249 1650 2303 habeat.
1713 2230 1904 2298 Natam
1945 2241 2176 2310 proinde
2234 2248 2356 2308 post

788 2333 1134 2391 Valentinum
1195 2354 1420 2393 necesse
1469 2347 1570 2393 est.
1627 2337 1811 2391 Primo
1872 2335 1990 2390 loco
2040 2335 2359 2390 statuebant

787 2429 1300 2498 quoddamprimum
1333 2430 1504 2482 lumen
1551 2430 1604 2482 in
1627 2430 1811 2482 virtute
1843 2425 2024 2496 Bytln',
2068 2427 2273 2478 beatum
2305 2431 2355 2475 et

786 2520 1208 2587 incorruptibile,
1241 2527 1289 2573 et
1341 2521 1755 2582 interminatam,
1800 2519 1942 2586 quod
2009 2515 2221 2570 Patrem
2253 2532 2357 2569 om-

789 2612 936 2663 nium
958 2621 1002 2663 et
1025 2612 1248 2679 primum
1288 2610 1546 2663 hominem
1592 2609 1876 2664 vocabant.
1907 2607 2259 2676 Progressam
2289 2606 2356 2659 ab

790 2701 893 2756 hoc
925 2701 1211 2764 Ennmam,
1264 2700 1430 2753 lilium
1459 2698 1784 2761 emittentis,
1834 2696 2001 2749 filium
2039 2696 2278 2750 hominis
2301 2703 2357 2750 et

791 2794 1085 2847 secundum
1123 2791 1394 2845 hominem
1420 2789 1692 2844 dicebant.
1721 2786 1861 2842 infra
1898 2796 2183 2854 utrumque
2212 2785 2356 2854 posi-

793 2891 907 2934 tum
939 2881 1192 2933 volebant
1222 2878 1482 2948 Spiritum
1512 2889 1783 2942 sanctum,
1814 2891 1974 2945 quem
2022 2877 2249 2945 primam
2276 2873 2356 2930 fe-

790 2972 993 3027 minam
1023 2979 1079 3024 et
1105 2981 1331 3024 matrem
1362 2971 1659 3023 viventium
1684 2970 1983 3033 vocabant;
2019 2969 2108 3037 qui
2138 2966 2354 3035 quidem

789 3077 952 3132 super
975 3071 1258 3132 segregata
1294 3061 1557 3114 elementa
1579 3101 1594 3126 ,
1644 3076 1863 3129 aquam,
1900 3059 2170 3122 tenebras,
2195 3059 2356 3128 abys-

1592 373 2182 434 DISSERTATIONES
2214 371 2528 430 PRAEVUE
2563 371 2627 425 lN
2661 370 2914 425 lRENzEl
2955 369 3222 428 LIBROS.

3921 378 4015 433 168

2381 488 2426 543 A
2454 486 2668 548 borata,
2708 483 2931 538 emersit
2964 485 3198 548 tandem,
3227 499 3552 555 sursumque
3573 503 3630 544 se
3653 489 3851 546 extulit
3880 509 3894 544 :
3931 495 4018 548 ubi

2455 577 2682 631 dilatato
2724 594 2784 633 ac
2808 593 3046 647 expanso
3086 595 3313 647 corpore
3347 597 3466 645 suo,
3513 583 3773 650 produxit
3823 586 4014 640 caelum

2452 667 2555 723 hoc
2583 669 2723 738 quod
2755 680 2996 738 apparet,
3036 673 3136 726 sub
3163 688 3268 740 quo
3309 674 3606 738 remansit;
3660 692 3883 731 servans
3927 678 4017 730 ad-

2456 758 2562 811 huc
2587 760 2841 826 aquatilis
2863 765 3111 829 corporis
3156 763 3411 816 formam.
3452 763 3560 818 Sed
3611 769 3830 837 superni
3863 768 4021 822 lumi-

2456 850 2541 903 nis
2585 851 2856 910 desiderio
2919 868 3132 923 semper
3170 855 3467 921 stimulata,
3528 858 3734 912 viribus
3771 862 4021 915 omnibus

2456 942 2811 1010 contendens,
2860 945 3243 1014 superstitibus
3268 948 3513 1016 corporis
3543 948 3782 1017 reliquiis
3807 950 4022 1004 demum

2454 1035 2727 1100 expedivit
2749 1050 2888 1090 sese.
2918 1036 3129 1105 Corpus
3164 1051 3342 1093 autem
3375 1041 3516 1108 quod
3568 1041 3738 1105 exuit,
3764 1041 4022 1096 feminam

2457 1141 2484 1178 a
2517 1124 2711 1178 femina
2766 1113 3071 1185 nominant.
3119 1127 3321 1182 Habuit
3357 1138 3411 1183 et
3461 1129 3632 1187 filium
3666 1132 3884 1184 nomine
3917 1129 4026 1185 Jal-

2457 1218 2711 1283 dabaoth,
2743 1233 2903 1287 quem
2946 1219 2997 1274 in
3030 1220 3336 1291 ignorantia
3368 1222 3602 1291 peperit,
3632 1223 3719 1277 cui
3746 1235 3928 1277 tamen
3949 1225 4028 1278 in-

2454 1310 2594 1364 fudit
2651 1311 3040 1379 aspirationem
3098 1315 3388 1381 quamdam
3453 1315 3867 1382 incorruptelae;
3921 1330 4026 1385 qua

2455 1411 2751 1470 vegetatus,
2783 1402 3091 1457 inconsulta
3126 1413 3328 1469 matre,
3367 1405 3617 1474 Angelos,
3657 1406 4032 1478 Archangelos

2453 1501 2508 1546 et
2534 1491 2788 1557 Virtutes,
2821 1494 3041 1562 insuper
3068 1483 3122 1549 et
3149 1495 3317 1548 ﬁlium
3344 1511 3411 1548 ex
3467 1498 3626 1565 aquis
3666 1499 3964 1565 produxit;
3999 1515 4028 1552 a

2456 1599 2562 1653 quo
2611 1586 2826 1653 genitus
2862 1585 3081 1640 etalter
3106 1586 3274 1650 filius,
3329 1587 3398 1640 ab
3441 1587 3542 1642 hoc
3589 1592 3806 1654 tertius,
3836 1601 3891 1645 et
3949 1591 4028 1647 sic

2455 1685 2851 1746 consequenter
2883 1692 3054 1745 usque
3089 1679 3154 1731 ad
3182 1679 3493 1748 septimum,
3542 1697 3869 1752 unoquoque
3917 1701 4031 1740 co:-

2459 1768 2570 1822 lum
2614 1770 2715 1824 sibi
2764 1771 3040 1839 proprium
3086 1772 3360 1827 condeute
3411 1787 3476 1827 ac
3524 1788 3793 1845 regente;
3845 1788 3906 1832 ut
3951 1781 4033 1833 sic

2388 1827 2428 1881 Β
2461 1857 2616 1912 lieret
2641 1861 2960 1923 hebdomas,
2992 1873 3243 1917 octavum
3278 1863 3446 1919 Matre
3489 1827 3704 1921 tenente
3734 1867 3936 1921 locum.

2533 1951 2656 2008 152.
2697 1952 2823 2008 Haec
2853 1953 3049 2016 fabulae
3076 1958 3248 2024 prima
3269 1972 3414 2026 pars,
3447 1957 3502 2012 in
3534 1973 3638 2026 qua
3668 1959 4036 2018 Platonismus

2461 2061 2566 2100 non
2601 2047 2836 2100 obscure
2867 2062 2925 2101 se
2954 2050 3158 2116 prodit.
3193 2048 3268 2102 lbi
3317 2051 3548 2115 primum
3607 2063 3830 2120 apparet
3862 2063 4036 2108 mate-

2458 2138 2539 2192 ria
2572 2138 2743 2206 prima
2779 2139 2879 2192 sub
2916 2138 3225 2193 nominibus
3274 2138 3686 2204 elementorum,
3744 2158 3921 2211 aquae,
3957 2153 4040 2197 te-

2461 2212 2774 2293 nebrarum,
2806 2230 3011 2298 abyssi,
3036 2229 3231 2294 chaos,
3283 2231 3480 2299 quibus
3529 2233 3802 2302 designari
3831 2232 3973 2287 solet
4005 2249 4036 2286 a

2459 2323 2771 2386 Platonicis,
2800 2331 2856 2374 ut
2883 2321 3008 2375 alibi
3037 2322 3268 2375 diximus
3300 2340 3313 2387 ;
3348 2337 3521 2392 eaque
3575 2334 3804 2388 aeterna,
3853 2335 3914 2380 ut
3955 2328 4041 2380 vi-

2458 2417 2635 2481 detur,
2662 2417 2876 2483 Dcoque
2900 2415 2997 2483 ipsi
3026 2429 3241 2481 coaeva;
3279 2430 3399 2482 qutB
3431 2417 3475 2469 si
3529 2431 3635 2471 non
3671 2415 3914 2473 Platonis
3955 2421 4041 2490 ip.

2458 2511 2589 2571 sius,
2623 2507 2810 2563 saltem
2847 2505 3231 2576 discipulorum
3275 2507 3391 2576 ejus
3441 2523 3548 2562 non
3585 2524 3885 2576 paucorum
3920 2512 4043 2579 opi-

2459 2602 2548 2654 nio
2592 2599 2712 2652 fuit.
2768 2600 2883 2654 Duo
2934 2599 3124 2670 itaque
3185 2598 3455 2666 principia
3487 2608 3755 2654 coaaterna
3781 2611 4041 2657 statuunt

2456 2685 2734 2748 haeretici;
2793 2686 3020 2739 alterum
3071 2687 3338 2749 activum,
3392 2686 3561 2740 Deum
3627 2689 3857 2751 scilicet,
3919 2690 4040 2746 sive

2459 2777 2638 2847 lumen
2667 2777 2898 2846 primum
2927 2788 2981 2830 et
3004 2776 3449 2847 incorruptibile;
3479 2777 3707 2832 alterum
3737 2781 4036 2848 passivum,

2456 2871 2561 2924 hoc
2583 2881 2664 2924 est
2695 2869 2969 2922 materiam
3003 2868 3312 2922 informem.
3342 2867 3422 2921 Ab
3450 2867 3540 2923 illo
3577 2868 3782 2922 lumine
3806 2884 3905 2922 seu
3935 2869 4041 2923 Pa-

2455 2971 2536 3015 tre
2552 2975 2836 3031 progressa
2857 2960 3084 3024 Eunoia,
3109 2957 3346 3031 [LXXV]
3376 2974 3527 3014 ruens
3542 2969 3624 3015 est
3648 2959 3824 3015 Patris
3853 2975 4040 3014 rerum

2462 3052 2704 3104 omnium
2733 3048 2881 3104 ideas
2913 3047 3228 3115 elformans,
3253 3060 3306 3104 et
3346 3050 3398 3104 in
3434 3066 3492 3104 se
3532 3051 3840 3115 continens,
3869 3061 4039 3104 a-ter-

791 3169 937 3218 sum,
961 3154 1127 3207 chaos
1149 3155 1404 3207 terretur.
1436 3153 1516 3206 Ex
1570 3153 1955 3221 conjunctione
2003 3152 2161 3220 primi
2188 3159 2241 3203 et
2275 3165 2362 3206 se-
2388 3155 2431 3213 C
2467 3163 2642 3216 naque
2674 3161 2852 3201 rerum
2877 3144 3232 3214 exemplaria,
3262 3145 3327 3199 ad
3371 3160 3602 3216 quorum
3637 3161 3883 3200 normam
3919 3161 4043 3202 om-

791 3247 955 3300 cundi
999 3246 1235 3299 hominis
1263 3245 1499 3316 Spiritus
1523 3254 1764 3307 sanctus,
1825 3245 1992 3298 radiis
2021 3242 2256 3312 snpremi
2281 3241 2363 3295 lu-

792 3339 958 3391 minis
1005 3337 1410 3407 impracguatus,
1459 3353 1656 3391 novum
1715 3337 1893 3391 lumen
1946 3336 2361 3405 incorruptibile

791 3429 1053 3499 profudit,
1092 3431 1306 3483 tertium
1331 3430 1650 3492 masculum,
1676 3427 1974 3494 Christum,
1999 3427 2166 3482 lilium
2198 3429 2362 3497 primi

792 3529 846 3572 et
870 3520 1093 3575 secundi
1126 3521 1382 3586 hominis,
1413 3531 1468 3575 et
1497 3521 1732 3589 Spiritus
1773 3520 1966 3582 sancti,
1995 3521 2179 3589 primae
2209 3521 2363 3574 fetui-

793 3627 896 3666 nte.
937 3613 1136 3667 Verum
1181 3628 1302 3666 cum
1358 3613 1612 3666 universa
1663 3612 1881 3665 luminis
1919 3610 2142 3680 Spiritui
2175 3621 2363 3666 sancto

793 3705 960 3762 infusi
1020 3705 1295 3773 plenitudo
1349 3707 1467 3772 capi
1521 3705 1587 3758 ab
1632 3719 1695 3759 eo
1741 3720 1845 3758 non
1904 3707 2123 3774 fposset,
2171 3721 2361 3775 magna

793 3799 910 3866 ejus
939 3798 1092 3864 copia
1127 3795 1563 3864 superebulliens
1609 3797 1902 3850 secundum
1941 3798 2192 3860 sinistras
2235 3813 2362 3866 par-

797 3901 880 3945 tes
919 3890 1170 3943 deorsnm
1225 3888 1478 3953 decidit;
1527 3887 1744 3942 Christo
1798 3889 2017 3943 interim
2067 3890 2362 3943 secundum

792 3981 1020 4034 dextras
1064 3995 1279 4033 sursum
1336 3993 1459 4033 cum
1511 3990 1687 4033 matre
1729 3994 1826 4033 sua
1866 3980 2285 4040 conscendente,
2312 3989 2366 4033 et

795 4070 850 4123 in
904 4070 1367 4139 incorruptibilem
1427 4069 1654 4124 )Eonem
1704 4081 1946 4138 recepto.
2019 4069 2142 4125 Haec
2186 4072 2361 4140 prima

791 4163 1028 4221 Eonum
1081 4171 1269 4226 tetras,
1304 4162 1558 4215 adunatio
1609 4160 1857 4214 videlicet
1907 4158 2087 4214 Patris
2118 4161 2360 4230 omnium

793 4253 954 4324 primi
984 4252 1240 4316 hominis,
1281 4252 1402 4304 Filii
1433 4251 1652 4306 secundi
1687 4251 1945 4315 hominis,
1977 4250 2209 4319 Spiritus
2232 4265 2360 4305 san-

794 4345 864 4404 cti
914 4346 1100 4413 primae
1141 4343 1373 4409 feminae,
1426 4353 1483 4398 et
1522 4343 1724 4398 Christi
1785 4343 1876 4396 lilii
1902 4357 2109 4408 eorum,
2154 4359 2277 4399 vera
2307 4354 2360 4398 et

794 4444 980 4489 sancta
1028 4433 1266 4486 Ecclesia
1326 4435 1393 4487 ab
1437 4433 1645 4488 insanis
1675 4433 1804 4497 illis,
1863 4432 2199 4503 Scripturam
2259 4450 2358 4506 pro

799 4540 950 4579 more
984 4524 1427 4592 depravantibus,
1461 4524 1856 4593 appellabatur.

867 4618 989 4671 151.
1023 4618 1209 4674 Virtus
1236 4633 1363 4672 vero
1388 4617 1477 4672 illa
1500 4631 1832 4687 exsuperans
1874 4632 1993 4685 qua:
2020 4618 2070 4671 in
2101 4617 2356 4674 inferiora

797 4710 1016 4777 delapsa
1067 4717 1171 4773 est,
1208 4723 1479 4778 quamque
1527 4710 1835 4776 Sinistram,
1889 4710 2208 4775 Prunicum,
2256 4710 2358 4764 So-

795 4801 979 4870 phiam
1004 4811 1058 4854 et
1081 4800 1614 4854 masculo-feminam
1640 4799 1928 4869 appellant,
1947 4815 2066 4854 cum
2095 4802 2146 4854 in
2187 4815 2355 4868 aquas

795 4891 1058 4944 hactenus
1089 4887 1393 4942 immobiles
1423 4887 1809 4948 descendisset,
1840 4901 2054 4939 movere
2079 4887 2241 4955 ccepit
2266 4902 2358 4940 eas

798 4983 868 5036 ab
917 4983 1025 5034 imo
1055 4979 1121 5032 ad
1160 4995 1447 5044 summum,
1489 4978 1894 5047 assumpsitque
1921 4993 1986 5032 ex
2018 4977 2096 5033 eis
2136 4993 2354 5045 corpus.

797 5066 931 5121 Cum
977 5078 1157 5120 autem
1203 5069 1271 5121 ad
1301 5069 1459 5136 hujus
1518 5068 1696 5122 lumen
1753 5071 2351 5137 accurrissentomnia,

797 5165 957 5229 eique
981 5161 1356 5224 adhaesissent,
1405 5170 1553 5214 tanta
1587 5160 1729 5217 mole
1747 5174 1994 5232 gravata,
2032 5172 2087 5218 et
2142 5173 2350 5218 tantum

800 5270 905 5309 non
932 5254 1208 5320 absorpta,
1268 5252 1469 5306 frustra
1537 5253 1816 5308 nitebatur
1884 5270 2145 5324 aquarum
2203 5272 2354 5311 com-

801 5346 988 5414 plexus
1015 5355 1289 5408 excutere,
1322 5353 1378 5399 et
1432 5345 1497 5398 ad
1525 5348 1712 5402 matris
1743 5348 1919 5401 sinum
1976 5363 2235 5403 remeare.
2276 5348 2355 5402 lu-

798 5437 956 5511 terim
989 5438 1202 5503 superni
1234 5435 1450 5489 luminis
1478 5437 1727 5505 reliquias
1774 5438 2110 5492 abscondere
2141 5455 2238 5508 pro
2267 5439 2345 5491 vi-

800 5529 948 5582 ribus
978 5528 1305 5590 conabatur;
1356 5529 1610 5581 miseram
1656 5531 1796 5582 enim
1829 5531 2059 5598 augebat
2094 5531 2253 5584 timor
2284 5546 2350 5584 ne

797 5618 867 5672 ab
897 5618 1174 5671 elementis
1201 5619 1499 5672 ltetieretur.
1527 5619 1594 5670 At
1619 5621 1741 5672 novi
1768 5621 1986 5675 luminis
2009 5636 2232 5675 accessu
2265 5638 2352 5674 ro-

2465 3238 2551 3292 nia
2591 3238 2910 3292 conduntur.
2947 3234 3181 3307 Spiritus
3212 3249 3456 3302 sanctus,
3490 3245 3572 3292 est
3634 3239 3861 3307 spiritus
3897 3239 4042 3293 Uni-

2466 3330 2632 3393 versi,
2694 3343 2790 3382 seu
2857 3327 3038 3380 anima
3108 3329 3316 3382 mundi.
3374 3327 3612 3382 Primam
3678 3327 3936 3384 feminam
3985 3341 4044 3383 et

2469 3431 2699 3477 matrem
2730 3421 3029 3474 viventium
3054 3431 3251 3476 vocant
3276 3422 3538 3492 hzeretici,
3577 3423 3702 3490 quia
3733 3423 3908 3491 prima
3941 3440 4042 3494 ge-

2468 3514 2803 3569 nerationem
2849 3514 3088 3566 omnium
3119 3527 3182 3566 ac
3234 3522 3478 3567 motuum
3526 3529 3688 3568 causa
3720 3525 3822 3567 est.
3863 3514 4042 3581 Hujus

2467 3603 2690 3674 spiritus
2725 3618 2853 3672 pars
2890 3617 3106 3657 sursum
3131 3601 3375 3666 effertur,
3420 3619 3549 3672 pars
3577 3606 3643 3657 ad
3674 3605 3779 3657 ima
3807 3608 4042 3661 descen-

2466 3696 2563 3762 dit,
2598 3712 2873 3764 aquasque
2904 3706 3116 3761 movet;
3150 3700 3276 3765 quia
3306 3698 3544 3750 materiae
3567 3698 3886 3764 subtilioris,
3915 3714 4040 3767 qua:

2467 3790 2693 3857 spiritus
2725 3787 2972 3843 Universi
3000 3798 3102 3852 est,
3139 3797 3323 3858 partes
3350 3788 3468 3843 alias
3499 3789 3620 3844 aliis
3669 3789 3984 3845 subtiliores
4020 3810 4035 3855 ;

2467 3881 2582 3934 aliae
2607 3881 2743 3944 aliis,
2777 3896 2876 3949 pro
2906 3881 3073 3934 variis
3112 3881 3427 3935 subtilitatis
3472 3880 3747 3949 gradibus,
3785 3886 4040 3950 superio-

2470 3986 2574 4025 res.
2609 3971 2737 4036 Quae
2769 3986 2894 4040 pars
2927 3971 2978 4024 iu
3042 3986 3211 4039 aquas
3238 3972 3544 4035 descendit,
3570 3987 3630 4025 ea
3661 3982 3745 4026 est
3772 3989 3896 4040 quae
3923 3991 4041 4027 ma-

2467 4066 2620 4119 teria:
2655 4066 2843 4134 prima:
2893 4072 3092 4118 motum
3147 4065 3445 4133 impressit,
3499 4080 3563 4119 ac
3605 4066 3657 4119 in
3697 4081 3758 4119 ea
3796 4082 3896 4122 ceu
3927 4067 4039 4124 fer-

2465 4167 2706 4210 mentum
2735 4157 2936 4223 abdita,
2968 4172 3212 4226 peneque
3235 4158 3464 4226 primum
3486 4158 3600 4223 ejus
3630 4158 3770 4212 mole
3811 4162 4034 4224 obruta,

2463 4250 2721 4317 paulatim
2763 4250 2977 4303 demum
3021 4249 3166 4303 vires
3192 4245 3457 4310 exseruit,
3484 4249 3798 4319 fractisque,
3835 4255 4037 4322 quibus

2461 4344 2830 4409 detinebatur,
2863 4341 3150 4412 repagulis,
3175 4356 3294 4396 sese
3324 4344 3617 4406 extricans,
3648 4345 3694 4398 ei
3725 4346 3905 4400 varias
3925 4348 4039 4402 lor-

2463 4452 2600 4500 mas,
2657 4435 2856 4502 ﬁguras
2890 4450 2952 4487 ac
2988 4444 3164 4487 motus
3228 4434 3441 4489 indidit.
3498 4435 3590 4489 Sic
3652 4436 3867 4505 vulgata
3927 4439 4035 4495 tria

2385 4497 2434 4558 Β
2465 4497 2755 4580 Platonica:
2782 4524 3133 4593 philosophiae
3173 4525 3460 4594 principia,
3493 4526 3683 4589 Deum,
3718 4497 3953 4580 tuentem
3979 4541 4036 4583 et

2464 4618 2698 4670 animam
2748 4615 2953 4680 mundi,
3009 4617 3349 4684 primamque
3403 4631 3579 4668 rerum
3629 4617 3869 4687 genesim
3931 4620 4035 4673 sub

2465 4706 2712 4775 mysticis
2747 4706 2941 4767 Patris,
2977 4704 3098 4758 Filii
3133 4713 3185 4759 et
3210 4704 3440 4774 Spiritus
3474 4709 3648 4760 sancti
3693 4707 4033 4776 nominibus,

2465 4814 2569 4852 nou
2602 4798 2716 4851 sine
2742 4796 3003 4866 sacrilego
3029 4797 3304 4864 religionis
3341 4798 3533 4858 abusu,
3576 4798 3861 4851 tradebant
3884 4800 4032 4855 male

2459 4887 2646 4943 feriati
2705 4889 2968 4943 homines.
2999 4887 3207 4942 Caztera
3242 4888 3308 4942 de
3364 4885 3634 4942 Eonibus
3689 4889 3881 4943 deliria
3919 4908 4030 4944 non

2461 4994 2677 5043 moror;
2703 4975 2861 5032 facile
2908 4977 3281 5046 intelliguntur
3312 4991 3375 5030 ex
3431 4976 3498 5029 iis
3522 4991 3643 5044 quae
3674 4978 3739 5031 de
3781 4976 4033 5033 Valenti-

2460 5073 2639 5128 niauis
2674 5071 2932 5124 diximus.

2533 5165 2656 5218 155.
2706 5163 2972 5233 Longiora
3026 5173 3150 5216 sunt
3192 5178 3313 5232 qum
3371 5164 3436 5217 de
3497 5162 3731 5216 hominis
3783 5162 4025 5233 origine.

2461 5254 2576 5323 ejus
2603 5269 2754 5318 casu,
2790 5253 3024 5321 malique
3054 5262 3172 5306 ortu
3200 5253 3313 5322 (qui
3354 5253 3604 5321 scopulus
3629 5252 3730 5306 fuit
3769 5253 3834 5307 ad
3859 5269 4029 5322 quem

2462 5346 2600 5399 allisi
2633 5353 2761 5398 sunt
2798 5358 2991 5398 omnes
3027 5344 3140 5399 fere
3189 5346 3436 5413 priorum
3486 5345 3805 5399 saeculorum
3847 5346 4030 5399 luere-

2462 5437 2578 5504 tici)
2612 5445 2800 5489 texunt
2835 5446 3162 5489 commenta.
3203 5433 3423 5488 Summa
3477 5436 3580 5489 huc
3611 5436 3752 5489 redit
3785 5454 3799 5489 :
3834 5435 4030 5490 Jalda-

2457 5530 2640 5595 baoth,
2678 5539 2860 5597 spreta
2916 5539 3112 5593 matre,
3152 5529 3517 5597 principatum
3567 5529 3839 5596 anzbibat;
3873 5527 4029 5583 relu-

2456 5623 2748 5675 ctabantur
2780 5624 2845 5675 ab
2883 5637 2947 5676 eo
2985 5623 3153 5684 geniti
3190 5623 3347 5677 liberi
3380 5641 3394 5677 :
3427 5624 3564 5678 unde
3603 5625 3869 5679 stomachi
3906 5625 4025 5694 ple—

866 5756 934 5831 ’β’
960 5756 1075 5831 Lib.
1116 5773 1153 5820 ι,
1184 5773 1241 5831 c._
1262 5756 1727 5831 St);_Theodoret.,
1759 5757 1849 5831 lib.
1884 5776 1922 5826 ι,
1952 5776 1997 5817 c.
2034 5760 2129 5827 l4;
2163 5759 2372 5831 Epiph.,
2407 5758 2538 5814 haer.
2571 5771 2776 5815 xxxvu.
2851 5757 2896 5790 τ’
2932 5757 3183 5821 Tertull.,
3207 5757 3282 5812 De
3311 5773 3502 5828 praes.,
3532 5773 3582 5812 c.
3608 5757 3696 5812 47.
3759 5758 3806 5789 ⁸ο
3839 5758 4018 5823 lren..

797 5845 849 5883 n.
885 5829 942 5894 l;
977 5828 1187 5898 Epiph.,
1221 5827 1247 5898 ς
1278 5829 1340 5892 5;
1375 5826 1605 5893 Theod.,
1638 5828 1737 5882 loc.
1767 5830 1860 5884 cit.
