4180 6332
219 412 236 464 ι
248 412 310 467 69
921 407 1373 467 DlSSERTATIO
1404 408 1447 473 ι,
1481 406 1642 463 ART.
1673 405 1759 469 ιιι,

1856 404 1883 457 Ξ
1918 401 2283 457 νΑιΕΝΤιΝι
2318 400 2708 457 MAGISTRIS.

3342 404 3438 458 ιῗο

216 548 313 587 nus
346 528 412 585 ad
442 527 690 583 materiae
721 526 908 582 fascem
935 522 1397 585 demisit‘oculos,
1422 529 1477 576 et
1509 518 1776 574 Virtutem
1808 518 1855 576 Α
1881 526 2022 582 erat,
2062 530 2354 587 supernum
2402 514 2654 571 videlicet
2716 516 2917 580 lumen,
2982 518 3188 573 salvum
3259 518 3433 573 ﬂeret.

216 623 529 692 quamdam,
561 619 835 688 serpentis
871 618 1072 687 specie,
1120 630 1281 685 quem
1327 612 1446 681 ejus
1484 610 1678 666 Filium
1726 616 1781 662 et

215 716 329 770 Nun
379 721 606 776 vocant;
658 709 857 764 dehinc
912 718 964 763 et
1018 706 1299 777 spiritum,
1330 714 1385 759 et
1434 704 1694 767 animam,
1725 709 1781 756 et

214 808 393 862 omnia
439 820 563 871 qute
604 803 660 856 in
704 801 905 855 mundo
940 808 1089 863 sunt,
1119 798 1306 869 genuit
1336 810 1351 849 :
1386 795 1620 863 indeque
1653 800 1776 847 nata

217 898 392 952 omnis
436 895 678 960 oblivio,
737 892 969 955 malitia,
1020 891 1208 953 zelus,
1245 888 1445 943 invidia
1499 896 1554 940 et
1609 899 1776 940 mors.

218 989 351 1045 Hinc
377 988 599 1043 insulsae
626 984 966 1057 gloriationis
987 998 1174 1037 ansam
1207 980 1685 1052 captans,Patrem
1723 993 1781 1034 se

218 1081 432 1134 vocavit
487 1088 542 1133 et
599 1079 795 1142 Deum,
826 1086 881 1131 et
935 1089 1248 1144 supremum
1306 1088 1489 1127 rerum
1533 1071 1777 1125 omnium

220 1172 575 1242 principium.
606 1169 669 1225 Ut
709 1184 837 1223 vero
870 1168 1136 1222 insaniam
1177 1164 1293 1230 ejus
1342 1163 1637 1232 castigaret
1669 1161 1781 1215 Ma-

225 1275 331 1329 ter,
361 1264 467 1332 ipsi
513 1276 719 1333 sexque
767 1260 992 1330 reliquis
1029 1259 1359 1322 Virtutibus,
1402 1266 1461 1311 ut
1498 1257 1777 1313 hominem

218 1358 534 1421 conderent,
576 1365 808 1408 mentem
845 1350 1063 1419 injecit;
1096 1357 1156 1403 ut
1197 1349 1273 1404 sic
1313 1349 1491 1403 ablata
1536 1363 1565 1401 a
1598 1347 1780 1403 Jalda-

217 1450 378 1504 baoth
421 1448 476 1501 vi
519 1446 632 1512 illa,
662 1459 823 1514 quam
875 1443 1054 1498 eidem
1105 1441 1470 1511 impertierat,
1508 1443 1560 1495 in
1602 1441 1779 1495 homi-

217 1558 333 1596 nem
372 1538 808 1595 transfunderet.
836 1534 1128 1590 Formatus
1162 1534 1323 1605 igitur
1364 1534 1432 1589 ab
1466 1532 1572 1588 illis
1594 1534 1777 1597 homo,

217 1632 553 1703 longitudine
604 1642 659 1686 et
706 1630 995 1685 latitudine
1038 1628 1363 1690 immensus,
1401 1633 1457 1681 et
1509 1626 1658 1680 humi
1699 1640 1782 1680 re-

217 1740 371 1794 pens,
398 1725 450 1777 id
479 1732 566 1777 est
600 1720 867 1776 informis.
896 1719 1033 1773 Huic
1070 1717 1394 1773 Jaldabaoth
1433 1716 1580 1771 aﬂlat
1617 1716 1779 1786 spiri-

218 1826 324 1870 tum
358 1817 511 1878 vitae,
543 1822 599 1866 et
639 1828 759 1866 cum
786 1825 852 1865 eo
892 1810 1095 1872 lumen,
1120 1816 1312 1873 seu,ut
1355 1806 1642 1873 vocabant,
1679 1807 1779 1860 hu-

216 1908 582 1961 mectationem
610 1904 844 1967 luminis,
876 1901 995 1955 Nun
1037 1901 1285 1955 videlicet
1318 1907 1370 1953 et
1400 1900 1774 1970 Enthymesin,

218 2016 376 2069 quam
424 2013 454 2051 a
508 1995 681 2050 Matre
725 2003 1047 2062 acceperat;
1102 1991 1194 2045 sed
1253 1990 1378 2043 dum
1426 1989 1528 2044 sibi
1586 1989 1774 2053 demit,

217 2091 354 2159 quod
386 2090 543 2144 alteri
588 2087 801 2151 tribuit,
839 2096 1048 2139 tantum
1080 2082 1332 2153 proprias
1372 2082 1519 2136 vires
1569 2080 1776 2135 labefa-

218 2193 363 2249 ctat;
399 2180 549 2250 quod
602 2179 809 2233 callidte
853 2175 1043 2229 Matris
1095 2175 1367 2227 intentum
1418 2181 1556 2229 erat.
1604 2171 1777 2227 Homo

220 2285 400 2328 autem
442 2271 525 2324 Nu
567 2280 621 2325 et
668 2267 1010 2338 Enthymesi,
1054 2266 1157 2320 hoc
1192 2273 1271 2319 est
1302 2273 1505 2329 mente,
1529 2273 1583 2317 et
1615 2264 1781 2318 coele-

218 2367 379 2419 stium
417 2361 690 2418 desiderio
739 2358 1119 2429 locupletatus,
1148 2370 1268 2426 quae
1305 2354 1441 2421 sola,
1482 2355 1776 2411 secundum

218 2456 525 2521 Gnosticos,
557 2455 788 2509 salutem
839 2451 1172 2521 percipiunt,
1218 2449 1401 2503 statim
1445 2448 1622 2519 primo
1674 2448 1777 2503 ho-

220 2550 374 2614 mini,
424 2564 519 2603 seu
572 2560 826 2617 supremo
881 2543 1054 2609 Patri,
1096 2542 1303 2597 relictis
1332 2541 1775 2607 fabricatoribus,

217 2644 423 2711 gratias
462 2639 593 2708 egit.
633 2639 703 2692 At
744 2635 1071 2693 Jaldabaoth
1116 2649 1263 2703 asgre
1317 2632 1498 2688 ferens
1541 2647 1604 2686 ea
1657 2647 1778 2702 qua:

217 2749 380 2804 supra
436 2748 496 2787 se
538 2741 716 2796 erant,
748 2731 814 2785 ad
858 2730 1093 2800 alicujus
1144 2727 1392 2782 notitiam
1437 2725 1775 2796 pervenisse,

217 2826 474 2881 feminam
524 2822 786 2887 condidit,
818 2832 1067 2877 vocatam
1116 2822 1306 2885 Evam,
1345 2818 1502 2888 cujus
1544 2815 1776 2872 formam

216 2918 394 2972 mirati
430 2916 612 2971 caeteri
653 2925 960 2986 genuerunt
1002 2930 1066 2969 ex
1106 2928 1168 2968 ea
1197 2912 1453 2983 Angelos.
1484 2909 1590 2966 Sed
1620 2910 1686 2964 ab
1713 2924 1777 2965 ea

214 3011 454 3065 ctelestis
498 3009 671 3063 Mater
708 3010 961 3063 virtutem
1007 3023 1036 3061 a
1077 3004 1401 3061 Jaldabaoth
1458 3003 1776 3073 inspiratam

218 3103 351 3157 clam
402 3102 628 3156 abstulit
662 3116 676 3155 :
710 3116 809 3157 nec
850 3101 933 3155 his
977 3111 1256 3163 contenta,
1298 3107 1508 3153 tantum
1570 3097 1778 3149 artibus

1856 612 2018 683 Hinc
2051 612 2189 666 irato
2223 608 2529 665 hominibus
2560 608 3055 680 Jaltlabaoth,quod
3074 626 3133 665 se
3167 627 3269 666 non
3292 612 3438 668 colo-

1884 715 2026 768 rent,
2063 705 2371 775 diluvioque
2406 704 2698 758 humanum
2733 716 2904 771 genus
2938 704 3164 771 perdere
3190 704 3435 769 volente;

1882 797 2103 854 luminis
2135 799 2278 868 quod
2316 798 2590 853 infuderat
2624 796 2877 861 sollicita,
2928 795 3039 850 Noe
3084 799 3326 851 servavit
3380 801 3434 853 in

1882 904 2031 954 arca,
2082 905 2112 943 a
2163 904 2270 959 quo
2304 898 2430 943 nata
2466 903 2600 942 nova
2636 888 2918 942 hominum
2956 888 3240 957 progenies
3274 904 3436 944 mun-

1884 981 2009 1034 dum
2060 980 2347 1051 supplevit.
2412 981 2490 1035 Ex
2546 981 2611 1035 iis
2670 980 3041 1035 Abrahamum
3083 980 3183 1036 sibi
3239 981 3439 1050 delegit

1878 1073 2222 1140 Jaldahaoth,
2258 1088 2382 1129 cum
2440 1088 2549 1145 quo
2610 1073 2785 1128 foedus
2845 1074 3005 1141 iniit;
3071 1089 3171 1144 per
3218 1074 3439 1147 Moysen

1881 1163 2154 1220 lsraelitas
2187 1164 2377 1219 eduxit
2409 1179 2476 1219 ex
2515 1164 2772 1235 Egypto,
2808 1165 3095 1237 legemQue
3128 1169 3345 1233 sanxit;
3375 1183 3440 1223 ac

1884 1267 1992 1310 tum
2030 1257 2168 1324 ipse,
2217 1267 2329 1311 tum
2373 1257 2468 1311 ﬁlii
2519 1257 2637 1327 ejus
2687 1272 2717 1311 e
2763 1258 3072 1314 Iudaeorum
3107 1270 3266 1329 gente
3310 1276 3439 1315 suos

1881 1348 1982 1402 sibi
2019 1350 2251 1419 quisque
2288 1350 2586 1418 prophetas
2619 1352 2951 1415 asciverunt,
2987 1368 3085 1422 per
3125 1368 3260 1421 quos
3303 1356 3438 1409 vati-

1880 1439 2023 1493 cinia
2055 1455 2150 1494 sua
2186 1438 2499 1495 funderent.

1952 1531 2075 1585 154.
2146 1533 2201 1587 In
2259 1533 2343 1587 his
2398 1534 2653 1589 omnibus
2718 1535 2968 1605 dogmata
3036 1535 3309 1592 Platonica
3369 1541 3437 1594 ad

1878 1617 2205 1672 Christianae
2238 1618 2517 1686 religionis
2551 1621 2793 1690 genium,
2829 1630 2885 1676 et
2912 1637 3252 1679 communem
3287 1625 3437 1681 Gno-

1880 1710 2138 1764 sticorum
2176 1710 2543 1780 hypothesim,
2573 1728 2678 1768 non
2715 1714 2830 1768 sine
2870 1714 3071 1783 insigni
3122 1716 3437 1787 Scriptura-

1884 1815 2000 1853 rum
2034 1802 2408 1870 corruptione,
2462 1812 2739 1873 utcunque
2794 1806 3199 1863 accommodata
3241 1809 3435 1880 depre-

1882 1893 2120 1948 hendere
2173 1905 2276 1949 est.
2332 1895 2408 1949 lbi
2463 1910 2694 1966 superna
2747 1898 3050 1954 animarum
3111 1902 3287 1972 origo,
3338 1918 3437 1960 ceu

1880 1987 2239 2042 scintillarum
2265 1990 2332 2044 ab
2365 1990 2486 2059 igne
2521 1991 2702 2045 divino
2736 1992 3114 2059 emicantium,
3152 1996 3268 2051 sive
3308 2013 3438 2065 por-

1883 2078 2087 2132 tionum
2118 2082 2483 2149 quarumdam
2532 2096 2562 2135 a
2616 2081 2796 2136 divina
2849 2084 3150 2140 substantia
3185 2086 3440 2141 decidua-

1881 2186 2022 2235 rum,
2056 2186 2179 2226 cum
2220 2171 2449 2227 Platone
2493 2172 2738 2243 ﬁngitur.
2777 2174 2864 2229 Ere
2895 2186 3118 2246 propter
3152 2178 3306 2232 inditi
3355 2180 3440 2233 lu-

1882 2261 2045 2314 minis
2083 2262 2338 2330 abusum,
2375 2278 2667 2333 corporum
2702 2268 2909 2322 carceri
2938 2269 3213 2337 squalido
3255 2280 3307 2325 et
3356 2268 3437 2325 te-

1880 2352 2168 2409 nebricoso
2202 2354 2577 2425 includuntur,
2619 2358 2911 2414 liberandae
2946 2375 3045 2414 suo
3081 2370 3343 2432 tempore,
3385 2372 3441 2418 et

1880 2446 2107 2514 pristina
2158 2446 2279 2503 luce
2330 2451 2644 2505 recreandae
2680 2468 2693 2503 :
2730 2453 2871 2521 quod
2915 2451 3251 2510 Platonicum
3290 2472 3442 2511 com-

1880 2545 2120 2591 mentum
2156 2547 2241 2593 est
2271 2537 2337 2594 de
2374 2541 2682 2605 animabus,
2714 2544 2782 2598 ob
2820 2544 3071 2611 amissas,
3098 2549 3291 2617 quibus
3319 2566 3439 2606 sur-

1881 2643 1998 2681 sum
2037 2628 2371 2697 ferebantur,
2405 2634 2891 2702 contemplationis
2941 2653 3168 2708 pennas,
3206 2643 3258 2694 in
3319 2657 3443 2696 cor-

1879 2733 2013 2787 pora
2047 2721 2393 2790 praecipites;
2421 2723 2512 2777 ubi
2570 2725 2824 2781 refricata
2878 2730 3138 2798 paulatim
3177 2747 3440 2800 superno-

1881 2824 2001 2863 rum
2039 2814 2297 2867 memoria
2346 2815 2633 2884 pristinam
2684 2818 2999 2876 felicitatem
3049 2825 3318 2893 gradatim
3355 2842 3442 2879 re.

1879 2913 2162 2974 cuperent.
2197 2904 2274 2959 lbi
2308 2907 2469 2961 etiam
2506 2910 2690 2966 mundi
2726 2912 3014 2969 fabricatio
3070 2917 3297 2988 angelis,
3332 2936 3446 2974 non

1882 2996 1982 3078 ipsi
2019 2996 2128 3050 Deo
2161 3011 2375 3052 summo
2407 3002 2733 3065 ascribitur;
2788 3007 2932 3075 quod
2974 3007 3159 3063 itidem
3195 3010 3435 3066 Platoni-

1881 3106 2004 3145 cum
2054 3101 2158 3147 est.
2209 3092 2319 3152 Illis
2360 3096 2575 3167 quidem
2632 3096 2829 3153 fabulis
2878 3101 3227 3171 multiplicem
3276 3121 3441 3160 orna-

215 3194 418 3259 elfecit,
446 3204 506 3247 ut
540 3208 767 3263 serpens
809 3194 859 3246 ei
904 3190 1161 3261 primum,
1203 3199 1313 3243 tum
1350 3203 1447 3258 per
1477 3202 1597 3243 eam
1634 3187 1777 3241 Ada-
1804 3208 1847 3265 ο
1886 3192 1997 3237 tum
2033 3188 2345 3256 suppeditat
2385 3188 2579 3261 religio
2604 3189 2950 3259 Christiana;
2988 3196 3079 3249 sed
3113 3195 3437 3251 fundamen-

216 3301 302 3340 mo
335 3285 657 3341 rebellionis
690 3293 885 3340 auctor
908 3284 1084 3347 ﬁeret,
1106 3282 1328 3335 vetitum
1356 3281 1587 3334 fructum
1627 3294 1779 3332 man-

214 3380 417 3434 ducare
447 3379 723 3440 suadens;
761 3391 858 3444 per
890 3390 1049 3445 quem
1101 3383 1327 3442 uterque
1358 3386 1626 3441 supremae
1661 3368 1780 3423 Vir-

218 3472 369 3537 tutis,
404 3470 825 3539 divinorumque
871 3467 1258 3538 mysteriorum
1318 3464 1602 3520 scientiam
1650 3464 1781 3517 ade-

213 3575 360 3633 ptus,
399 3577 430 3615 a
484 3562 669 3615 mundi
720 3560 1005 3630 opiﬁcibus
1040 3560 1326 3614 abscessit.
1376 3558 1551 3611 lratus
1595 3555 1781 3610 Jalda-

214 3654 399 3719 baoth,
440 3652 673 3707 rebelles
706 3651 886 3706 divina
923 3649 1233 3704 substantia
1268 3663 1490 3713 vacuos,
1525 3656 1581 3702 et
1614 3647 1781 3701 male-

214 3744 409 3807 dictos,
441 3757 474 3797 e
506 3741 649 3796 coelo
681 3749 735 3795 et
766 3741 1023 3809 paradiso
1059 3741 1111 3793 in
1159 3739 1303 3793 hunc
1337 3737 1599 3791 mundum
1634 3737 1782 3807 deje-

213 3838 286 3891 cit
327 3852 343 3889 :
381 3836 470 3891 ubi
508 3850 736 3904 corpora
774 3834 987 3888 illorum
1030 3832 1193 3895 levia,
1231 3830 1500 3900 pellucida
1530 3839 1587 3885 et
1618 3830 1778 3900 spiri-

212 3929 399 3994 tualia,
444 3929 496 3982 in
546 3928 773 3993 tardius,
807 3926 1097 3980 obscurius
1181 3932 1237 3977 et
1283 3923 1523 3978 crassius
1573 3931 1777 3975 mutata

213 4030 360 4084 sunt,
399 4017 683 4072 debilitata
735 4016 898 4071 etiam
948 4024 1003 4069 et
1050 4014 1312 4083 languore
1357 4012 1525 4067 fracta
1576 4012 1776 4067 anima.

213 4108 387 4163 Simili
447 4108 659 4162 ratione
719 4121 941 4175 serpens
997 4104 1127 4168 Nus,
1183 4103 1516 4159 seductionis
1578 4103 1779 4156 instru-

212 4209 479 4261 mentum,
555 4199 609 4250 in
674 4197 820 4250 hunc
887 4196 1145 4248 mundum
1213 4194 1486 4255 detrusus,
1556 4192 1778 4261 angelos

212 4294 357 4348 illius
394 4292 497 4347 sibi
554 4290 809 4359 subjecit.
844 4302 1046 4358 sexque
1096 4287 1262 4352 ﬁlios,
1297 4287 1567 4340 daemones
1617 4302 1774 4339 mun-

210 4388 407 4450 danos,
443 4384 653 4454 genuit,
690 4383 756 4437 ad
793 4382 1151 4436 imitationem
1186 4394 1437 4448 supernae
1479 4379 1777 4433 hebdoma-

208 4478 293 4531 dis
328 4519 341 4531 .
375 4475 689 4530 hominibus
724 4489 940 4543 semper
976 4473 1226 4534 infestos,
1256 4472 1514 4541 quoniam
1552 4481 1777 4540 paterno

209 4568 388 4639 lapsui
439 4578 495 4621 et
539 4566 839 4621 infortunio
889 4564 1233 4619 occasionem
1278 4564 1638 4632 praebuerant.
1672 4561 1771 4617 Ubi
1808 4544 1852 4599 D

208 4678 342 4717 vero
393 4660 667 4714 Prunicus
721 4658 1005 4713 hominum
1059 4656 1371 4711 calamitate
1425 4654 1769 4710 Jaldabaothi

207 4755 584 4824 arrogantiam
616 4752 726 4820 jam
755 4751 888 4806 satis
922 4765 1021 4819 pro
1058 4750 1200 4804 votis
1234 4749 1341 4802 ulta
1370 4756 1472 4813 est,
1506 4747 1571 4801 ad
1611 4747 1774 4802 mise-

206 4848 477 4902 rationem
514 4859 695 4909 versa,
731 4844 918 4898 amissi
956 4844 1177 4897 luminis
1224 4856 1443 4897 sensum
1480 4842 1771 4910 quemdam

206 4944 287 4998 eis
344 4951 636 5003 concessit,
672 4953 770 5007 per
807 4954 967 5003 quem
1003 4937 1217 5007 pristini
1274 4946 1449 4990 status
1482 4949 1771 4997 memores,

205 5034 601 5104 praesentisque
647 5032 874 5094 conscii,
920 5030 1164 5083 animum
1229 5036 1575 5097 receperunt,
1620 5028 1776 5087 intel-

204 5127 575 5192 lexeruntque
604 5120 858 5176 mortalis
891 5122 1140 5190 corporis
1178 5120 1316 5174 mole
1348 5135 1406 5189 se
1436 5120 1651 5173 tandem
1682 5118 1781 5171 ali-

1888 3284 1995 3330 tum
2035 3280 2243 3343 praebet
2289 3279 2569 3337 Platonica
2623 3283 2988 3354 philosophia,
3039 3299 3097 3341 ut
3160 3289 3438 3358 sigillatim

1882 3371 2171 3425 ostendere
2203 3372 2445 3442 proclive
2474 3371 2632 3443 foret,
2657 3378 2757 3432 nisi
2784 3380 3208 3445 attendentibus,
3238 3390 3290 3434 et
3310 3398 3440 3451 quae

1880 3462 1991 3530 jam
2028 3464 2302 3521 multoties
2335 3468 2571 3522 diximus
2607 3470 2974 3527 recolentibus
3023 3487 3110 3527 res
3152 3473 3311 3527 facile
3343 3491 3442 3544 pa-

1888 3565 2047 3610 teret.
2104 3556 2310 3611 Caetera
2359 3573 2478 3628 qum
2529 3558 2598 3613 de
2644 3560 2940 3617 rebellione
2988 3561 3337 3630 Jaldabaotb,
3374 3567 3440 3621 de

1883 3647 2085 3716 duplici
2142 3653 2347 3713 anima,
2382 3650 2553 3705 altera
2604 3666 2723 3720 quae
2771 3652 2996 3723 spiritus
3044 3655 3166 3709 vitae
3217 3657 3309 3722 sit,
3344 3672 3437 3712 seu

1882 3739 2154 3806 animalis,
2201 3740 2465 3795 iusuﬂlata
2522 3756 2617 3811 per
2674 3740 3037 3810 Jaldabaoth;
3097 3744 3263 3801 altera
3318 3765 3438 3819 qua:

1878 3829 2149 3899 spiritalis
2208 3833 2303 3892 sit,
2349 3846 2442 3886 seu
2495 3833 2811 3886 humectatio
2869 3834 3113 3901 luminis,
3146 3851 3266 3905 quae
3298 3840 3437 3895 clam

1881 3939 1970 3986 eo,
2005 3922 2122 3991 ejus
2174 3931 2355 3976 tamen
2408 3923 2753 3992 interpositu,
2786 3940 2882 3994 per
2930 3925 3154 3981 Matrem
3206 3929 3435 3997 amatur,

1880 4030 2043 4081 quam
2079 4013 2251 4067 solam
2288 4029 2411 4067 cum
2446 4017 2689 4070 emiserit
2724 4016 2919 4082 Mater,
2954 4020 3129 4075 solam
3164 4036 3347 4077 servat
3384 4024 3437 4080 in

1883 4109 2215 4172 hominibus,
2242 4109 2415 4164 solam
2452 4109 2626 4164 salute
2669 4109 3000 4177 donandam,
3035 4130 3265 4185 corpore
3315 4134 3440 4186 pro-

1884 4196 2007 4249 inde
2047 4206 2314 4251 a’ternum
2352 4197 2633 4266 perituro;
2679 4200 2745 4254 de
2780 4199 2901 4271 lege
2944 4202 3181 4258 Mosaica
3229 4210 3437 4264 sancita

1880 4305 1976 4358 per
2014 4286 2360 4355 Jaldabaoth,
2396 4300 2527 4356 etc.,
2575 4293 2825 4362 garriunt
2873 4296 3113 4352 ha'retici
3176 4298 3436 4359 Gnostica

1879 4392 2003 4434 sunt
2037 4390 2091 4435 et
2124 4380 2526 4437 Valentiniana.

1952 4472 2077 4527 155.
2119 4471 2374 4542 Ejusdem
2408 4475 2621 4541 generis
2665 4484 2791 4531 sunt
2823 4492 2943 4548 quae
2976 4480 3040 4535 de
3071 4479 3198 4537 Jcsu
3232 4482 3433 4540 Christi

1882 4575 2025 4629 ortu,
2064 4573 2260 4631 morte,
2296 4581 2363 4619 ac
2393 4565 2672 4622 beneﬁciis
2713 4584 2809 4638 per
2842 4585 2962 4625 eum
2999 4576 3252 4641 praestitis
3282 4592 3434 4629 com-

1883 4658 2313 4713 miniscebantur
2341 4659 2426 4721 ⁸¹;
2463 4661 2565 4714 nisi
2603 4661 2743 4730 quod
2793 4661 2975 4718 Jesum
3016 4679 3047 4720 e
3082 4662 3305 4735 Virgine
3337 4686 3435 4723 ua-

1883 4761 1995 4803 tum
2042 4764 2162 4805 esse
2198 4748 2517 4813 faterentur,
2554 4758 2609 4804 et
2639 4749 2914 4806 Christum
2957 4768 3061 4808 non
3110 4754 3301 4816 solum,
3340 4759 3434 4810 sed

1881 4839 2041 4894 simul
2076 4856 2197 4894 cum
2235 4839 2435 4909 Sophia
2471 4858 2657 4898 sorore
2691 4858 2786 4897 sua
2832 4845 2897 4898 in.
2933 4860 3054 4899 eum
3094 4847 3439 4906 descendisse

1882 4932 2103 4987 vellent.
2136 4931 2262 4988 .lesu
2298 4935 2518 5002 quidem
2554 4950 2751 5005 corpus
2800 4952 2828 4989 a
2878 4938 3107 4993 mortuis
3140 4940 3433 4995 excitatum

1885 5021 2145 5095 [LXXVI]
2181 5024 2471 5093 dicebant;
2511 5042 2615 5081 non
2652 5028 2781 5083 illud
2820 5039 3091 5084 terrenum
3129 5032 3271 5100 quod
3305 5047 3435 5088 caro

1882 5127 1937 5172 et
1986 5118 2205 5187 sanguis
2252 5127 2332 5173 est
2396 5120 2537 5189 (haec
2584 5120 2762 5185 enim,
2816 5121 3152 5189 inquiebant,
3206 5137 3431 5193 regnum

203 5213 425 5283 quando
458 5210 770 5267 liberandos
804 5229 818 5265 :
856 5212 999 5265 unde
1034 5212 1169 5265 cibis
1216 5210 1327 5279 jam
1371 5209 1586 5273 refecti,
1621 5223 1784 5277 gene~
1878 5212 1973 5265 Dei
2000 5209 2289 5278 ,possidere
2321 5226 2429 5265 non
2470 5220 2701 5279 possunt
2735 5235 2747 5267 ;
2794 5215 2934 5267 unde
2972 5214 3231 5283 quidquid
3279 5231 3436 5269 mun-

204 5304 409 5359 rationi
461 5319 680 5373 operam
730 5305 1023 5367 dederunt,
1058 5319 1124 5358 ex
1172 5319 1275 5374 qua
1328 5311 1493 5356 natus
1541 5302 1777 5371 primum

1878 5302 2074 5355 danum
2109 5310 2415 5370 acceperat,
2444 5303 2648 5359 mundo
2682 5304 2928 5373 dimisit);
2957 5312 3050 5359 sed
3074 5307 3208 5360 illud
3231 5322 3426 5375 corpu.

202 5394 371 5454 Cain,
412 5401 523 5447 tum
570 5395 767 5449 deinde
815 5396 969 5461 Abel,
1016 5409 1156 5464 quos
1206 5408 1430 5463 serpens
1476 5408 1595 5446 cum
1656 5392 1783 5446 filiis
1875 5394 2019 5463 quod
2054 5394 2289 5450 animale
2338 5405 2391 5449 et
2438 5396 2689 5464 spiritale
2720 5401 3011 5463 vocabant,
3046 5408 3253 5467 partem
3285 5402 3434 5455 vide-

199 5488 318 5539 suis
356 5485 541 5539 statim
576 5490 796 5553 evertit,
829 5496 885 5541 et
918 5488 972 5541 in
1006 5502 1221 5541 omnem
1252 5485 1553 5557 nequitiam
1589 5483 1781 5551 praeci-

202 5579 347 5644 pites
378 5578 508 5645 egit.
546 5578 655 5633 Nec
689 5581 887 5634 mirum
919 5596 933 5634 :
967 5581 1030 5634 iis
1063 5580 1198 5634 clam
1234 5580 1629 5636 adversabatur
1662 5577 1773 5631 Ma-

201 5680 305 5736 ter,
346 5670 416 5724 ad
465 5670 517 5725 id
564 5687 730 5725 unum
778 5681 1006 5738 attenta,
1044 5674 1277 5745 utquod
1324 5673 1428 5729 sibi
1480 5671 1767 5745 proprium

320 5853 562 5919 "irem,
595 5871 647 5911 n.
687 5856 769 5917 ll.
804 5856 888 5921 12,
928 5858 1004 5910 l3.

526 5954 796 6022 Panos.
830 5952 945 6013 Gn.
1001 5948 1137 6012 VII.

1875 5486 2007 5539 licet
2044 5488 2291 5555 corporis
2342 5487 2684 5542 subtiliorem
2725 5498 2779 5543 ct
2812 5504 3069 5555 aeream;
3113 5506 3208 5545 seu
3256 5494 3432 5560 potius

1882 5579 2050 5646 ipsam
2089 5577 2331 5632 animam
2383 5589 2491 5633 tum
2538 5580 2847 5646 animalem,
2908 5590 3019 5635 tum
3074 5582 3429 5650 spiritualem,

1881 5685 2041 5740 quam
2078 5680 2367 5740 utramque
2426 5687 2737 5742 corpoream
2793 5689 2911 5731 esse
2969 5675 3247 5741 finxerint,
3297 5691 3427 5745 qua-
