4196 6330
805 400 896 460 171
1590 400 2181 458 DISSER'I'ATIONES
2219 400 2408 456 PRAZ‘

2388 400 2520 456 VIA?
2556 400 2622 457 ΙΝ
2656 401 2910 458 ΙΒΕΝᾹΖΙ
2942 401 3203 459 LIBROS.

3910 407 4007 463 i7!

805 537 916 574 rum
957 531 1133 574 tamen
1171 520 1335 574 altera
1367 521 1554 590 purior
1607 530 1659 574 et
1694 519 1946 575 subtilior
1988 519 2132 574 dicta
2192 517 2352 571 fuerit
2381 523 2425 579 Α
2456 517 2613 571 fuerit
2658 517 2880 582 Cainus,
2912 519 3110 572 Abelus
3145 517 3418 573 inferioris
3447 537 3460 572 :
3494 526 3778 588 propterea
3820 537 4001 576 secum

802 613 1081 682 spiritalis,
1118 615 1524 681 comparatione
1574 611 1796 666 alterius
1852 612 2155 666 crassioris.
2189 611 2353 676 Quid-

802 707 925 777 quid
960 707 1052 770 sit,
1096 707 1360 760 ludicrum
1396 717 1480 761 est
1523 707 1650 760 illud
1699 707 2116 762 resurrectionis
2157 720 2348 775 genus,

800 800 940 867 quod
976 800 1065 852 hic
1112 799 1490 864 admittebant,
1536 809 1588 853 et
1633 801 1709 854 ‘ab
1762 815 1827 854 eo
1880 803 2023 868 quod
2085 798 2350 853 catholica

805 889 932 945 fit'es
968 892 1143 956 docet,
1181 892 1365 958 procul
1419 893 1709 946 diversum.
1763 892 2067 953 Addebant,
2099 907 2194 962 per
2224 891 2350 945 Jesn

801 985 1252 1037 resurrectionem
1290 985 1575 1049 spoliatum
1627 983 1794 1038 fuisse
1827 981 2141 1038 Jaldabaoth
2179 985 2353 1036 domi-

801 1076 888 1128 aio
912 1074 1055 1144 ‘quod
1089 1075 1189 1128 sibi
1228 1075 1529 1130 viudicarat
1571 1076 1622 1129 in
1659 1075 1871 1129 animas
1915 1085 2172 1138 sanctas;
2206 1075 2347 1142 jam-

798 1182 902 1235 que
945 1166 1200 1234 deinceps
1247 1181 1410 1236 penes
1458 1170 1629 1236 ipsum
1669 1184 1772 1222 non
1812 1168 1946 1236 fore,
1987 1179 2043 1222 nt
2079 1161 2348 1238 spiritales

800 1272 988 1310 rursus
1029 1257 1278 1310 demittat
1329 1260 1380 1310 in
1441 1259 1696 1312 saeculum
1749 1261 2078 1330 purgandus,
2119 1260 2214 1315 sed
2256 1276 2348 1315 eas

800 1358 1004 1402 tantum
1048 1363 1183 1417 quas
1228 1347 1610 1411 insufllaverat,
1661 1351 1712 1405 id
1751 1362 1836 1404 est
1882 1351 2167 1404 animales.
2217 1350 2348 1418 Quae

797 1440 1130 1495 Platonicam
1169 1442 1703 1510 metempsycboseos
1732 1441 1968 1496 fabulatn
2001 1443 2168 1497 olent.

866 1531 987 1586 156.
1031 1532 1104 1584 Ex
1142 1529 1353 1601 Ophitis
1387 1533 1628 1600 quidam,
1678 1533 1880 1588 Irenaeo
1908 1541 2042 1588 teste
2068 1534 2134 1601 “,
2175 1535 2344 1604 ipsam

795 1622 1057 1694 Soph-iam
1093 1635 1403 1693 serpentem
1429 1623 1628 1680 factam
1662 1640 1782 1681 esse
1815 1626 2089 1692 dicebant,
2127 1635 2187 1680 ut
2215 1629 2345 1680 Adae

793 1719 1118 1773 :onditorem
1147 1718 1457 1780 debellaret,
1484 1717 1900 1785 hominibusque
1938 1721 2216 1769 setentiam
2238 1725 2345 1764 tm-

792 1816 1064 1876 portaret;
1097 1815 1151 1861 et
1191 1817 1474 1877 eapropter
1510 1806 1712 1860 dictum
1763 1813 2061 1874 serpentem
2101 1802 2344 1857 omnium

792 1898 1139 1953 animantium
1185 1899 1667 1968 sapientissimum.
1721 1897 1826 1952 Sed
1874 1897 1989 1952 sive
2049 1893 2346 1964 Suphiam,

793 1988 894 2043 sive
929 1986 1050 2043 Nun
1093 1998 1393 2057 serpentem
1443 1991 1684 2046 induisse
1715 1988 1911 2044 vellent
1955 1984 2186 2056 Ophitae,
2221 1986 2348 2042 huic

793 2089 1034 2129 summos
1076 2075 1312 2131 honores
1336 2076 1676 2146 deferebant,
1710 2081 1778 2135 ob
1809 2097 1925 2136 eam
1961 2098 2123 2152 quam
2159 2085 2227 2138 ab
2257 2085 2346 2140 illo

794 2164 1066 2233 accepisse
1121 2181 1181 2221 se
1238 2169 1522 2222 scientiam
1586 2171 1993 2226 existimabant.
2062 2173 2343 2228 Testatum

793 2256 1002 2312 faciunt
1037 2259 1389 2329 Epiphanius,
1415 2261 1809 2326 Theodoretus,
1836 2274 1889 2319 et
1924 2266 2342 2336 Augustinus”,

788 2365 1026 2418 impuros
1059 2351 1179 2406 illos
1214 2352 1461 2409 homines
1494 2366 1680 2410 verum
1716 2367 2021 2424 serpentem
2084 2358 2137 2412 in
2208 2360 2343 2414 cista

784 2440 867 2493 vel
914 2441 1166 2510 spelunca
1213 2433 1528 2506 nutrivis‘se.
1581 2458 1738 2513 quem
1784 2448 2165 2517 mysteriorum
2212 2461 2344 2503 tem-

783 2549 915 2604 pore
967 2535 1287 2590 evocabant.
1348 2536 1399 2591 ls
1458 2548 1644 2606 aperto
1696 2537 1967 2594 foramine
2013 2549 2067 2595 et
2120 2541 2344 2597 latebris

784 2611 1095 2696 erumpens,
1133 2643 1375 2682 mensam
1405 2622 1828 2696 conscendebat,
1858 2641 1912 2685 et
1939 2634 2146 2687 circum
2176 2649 2344 2702 panes

785 2722 1188 2793 implicabatur.
1226 2722 1281 2778 Id
1331 2724 1753 2788 Eueharistiam,
1791 2735 1843 2780 et
1878 2729 2340 2784 absolutissimum

783 2829 904 2868 esse
966 2814 1294 2868 sacriﬁcium
1360 2816 1676 2870 censebant.
1725 2815 1903 2871 Panes
1961 2834 2108 2884 vero,
2146 2820 2342 2888 quibus

784 2904 1211 2960 circumvolutus
1269 2903 1443 2959 fuerat
1510 2921 1756 2974 serpens,
1819 2923 1923 2962 non
1976 2910 2133 2965 modo
2193 2911 2343 2964 fran-

781 2999 1003 3068 gebant,
1040 3007 1095 3052 et
1144 2997 1577 3064 distribuebant;
1640 3000 1732 3055 sed
1774 3000 1936 3054 etiam
1984 3003 2211 3071 quilibet
2249 3007 2341 3060 ad-

783 3101 931 3147 moto
971 3104 1069 3144 ore
1117 3098 1424 3158 serpentem
1475 3090 1650 3158 ipsum
1707 3091 2130 3148 exosculabatur
2175 3097 2339 3152 :sive

781 3183 1130 3238 cantionibus
1163 3183 1485 3251 quibusdam
1542 3185 1607 3236 ad
1665 3186 2131 3240 mansuetudinem
2165 3187 2336 3243 bestia
2365 3207 2408 3265 ο

784 3275 1108 3338 molliretur,
1159 3275 1275 3328 sive
1335 3274 1444 3328 alio
1501 3274 1765 3330 daemonis
1820 3275 2053 3331 artiﬁcio
2105 3279 2337 3334 innocua

781 3367 1119 3423 redderetur.
1171 3366 1250 3420 Ac
1291 3364 1507 3421 demum
1551 3382 1862 3437 supremum
1905 3368 2195 3426 Parentem
2244 3387 2339 3440 per

780 3460 954 3525 illum,
988 3467 1047 3513 ut
1082 3458 1321 3524 aiebant,
1347 3457 1704 3521 celebrantes,
1749 3461 2008 3531 mysteria
2044 3478 2139 3517 sua
2173 3465 2337 3533 perfi-

779 3552 1018 3612 ciebant.

1108 3642 1225 3698 XV.
1270 3642 1341 3697 De
1372 3642 1588 3696 Caianis
1612 3659 1707 3695 seu
1739 3641 2010 3697 Caim'stis.

857 3737 978 3791 157.
1018 3737 1060 3789 Α
1100 3735 1321 3790 Caianis
1352 3749 1445 3788 seu
1480 3733 1739 3788 Cainistis
1768 3733 2145 3790 Gnosticorum
2187 3746 2339 3791 cata-

777 3830 978 3899 logum,
1017 3841 1080 3881 ac
1113 3825 1308 3879 librum
1342 3839 1497 3879 suum
1550 3825 1784 3893 primum
1834 3825 2041 3880 claudit
2081 3827 2333 3883 lrenaeus.

777 3921 886 3976 Eos
929 3935 960 3974 e
1012 3917 1386 3973 Valentiniana
1443 3916 1665 3981 schola,
1703 3933 1801 3973 ceu
1854 3933 2050 3971 novum
2118 3918 2334 3974 Lerneae

779 4016 964 4085 hydrae
991 4019 1173 4082 caput,
1205 4009 1502 4080 pullulasse
1545 4010 1772 4075 scribit;
1821 4009 2156 4079 Epiphanius
2206 4025 2335 4066 vero

777 4117 832 4159 ct
883 4104 1257 4160 Theodoretus
1280 4101 1326 4132 "
1359 4117 1424 4155 ex
1477 4102 1690 4170 impuro
1741 4099 2120 4154 Gnosticorum
2176 4101 2336 4156 Nico—

778 4199 1050 4261 laitarum,
1085 4193 1615 4257 Valentinianorum,
1672 4201 1726 4247 et
1790 4193 2331 4262 Carpocratianorum

779 4291 928 4344 fonte
962 4288 1296 4358 impietatem
1323 4301 1472 4340 suam
1533 4287 1881 4355 actionesque
1909 4285 2168 4340 nefandas
2199 4287 2335 4341 lian-

777 4382 919 4436 sisse
946 4380 1154 4432 volunt.
1195 4378 1496 4445 Utrumque
1547 4375 1707 4430 simul
1739 4390 1925 4430 verum
1960 4391 2080 4430 esse
2114 4386 2328 4444 potest;

778 4487 879 4526 nec
916 4467 1238 4538 repugnabit
1276 4466 1536 4530 lrenams,
1586 4466 1677 4535 qui
1722 4466 1884 4535 paulo
1943 4477 2061 4536 post
2121 4465 2334 4536 subjicit

2459 613 2683 669 invicem
2717 618 2944 680 rixatos,
2981 617 3070 686 qui
3107 616 3315 668 fortiori
3365 632 3392 669 a
3431 617 3637 672 Virtute
3675 634 4004 690 propagatus

2457 705 2654 772 fuerat,
2709 707 2984 760 inferioris
3032 705 3509 776 itnbecilliorisqnc
3559 711 3799 765 sobolem
3859 717 4006 768 occi-

2456 797 2624 850 disse.
2661 799 2736 849 Ad
2770 801 3010 851 eamdem
3041 815 3160 851 cum
3199 799 3366 853 Caino
3396 803 3700 870 prosapiam
3733 803 4006 870 pertinere

2455 888 2703 942 volebant
2737 889 2898 952 Esau,
2930 890 3094 952 Core,
3129 889 3457 953 Sodomitas,
3493 901 3546 946 et
3583 909 3772 947 oumes
3818 897 3907 964 qui
3951 897 4002 948 in

2454 976 2636 1032 Veteri
2680 979 3027 1034 Testamento
3073 983 3342 1036 scelerum
3399 984 3613 1037 infantia
3661 984 3906 1039 laborant
3935 985 4000 1046 ⁸⁸.

2452 1085 2588 1138 quos
2628 1071 2886 1140 Opinione
2937 1089 3032 1125 sua
3087 1074 3404 1136 laudandos,
3456 1091 3518 1128 ac
3566 1091 3745 1129 secum
3791 1078 4005 1144 generis

2452 1164 2777 1231 cognatione
2803 1163 3147 1232 conjttnctos,
3183 1178 3368 1234 utpote
3394 1169 3650 1236 perfecta,
3685 1170 4004 1238 ueterisque

2451 1253 2755 1307 sublitniori
2794 1256 3020 1309 scicntia
3074 1258 3380 1322 decoratos,
3426 1261 3742 1314 asserebant
3787 1263 4003 1329 nequis-

2451 1342 2572 1396 simi
2623 1344 2718 1397 illi.
2757 1343 2878 1398 ldeo
2911 1348 3090 1399 mundi
3127 1346 3315 1417 Opiﬁci
3365 1350 3590 1412 invisos.
3619 1352 4005 1419 continuisque

2451 1428 2663 1483 insidiis
2693 1433 2982 1498 appetitos,
3015 1435 3144 1487 nihil
3173 1447 3351 1490 tamen
3382 1439 3447 1491 ab
3481 1455 3545 1491 eo
3573 1440 3878 1495 detrimenti
3911 1457 4004 1495 ac-

2449 1521 2626 1587 cipere
2651 1523 2896 1589 patuisse
2930 1540 2943 1575 :
2973 1525 3114 1591 quod
3141 1526 3345 1580 semine
3375 1542 3473 1580 suo
3510 1528 3889 1598 ilnpt‘a‘gnalos
3919 1541 4007 1584 tu-

2451 1621 2561 1664 tata
2604 1611 2769 1666 ftterit
2805 1623 2977 1669 mater
3007 1613 3231 1684 Sophia,
3265 1626 3319 1671 et
3360 1617 3411 1670 in
3443 1635 3736 1689 supernum
3768 1621 4000 1676 IEottem

2448 1715 2808 1759 commutatus
2863 1709 2928 1760 ad
2985 1723 3103 1763 sese
3177 1711 3391 1763 tandem
3455 1714 3713 1780 rapuerit.
3773 1713 3999 1781 Jndam,

2446 1807 2602 1860 quem
2637 1796 2797 1849 etiam
2828 1797 3041 1852 aﬁinem
3073 1816 3233 1854 suum
3271 1816 3392 1856 esse
3430 1799 3770 1868 iactitabant,
3807 1808 4004 1876 cuique

2445 1883 2540 1936 soli
2575 1899 2684 1954 prie
2718 1888 2933 1941 czeteris
2970 1891 3288 1946 mortalibus
3327 1895 3571 1948 veritatis
3621 1897 3865 1950 notitiam
3915 1907 4005 1951 at-

2447 1969 2774 2039 tribuebant,
2828 1989 3086 2032 accurate
3138 1979 3319 2034 omnia
3384 1983 3498 2036 hac
3556 1993 3834 2052 perspecta
3900 1987 4002 2042 ha-

2445 2063 2675 2119 buisse:
2715 2069 3069 2134 quamobrem
3109 2071 3312 2126 Virtute
3354 2078 3656 2142 potentiore
3705 2079 3882 2132 divina
3919 2082 4010 2134 in-

2445 2157 2694 2239 stigatns
2719 2159 2995 2214 Christum
3046 2161 3229 2217 Jesum
3289 2166 3544 2233 prodidit,
3587 2169 3702 2224 sive
3745 2173 3908 2239 quod,
3945 2182 4008 2229 ut

2445 2250 2533 2302 alii
2564 2237 3028 2319 blasphemaliant,
3057 2254 3230 2308 Inaltts
3257 2267 3420 2319 esset,
3451 2260 3773 2329 veritatique
3803 2262 4005 2316 bellum

2447 2342 2711 2397 indiceret
2734 2344 2817 2411 8";
2849 2347 2980 2409 sive,
3010 2357 3090 2411 ut,
3115 2350 3566 2417 quemadmodum
3600 2353 3688 2406 alii
3725 2355 4005 2420 volebant,

2444 2434 2602 2487 saluti
2645 2447 2843 2490 nostra:
2885 2439 3216 2504 consuleret,
3244 2452 3294 2493 et
3325 2439 3452 2496 Jesu
3494 2444 3695 2498 Christi
3735 2461 3898 2500 cruce
3938 2462 4006 2502 ac

2444 2534 2616 2580 morte
2663 2527 2964 2581 ccelestium
3012 2545 3189 2583 rerum
3229 2533 3585 2600 cognitionem
3618 2537 3772 2590 nobis
3805 2551 4004 2605 procu-

2443 2627 2614 2672 raret.
2662 2616 2934 2672 Noverant
2979 2621 3123 2672 enim
3178 2622 3359 2674 mundi
3405 2623 3698 2692 principes.
3747 2626 3790 2678 si
3847 2627 3892 2679 is
3937 2626 4004 2681 ‘in

2443 2722 2656 2763 crucem
2691 2710 2990 2776 tolleretur,
3031 2711 3270 2778 ipsorum
3315 2715 3636 2768 exhaustum
3689 2716 3753 2768 iri
3807 2727 4004 2783 poten—

2444 2801 2569 2854 liam
2598 2816 2847 2868 omnem;
2879 2817 3049 2871 quare
3084 2804 3289 2858 veritus
3316 2802 3485 2859 Judas
3519 2821 3584 2859 ne
3619 2818 3847 2860 mortem
3881 2808 4007 2878 ejus

2441 2893 2790 2963 impedirent,
2823 2895 3136 2957 maturavit,
3172 2909 3493 2964 omnemque
3545 2896 3773 2964 lapidein
3810 2910 4004 2964 movit,

2441 2993 2499 3038 ut
2528 2999 2651 3038 eum
2679 2982 2886 3038 ludam
2914 2983 3168 3036 traderet.
3210 2983 3356 3038 Hanc
3391 2985 3538 3038 enim
3571 2984 3736 3040 fuisse
3783 3003 4005 3042 causam

2441 3077 2629 3130 volunt
2659 3092 2755 3130 cur
2779 3091 2808 3130 e
2840 3075 2978 3129 caelo
3003 3075 3255 3143 delapsus
3283 3078 3385 3141 sit;
3424 3086 3478 3130 ut
3501 3077 3654 3133 fortis
3685 3080 3734 3132 in
3767 3083 3882 3147 ipso
3915 3097 4008 3135 so-

2443 3169 2710 3240 lidiorque
2760 3172 2943 3228 Virtus
2993 3175 3366 3244 perficeretur,
3393 3177 3904 3246 ostendereturque,
3937 3193 4008 3232 ac

2443 3265 2508 3320 de
2557 3265 2857 3320 inﬁrmiore
2908 3266 3232 3334 triumphum
3290 3267 3494 3320 referre
3541 3270 3781 3323 doceret.
3831 3270 4007 3325 Exse-

2442 3359 2700 3413 crandum
2735 3369 2883 3412 certe
2911 3359 3264 3427 triumphum,
3302 3359 3352 3411 in
3406 3374 3469 3413 eo
3513 3361 3695 3424 situm,
3727 3371 3785 3415 ut
3829 3378 4007 3416 unus-

2441 3452 2668 3520 quisque
2693 3466 2788 3520 per
2823 3451 3050 3505 nefanda
3091 3451 3272 3505 omnia
3305 3450 3634 3521 ﬂagitiorum
3669 3469 3867 3523 genera
3902 3470 4006 3512 vo-

2442 3543 2628 3598 litaret
2666 3561 2679 3597 :
2724 3544 2993 3598 neminem
3041 3546 3237 3614 quippe
3287 3545 3576 3613 perfectam
3613 3547 4006 3615 cognitionem,

2441 3637 2718 3705 ipsamque
2747 3637 2977 3704 proinde
3002 3638 3227 3690 salutem
3254 3639 3479 3706 adipisci
3513 3652 3692 3705 posse,
3733 3639 3834 3692 nisi
3884 3651 4009 3693 tur-

2440 3727 2662 3795 pissima
2710 3743 2938 3796 quaeque
2983 3737 3241 3796 expertus
3273 3729 3450 3782 fuerit.
3489 3731 3616 3796 Qua:
3649 3731 4008 3799 Carpocratis

2441 3818 2774 3887 blasphemia
2822 3818 2942 3873 fuit.
2991 3819 3101 3875 lloc
3157 3837 3321 3874 unum
3372 3823 3664 3889 addebant,
3707 3824 4008 3894 unicuique

2439 3909 2718 3979 flagitiosae
2749 3914 2948 3966 actioni
2983 3929 3213 3982 praeesse
3240 3915 3500 3984 Angelum
3545 3915 3806 3983 aliquem,
3835 3935 4004 3986 quem

2438 4002 2565 4056 huic
2617 4017 2835 4071 cperam
2881 4005 3073 4058 dantes
3135 4005 3480 4059 invocabant.
3534 4007 3722 4062 Plures
3768 4024 4008 4082 apocry-

2438 4095 2573 4164 phos
2605 4095 2771 4148 libros
2802 4097 3267 4163 confinxerunt”,
3313 4111 3369 4151 ut
3420 4099 3769 4168 Evangelinm
3817 4100 4001 4168 1ΙιιιΙειξ,

2437 4187 2796 4242 Anabaticnm
2826 4187 2997 4254 Pauli,
3026 4205 3121 4243 seu
3147 4193 3212 4244 de
3239 4192 3606 4258 assumptione
3631 4191 3780 4245 Pauli
3808 4193 3861 4246 in
3889 4202 4006 4248 ter-

2440 4282 2571 4336 tium
2603 4280 2820 4344 coelum,
2854 4290 2906 4334 et
2939 4281 3073 4334 alios
3102 4281 3393 4348 quosdam,
3434 4283 3624 4336 naeniis
3659 4295 3711 4336 et
3748 4285 4008 4353 impieta-

2441 4384 2549 4427 tum
2607 4373 2867 4426 monstris
2915 4369 3166 4425 refertos.
3223 4371 3389 4426 Porro
3440 4371 3486 4424 si
3533 4373 3658 4439 quid
3707 4387 3736 4424 a
3780 4376 4009 4428 caeteris

2437 4465 2712 4520 Gnostieis
2744 4465 3108 4533 discreparint
3142 4463 3331 4518 bellua:
3362 4464 3496 4529 istas,
3530 4464 3824 4519 discrimen
3857 4467 3909 4520 in
3937 4482 4009 4522 eo

776 4564 1010 4617 Caianos
1049 4560 1246 4616 foedam
1280 4557 1834 4627 Carpocratianorum
1885 4559 2100 4611 vivendi
2165 4560 2326 4613 ratio-
2364 4540 2412 4600 ί)
2439 4568 2642 4611 tantum
2680 4558 2796 4623 fuit,
2824 4559 2964 4627 quod
2994 4556 3218 4626 superni
3253 4559 3478 4613 seminis
3503 4561 3711 4627 copiam
3749 4561 4010 4629 reprobis

780 4669 902 4708 nem
936 4654 1174 4706 imitatos
1207 4651 1392 4706 fuisse.
1439 4650 1530 4706 Sic
1576 4650 1704 4704 dicti
1750 4650 1989 4712 fuerunt,
2018 4651 2160 4720 quod
2213 4651 2332 4705 Cai-

779 4761 908 4800 num
943 4745 1257 4814 praedicare,
1297 4754 1684 4812 parentemque
1717 4759 1872 4798 suum
1928 4745 2201 4812 appellare
2237 4760 2329 4800 eos

780 4851 884 4890 non
932 4835 1200 4904 puduerit.
1251 4833 1524 4901 Duplicem
1582 4836 1777 4904 quippe
1831 4835 2100 4889 Virtutem
2165 4836 2330 4905 finge-

778 4927 927 4989 bant,
976 4925 1136 4979 aliam
1201 4926 1553 4994 superiorem,
1608 4942 1770 4994 quam
1829 4925 2110 4994 Sepliiam,
2165 4927 2329 4981 aliam

780 5018 1091 5073 inferiorem
1146 5027 1200 5071 et
1236 5019 1616 5087 posteriorem,
1642 5034 1801 5085 quam
1836 5019 2116 5089 Ὑπέραν,
2151 5016 2340 5086 Hyste-

778 5122 918 5178 ram,
961 5111 1254 5165 vocabant.
1300 5109 1434 5164 Huic
1471 5112 1593 5164 casti
1633 5120 1686 5164 et
1735 5121 1894 5164 terrm
1926 5110 2335 5166 fabricatiOnem

781 5201 1146 5254 ascribebant.
1175 5200 1436 5254 Adamum
1464 5215 1593 5254 vero
1623 5212 1781 5270 atque
1817 5205 1982 5254 Evam
2019 5203 2086 5256 ab
2127 5203 2192 5257 iis
2223 5202 2338 5256 Vir-

782 5289 1009 5356 tutibus,
1069 5293 1183 5344 sive
1243 5293 1485 5360 Angelis,
1531 5294 1796 5362 originem
1855 5296 2124 5359 traxisse;
2203 5310 2338 5363 quos

781 5392 958 5435 autem
1006 5397 1238 5449 genuere
1275 5385 1489 5446 liberos,
1530 5402 1634 5439 non
1683 5386 1813 5439 item
1843 5386 1910 5439 ".
1965 5387 2097 5440 Nam
2149 5389 2336 5444 ambas

787 5472 1020 5528 Virtutes
1057 5489 1176 5529 eum
1220 5477 1327 5530 Eva
1363 5492 1688 5548 congressas
1722 5478 1951 5532 Cainum
2008 5491 2059 5533 et
2109 5481 2330 5534 Abelem

781 5565 1030 5630 genuisse
1064 5568 1139 5620 sic
1173 5566 1529 5633 affirmabant,
1566 5581 1623 5625 ut
1674 5574 1974 5639 superioris
2006 5583 2057 5626 et
2089 5572 2332 5629 fortioris

881 5702 925 5736 ⁸¹
956 5702 1113 5760 lren..
1146 5721 1195 5755 ιι.
1233 5703 1312 5755 14.
1390 5703 1432 5734 ⁸³
1462 5703 1678 5773 Epiph.,

780 5785 1012 5836 xxxvnt;
1045 5773 1270 5837 Tlteod.,
1302 5775 1391 5826 lib.
1426 5790 1461 5836 t,
1494 5792 1541 5828 c.
1588 5777 1668 5829 15.

1759 5778 1802 5806 ⁸⁸
1837 5778 2046 5845 Epiplt.,
2139 5780 2192 5830 '2.

783 5839 1016 5912 'fbeod,
1046 5843 1145 5898 loc.
1178 5846 1264 5898 cit.

1348 5845 1386 5875 ³⁷
1422 5842 1637 5914 Epiph.,
1671 5847 1697 5917 §
1728 5847 1788 5912 5;
1823 5842 2206 5911 ἰἰξιίυΗηἹυυ,
2244 5851 2337 5904 cit.

2437 4650 2759 4719 quibusdam
2811 4664 2875 4702 ac
2919 4649 3160 4704 scelestis
3197 4649 3506 4704 hoininibus
3537 4648 3802 4716 facerent,
3837 4668 4008 4721 qualn

2437 4743 2623 4794 iisdem
2657 4741 2745 4794 alii
2780 4742 3064 4811 negabant.
3097 4741 3201 4794 Sed
3227 4741 3366 4794 idem
3391 4742 3643 4795 omnibus
3671 4741 4014 4797 fundamen-

2441 4844 2552 4887 tum
2599 4835 2805 4888 erroris
2852 4833 3082 4895 exstitit,
3112 4833 3342 4888 salutem
3382 4834 3635 4888 videlicet
3679 4835 3769 4888 uni
3815 4837 4009 4891 divino

2438 4927 2653 4991 semini,
2681 4941 2774 4981 seu
2831 4942 3010 4980 rerum
3066 4928 3366 4981 ctelestium
3423 4928 3664 4982 scientia:
3719 4939 4009 4998 acceptam

2440 5018 2774 5072 referendam
2803 5032 2924 5072 esse
2946 5057 2961 5082 ,
2995 5019 3291 5086 mundique
3319 5019 3653 5074 conditorem
3681 5036 3709 5073 a
3741 5034 4009 5090 supremo

2436 5111 2551 5165 Deo
2592 5111 2862 5166 diversum
2892 5125 3045 5176 esse;
3083 5110 3312 5166 alterum
3345 5113 3545 5166 bonum
3588 5126 3730 5178 esse,
3764 5113 4008 5167 alterum

2435 5201 2681 5255 malum:
2739 5201 2898 5269 hujus
2933 5201 3298 5257 conenleanda
3351 5218 3550 5272 opera,
3609 5203 4012 5275 violandasque

2435 5292 2621 5362 leges;
2654 5294 2795 5348 illius
2830 5293 3246 5363 comparandam
3280 5296 3548 5350 notitiam.

2508 5387 2631 5441 158.
2677 5386 2796 5439 llaec
2834 5396 2956 5439 sunt
2987 5401 3105 5453 quae
3141 5387 3205 5438 de
3237 5387 3532 5441 haeresibus
3571 5388 3637 5440 ab
3669 5389 3880 5441 Irenaeo
3916 5405 4010 5444 re-

2441 5479 2667 5532 censitis
2725 5478 2948 5530 dicenda
3014 5486 3188 5530 erant.
3234 5477 3338 5530 Eas
3395 5494 3488 5547 pro
3551 5479 3762 5533 modulo
3808 5490 4011 5534 nostro

2439 5572 2732 5641 explicare,
2753 5572 3083 5637 densamque
3125 5570 3192 5623 iis
3224 5568 3449 5623 offusam
3472 5560 3752 5639 caliginem
3790 5570 4008 5639 dispel-

1709 5705 1823 5776 §5;
1857 5707 2084 5767 Theod,’
2119 5708 2218 5761 ιος,
2253 5711 2379 5777 cap;
2410 5706 2888 5777 Augullmravu.
2924 5704 2969 5735 ⁸⁸
2999 5703 3289 5777 lren.,_lib.
3314 5720 3361 5777 νι,
3394 5719 3446 5777 (ιἶ
3470 5705 3564 5768 51;
3593 5703 3811 5770 Epiph..
3852 5703 4008 5777 llajr.

2292 5780 2336 5810 ⁸⁸
2368 5774 2531 5839 iri-tif,
2568 5796 2619 5830 n.
2651 5779 2708 5842 1;
2745 5776 2955 5845 Εριριι.,
2994 5776 3020 5846 §
3054 5779 3073 5827 1
3105 5774 3390 5846 ;Tcrtull.,
3427 5775 3498 5828 De
3537 5789 3774 5843 praesen,
3813 5789 3861 5826 c.
3899 5776 4010 5840 47;

2421 5849 2658 5911 ⁸³1Γειι..
2695 5867 2745 5902 ιι.
2780 5844 2828 5913 -1,
2852 5850 2920 5910 '2;
2954 5844 3166 5914 hptplt.,
3200 5844 3304 5914 δε.
