4196 6330
202 427 284 481 475
807 421 1262 478 DISSERTATIO
1299 419 1361 482 il,
1404 420 1560 474 ΛΒΤ.
1601 418 1640 478 ι,
1683 418 1771 471 DE
1804 416 1864 472 S.
1901 413 2159 469 lREN.£l
2193 412 2355 468 VITA
2390 412 2476 467 ET
2512 407 2776 467 GESTIS.
3313 407 3412 460 17L

199 550 291 603 lere
319 554 500 602 conati
542 562 757 612 sumus,
789 546 936 615 ipsas
977 545 1042 599 ad
1092 545 1357 611 genuinos
1387 539 1592 608 fontes,
1619 540 1742 593 Pla-
1774 555 1820 610 Α
1849 539 2081 608 pessime
2109 537 2361 589 vestitum
2391 534 2543 589 nobis
2573 540 2818 593 constat;
2847 529 2982 583 forte
3007 537 3060 582 et
3095 527 3235 591 aliis,
3263 529 3309 583 si
3334 529 3402 583 ad

201 641 356 694 tonica
410 639 669 692 nimirum
722 637 1194 708 philosophemata
1246 634 1571 690 revocando.
1622 632 1743 686 Ple-
1851 632 2118 684 hactenus
2170 630 2309 682 dicta
2361 628 2643 680 attendere
2690 623 2895 690 dignati
2932 621 3151 687 iuerint,
3185 637 3415 689 remque

201 747 375 801 rasque
419 731 812 787 Gnosticorum
856 729 1088 792 fabulas,
1131 743 1251 796 quae
1294 729 1560 788 hactenus
1593 726 1744 778 inex-
1849 722 2088 791 penitius
2118 721 2294 774 adhuc
2323 719 2673 787 investigare,
2700 715 2995 769 constabit.
3041 712 3225 783 Neqne
3266 714 3411 767 enim

201 823 454 878 tricabiles
509 824 639 877 visae
694 832 838 889 sunt,
875 839 1069 891 purum
1118 832 1414 891 putumqne
1469 817 1740 872 Platonis-
1850 814 2012 867 latius
2043 813 2176 866 utin
2201 826 2264 866 eo
2287 825 2475 878 campo
2503 807 2872 876 exspatiemur
2904 804 3414 873 sinuntprzescripti

204 930 323 965 nunn
355 929 500 976 esse,
529 913 725 968 laceris
756 928 819 968 ac
846 913 989 968 {cede
1031 913 1296 966 mutilatis
1329 911 1742 980 Scripturarum
1849 906 2004 960 nobis
2042 905 2283 967 limites;
2320 902 2704 964 voluissemus,
2740 899 2785 952 si
2826 898 3092 960 licuisset,
3122 895 3283 964 paulo
3316 895 3414 950 mi-

205 1008 510 1075 tegumentis
587 1005 1021 1074 Christianaeque
1073 1005 1349 1073 religionis
1400 1002 1746 1072 dogmatibus
1849 1015 1949 1052 nus
1976 996 2297 1067 exspatiari.

325 1172 3348 1203 _____________________________________________________.______.

917 1376 1317 1489 DISSE
1340 1375 1870 1488 R'I‘ATIO
1969 1373 2216 1485 SEC
2239 1371 2666 1486 UNDA.

269 1599 353 1662 De
376 1597 580 1664 sancti
612 1597 838 1661 lrenwi
875 1598 998 1660 vita
1028 1604 1090 1660 et
1125 1597 1319 1658 rebus
1351 1593 1582 1675 gestis;
1619 1593 1698 1654 de
1730 1594 1871 1672 ejus
1911 1591 2089 1654 libris
2121 1591 2413 1672 quinque
2443 1591 2751 1652 adversus
2783 1589 3062 1652 hmreses
3091 1592 3152 1648 et
3191 1584 3337 1647 aliis

1470 1697 1723 1778 scriptis
1750 1697 2123 1775 deperditis.

1171 2034 1842 2128 ARTICULUS
1915 2033 2402 2122 PRIMUS.

1005 2231 1284 2297 SANCTI
1347 2230 1640 2292 [BENE]
1687 2229 1878 2290 VITA
1933 2226 2035 2288 ET
2093 2227 2238 2288 RES
2281 2226 2579 2289 GESTAE.

264 2587 570 2664 [LXXVIL]
652 2589 786 2656 Quae
837 2587 1002 2644 fuerit
1073 2586 1262 2644 Irenaai
1332 2587 1527 2657 patria,
1602 2586 1746 2656 quod
1778 2585 2129 2652 Bproximos
2175 2585 2470 2655 juvenibus
2529 2581 2717 2647 faciat,
2773 2584 2981 2638 medios
3035 2583 3179 2637 inter
3233 2585 3333 2642 bos
3366 2599 3422 2643 et

213 2697 388 2751 genus,
416 2696 595 2753 quove
630 2693 776 2734 anno
805 2678 857 2732 in
904 2678 1080 2733 lucem
1109 2680 1311 2742 editus,
1360 2677 1552 2733 nullibi
1601 2677 1746 2747 apud
1850 2674 2106 2742 parvulos
2150 2692 2163 2727 :
2213 2674 2514 2744 juventutis
2571 2689 2700 2729 vero
2751 2676 3161 2747 senectutisque
3217 2677 3426 2735 limites

201 2785 420 2842 veteres,
465 2791 703 2846 quorum
733 2783 950 2831 exstant
984 2788 1172 2843 opera,
1222 2774 1480 2843 scriptum
1527 2772 1747 2844 legitur.
1851 2769 1924 2823 ita
1975 2767 2220 2831 deﬁniat,
2280 2776 2401 2821 uta
2441 2767 2740 2823 tricenario
2787 2767 3123 2836 iuventutem
3181 2769 3422 2835 inchoet,

200 2866 248 2922 ld
274 2881 447 2924 tamen
471 2879 683 2924 certum
709 2868 944 2934 videtur,
975 2865 1224 2922 Grecam
1258 2865 1535 2921 exstitisse
1561 2882 1575 2928 ;
1605 2867 1751 2936 quod
1853 2862 2220 2931 extendatque
2273 2859 2875 2930 ad-quadragenarium
2903 2876 2917 2925 ;
2946 2875 2973 2913 a
3009 2861 3429 2933 quadragesimo

201 2961 363 3032 ipsum
414 2975 617 3016 nomen
665 2959 825 3030 plane
868 2957 1118 3013 Graecum
1144 2998 1160 3024 ,
1211 2966 1266 3013 et
1316 2957 1435 3025 ejus
1478 2957 1754 3013 institutio
1854 2963 2033 3009 autem
2063 2964 2117 3009 et
2149 2952 2601 3024 quinquagesimo
2642 2967 2786 3006 anno
2819 2953 3095 3010 declinare
3151 2955 3296 3010 dicat
3333 2957 3429 3010 ho-

200 3049 400 3105 suadet.
448 3050 652 3104 Narrat
705 3048 852 3103 enim
906 3048 990 3101 vir
1026 3055 1251 3103 sanctus
1284 3047 1334 3101 in
1385 3047 1618 3115 epistola
1683 3049 1752 3102 ad

199 3141 488 3206 Florinum,
531 3142 687 3210 cujus
740 3142 1112 3212 fragmentum
1145 3141 1340 3195 recitat
1391 3139 1661 3195 Eusebius
1683 3141 1752 3204 ⁸³,

200 3251 252 3291 se
276 3253 490 3305 puerum
517 3238 718 3300 adhuc,
759 3238 887 3299 παῖς
928 3235 1003 3290 ὣν
1034 3235 1137 3301 ἔτι,
1170 3233 1278 3300 vel,
1311 3243 1370 3288 ul.
1422 3235 1666 3304 loquitur
1699 3235 1752 3288 in

200 3340 353 3393 opere
383 3328 648 3382 adversus
684 3325 1014 3392 Hzereses”,
1051 3327 1105 3380 in
1145 3327 1314 3395 prima
1349 3341 1450 3380 sua
1479 3336 1654 3391 aetate.
1696 3328 1754 3379 ὲν

200 3419 259 3487 τῇ
304 3417 493 3492 πρώτῃ
527 3418 684 3489 ἡμῶν
738 3417 946 3489 ἡλικίᾳ,
998 3415 1365 3486 Polycarpum
1409 3413 1523 3482 jam
1603 3415 1760 3470 valde

201 3521 396 3576 senem,
458 3509 601 3562 πάνυ
635 3509 923 3580 γηραλέον,
960 3507 1222 3570 audiisse,
1267 3513 1320 3561 et
1352 3506 1421 3560 ab
1471 3521 1536 3560 eo
1568 3506 1759 3575 primis

207 3600 530 3656 Christiana:
564 3600 855 3669 religionis
925 3599 1211 3670 praeceptis
1257 3597 1523 3653 imbutum
1566 3595 1758 3652 fuisse.

205 3693 333 3758 Quin
383 3692 714 3763 Polycarpus
768 3702 898 3746 tunc
948 3689 1218 3762 Smyrnae,
1276 3686 1430 3756 cujus
1469 3689 1761 3758 episcopus

203 3791 333 3851 erat,
369 3792 580 3854 ageret,
610 3782 847 3838 dubitari
884 3797 990 3836 non
1023 3791 1225 3851 potest,
1253 3781 1593 3850 innuereque
1616 3780 1760 3836 vide-

205 3882 287 3925 tur
326 3873 559 3928 lrenaaus
592 3872 714 3926 loco
748 3872 1000 3940 proxime
1044 3874 1236 3926 citato.
1293 3871 1374 3925 Ex
1407 3885 1516 3940 quo
1555 3869 1761 3925 inferre

205 3963 343 4025 licet,
377 3965 520 4018 hunc
563 3979 668 4017 non
701 3961 891 4032 procul
925 3966 992 4016 ab
1039 3975 1102 4016 ea
1134 3959 1287 4028 urbe,
1337 3975 1400 4016 ac
1435 3959 1666 4028 proinde
1698 3961 1757 4011 ὲν
1786 3941 1828 3999 C

202 4055 263 4122 τῇ
295 4053 442 4106 κάτω
484 4053 662 4123 Ἀσίᾳ,
688 4052 742 4104 in
773 4051 1026 4121 inferiore
1049 4051 1201 4112 Asia.
1240 4060 1301 4105 ut
1355 4050 1519 4104 habet
1563 4049 1617 4103 in
1646 4051 1761 4118 epi-

205 4142 333 4195 stola
366 4143 604 4205 landata,
628 4150 807 4195 ortum
835 4141 1129 4209 accepisse.
1154 4139 1338 4194 Fidem
1360 4140 1560 4208 quippe
1592 4153 1758 4208 supe—

205 4243 301 4299 rat,
341 4246 537 4290 tenerze
588 4235 766 4289 aetatis
795 4249 1022 4303 puerum
1050 4249 1080 4288 e
1104 4234 1415 4304 longinquis
1449 4233 1761 4302 regionibus

207 4327 328 4380 illuc
360 4329 582 4383 missum
622 4327 811 4382 fuisse.
847 4326 965 4380 Non
1013 4336 1194 4380 tamen
1233 4327 1369 4380 adeo
1397 4336 1594 4381 tenera:
1627 4334 1762 4378 aeta-

207 4417 270 4468 tis
296 4433 424 4485 puer
464 4417 565 4470 fuit
593 4416 849 4477 Irenteus.
879 4418 1010 4486 quin
1060 4416 1426 4488 Polycarpum
1483 4415 1761 4479 studiose.

205 4515 262 4583 ut
294 4507 404 4573 ipse
450 4506 669 4569 scribit,
700 4507 960 4571 audierit,
1017 4515 1070 4560 et
1109 4522 1170 4560 ea
1204 4522 1325 4576 qua:
1362 4507 1428 4562 ab
1464 4507 1558 4561 illo
1603 4505 1763 4562 doce-

206 4598 398 4650 bantur
421 4599 529 4654 alte
565 4599 616 4651 in
653 4600 817 4653 corde
851 4612 948 4652 suo
977 4599 1405 4669 consignaverit,
1440 4613 1765 4669 semperque

207 4689 442 4742 studiosa
497 4699 681 4744 mente
741 4689 1052 4744 revolverit.
1086 4691 1130 4723 ἰ
1172 4693 1358 4746 Annos
1402 4691 1594 4762 itaque
1644 4693 1764 4761 plus

207 4781 380 4834 minus
409 4781 695 4835 duodecim
722 4790 882 4836 natus
919 4789 1048 4836 tunc
1073 4781 1239 4835 fuerit
1271 4797 1495 4838 necesse
1525 4792 1647 4840 est:
1677 4785 1767 4838 vix

207 4875 348 4928 enim
375 4877 426 4930 in
456 4876 750 4938 duodenni,
778 4885 873 4930 aut
898 4876 1127 4931 decenni
1167 4877 1432 4932 minorem
1467 4893 1590 4934 mox
1615 4877 1765 4933 dicta

208 4965 483 5020 caderent.
518 4965 626 5021 Sed
654 4967 798 5020 absit
827 4975 883 5019 ut
907 4981 1027 5021 cum
1058 4965 1127 5021 cl.
1157 4966 1431 5022 Dodwello
1452 4969 1498 5002 ⁸³
1523 4969 1766 5032 credam,

208 5057 520 5111 vicesimum
556 5072 756 5111 annum
788 5064 917 5111 tunc
969 5073 1099 5112 eum
1140 5059 1461 5125 excessisse,
1498 5076 1561 5114 ac
1605 5062 1769 5116 trice-

208 5149 345 5202 simo
391 5149 693 5218 proximum
743 5147 936 5214 fuisse,
970 5164 1092 5202 cum
1135 5149 1493 5223 Polycarpum
1528 5153 1767 5208 audiret.

1855 3047 2054 3102 minem
2103 3047 2153 3100 in
2202 3046 2473 3101 seniorem
2519 3053 2755 3100 aetatem.
2790 3045 2981 3101 Palam
3031 3057 3114 3102 est
3146 3048 3291 3102 enim
3355 3049 3425 3104 ibi

1851 3139 2192 3205 juventutem
2229 3151 2325 3207 pro
2359 3136 2499 3191 virili
2553 3145 2716 3192 aetate
2769 3138 2967 3204 accipi,
3022 3146 3209 3206 utpote
3263 3157 3425 3210 quam

1857 3230 2107 3299 proxime
2138 3237 2392 3282 senectus
2425 3227 2684 3294 excipiat.
2713 3225 2868 3292 Quod
2898 3242 3027 3282 vero
3053 3244 3249 3297 pueros
3277 3230 3431 3300 juve-

1860 3320 2044 3384 nibus,
2082 3319 2303 3373 omissis
2339 3316 2796 3380 adolescentibus,
2853 3317 3167 3373 immediate
3217 3335 3432 3392 prtepo-

1859 3422 1973 3475 nat,
2008 3411 2142 3466 nihil
2177 3418 2281 3466 est.
2325 3407 2530 3464 Irenaeo
2564 3409 2778 3463 animus
2827 3424 2933 3463 non
2986 3409 3087 3464 fuit
3136 3411 3207 3466 ibi
3239 3427 3432 3470 omnes

1860 3501 2143 3555 hominum
2205 3508 2399 3554 aetates
2446 3497 2724 3568 sigillatim
2774 3513 3087 3565 recensere,
3133 3512 3187 3556 et
3238 3516 3432 3558 exacte

1861 3592 2129 3648 delinire:
2171 3594 2404 3661 probare
2453 3592 2588 3645 satis
2633 3606 2732 3660 pro
2774 3591 3030 3646 instituto
3073 3594 3196 3661 fuit,
3270 3595 3433 3651 Chri-

1863 3694 2004 3738 stum
2023 3685 2372 3738 sanctitatem
2395 3682 2648 3737 omnibus
2666 3682 2939 3748 aetatibus,
2970 3683 3213 3753 singulas
3236 3685 3432 3742 decur-

1864 3778 2052 3844 rendo,
2093 3770 2409 3839 contulisse,
2473 3783 2534 3828 ut
2575 3775 2699 3829 inde
2743 3775 3042 3831 conficeret
3077 3777 3193 3848 (qui
3235 3793 3435 3848 sc0pus

1865 3867 1987 3939 fuit)
2035 3878 2091 3924 et
2129 3868 2198 3922 ad
2233 3867 2459 3922 senilem
2493 3875 2708 3921 aetatem
2749 3868 3091 3936 pervenisse,
3113 3884 3178 3929 ac
3208 3872 3436 3938 proinde

1863 3960 2333 4031 quadragesimum
2359 3973 2559 4013 annum
2588 3959 2915 4014 excessisse.
2939 3957 3077 4015 Hinc
3112 3965 3433 4019 memoratis

1863 4051 2187 4117 infantibus,
2239 4049 2500 4121 parvulis,
2535 4049 2747 4117 pueris,
2789 4050 3087 4116 juvenibus
3137 4062 3193 4106 et
3250 4055 3437 4108 senio-

1864 4147 2036 4212 ribus,
2074 4143 2257 4200 subdit
2291 4161 2306 4197 :
2332 4141 2460 4196 Ideo
2486 4159 2579 4209 per
2601 4158 2801 4195 omnem
2827 4144 2966 4196 venit
2991 4152 3223 4209 wtatem,
3254 4156 3302 4199 et
3348 4148 3433 4203 inc

1864 4237 2094 4308 {antibus
2120 4236 2297 4305 infans
2326 4235 2520 4304 factus,
2551 4237 2885 4302 sanctiﬁcans
2919 4235 3150 4303 infantes
3175 4252 3197 4302 ;
3227 4239 3281 4291 in
3305 4256 3429 4308 par.

1864 4329 1998 4384 aulis
2033 4327 2303 4398 parvulus,
2329 4325 2661 4394 sanctiﬁcans
2684 4325 2819 4378 hanc
2845 4326 3012 4392 ipsam
3040 4327 3285 4381 habentes
3307 4339 3437 4384 cela-

1867 4433 2059 4477 tem....
2112 4421 2166 4474 in
2207 4420 2487 4490 juvenibus
2522 4419 2752 4486 juvenis,
2801 4417 3101 4482 exemplum
3152 4421 3442 4488 juvenibus

1865 4514 2016 4582 (iens,
2045 4521 2096 4567 et
2127 4511 2463 4579 sancti/icon:
2497 4509 2745 4564 Domino.
2779 4505 2868 4563 Sic
2897 4519 2944 4561 et
2978 4511 3152 4564 senior
3179 4512 3234 4564 in
3266 4513 3435 4566 senio.

1871 4606 2048 4668 ribus,
2084 4614 2191 4661 etc.
2243 4601 2344 4658 Ubi
2402 4616 2599 4670 pueros
2650 4609 2779 4655 ante
2832 4609 3159 4657 memoratos
3210 4604 3435 4669 omittit,

1868 4698 2013 4768 quod
2069 4713 2100 4752 a
2151 4695 2392 4767 parvulis
2425 4694 2848 4764 haudquaquam
2892 4694 3329 4764 distinguantur.
3365 4697 3439 4752 At

1871 4791 2124 4857 quamvis
2158 4802 2358 4855 pueros
2387 4787 2476 4843 hic
2507 4801 2607 4855 pro
2651 4784 3086 4842 adolescentibus
3133 4788 3437 4858 accepisset

1867 4878 2129 4945 Irenreus,
2162 4878 2305 4949 quod
2335 4875 2596 4948 paradoxi
2621 4890 2794 4945 genus
2826 4876 2965 4932 nulli
3010 4876 3192 4931 sobrio
3213 4892 3440 4946 persua-

1871 4973 2019 5030 debit
2052 4987 2288 5042 unquam
2319 4971 2650 5037 Dodwellus,
2684 4979 2834 5026 certe
2871 4970 2998 5028 hinc
3030 4970 3282 5025 concludi
3327 4987 3434 5026 non

1869 5072 2074 5133 posset,
2110 5078 2231 5118 eum
2275 5062 2538 5119 vicesimo
2583 5062 2850 5133 majorem
2883 5063 3077 5126 fuisse,
3104 5077 3227 5117 cum
3271 5062 3436 5133 Poly—

1872 5170 2096 5226 carpum
2142 5155 2359 5210 audiret
2411 5169 2638 5224 :neque
2671 5157 2816 5208 enim
2846 5169 3072 5222 puerum
3121 5163 3331 5209 tantum
3379 5171 3439 5209 se

209 5235 452 5294 Monstro
488 5253 715 5307 prorsus
748 5236 949 5304 simile,
982 5253 1202 5307 puerum
1238 5247 1288 5292 et
1318 5238 1376 5293 in
1411 5239 1582 5310 prima
1613 5251 1766 5295 (etate
1800 5276 1844 5330 Ι)
1877 5255 2004 5301 tunc
2057 5245 2333 5300 exstitisse
2380 5244 2539 5313 dicit,
2579 5246 2675 5302 sed
2724 5246 2780 5298 in
2824 5245 2994 5312 prima
3043 5254 3220 5309 a’tate,
3272 5245 3333 5298 ἰν
3369 5248 3434 5315 τῇ

207 5345 328 5384 eum
358 5332 480 5398 dici,
515 5331 606 5401 qui
641 5330 959 5385 vicesimum
985 5332 1233 5399 quintum
1265 5347 1468 5386 annum
1493 5333 1764 5403 attigerit.

207 5420 316 5477 Nec
353 5421 686 5477 Dodwellum
732 5421 905 5488 juvat,
942 5424 1083 5492 quod
1131 5419 1368 5477 Irenaeus
1403 5423 1448 5455 ³³
1483 5423 1764 5478 hominum

207 5523 394 5569 :etates
418 5530 776 5579 enumerans,
810 5512 1122 5577 infantium,
1168 5514 1539 5582 parvulorum,
1567 5530 1766 5584 puero-

209 5623 352 5673 rum,
377 5607 642 5674 juvenum
685 5617 738 5661 et
773 5607 1050 5662 seniorum
1086 5609 1422 5672 meminerit,
1458 5622 1766 5678 puerosque

1872 5335 2065 5411 πρώτῃ
2090 5335 2248 5408 ἡμῶν
2275 5335 2482 5408 ἡλικίᾳ.
2543 5337 2682 5404 Quis
2711 5353 2842 5391 vero
2872 5336 3012 5391 ferat
3054 5338 3280 5406 primam
3306 5343 3451 5391 ειν

1870 5439 1978 5483 tem
2006 5444 2177 5500 usque
2209 5431 2274 5483 ad
2305 5445 2505 5484 annum
2554 5429 2873 5484 vicesimum
2902 5428 3151 5498 quintum
3178 5427 3439 5483 extendi?

1870 5520 1928 5574 Si
1965 5530 2167 5575 tantum
2193 5526 2353 5576 etate
2377 5521 2734 5588 processisset
2759 5521 3016 5584 lrenaeus,
3041 5535 3148 5573 non
3181 5529 3264 5574 est
3290 5522 3436 5588 quod

1870 5612 2241 5666 commentitia
2285 5611 2563 5667 Dodwello
2615 5612 2909 5666 videantur
2958 5613 3141 5666 omnia
3199 5629 3318 5681 quae
3373 5618 3438 5666 de.

269 5789 316 5820 "'
345 5788 463 5844 Lib.
497 5803 632 5863 vae.
659 5785 752 5863 20.
817 5789 860 5820 °°
891 5787 952 5842 L.
988 5805 1071 5854 tn,
1102 5805 1147 5844 c.
1181 5790 1232 5856 5,
1264 5806 1317 5844 n.
1351 5791 1400 5846 4.
1480 5791 1520 5822 ⁸⁸
1560 5789 1613 5845 lu
1645 5791 1804 5858 epist.
1839 5793 1901 5846 ad
1939 5792 2128 5847 Flor."
2160 5794 2204 5826 ⁹¹
2239 5793 2381 5849 Diss.
2411 5793 2467 5863 3,
2498 5795 2549 5847 in
2582 5792 2744 5855 lren.,
2769 5791 2799 5863 ᾖ
2828 5787 2862 5842 6
2889 5799 2944 5846 et
2970 5803 3122 5857 seqq.
3198 5789 3243 5820 “
3274 5790 3435 5850 lren.,

208 5858 296 5912 lib.
334 5876 391 5922 tt,
424 5877 472 5914 c.
499 5859 595 5924 22,
626 5874 681 5911 η.
711 5859 766 5911 4.
