4196 6330
797 391 902 447 175

1601 381 2193 441 DlSSERTATlONES
2224 382 2529 439 PRIEVUE
2563 382 2628 438 IN
2663 383 2918 440 lRENAEl
2949 383 3214 442 LIBROS.

3917 389 4015 445 176

791 511 977 569 lremei
1012 511 1417 582 presbyteratu,
1452 485 1767 573 diaeonatu,
1814 505 2045 575 aliisque
2092 504 2354 561 Ecclesiae
2382 509 2426 566 Α
2456 520 2642 575 agens,
2670 504 2882 571 scribit,
2918 523 3019 559 non
3045 515 3164 560 ante
3181 505 3400 560 "cultum
3427 506 3671 574 temporis
3699 508 3860 561 visam
3885 523 4011 573 me,

789 604 1041 660 nﬂlciisa
1084 602 1387 672 Polycarpo
1440 598 1702 668 acceptis,
1755 598 1975 653 tradidit
2028 598 2350 654 Halloixlus.

792 698 1123 760 Puerumue,
1169 692 1345 762 inquit
1385 690 1496 758 ille,
1551 689 1907 763 Polycarpus,
1957 696 2012 744 et
2064 689 2117 743 in
2174 689 2351 758 prima

790 795 951 843 atate
977 785 1360 850 constitutum,
1393 781 1457 836 ad
1484 781 1918 852 presbyteratum
1971 793 2141 848 usque
2174 778 2352 832 fuerat

788 877 1104 933 evecturus?
1126 876 1241 931 Non
1273 883 1443 931 certe.
1471 873 1578 928 Sed
1618 873 1662 927 si
1692 887 1822 939 puer
1855 872 1946 927 ille
2001 885 2205 924 annum
2236 885 2346 923 xxv

787 972 962 1026 aetatis
1000 969 1287 1040 attigisset,
1323 970 1391 1023 ad
1424 968 1772 1023 diaconatum
1801 963 1991 1018 saltem
2039 961 2199 1018 evehi
2249 977 2348 1033 po-

790 1063 1002 1117 tuisset.

855 1139 909 1204 2.
951 1145 1177 1202 Constat
1217 1145 1402 1216 itaque
1461 1143 1723 1200 lreuaum
1774 1155 1884 1200 tum
1932 1157 2052 1197 cum
2090 1140 2348 1212 Polycar-

787 1254 910 1307 pum
942 1237 1173 1299 audiret.
1211 1237 1482 1292 duodenni
1510 1238 1767 1307 majorem
1790 1251 1912 1292 esse
1935 1251 2042 1290 non
2071 1234 2342 1304 potuisse.

785 1332 916 1384 Cum
966 1345 1100 1385 vero
1149 1330 1475 1401 Polycarpus
1515 1329 1628 1399 jam
1673 1339 1800 1385 tunc
1856 1331 1995 1384 πάνυ
2047 1329 2340 1402 γηραλέος,

787 1422 938 1478 valde
971 1438 1130 1478 senex
1158 1433 1338 1489 esset,
1383 1439 1448 1478 ac
1492 1424 1718 1492 proinde
1773 1424 2037 1494 martyrio
2091 1422 2338 1494 propior,

785 1514 990 1571 diutius
1024 1516 1124 1570 sub
1167 1515 1304 1568 tanti
1353 1513 1596 1585 magistri
1650 1513 1932 1584 disciplina
1968 1512 2172 1568 versari
2223 1526 2336 1566 non

783 1608 1005 1676 potuit:
1053 1607 1102 1661 is
1149 1607 1349 1676 quippe
1400 1605 1637 1676 gloriosa
1689 1613 1863 1661 morte
1913 1605 2077 1660 vitam
2129 1604 2340 1659 flniisse

784 1701 1025 1756 creditur
1075 1715 1220 1756 anno
1273 1700 1477 1754 Christi
1535 1699 1658 1755 166.
1694 1699 1809 1754 Non
1859 1698 2050 1770 procul
2104 1699 2271 1769 igitur
2307 1713 2336 1753 a

783 1806 914 1848 vero
942 1792 1408 1854 aberraverimus,
1457 1791 1499 1846 si
1550 1801 1734 1845 natum
1787 1791 2048 1845 lrenmum
2090 1791 2336 1846 dicamus

782 1899 925 1937 anno
949 1882 1168 1938 circiter
1195 1883 1319 1947 MO,
1348 1883 1450 1938 sub
1471 1882 1733 1936 Antonini
1765 1881 1846 1935 Pii
1894 1881 2107 1951 imperii
2158 1882 2333 1938 initia.

778 1976 918 2030 Tom
939 1975 1190 2029 vicenuio
1223 1976 1383 2030 citius
1413 1983 1599 2029 natum
1640 1972 1830 2027 volunt
1866 1972 1981 2038 alii,
2010 1988 2073 2028 ac
2119 1972 2174 2027 in
2218 1973 2336 2042 pri-

781 2068 886 2121 mis
905 2066 1254 2120 doctissimus
1279 2063 1660 2118 Tillemoutius
1680 2063 1727 2095 ’⁸
1760 2081 1773 2116 :
1807 2062 1898 2117 sed
1924 2076 2121 2117 vereor
2152 2070 2213 2116 ut
2236 2061 2338 2116 Po-

778 2158 1029 2230 lycarpus
1055 2172 1196 2211 anno
1237 2156 1458 2212 circiter
1505 2154 1632 2220 132,
1689 2170 1797 2224 quo
1843 2153 2106 2210 Irenaeum
2141 2155 2338 2211 docere

780 2250 1071 2315 debuisset,
1102 2248 1260 2302 valde
1283 2262 1450 2302 senex
1486 2247 1591 2302 dici
1616 2247 1875 2316 potuerit;
1903 2263 2062 2317 quem
2098 2262 2205 2302 non
2233 2246 2338 2302 nisi

781 2351 903 2410 post
933 2349 1165 2409 quatuor
1194 2349 1246 2394 et
1285 2341 1508 2409 triginta
1536 2339 1736 2393 abhinc
1762 2354 1934 2393 annos
1966 2337 2166 2392 obiisse
2202 2336 2339 2394 fate-

782 2442 869 2485 tur
901 2433 1013 2501 ipse
1047 2433 1130 2486 vir
1179 2430 1535 2486 clarissimus.
1592 2428 1746 2496 Quod
1795 2444 1824 2482 a
1878 2427 2092 2482 fortiori
2140 2437 2332 2481 contra

778 2523 1109 2579 Dodwellum
1133 2525 1177 2556 ’⁸
1225 2522 1445 2588 militat,
1482 2521 1574 2592 qui
1607 2531 1786 2576 ortum
1828 2518 2016 2574 lrenmi
2071 2519 2172 2574 sub
2205 2518 2338 2574 Tra-

772 2618 902 2685 jano
925 2615 1299 2670 collocandum
1325 2624 1532 2682 censet,
1561 2623 1614 2670 et
1638 2615 1854 2682 quidem
1883 2612 2031 2666 illum
2063 2627 2091 2666 a
2115 2602 2338 2680 Trajani

779 2707 933 2763 initio
958 2707 1194 2762 fortasse
1229 2707 1604 2776 repetendum.
1638 2705 1790 2772 Quod
1821 2705 1864 2760 si
1890 2719 2076 2759 verum
2111 2704 2202 2769 sit,
2236 2701 2339 2757 Po-

775 2802 1055 2870 lycarpum
1086 2797 1323 2852 audierit
1368 2795 1608 2851 lrenaeus
1656 2810 1798 2849 anno
1819 2795 1935 2864 plus
1981 2795 2160 2849 minus
2211 2792 2333 2858 125,

773 2893 914 2962 quod
961 2890 1104 2944 ultro
1145 2888 1349 2943 fatetur
1384 2888 1467 2942 vir
1512 2888 1584 2942 cl.
1632 2885 1736 2941 Sed
1786 2885 1948 2952 futili,
2003 2886 2146 2941 inter
2199 2884 2334 2939 alias

773 2985 1053 3057 plurimas,
1091 2983 1283 3038 nititur
1315 2981 1631 3052 conjectura
1661 2996 1678 3038 :
1711 2980 1855 3049 quod
1881 2995 2074 3049 nempe
2095 2978 2336 3034 lrenazus

775 3078 839 3132 ad
868 3077 1142 3132 Florinum
1178 3076 1443 3139 scribens,
1477 3072 1684 3127 vidisse
1716 3085 1774 3126 se
1819 3087 1941 3125 eum
1969 3079 2246 3125 asseveret
2281 3069 2332 3124 iu

772 3174 1032 3230 inferiore
1054 3174 1180 3227 Asia
1213 3170 1353 3242 apud
1392 3169 1768 3240 Polycarpum,
1801 3180 1926 3220 cum
1958 3165 2010 3218 in
2047 3166 2335 3234 imperato-
2359 3179 2405 3241 ο

774 3269 852 3321 ria
879 3268 999 3320 aula
1036 3265 1318 3335 splendide
1364 3270 1568 3332 ageret,
1616 3257 1881 3329 λαμπρῶς
1925 3255 2234 3327 πράττοντα
2267 3255 2325 3308 ὲν

769 3365 833 3433 τῇ
867 3361 1119 3434 βασιλικῇ
1153 3358 1309 3428 αὐλῇ.
1351 3356 1428 3409 Ex
1493 3369 1601 3422 quo
1648 3365 1989 3419 consequens
2055 3347 2329 3405 Dodwello

770 3456 1005 3518 videtur,
1036 3449 1274 3505 adfuisse
1307 3449 1496 3503 eodem
1529 3455 1792 3514 tempore,
1828 3455 1934 3512 quo
1968 3440 2329 3511 Polycarpum

771 3549 978 3601 audivit
1007 3544 1241 3600 lremeus
1285 3555 1440 3610 puer,
1495 3539 1547 3592 in
1582 3532 2120 3604 Asia-proconsulari
2168 3531 2331 3598 impc-

771 3651 1030 3700 ratorem,
1079 3637 1133 3691 in
1184 3633 1343 3704 cujus
1384 3632 1505 3685 aula
1539 3618 1785 3683 versatus
1838 3625 2002 3681 fuerit
2035 3625 2322 3687 Florinus;

767 3747 872 3784 non
903 3731 1068 3784 alium
1097 3737 1246 3782 certe
1279 3741 1440 3795 quam
1467 3725 1790 3787 Adrianum,
1821 3721 1913 3792 qui
1950 3720 2094 3774 circa
2125 3732 2325 3771 annutn

769 3825 870 3877 1‘22
924 3824 974 3880 in
1012 3822 1193 3875 Asiam
1250 3819 1530 3889 profectus
1574 3826 1675 3873 est.
1727 3815 1832 3870 Sed
1889 3812 1983 3883 qui
2032 3826 2101 3864 ex
2137 3808 2324 3864 Irentei

770 3917 950 3969 verbis
979 3914 1092 3968 erui
1128 3913 1324 3982 possit,
1359 3911 1743 3979 imperatorem
1779 3916 1908 3960 tunc
1943 3904 1994 3957 in
2025 3902 2153 3956 Asia
2187 3917 2330 3955 com-

767 4021 1032 4063 moratum
1083 4004 1268 4068 fuisse,
1321 4003 1468 4057 solus
1523 4001 1717 4056 viderit
1773 3995 2136 4063 Dodwellus;
2190 3993 2329 4050 alter

766 4101 942 4171 quivis
995 4099 1120 4152 hinc
1173 4105 1380 4150 tantum
1435 4093 1702 4155 intulerit,
1765 4091 2042 4146 Florinum
2094 4086 2326 4140 aulicum

766 4191 1072 4262 quempiam
1122 4189 1311 4252 fuisse,
1365 4189 1456 4257 qui
1499 4199 1704 4238 summa
1757 4181 1894 4250 apud
1943 4180 2325 4248 imperatorem

765 4289 937 4358 gratia
972 4285 1228 4346 valuerit,
1268 4296 1365 4336 nec
1418 4279 1711 4348 quidquam
1766 4273 2016 4344 amplius.
2061 4271 2200 4326 Sunt
2233 4271 2324 4338 qui

766 4383 1028 4436 Irenaeum
1077 4375 1304 4432 Joannis
1358 4371 1582 4441 apostoli
1634 4366 1958 4438 discipulum
2015 4363 2238 4423 faciant,
2271 4370 2326 4413 ut

768 4471 1060 4525 Paradinus
1083 4469 1152 4532 9°,
1189 4477 1240 4521 et
1271 4463 1548 4520 Severtius
1570 4462 1635 4528 ⁸⁷,
1665 4473 1768 4513 una
1804 4454 2114 4524 diplomatis
2145 4451 2327 4520 cujus-

2455 596 2544 649 sed
2571 611 2698 662 pene
2745 599 2839 650 sub
2870 613 2968 651 suo
3001 598 3216 662 sarculo,
3261 597 3445 669 σχεδὸν
3483 599 3574 653 ἐπὶ
3616 600 3714 671 τῆς
3747 602 4016 673 ἡμετέρας

2453 689 2663 755 γενεᾶς,
2702 690 2770 742 ad
2799 690 2954 758 ﬁnem
2989 689 3275 744 Domitiani
3317 693 3542 758 imperii.
3574 690 3779 756 Quibus
3831 695 4014 747 verbis

2453 796 2559 835 non
2593 781 2751 852 longe
2774 783 2991 852 quidem
3017 797 3044 834 a
3068 781 3290 838 Joannis
3316 786 3652 852 temporibus
3697 789 3902 844 vixisse
3953 800 4014 844 so

2453 873 2714 941 agnoscit,
2751 875 2799 928 ei
2826 891 2954 930 vero
2981 890 3223 930 coaevum
3261 878 3538 933 exstitisse
3566 893 3626 934 se
3658 889 3837 948 negat.

2521 963 2574 1017 3.
2645 965 2750 1020 Sed
2791 968 2891 1021 etsi
2945 967 3206 1022 Joannem
3255 970 3430 1037 ipsum
3482 986 3587 1025 non
3641 972 3881 1026 audierit
3925 970 4011 1026 vir

2449 1067 2691 1124 sanctus,
2726 1058 2953 1116 Joannis
2987 1070 3166 1117 tamen
3210 1063 3470 1118 lectiones
3503 1065 3785 1133 excepisse
3823 1065 4007 1120 dicen.

2450 1152 2551 1207 dus
2583 1159 2688 1217 est,
2718 1152 2811 1221 qui
2840 1168 2870 1206 a
2910 1153 3189 1224 discipulis
3221 1155 3339 1225 ejus
3371 1155 3678 1222 institutus,
3715 1165 3921 1211 tantum
3952 1158 4010 1212 in

2448 1259 2634 1299 eorum
2663 1245 2845 1300 schola
2897 1248 3151 1316 profecit,
3184 1258 3240 1304 ut
3287 1252 3430 1304 inter
3460 1249 3790 1319 apostolicos
3835 1249 4007 1316 viros,

2445 1338 2755 1406 apostolica:
2791 1339 3054 1395 doctrinae
3104 1351 3289 1406 testes,
3330 1343 3642 1413 primosque
3687 1342 3928 1408 canales,
3973 1356 4006 1397 a

2444 1428 2722 1482 veteribus
2755 1428 3011 1484 onmibus
3041 1433 3233 1484 merito
3269 1442 3645 1488 recenseatur.
3695 1431 3828 1487 Cum
3859 1433 4005 1486 enim

2444 1535 2537 1589 per
2571 1518 2860 1591 Polycarpi
2909 1532 3136 1576 morIem
3170 1524 3498 1577 sanctissimi
3555 1525 3703 1580 senis
3757 1525 4003 1582 scholam

2442 1611 2530 1664 diu
2597 1610 2939 1681 frequentare
2988 1627 3094 1667 non
3154 1611 3420 1681 licuisset,
3481 1613 3704 1684 Papiam
3769 1617 4004 1673 alterum

2439 1697 2660 1757 Joannis
2713 1702 3033 1772 discipulum
3093 1705 3248 1772 adiit,
3307 1706 3535 1775 ejusque
3589 1707 3887 1777 disciplina:
3942 1724 4005 1765 se

2441 1791 2681 1855 tradidit,
2719 1802 2778 1846 ut
2835 1801 3032 1846 auctor
3092 1801 3176 1846 est
3228 1793 3684 1865 Hieronymus”.
3747 1795 4008 1860 Seniores

2441 1880 2595 1945 alios,
2639 1881 3027 1950 apostolorum,
3065 1883 3595 1953 apostolicorunrque
3643 1886 3881 1940 virorum
3915 1888 4004 1943 di-

2437 1973 2690 2042 scipulos,
2721 1983 2776 2029 et
2805 1976 2944 2030 inter
2964 1990 3060 2030 eos
3103 1977 3364 2030 eximium
3416 1975 3728 2044 quemdam,
3757 1977 4005 2032 audiisse

2437 2079 2495 2118 se
2527 2079 2631 2118 non
2666 2065 2832 2119 semel
2885 2065 3118 2120 afﬁrmat
3164 2067 3217 2120 in
3256 2067 3410 2120 libris
3449 2067 3709 2122 adversus
3739 2068 4000 2124 hareses.

2447 2155 2582 2231 Quis
2617 2156 2688 2210 sit
2720 2167 2896 2211 autem
2957 2157 3047 2212 ille
3096 2159 3280 2213 senior
3330 2167 3436 2212 tam
3477 2158 3792 2225 frequenter
3839 2160 3908 2214 ab
3936 2175 4006 2216 eo

2438 2242 2703 2311 laudatus,
2733 2261 2798 2301 an
2836 2248 2948 2317 ipse
2969 2246 3182 2317 Papias,
3212 2263 3275 2302 an
3301 2248 3464 2308 alter,
3499 2250 3764 2304 hactenus
3790 2250 4005 2305 incom-

2437 2347 2671 2407 pertum.
2719 2338 2763 2392 A
2822 2329 3015 2394 talibus
3067 2341 3338 2409 tantisque
3385 2340 3521 2395 viris
3561 2342 3849 2397 sanetioris
3903 2344 4002 2396 do—

2438 2429 2625 2482 ctrina:
2656 2427 2974 2497 purissimos
3011 2427 3222 2497 latices,
3259 2428 3785 2499 profundioremque
3816 2447 4005 2485 sacra-

2439 2535 2555 2572 rum
2585 2518 2892 2572 litterarum
2948 2519 3385 2589 intelligentiam,
3433 2521 3594 2575 simul
3620 2533 3673 2578 et
3705 2523 3826 2576 vita:
3869 2538 4004 2577 san-

2437 2608 2773 2674 ctimoniam,
2811 2623 2875 2664 ac
2909 2608 3192 2664 incensum
3225 2611 3436 2666 tuendae
3472 2613 3617 2674 lidei,
3675 2627 3838 2682 quam
3892 2628 4002 2666 una

2437 2712 2558 2751 cum
2610 2699 2840 2753 nutricis
2865 2699 3003 2755 lacte
3038 2701 3250 2756 suxisse
3277 2701 3589 2756 verosimile
3623 2711 3726 2766 est,
3755 2702 3998 2756 studium

2439 2792 2627 2846 hausit
2664 2793 2998 2859 medullitus,
3033 2803 3194 2863 atque
3224 2793 3479 2863 deinceps
3527 2794 3582 2848 in
3622 2795 3844 2862 scriptis
3884 2796 4003 2849 suis

2437 2883 2668 2938 ubertim
2699 2882 2906 2938 elIudit.
2943 2883 3054 2939 Nec
3079 2885 3222 2939 enim
3253 2889 3433 2955 segnis
3461 2897 3514 2940 et
3541 2889 3749 2941 otiosus
3781 2888 4006 2943 auscul-

2437 2981 2599 3038 tator,
2654 2989 2774 3044 qua:
2819 2988 3122 3044 acceperat,
3160 2991 3191 3030 e
3236 2979 3496 3032 memoria
3555 2975 3695 3033 elabi
3747 2981 4000 3034 sinebat:

2435 3066 2566 3132 quin
2600 3067 2781 3133 potius
2813 3064 2880 3120 ab
2912 3066 3026 3134 ipsa
3059 3068 3312 3137 pueritia,
3349 3084 3472 3122 cum
3508 3070 3597 3123 vix
3635 3070 3756 3125 aliis
3787 3087 3880 3141 per
3918 3081 4005 3125 te-

2436 3170 2620 3210 neram
2649 3165 2859 3211 :ntalem
2897 3159 3056 3212 seriis
3086 3159 3368 3212 attendere
3405 3160 3553 3224 licet,
3587 3161 3819 3216 Irenams
3847 3178 4004 3231 qua:-

2432 3263 2644 3318 cunque
2668 3249 3135 3304 sanctissimorum
3167 3249 3401 3317 illorum,
3425 3253 3828 3323 primorumque
3844 3254 4002 3309 Chri-

2431 3341 2622 3396 stianae
2681 3341 2958 3412 religionis
2990 3344 3372 3412 magistrorum
3419 3361 3512 3401 ore
3584 3350 4002 3416 promebantur,

2430 3447 2529 3488 ceu
2578 3433 2843 3502 pretiosas
2876 3433 3156 3504 Evangelii
3193 3437 3522 3505 margaritas
3559 3438 3800 3492 studiose
3841 3439 3997 3493 colli-

2429 3538 2581 3593 gens,
2613 3522 2843 3592 sibique,
2871 3525 3066 3592 spretis
3095 3525 3347 3580 omnibus
3378 3527 3521 3591 aliis,
3549 3541 3894 3594 comparans,
3929 3528 3990 3582 in

2430 3615 2623 3669 intimo
2649 3615 2829 3668 cordis
2850 3615 2973 3668 sinu
3007 3616 3355 3682 recondebat,
3399 3632 3497 3671 suo
3544 3625 3781 3685 tempore
3813 3617 3999 3686 profe-

2429 3709 2614 3762 renda.
2664 3707 2740 3761 lta
2790 3723 2848 3762 se
2897 3708 3150 3764 affectum
3192 3708 3378 3774 fuisse,
3406 3726 3526 3765 cum
3561 3711 3659 3765 sub
3705 3711 4001 3782 Polycarpi

2429 3798 2711 3868 disciplina
2741 3798 2983 3870 degeret,
3017 3816 3113 3869 pro
3136 3801 3258 3871 jure
3297 3817 3396 3856 suo
3421 3803 3703 3871 gloriatur,
3739 3802 3999 3858 Florino—

2428 3908 2550 3964 que,
2575 3909 2674 3947 suo
2708 3897 2984 3963 quondam
3019 3897 3118 3949 sub
3162 3905 3311 3946 tanto
3342 3904 3678 3963 praeceptore
3715 3895 3999 3949 condisci-

2427 3985 2573 4055 pulo,
2605 3986 2698 4040 sed
2733 3987 2926 4040 deinde
2963 3987 3158 4041 misere
3204 3987 3256 4039 in
3318 3985 3567 4038 haeresim
3614 3985 3891 4054 prolapso,
3923 3987 3997 4040 oh

2426 4071 2609 4126 oculos
2641 4072 2821 4141 ponit:
2853 4082 2908 4126 ut
2935 4073 3140 4127 colendi
3174 4071 3396 4142 utrique
3429 4075 3677 4143 magistri
3725 4077 3994 4130 memoria

2427 4163 2636 4216 devium
2659 4165 2724 4218 ad
2759 4165 3042 4233 pristinam
3093 4165 3252 4220 fidem
3299 4177 3601 4221 revocaret.
3641 4167 3818 4222 Verba
3873 4178 3994 4222 tum

2425 4255 2635 4320 Grzece,
2697 4264 2808 4309 tum
2862 4255 3052 4311 Latine
3099 4258 3163 4309 ad
3223 4257 3424 4310 calcem
3476 4261 3659 4327 operis
3705 4259 3997 4315 retulimus

2427 4348 2566 4402 inter
2618 4347 2939 4418 fragmenta.
2990 4349 3055 4402 Et
3087 4358 3145 4403 ut
3192 4349 3472 4420 Polycarpi
3508 4353 3805 4420 przesertim
3875 4369 3997 4406 me-

2427 4442 2595 4494 moria
2635 4443 2783 4496 cordi
2819 4443 2980 4496 altius
3026 4441 3191 4496 infixa
3223 4443 3472 4508 haereret,
3502 4446 3599 4499 sibi
3635 4446 3745 4514 ipse
3787 4447 3999 4500 exscri-

763 4566 884 4618 aam
919 4526 1240 4616 auctoritate
1293 4555 1438 4619 freti,
1491 4554 1575 4608 cui
1623 4526 2019 4617 subscripsisse
2073 4546 2325 4599 dicuntur
2355 4526 2397 4580 ι)
2428 4535 2600 4605 psisse
2631 4536 2874 4589 creditur
2908 4536 3161 4590 Ecclesia:
3202 4539 3547 4607 Smyrnensis
3595 4539 3898 4607 epistolam,
3937 4542 3992 4594 in

763 4656 1057 4725 Gregorius
1109 4666 1246 4722 papa
1284 4648 1347 4713 ν,
1386 4646 1652 4702 Henricus
1709 4657 1805 4695 rex
1868 4639 2214 4710 Burgundiac,
2268 4649 2323 4691 et

763 4752 917 4818 llugo
952 4741 1330 4814 Lugdunensis
1373 4736 1838 4806 archiepisc0pus.
1890 4727 1997 4784 Sed
2057 4728 2320 4798 quidquid

761 4843 833 4896 sit
887 4840 952 4894 de
1008 4834 1325 4904 diplomate,
1388 4835 1692 4898 repugnant
1725 4834 1934 4879 veteres
1963 4835 2170 4883 omnes,
2224 4819 2321 4888 qui

763 4936 1024 4988 lrenarum
1057 4923 1361 4997 Polycarpi,
1396 4914 1700 4994 [LXXVIII]
1751 4930 1857 4970 non
1898 4911 2122 4968 Joannis
2159 4911 2319 4964 disci-

764 5026 943 5092 pulum
1007 5019 1173 5075 fuisse
1229 5023 1501 5077 asserunt;
1533 5018 1800 5080 repugnat
1849 5007 2082 5061 lrenreus
2115 5003 2226 5072 ipse
2252 5003 2318 5067 ⁸⁸,

761 5117 851 5185 qui
883 5113 1102 5184 quidem
1139 5125 1242 5164 non
1271 5105 1438 5162 semel
1469 5121 1495 5157 a
1529 5100 1863 5162 senioribus,
1906 5096 1997 5166 qui
2047 5093 2320 5164 apostolos

759 5224 1056 5278 eorumque
1088 5206 1382 5274 discipulos
1418 5201 1674 5255 viderunt
1703 5207 1758 5252 et
1809 5195 2119 5256 audierunt,
2167 5191 2319 5260 plura

751 5306 1017 5359 Qlidicisse
1071 5317 1128 5356 se
1183 5299 1467 5370 gloriatur,
1527 5303 1584 5349 at
1642 5303 1908 5360 nusquam
1960 5287 2026 5339 ab
2059 5281 2320 5354 apostolis

760 5399 890 5465 ipsis
917 5415 930 5462 ;
969 5394 1110 5464 quod
1142 5405 1436 5460 nunquam,
1473 5389 1515 5444 si
1546 5384 1750 5438 factum
1780 5379 1992 5442 fuisset,
2023 5378 2314 5436 omisisset,

760 5505 865 5541 non
904 5489 1019 5541 leve
1059 5480 1389 5552 argumentis
1422 5487 1610 5532 contra
1646 5471 1929 5527 hmreticos
1968 5467 2144 5520 allatis
2179 5481 2316 5534 pon-

759 5579 858 5632 dus
911 5579 1036 5632 hinc
1097 5574 1396 5628 additurus.
1456 5568 1522 5621 Et
1581 5567 1645 5620 de
1696 5563 1922 5617 Joannis
1982 5555 2314 5629 Apocalypsi

848 5781 891 5810 ’δ
915 5779 974 5834 'f.
1012 5777 1050 5830 ll
1084 5775 1218 5830 Hist.
1243 5774 1463 5834 eccles..
1491 5782 1540 5839 p.
1572 5770 1657 5823 79.

1735 5766 1779 5798 "
1820 5766 1960 5819 Diss.
1997 5780 2054 5817 ιιι
2111 5764 2160 5817 in
2195 5762 2359 5823 lren.,
2397 5759 2423 5830 ᾗ

2425 4643 2530 4697 qua
2591 4629 2840 4698 martyrii
2898 4628 3014 4697 ejus
3075 4630 3301 4682 historia
3363 4629 3623 4694 refertur;
3682 4639 3739 4682 ut
3790 4630 3996 4684 inferre

2423 4717 2550 4771 licet
2581 4731 2647 4770 ex
2670 4718 3020 4772 adnotatione
3051 4732 3212 4786 quam
3247 4719 3311 4772 ad
3339 4717 3541 4774 calcem
3567 4719 3710 4774 illius
3741 4721 3996 4788 epistola:

2427 4811 2630 4880 reperit
2656 4810 2708 4863 in
2741 4826 2870 4864 mss.
2904 4811 3178 4865 codicibus
3207 4809 3471 4865 Usserius.

2491 4905 2543 4957 4.
2575 4903 2688 4956 Non
2738 4903 2872 4957 adeo
2917 4913 3096 4958 tamen
3142 4905 3210 4957 ad
3261 4919 3448 4958 sacras
3504 4903 3714 4956 litteras
3743 4902 3994 4958 animum

2425 4995 2678 5060 intendit,
2723 5004 2780 5049 ut
2814 4997 3165 5050 humaniores
3216 4995 3563 5065 negligendas
3610 4995 3709 5049 sibi
3745 5003 3989 5062 putaret.

2423 5085 2599 5142 Probe
2617 5097 2839 5140 noverat
2858 5087 2938 5139 vir
2962 5086 3490 5156 perspicacissimus,
3514 5085 3778 5155 ejusmodi
3805 5085 3996 5139 studia

2424 5199 2528 5238 non
2559 5190 2766 5235 tantum
2796 5183 2863 5234 ad
2892 5181 3166 5247 ingenium
3197 5179 3579 5242 excolendum,
3623 5179 3996 5234 firmandum-

2423 5283 2527 5336 que
2566 5266 2827 5336 judicium
2879 5265 3023 5319 haud
3075 5280 3264 5334 parum
3317 5265 3661 5330 conducere;
3698 5266 3792 5319 sed
3830 5275 3886 5319 et
3924 5267 4000 5322 iis

2423 5361 2666 5428 apprime
2684 5358 2991 5413 necessaria
3017 5371 3158 5421 esse,
3178 5356 3266 5425 qui
3293 5357 3561 5417 ethnicos,
3585 5357 3996 5428 hereticosque

2424 5451 2775 5512 coufutaturi,
2810 5462 2962 5502 vana:
3007 5447 3310 5516 theologia,
3349 5445 3698 5516 profanaeque
3720 5449 3998 5517 supersti-

2426 5543 2586 5599 tionis
2637 5541 3044 5611 intelligentiam
3103 5553 3168 5593 ex
3220 5540 3349 5608 ipsis
3399 5537 3652 5604 fontibus,
3702 5547 3998 5609 poetarum

2858 5753 2902 5783 "
2931 5752 3052 5806 Lib.
3087 5768 3122 5805 Il
3181 5750 3312 5804 llist.
3348 5750 3542 5820 Lugd,
3575 5763 3622 5804 c.
3655 5747 3744 5820 56.
3827 5750 3875 5786 ’τ
3913 5750 3998 5808 De

2457 5758 2597 5820 5,10
2623 5771 2779 5825 seqq.

757 5819 1218 5922 ιιιειιῖἐιτῖιιῖἔρῖξ
1246 5819 1463 5915 {HAEC}
1489 5819 1657 5896 5:21“
1696 5839 1740 5870 ν·
1775 5837 1895 5892 Lib.
1929 5851 1980 5900 v,
2019 5852 2067 5890 ρ.
2097 5836 2187 5899 so,
2220 5849 2271 5885 η.
2310 5819 2364 5884 4'.
2399 5819 2423 5830 ν
2451 5819 2504 5861 οσ
2535 5829 2588 5881 lu
2623 5819 2796 5879 Cttltil.
2837 5837 2891 5879 et
2929 5840 3018 5892 cp.
3054 5823 3142 5887 55,
3176 5824 3244 5874 al.
3277 5821 3368 5884 29,
3401 5819 3468 5875 ad
3505 5819 3690 5874 Τιιοοιι
