4196 6330
180 387 251 444 ΓΠ
819 385 1277 450 ΒΙεΒΕΑΒΤΑἸΊΟ
1311 393 1376 459 ll,
1417 391 1577 466 ΛΒΤ.
1613 391 1652 455 Ι,
1689 391 1774 444 DE
1810 392 1837 446 ε

1122 393 1277 450 ΑἸΊΟ
1311 393 1376 459 ll,
1417 391 1577 466 ΛΒΤ.
1613 391 1652 455 Ι,
1689 391 1774 444 DE
1810 392 1866 446 S.
1906 392 2160 449 ΙιζΕΝᾹΞΙ
2194 391 2354 448 γιτΑ
2390 392 2477 447 ΕΤ
2520 392 2779 448 GESTIS.

3308 396 3406 451 178

179 512 462 578 praesertim
495 526 562 567 ac
583 511 1024 582 philosophorum
1049 513 1738 579 libris,bauriretlebent‘:
1771 518 1817 574 A
1846 514 1941 570 size
1991 516 2247 586 gradibus
2297 513 2555 570 collocari
2609 516 2676 568 ab
2737 513 2831 569 illo
2866 513 3126 582 potuerit.
3166 512 3222 568 Si
3287 519 3408 586 quis

181 597 234 654 Ut
274 603 455 655 tumuli
485 617 949 676 persecutoresque
1013 604 1332 661 Christiana
1378 606 1610 660 veritatis
1672 607 1736 659 de

180 710 256 747 suo
281 696 497 762 proprio
547 696 917 763 instrumento,
947 701 1222 753 et.erroris
1269 701 1324 753 in
1353 718 1429 766 se,
1460 713 1506 757 et
1536 704 1704 774 iniqui
1714 735 1734 748 ο

179 788 288 841 tatis
317 787 369 840 in
394 802 490 841 nos
520 790 877 842 revincuntur.
919 789 1054 845 Hinc
1084 791 1135 845 in
1167 795 1498 851 evolvendos
1548 794 1734 865 profa-

180 893 361 933 normn
399 891 695 935 auctorum
729 880 895 938 libros
933 882 1240 941 indefessus
1269 888 1509 942 incubuit
1540 905 1553 942 :
1589 889 1732 958 quod

178 986 228 1026 ex
255 972 319 1025 iis
350 985 475 1041 quae.
509 975 708 1043 passim
735 973 865 1028 citat
887 986 1164 1042 poetarum
1193 993 1256 1034 ac
1294 979 1732 1049 philosophorum

179 1072 406 1118 veterum
441 1065 771 1122 testimoniis
800 1066 1102 1124 luculenter
1143 1079 1331 1140 patet:
1360 1082 1420 1127 ut
1470 1088 1574 1127 non
1633 1074 1734 1128 im-

179 1155 357 1209 merito
389 1171 519 1210 eum
553 1155 953 1214 Tertullianus'
982 1163 1213 1217 omnium
1241 1166 1603 1220 doctrinarum
1636 1182 1734 1220 cu-

180 1246 520 1300 riosissimum
544 1249 928 1317 exploratorem
978 1258 1271 1312 vocaverit.
1316 1257 1425 1312 Nec
1464 1272 1590 1313 vero
1646 1259 1734 1312 in-

180 1336 512 1402 tempestive,
547 1348 625 1404 et,
650 1349 758 1395 ut-a
794 1341 1043 1411 plurimis
1074 1346 1156 1410 lit,
1204 1357 1261 1401 ut
1293 1347 1614 1417 multiplicis
1647 1347 1733 1402 lit-

181 1433 428 1480 teraturae
462 1427 680 1483 laudem
721 1442 1044 1502 aucupetur,
1076 1449 1106 1491 e
1141 1436 1419 1492 veteribus
1443 1437 1732 1508 decerptos

177 1517 321 1573 ﬂores
345 1522 609 1589 operibus
642 1525 922 1596 inspergit,
957 1530 1050 1583 sed
1097 1531 1531 1603 quotiescunque
1573 1532 1730 1603 facit,

177 1620 468 1680 opportune
509 1624 565 1669 et
597 1617 838 1684 apposite
888 1619 954 1672 ad
1004 1632 1386 1689 argumentum
1435 1625 1613 1694 facit;
1649 1628 1730 1682 vel

179 1712 222 1755 ut
244 1703 475 1759 ridicula
509 1707 884 1763 hmreticorum
908 1711 1096 1766 deliria
1131 1712 1340 1771 festivis
1371 1716 1576 1772 salibus
1609 1734 1733 1788 per-

177 1792 352 1860 lricet;
390 1795 476 1850 vel
507 1807 565 1852 ut
599 1799 860 1870 impuras,
906 1819 936 1860 e
970 1807 1168 1876 quibus
1195 1817 1542 1878 acceperant,
1585 1809 1732 1865 lacu-

178 1897 257 1937 nas
278 1887 525 1952 aperiat;
561 1888 642 1943 vel
687 1899 744 1944 ut
788 1893 1044 1952 Ecclesia:
1081 1899 1268 1956 hostes
1327 1901 1565 1971 propriis
1617 1918 1732 1956 mu-

177 1975 420 2031 cronibus
451 1981 710 2052 conligat.
740 1984 806 2039 Et
831 2001 1120 2058 eapropter
1138 1989 1502 2064 Hieronymus
1519 1999 1542 2032 ³
1565 1996 1730 2051 studii

178 2066 526 2140 pbilosopbiei
555 2076 821 2134 vindicias
851 2095 1038 2150 agens,
1072 2085 1470 2157 utilitatemque
1500 2088 1727 2145 demon-

176 2170 367 2229 strans,
397 2177 780 2235 argumentum
809 2172 875 2226 ab
904 2173 1092 2229 lreneei
1133 2185 1186 2230 et
1213 2177 1444 2233 aliorum
1469 2195 1730 2250 quorum-

177 2253 278 2308 dam
310 2260 567 2327 exemplo
598 2263 750 2330 petit,
781 2266 872 2335 qui
917 2268 1145 2338 origines
1185 2272 1448 2326 htereseon
1496 2273 1729 2343 singula.

176 2361 295 2410 rum,
322 2357 374 2400 et
405 2365 474 2402 ea:
493 2353 681 2416 quibus
703 2355 1130 2428 philosophorum
1153 2362 1384 2430 fontibus
1407 2367 1726 2434 emanarint,

176 2437 334 2493 multis
388 2443 744 2500 columinibus
797 2450 1150 2519 explicarunt.
1222 2455 1398 2511 Minus
1449 2473 1578 2530 ergo
1623 2461 1728 2516 sibi

174 2545 342 2602 aequus
375 2536 739 2606 humillimus,
783 2545 1331 2618 modestissimusque
1369 2549 1556 2620 Pater,
1599 2553 1725 2609 dum

175 2627 332 2682 amico
357 2631 694 2696 persuadere
721 2642 969 2700 conatur,
1013 2652 1071 2692 se
1104 2656 1195 2694 nec
1241 2642 1514 2698 verborum
1555 2647 1727 2715 artifi-

174 2715 292 2771 cium
326 2719 596 2788 didicisse,
643 2738 734 2776 nec
776 2725 828 2779 in
866 2729 1222 2796 comparanda
1270 2731 1320 2783 vi
1352 2733 1724 2800 conscriptoris

172 2810 480 2876 elaborasse;
509 2829 571 2865 ac
593 2813 879 2880 dictionum
898 2821 1217 2885 ornamenti,
1271 2825 1721 2890 persuadendiaue

171 2900 423 2967 facultatis
450 2916 709 2974 expertem
741 2924 794 2963 se
821 2925 882 2962 ac
916 2910 1158 2980 ignarum
1190 2930 1319 2969 esse.
1355 2915 1531 2972 Minus
1558 2920 1723 2974 etiam

172 2991 356 3050 Irenaeo
379 2997 402 3028 δ
439 2999 602 3067 aequi,
643 3004 734 3070 qui
782 3001 942 3072 paulo
976 3004 1322 3062 humiliorem
1356 3010 1472 3075 ejus
1523 3011 1721 3081 stylum

171 3101 582 3157 conquerantur.
615 3094 782 3149 Secus
807 3109 1028 3152 sensere
1051 3098 1351 3166 aquissimi
1374 3115 1550 3155 rerum
1579 3104 1725 3157 aesti-

1841 615 2026 663 tamen
2080 610 2437 664 contenderet
2487 607 2752 661 lrerrmum
2815 607 2969 675 prius
3029 609 3098 663 ab
3155 610 3412 678 episcOpo

1837 702 2090 770 quopiam
2168 699 2420 756 orientali
2481 699 2765 754 diaconum
2838 697 3008 754 fuisse
3077 699 3406 760 ordinatum,

1837 807 1999 863 quam
2036 793 2089 847 in
2111 793 2312 849 Gallias
2337 791 2658 856 mitteretur,
2687 791 2829 844 haud
2853 791 2988 846 adeo
3016 804 3408 860 repugnarem;

1837 885 1923 939 vix
1957 885 2104 940 enim
2132 881 2455 938 crediderim
2509 883 2706 937 laieum
2741 898 2804 937 eo
2830 882 3158 936 destinatum
3205 881 3393 944 fuisse,

1836 978 1927 1046 qui
1983 977 2100 1030 illas
2131 975 2378 1046 regiones
2419 970 2696 1042 Evangelii
2735 973 2854 1027 luce
2910 972 3280 1030 collustraret.
3340 975 3411 1029 At

1836 1070 1983 1124 intra
2023 1069 2348 1138 conjectura:
2378 1076 2552 1120 metas
2599 1067 2760 1132 sisto,
2797 1065 2932 1118 nihil
2958 1067 3076 1120 sine
3108 1065 3405 1121 historico—

1836 1176 1954 1217 rum
1975 1169 2451 1215 monumentorum
2473 1158 2575 1213 llde
2603 1165 2809 1212 temere
2835 1156 3210 1212 allirmandum
3238 1165 3406 1215 ratus.

1835 1253 1967 1308 illud
2005 1261 2240 1318 certum,
2289 1252 2551 1308 Irenaeum
2590 1251 2640 1305 in
2678 1250 2886 1307 Gallias
2931 1249 3256 1318 profectum,
3302 1249 3409 1303 Ln-

1843 1345 2082 1416 gdunum
2115 1345 2330 1399 venisse
2364 1363 2376 1400 :
2405 1345 2620 1415 quando
2646 1357 2802 1408 vero,
2827 1355 2858 1394 a
2880 1355 3011 1410 quo,
3041 1349 3095 1395 et
3114 1355 3220 1410 qua
3245 1355 3407 1395 occa-

1837 1437 1994 1493 sione
2026 1437 2226 1492 missus
2261 1435 2448 1502 fuerit,
2481 1436 2751 1490 incertum
2800 1446 3045 1503 prorsus.
3082 1433 3123 1484 A
3157 1428 3213 1486 S.
3249 1430 3409 1502 Poly-

1835 1541 2000 1598 carpo
2028 1526 2227 1582 missus
2253 1526 2418 1582 fuisse
2442 1525 2636 1581 scribit
2668 1522 2963 1593 Gregorius
2993 1521 3334 1576 Turonensis
3352 1524 3403 1575 ἐ

1833 1619 1976 1689 quod
2016 1618 2219 1675 factum
2253 1629 2406 1692 putat
2457 1619 2755 1677 Halloixius
2785 1623 2804 1652 ⁷
2852 1622 2997 1676 circa
3047 1636 3248 1677 annum
3282 1622 3404 1686 157,

1839 1719 1951 1764 tum
1982 1727 2105 1767 cum
2153 1711 2337 1768 Romae
2386 1713 2611 1782 degeret
2664 1712 3014 1786 Polycarpus,
3049 1729 3157 1783 quo
3185 1723 3408 1768 venerat

1835 1802 2049 1857 Aniceti
2086 1805 2440 1874 temporibus.
2484 1803 2590 1860 Sed
2617 1803 2802 1872 junior
2832 1818 2958 1861 tunc
2997 1807 3161 1862 fuisse
3192 1806 3408 1861 videtur

1836 1891 2395 1970 Irenaeus,[LXXlX]
2428 1904 2487 1951 ut
2531 1897 2673 1952 mitti
2724 1899 2990 1968 potuerit.
3022 1898 3256 1954 Tardius
3306 1898 3407 1968 igi-

1838 1994 1924 2039 tur
1949 1986 2171 2042 missum
2203 1997 2349 2058 puto,
2376 1989 2628 2058 quamvis
2657 2005 2764 2060 quo
2790 2005 2956 2057 anno,
3002 1999 3058 2046 et
3084 2005 3114 2044 a
3143 2006 3274 2062 quo,
3306 1992 3403 2048 dev-

1834 2076 1993 2132 ﬂnire
2020 2093 2118 2133 nec
2144 2081 2336 2148 ausim,
2365 2095 2462 2134 nec
2492 2082 2713 2150 possim.

1903 2167 1957 2223 6.
1996 2169 2038 2223 A
2078 2169 2136 2224 S.
2180 2169 2413 2227 Pothino
2461 2170 2807 2243 Lugdunensi
2861 2174 3119 2243 episcopo
3174 2173 3402 2229 ordina—

1831 2268 1944 2315 tum
1974 2260 2147 2317 luisse
2174 2265 2573 2337 presbyterum,
2609 2281 2676 2321 ex
2718 2265 3029 2338 Hieronymi
3064 2267 3085 2298 ⁸
3117 2268 3296 2321 verbis
3322 2268 3405 2321 in-

1831 2351 1974 2407 ferre
2003 2353 2165 2422 licet;
2199 2369 2322 2410 eum
2354 2357 2500 2413 enim
2534 2355 2746 2412 Pothini
2770 2360 3019 2428 episcopi,
3060 2360 3148 2426 qui
3188 2357 3396 2430 Lugdu-

1834 2461 2042 2501 nensem
2092 2448 2148 2501 in
2197 2445 2372 2505 Gallia
2414 2451 2618 2520 regebat
2675 2450 2991 2518 Ecclesium,
3042 2451 3401 2522 presbyterum

1829 2549 2006 2594 vocat.
2059 2539 2189 2608 Quae
2229 2529 2544 2614 significare
2600 2543 2879 2608 videntur,
2943 2545 3256 2610 Pothinum,
3301 2561 3401 2615 pro

1829 2647 1981 2688 more
2025 2633 2119 2705 qui
2160 2634 2361 2690 dudum
2405 2635 2458 2690 in
2489 2634 2733 2691 Ecclesia
2776 2637 2971 2708 viguit,
3021 2653 3118 2708 per
3171 2639 3399 2707 imposi-

1827 2725 2026 2780 tionem
2064 2740 2320 2780 manuum
2350 2727 2453 2784 sibi
2480 2737 2534 2784 et
2563 2727 2820 2785 Ecclesia:
2839 2745 2952 2784 suae
2977 2732 3291 2785 vindicasse
3325 2744 3390 2783 ac

1827 2818 2168 2890 mancipasse
2213 2818 2506 2887 lrcnmum;
2562 2835 2723 2892 quem
2773 2837 2894 2878 eam
2948 2824 3017 2878 ob
3064 2838 3176 2877 rem
3222 2823 3395 2878 Euse-

1825 2913 1950 2969 bius
1983 2915 2004 2948 ’
2033 2913 2269 2985 appellat
2296 2915 2656 2984 presbyterum
2705 2915 2960 2969 Ecclesiae
3008 2913 3394 2985 Lugdunensis.

1825 3006 1956 3073 Quae
1991 3021 2186 3061 vanam
2233 3020 2351 3062 esse
2392 3006 2687 3062 ostendunt
2721 3005 3085 3062 recentiorum
3132 3022 3396 3075 quorum—

1826 3094 1946 3148 dam
2000 3095 2395 3166 conjecturam,
2450 3096 2708 3152 Irenaeum
2753 3097 3006 3167 angelum
3051 3096 3200 3150 illum
3245 3111 3387 3160 esse.

170 3190 390 3238 matores
425 3181 791 3240 Tertullianus
808 3187 968 3256 paulo
992 3199 1117 3244 ante
1145 3191 1415 3256 laudatus,
1444 3202 1499 3246 et
1526 3193 1720 3249 Hiero-
1748 3206 1791 3264 (ς
1823 3188 1938 3242 sive
1976 3187 2286 3256 episcopum
2331 3186 2591 3243 Ecclesia:
2645 3187 3049 3259 Thyatirensis,
3095 3188 3149 3242 in
3190 3188 3393 3257 Apoca-

169 3285 366 3340 nymus,
401 3277 492 3344 qui
529 3277 677 3345 ipsos
707 3277 868 3337 libros
895 3279 1142 3335 adversus
1168 3299 1344 3337 omnes
1380 3286 1603 3340 hereses
1626 3289 1722 3341 do-

168 3364 382 3422 ctissimo
408 3377 455 3420 et
501 3371 923 3439 eloquentissimo
955 3390 1193 3430 sermone
1231 3379 1541 3447 compositos
1577 3394 1714 3437 asse-

169 3471 276 3511 rere
307 3475 412 3515 non
442 3464 657 3519 dubitat
687 3483 700 3518 :
752 3466 892 3534 quod
944 3465 1106 3522 facile
1137 3470 1522 3526 animadvertit
1566 3475 1717 3542 quis-

165 3549 275 3614 quis
298 3565 391 3607 eos
423 3561 666 3609 attentus
691 3555 841 3627 legit,
870 3558 1228 3631 probamque,
1263 3563 1542 3632 quaeinter
1577 3565 1720 3634 ipsas

167 3642 295 3696 male
316 3647 434 3698 sani
470 3656 648 3702 textus
676 3646 870 3712 Graeci,
900 3651 1264 3718 barbaraque
1293 3657 1561 3711 versionis
1611 3656 1716 3713 La-

167 3733 277 3786 tina
305 3737 546 3793 salebras
580 3741 873 3798 identidem
907 3744 1107 3800 emicat
1138 3747 1385 3803 sublimis
1428 3751 1714 3818 perspica-

166 3827 342 3897 cisque
377 3831 580 3903 ingenii
606 3836 773 3901 acies,
799 3839 1051 3892 acerrimi
1073 3840 1266 3906 judicii
1295 3841 1552 3906 ﬁrmitas,
1578 3845 1718 3898 mira

165 3920 210 3972 in
231 3925 605 3994 excogitandis
637 3931 971 3997 argumentis
1012 3929 1255 3998 ubertas,
1309 3933 1362 3988 in
1415 3935 1717 4006 deligendis

165 4013 394 4082 solertia,
452 4021 503 4071 in
556 4022 925 4089 proponendis
981 4023 1243 4092 facilitas,
1311 4026 1362 4080 in
1400 4027 1712 4085 refellendis

163 4104 485 4162 adversariis
512 4109 594 4163 vis
625 4126 688 4164 ac
714 4113 1037 4180 dexteritas;
1071 4132 1300 4186 qureque
1347 4118 1564 4172 demum
1603 4120 1717 4174 hir-

162 4206 297 4253 sutas
321 4200 698 4257 molestissimi
728 4207 1030 4274 argumenti
1086 4208 1275 4275 Spinas
1326 4210 1632 4275 emolliunt,
1660 4221 1714 4267 et

161 4288 564 4347 obscurioribus
598 4293 729 4349 locis
760 4295 934 4350 lucem
988 4296 1219 4351 aderunt
1273 4298 1552 4367 elegantes
1600 4315 1657 4358 et
1685 4319 1715 4357 e

163 4390 362 4433 renata
389 4383 572 4452 petita:
616 4384 1019 4451 similitudines,
1080 4385 1408 4455 lectorisque
1472 4392 1710 4445 animum

154 4468 380 4535 jucunde
419 4487 634 4529 recreat
663 4478 884 4532 condita
922 4480 1189 4534 interdum
1243 4483 1356 4537 sale
1392 4491 1446 4539 et
1500 4485 1712 4542 facetiis

159 4570 342 4616 Ol’MlOo

219 4652 267 4708 5.
311 4655 590 4722 Quantum
623 4661 880 4728 temporis
907 4663 962 4716 in
994 4662 1214 4720 Oriente
1247 4679 1496 4723 versatus
1527 4670 1707 4738 fuerit,

159 4755 433 4816 postquam
471 4765 537 4804 es
563 4753 789 4822 ephebis
815 4756 1052 4809 excessit
1080 4755 1338 4824 lrenaaus,
1371 4760 1572 4828 quidve
1603 4763 1708 4816 ibi-

159 4839 266 4894 dem
298 4846 559 4912 gesserit,
605 4861 671 4899 an
700 4860 886 4903 sacras
912 4847 1220 4905 functiones
1249 4852 1469 4918 obierit,
1501 4854 1584 4907 vel
1618 4855 1714 4908 do-

158 4935 297 4988 cendi
344 4953 546 4991 munus
576 4941 900 5007 susceperit,
942 4942 1248 4996 tacentibus
1298 4945 1571 5000 veteribus
1602 4946 1710 5000 dici

159 5036 251 5077 non
295 5036 496 5094 potest.
539 5029 882 5087 Halloixius'
915 5034 1133 5102 quidem
1179 5049 1301 5088 eum
1337 5036 1478 5090 inter
1524 5052 1711 5093 sacros

159 5118 427 5174 ministros
455 5122 729 5188 allectum,
764 5136 816 5180 et
851 5125 1088 5191 diaconi,
1123 5126 1232 5181 imo
1283 5137 1337 5181 et
1401 5130 1707 5200 presbyteri

158 5221 368 5266 munere
401 5213 722 5268 decoratum
749 5229 778 5268 a
808 5216 1106 5287 Polycarpo
1137 5217 1307 5273 fuisse
1335 5221 1530 5274 asserit
1558 5237 1572 5284 ;
1613 5222 1705 5274 sed

160 5302 291 5356 nullo
315 5305 663 5374 antiquitatis
696 5310 1002 5364 testimonio
1030 5309 1225 5365 fretus.
1254 5310 1353 5378 Qui
1388 5327 1521 5381 puer
1550 5312 1708 5384 Poly-

158 5405 364 5464 carpum
391 5396 509 5464 jam
545 5398 702 5454 valde
734 5415 918 5454 senem
961 5403 1156 5469 audiit,
1189 5403 1278 5458 diu
1310 5406 1444 5459 satis
1488 5421 1608 5458 eum
1643 5421 1706 5460 eo

159 5488 475 5542 commorari
502 5504 606 5543 non
631 5491 871 5560 potuisse
897 5493 1130 5562 videtur,
1157 5503 1214 5548 ut
1241 5496 1293 5549 in
1319 5496 1490 5550 sacris
1521 5496 1707 5551 Eccle-

248 5712 262 5787 ι
304 5701 562 5787 Τετιυῃη
586 5703 660 5787 pe
681 5702 1054 5787 Test.an.c.l.i
1081 5707 1448 5787 ’Aanal.,c.5.
1498 5720 1516 5749 ³
1549 5720 1644 5787 Ep.
1679 5720 1765 5783 8'5,

163 5776 575 5847 ‘llist.Franc.,
608 5781 700 5838 lib.
739 5802 842 5847 t,c.
883 5785 967 5837 ‘29.

163 5849 389 5914 lberam,
429 5873 474 5906 rs.
513 5854 560 5907 8.

1046 5786 1062 5815 ⁷
1097 5785 1219 5842 Loc.
1252 5791 1343 5842 cit.
1421 5791 1441 5822 ⁸
1471 5790 1522 5844 In
1552 5785 1720 5845 Calai.

1824 3278 1960 3352 lypsi
2003 3277 2229 3334 Joannis
2273 3280 2655 3351 designatum;
2695 3295 2761 3336 ne
2806 3292 3067 3350 repetam,
3107 3282 3248 3351 quod
3292 3296 3386 3335 su-

1823 3374 2006 3444 perius
2035 3373 2279 3443 probavi,
2313 3385 2436 3426 eum
2463 3375 2678 3427 nonnisi
2721 3383 2844 3445 post
2874 3375 3072 3428 multos
3114 3390 3143 3427 a
3182 3375 3386 3442 scripta

1820 3465 2141 3537 Apocalypsi
2191 3474 2247 3520 et
2304 3466 2418 3534 ipsa
2470 3474 2647 3521 morte
2687 3464 2912 3520 Joannis
2963 3481 3134 3520 annos
3194 3475 3382 3520 natum

1821 3573 1960 3613 esse.
1987 3559 2158 3625 Quam
2191 3557 2446 3629 praeclare
2481 3571 2599 3613 sese
2633 3558 2688 3612 in
2719 3561 3128 3629 presbyteratus
3161 3573 3385 3612 munere

1823 3650 2074 3720 gesserit,
2124 3653 2258 3706 satis
2304 3649 2535 3719 probant
2576 3664 2639 3704 ea
2681 3651 2879 3720 quibus
2929 3651 3182 3720 pietatem
3243 3649 3382 3719 ejus,

1821 3742 2373 3814 ardentissimumque
2414 3743 2739 3799 Christianae
2787 3744 2922 3812 legis
2965 3745 3178 3797 tuenda:
3220 3751 3383 3813 atque

1820 3835 2217 3906 ampliﬁcandae
2292 3835 2528 3890 studium
2624 3836 3005 3890 commendant
3085 3847 3383 3906 martyrum

1818 3930 2256 4001 Lugdunensium
2281 3929 2469 3993 verba,
2499 3929 2682 3983 brevia
2723 3931 2964 3998 quidem,
3004 3929 3096 3983 sed
3123 3930 3384 3985 eﬂicacis-

1818 4023 2050 4087 sima,in
2081 4022 2150 4078 iis
2181 4037 2317 4092 quas
2363 4021 2431 4077 ad
2483 4021 2834 4077 Eleutherum
2891 4038 3080 4091 papam
3134 4023 3384 4077 scribunt

1817 4115 2079 4185 epistolis,
2114 4129 2250 4184 quas
2299 4113 2653 4182 perferendas
2697 4114 2900 4170 lrenao
2941 4117 3281 4169 tradiderant
3313 4116 3377 4169 ¹⁰.

1820 4207 1888 4262 Te
1915 4225 2007 4277 per
2036 4209 2210 4262 omnia
2238 4224 2298 4262 ac
2318 4218 2568 4277 perpetuo
2599 4217 2838 4277 Optamus
2861 4210 2914 4262 in
2940 4207 3160 4261 Domino
3189 4209 3379 4272 valere,

1817 4298 1979 4353 Pater
2010 4299 2307 4353 Eleuthere.
2334 4299 2446 4353 Has
2472 4300 2676 4353 litteras
2701 4311 2754 4352 ut
2781 4301 2850 4351 ad
2882 4309 2931 4352 te
2969 4299 3238 4366 perferret,
3260 4299 3380 4367 fru-

1815 4401 2030 4458 tremet
2058 4389 2306 4460 collegam
2348 4397 2581 4444 nostrum
2639 4386 2905 4442 Irenreum
2945 4388 3137 4442 hortati
3177 4405 3377 4443 sumus.

1819 4483 1982 4548 Quem
2028 4482 2234 4543 quidem
2285 4489 2340 4533 ut
2390 4479 2804 4532 commendatum
2845 4479 3060 4541 habeas,
3111 4495 3379 4546 rogamus,

1743 4546 1790 4605 θ
1821 4546 1994 4645 utpote
2023 4573 2376 4627 temulatorem
2400 4574 2699 4625 testamenti
2729 4570 2947 4630 Christi.
2974 4573 3126 4635 Quod
3155 4574 3200 4624 si
3231 4575 3378 4626 nobis

1819 4675 2135 4734 compertum
2159 4674 2312 4729 esset,
2347 4665 2518 4716 locum
2550 4664 2796 4733 cuiquam
2830 4661 3066 4729 conferre
3095 4662 3378 4730 justitiam,

1816 4777 1932 4814 eum
1979 4768 2227 4827 tanquam
2284 4756 2642 4824 presbyterum
2705 4753 2958 4807 Ecclesia:
3018 4753 3175 4820 (hunc
3241 4769 3377 4805 cntm

1812 4851 2036 4920 gradum
2082 4847 2300 4916 obtinet)
2357 4846 2454 4898 tibi
2510 4846 2566 4896 in
2617 4843 2798 4913 primis
2844 4847 3373 4895 commendassemus.

1811 4942 1902 4996 Sic
1939 4941 2034 4994 illi.
2071 4940 2178 4993 llas
2219 4938 2434 5008 quidem
2485 4935 2746 5004 epistolas
2793 4949 2821 4987 a
2870 4935 3200 5001 martyribus
3246 4934 3375 5000 ipsis

1807 5034 2036 5102 scriptas
2086 5031 2250 5085 fuisse
2294 5039 2452 5092 negat
2493 5026 2801 5081 Blondellus
2849 5027 2912 5089 “,
2965 5026 3055 5078 sed
3116 5025 3298 5093 potius
3344 5038 3373 5074 a

1812 5125 1965 5181 clero
2024 5122 2403 5193 Lugdunensi,
2453 5121 2602 5191 quia,
2661 5120 2858 5186 inquit,
2900 5134 3038 5170 anno
3087 5117 3114 5166 't'
3162 5117 3370 5184 imperii

1807 5218 1992 5279 Marci,
2024 5215 2228 5272 Christi
2262 5215 2383 5281 l6'l,
2432 5229 2539 5281 quo
2569 5211 2889 5281 martyrium
2926 5209 3137 5263 Pothini
3170 5224 3234 5262 ac
3265 5207 3372 5263 Lu-

1808 5311 2170 5379 gdcnensium
2195 5310 2442 5378 contigit,
2467 5307 2625 5362 Soter
2642 5304 2940 5358 Romanam
2969 5303 3258 5356 licclesiam
3284 5316 3369 5354 re-

1806 5403 1988 5470 gebat,
2018 5418 2123 5455 non
2156 5402 2498 5455 Eleutherus.
2535 5399 2639 5455 Sed
2675 5409 2732 5453 ut
2762 5398 2814 5452 id
2848 5408 3192 5464 assequamur,
3220 5396 3370 5465 prius

1806 5497 2022 5550 Eusebii
2056 5494 2209 5550 [idem
2235 5495 2407 5549 elevet
2444 5505 2668 5546 necesse
2699 5501 2801 5555 est,
2845 5490 2934 5559 qui
2981 5505 3072 5543 eas
3114 5488 3370 5557 epistolas

3309 5718 3337 5731 ρ

2843 5720 2861 5748 ³
2899 5718 2998 5769 \':t.
3037 5717 3195 5778 lren.,
3231 5734 3272 5768 ο.

2841 5792 2876 5819 ¹²
2912 5791 3060 5855 ,λιμοδῶ
3098 5805 3190 5854 [H‘H
3224 5802 3359 5841 bt‘ltl.

2343 5721 2360 5746 ⁵
2391 5718 2547 5772 Prrei.
2607 5719 2695 5770 lib.
2732 5735 2764 5770 ι.

2430 5789 2469 5818 ¹⁰
2506 5790 2557 5841 Μ
2589 5830 2601 5852 ,
2637 5789 2758 5843 ibid.

1800 5721 1868 5771 ιιι.
1902 5720 1990 5775 84,
2009 5720 2071 5768 ml
2106 5719 2239 5785 Mdg.

1800 5793 1817 5822 θ
1848 5790 1905 5843 L.
1946 5808 1967 5840 γ
2027 5789 2185 5852 “iub,
2220 5812 2264 5842 ι’.
2297 5790 2346 5841 ηὶ.
