4196 6330
765 358 864 412 179

1562 357 2151 415 DISSERTATIONES
2184 355 2482 411 ΡΒᾹἉΊᾸΞ
2520 356 2582 411 ΙΝ
2625 354 2880 411 ΙΡιΕΝιΕΙ
2917 352 3184 411 LIBROS.

3890 352 3985 407 180

759 492 789 531 a
816 479 1148 547 martyribus
1172 480 1347 534 adhuc
1376 480 1426 533 in
1462 495 1680 535 carcere
1702 480 1891 548 positis
1920 480 2173 548 scriptas,
2193 493 2316 532 eos-
2341 484 2389 540 Α
2421 477 2616 545 phet:e,
2644 484 2995 544 temperaret;
3028 474 3157 543 quia
3202 472 3381 525 Attalo
3427 472 3568 527 Deus
3614 470 3982 537 revelaverat,

756 584 861 635 que
892 573 991 625 sub
1040 571 1348 637 Eleuthero,
1392 588 1535 625 anno
1573 572 1636 625 Π
1684 571 1847 627 Marci
1896 572 2100 625 Aurelii
2132 585 2317 639 passos

756 674 875 714 esse
899 662 1319 717 aliirmat..Hinc
1352 679 1482 735 ergo
1506 666 1681 733 potius
1713 664 2049 719 concludere
2083 663 2319 717 debebat

755 751 1085 821 Blondellus,
1128 771 1220 811 eos
1245 756 1439 811 saltem
1472 773 1614 812 anno
1660 758 1781 824 ΠΟ,
1812 773 1917 826 quo
1948 757 2315 825 pontiﬁcatum

758 845 943 900 iniisse
974 847 1082 901 vult
1105 847 1445 903 Eleutherum
1480 847 1707 919 (tardius
1730 864 1830 920 ego
1863 850 2049 903 iniisse
2079 847 2306 917 putem),

755 939 1074 1008 martyrium
1132 940 1391 1003 subiisse.
1443 958 1605 1010 quam
1656 942 1705 995 id
1764 942 1921 996 vanis
1984 942 2316 1008 conjecturis

756 1026 910 1081 nixus
945 1028 1008 1081 ad
1037 1045 1126 1081 an.
1161 1029 1259 1083 167
1323 1030 1546 1086 referre.
1592 1030 1747 1084 Certe
1791 1038 1913 1100 post
1952 1044 2150 1083 annum
2192 1028 2310 1095 167,

754 1114 864 1167 imo
918 1128 970 1168 et
1023 1116 1144 1177 170,
1196 1130 1449 1173 exaratas
1497 1119 1661 1174 fuisse
1714 1120 1835 1174 illas
1890 1119 2169 1190 epistolas,
2220 1120 2315 1173 de-

755 1216 1021 1257 monstrat
1048 1207 1316 1260 scribendi
1340 1208 1575 1262 occasio.

827 1294 875 1349 7.
921 1295 1123 1351 Praeter
1153 1307 1407 1351 externas
1434 1298 1629 1367 quibus
1675 1296 1936 1362 Ecclesia,
1983 1296 2051 1352 M.
2090 1296 2313 1350 Aurelio

753 1389 805 1441 in
836 1388 1177 1444 Christianos
1207 1392 1479 1455 saeviente,
1505 1390 1816 1459 jactabatur
1838 1390 2124 1460 procellas,
2157 1394 2312 1445 moti-

751 1481 855 1533 bus
907 1481 1179 1536 intestinis
1235 1491 1488 1550 quassata
1535 1482 1738 1537 Christi
1792 1496 1986 1551 sponsa
2040 1483 2309 1551 gemebat,

751 1570 1112 1641 civilibusque
1142 1572 1453 1635 discordiis,
1500 1588 1636 1641 quas
1676 1583 1961 1642 pepererat
2006 1575 2307 1629 animorum

750 1661 1040 1727 dissensio,
1096 1663 1378 1734 ﬂagrabat.
1423 1666 1463 1697 ¹²
1515 1664 1697 1719 Exorti
1753 1666 1896 1719 circa
1949 1680 2146 1720 annum
2212 1664 2312 1719 170

748 1753 1141 1823 Cataphryges,
1172 1756 1445 1823 Montano,
1480 1759 1756 1813 Alcibiade
1792 1774 1859 1812 ac
1894 1758 2172 1813 Theodoto
2208 1760 2309 1813 du-

2422 584 2523 619 non
2560 576 2715 631 recte,
2750 581 2907 633 neque
2952 565 3132 619 ordine
3183 564 3358 631 facere
3418 563 3763 627 Alcibiadem,
3802 562 3891 632 qui
3933 571 3980 615 et

2419 661 2675 713 creaturis
2716 660 2808 713 Dei
2855 660 3066 713 minime
3106 669 3369 721 uteretur,
3412 665 3459 710 et
3504 657 3623 710 aliis
3691 654 3981 723 exemplum

2419 752 2658 805 scandali
2683 753 2855 820 ﬁeret.
2895 752 3028 819 Quia
3058 768 3187 806 vero
3222 754 3271 805 in
3296 752 3546 805 omnibus
3588 749 3982 804 ecclesiasticis

2419 846 2650 916 negotiis
2686 846 2874 915 prima:
2904 854 3028 899 sunt
3052 845 3288 913 episcopi
3332 842 3564 895 Romani
3596 852 3803 909 partes,
3848 841 3979 893 nihil

2418 938 2469 992 in
2502 954 2557 993 re
2582 940 2715 993 tanti
2749 938 3031 1002 momenti,
3070 938 3186 1005 ipso
3236 934 3566 997 inconsulto,
3614 933 3977 987 deliniendam

2416 1042 2534 1083 esse
2564 1029 2757 1083 merito
2786 1035 3116 1081 censuerunt
3159 1026 3341 1081 clerus
3384 1036 3439 1079 et
3472 1033 3763 1095 martyres.
3802 1024 3980 1091 Quare

2413 1139 2509 1191 pro
2540 1138 2667 1189 pace
2693 1120 3049 1176 Ecclesiarum
3077 1122 3229 1188 quasi
3262 1121 3521 1189 legatione
3558 1120 3850 1187 fungentes,
3892 1116 3981 1171 lit-

2416 1222 2560 1266 teras
2590 1213 2654 1264 ad
2678 1211 3023 1265 Eleutherum
3056 1210 3424 1278 scripserunt;
3465 1217 3744 1277 rogantes,
3783 1217 3838 1258 ut
3882 1222 3982 1270 pro

2416 1316 2651 1366 summa,
2684 1316 2788 1370 qua
2817 1301 3026 1354 valebat
3068 1301 3119 1354 in
3150 1299 3391 1355 Ecclesia
3421 1299 3763 1359 auctoritate,
3805 1298 3857 1351 in
3894 1313 3981 1351 se-

2416 1390 2623 1446 dandos
2659 1404 2807 1447 ortos
2844 1394 2897 1447 in
2934 1392 3061 1445 Asia
3118 1401 3317 1455 motus,
3354 1406 3649 1460 pacemque
3688 1390 3982 1445 restituen-

2413 1485 2559 1547 dam,
2590 1498 2685 1551 pro
2716 1484 2857 1538 virili
2890 1495 3043 1553 parte
3073 1485 3430 1539 incumberet.

2480 1573 2533 1626 8.
2574 1574 2692 1627 Alia
2726 1575 2997 1629 scribendi
3029 1576 3094 1629 ad
3127 1574 3476 1629 Eleutherum
3520 1588 3687 1627 causa
3724 1586 3847 1627 esse
3877 1587 3978 1641 po-

2414 1665 2533 1719 tuit.
2564 1665 2722 1720 Forte
2755 1666 3050 1721 inclinabat
3078 1667 3143 1720 ad
3186 1681 3355 1720 novos
3408 1666 3699 1734 prophetas
3725 1665 3982 1733 deceptus

2414 1774 2601 1813 eorum
2635 1762 2843 1815 artibus
2880 1760 3153 1829 pontilicis
3184 1761 3415 1819 animus.
3452 1759 3556 1809 imo
3587 1768 3637 1811 et
3673 1772 3983 1826 praeprope-

748 1847 926 1913 cibus,
972 1848 1185 1902 alllaute
1233 1860 1287 1903 et
1337 1850 1628 1920 instigante
1671 1851 1935 1914 daemone,
1990 1852 2143 1906 novis
2187 1852 2308 1919 qui-
2345 1832 2385 1891 Β
2418 1866 2504 1905 ras
2535 1852 2615 1905 eis
2640 1852 2847 1906 litteras
2877 1850 3156 1921 pacisiam
3192 1852 3436 1905 dederat.
3488 1853 3543 1905 Si
3602 1852 3745 1904 enim
3783 1864 3978 1904 verum

749 1938 975 1993 busdam
1003 1942 1307 2009 praestigiis,
1344 1941 1600 2011 falsisque
1634 1943 1900 1997 vaticiniis
1928 1942 2175 1996 incautos
2210 1943 2308 1997 de-

748 2030 1021 2097 cipiebant
1064 2032 1340 2100 plurimos.
1378 2032 1451 2085 l-To
1486 2034 1782 2101 proclivior
1812 2042 1927 2087 erat
1971 2034 2021 2087 in
2066 2049 2311 2088 errorem

750 2123 954 2190 lapsus,
985 2140 1113 2191 quo,
1145 2124 1345 2177 Irenaeo
1374 2134 1511 2177 teste
1542 2126 1603 2187 ³³,
1639 2142 1885 2179 verorum
1929 2125 2309 2179 miraculorum

749 2210 921 2281 gloria
974 2215 1297 2268 coruscabat
1346 2216 1522 2269 adhuc
1582 2215 1848 2281 Ecclesia,
1899 2217 2310 2286 cmlestiutnque

745 2305 1041 2373 gratiarum
1067 2306 1205 2359 dona
1242 2307 1425 2362 multis
1474 2308 1525 2362 in
1570 2309 1708 2363 locis
1749 2309 2064 2376 frequenter
2105 2310 2309 2365 emica-

752 2397 904 2448 bant.
934 2396 1069 2451 llinc
1088 2398 1390 2452 animorum
1416 2398 1713 2465 dissensio;
1742 2400 1881 2465 aliis,
1909 2403 2103 2470 quibus
2127 2402 2306 2456 fucum

746 2487 977 2543 fat-iebat
1030 2491 1646 2561 pseudo-praphetarum
1706 2494 1955 2547 simulata
2027 2495 2291 2548 sanctita-

747 2582 819 2635 tis
858 2585 1089 2650 Species,
1134 2593 1186 2636 et
1222 2593 1497 2637 austerum
1554 2585 1765 2638 vivendi
1822 2600 1992 2655 genus
2037 2588 2104 2640 ab
2162 2590 2307 2642 omni

745 2673 957 2727 lautitia
988 2685 1038 2727 et
1067 2675 1275 2729 deliciis
1325 2685 1653 2744 temperans,
1713 2677 2025 2732 Montanum
2071 2688 2125 2733 et
2163 2696 2308 2734 asse-

744 2768 855 2821 clas
921 2768 1215 2836 prophetia:
1292 2770 1483 2837 spiritu
1552 2770 1871 2839 praefulgere
1936 2772 2304 2841 opinantibus,

744 2876 949 2928 eosque
992 2861 1358 2929 utprophetas
1386 2863 1805 2930 Suscipientibus
1850 2874 2013 2932 atque
2063 2866 2308 2919 miranti-

744 2953 877 3014 lius;
912 2953 1049 3015 aliis,
1092 2964 1146 3005 ut
1176 2964 1312 3017 erat,
1348 2970 1375 3007 a
1414 2954 1793 3009 cacodaemonc
1826 2955 2033 3011 aﬂlatos
2080 2958 2305 3011 creden-

743 3044 912 3107 tibus,
939 3053 993 3097 et
1020 3053 1076 3096 ut
1103 3045 1525 3113 prtestigiatores
1563 3061 1626 3099 ac
1658 3046 1853 3102 diaboli
1898 3063 2103 3117 organa
2149 3050 2304 3102 dam-

744 3139 1000 3192 nantibus
1064 3147 1116 3190 et
1167 3138 1595 3205 proﬁigantibus.
1648 3136 1857 3191 Interea
1906 3143 2303 3209 persecutionis

742 3240 908 3284 aestus
942 3229 1180 3298 Lugduni
1217 3238 1269 3283 et
1318 3228 1533 3284 Vit-num
1572 3233 1622 3285 in
1667 3230 1858 3289 Galliis
1894 3234 2303 3301 ell‘ervescebat,

742 3320 1069 3387 plurimique
1097 3336 1126 3373 e
1159 3320 1405 3375 ﬁdelibus
1436 3331 1548 3374 tttm
1580 3322 1754 3384 laicis,
1784 3332 1891 3375 tum
1918 3326 2149 3389 clericis,
2184 3344 2304 3381 cum

743 3412 977 3465 Pothino
1008 3410 1351 3480 Lugdunensi
1380 3413 1781 3481 comprehensi.
1824 3424 1875 3468 et
1908 3415 1959 3468 in
1995 3426 2161 3471 tetros
2187 3433 2305 3471 car-

744 3520 895 3557 ceres
935 3504 1185 3571 conjccti,
1221 3504 1493 3572 egregium
1545 3504 1937 3576 multiplexque
1980 3508 2305 3563 Christiame

745 3597 1139 3650 constantimin
1167 3596 1503 3665 perferendis
1556 3599 1837 3652 tormentis
1883 3602 2156 3667 specimen
2194 3604 2308 3655 edi-

743 3692 957 3744 derant.
987 3690 1227 3742 Consulti
1258 3690 1309 3741 in
1342 3690 1445 3743 hoc
1490 3702 1791 3757 temporum
1825 3692 2129 3745 miserrimo
2161 3703 2304 3745 statu

744 3780 1132 3851 Lugdunenses
1178 3792 1230 3833 ct
1269 3781 1601 3835 Viennenses
1649 3782 1715 3835 ab
1757 3782 2013 3836 Eeclesiis
2063 3783 2207 3837 Asia:
2254 3794 2305 3837 et

743 3874 1015 3945 Phrygiae,
1050 3874 1175 3943 quid
1214 3875 1279 3927 de
1316 3874 1466 3929 novis
1516 3877 1790 3943 prophetis
1830 3878 2110 3941 sentirent,
2138 3893 2307 3946 qtecu-

746 3967 867 4021 liari
899 3969 1119 4035 cpistola
1144 3968 1541 4036 signiﬁcarunt.
1575 3968 1675 4035 lpsi
1703 3979 1967 4039 martyres
1994 3970 2044 4022 itt
2087 3984 2308 4024 carcere

746 4062 1049 4125 constituti,
1097 4077 1233 4129 quos
1286 4061 1647 4115 Ecclrsiarum
1694 4061 2048 4117 Orientalium
2097 4075 2308 4132 pertur-

746 4153 893 4206 batio
929 4154 1119 4221 magis,
1152 4168 1311 4221 quam
1348 4154 1560 4222 propria
1594 4154 1879 4208 calamitas
1907 4156 2160 4224 angebat,
2192 4172 2310 4210 sen-

746 4246 974 4298 tentiam
1040 4246 1211 4315 rogati
1267 4246 1494 4313 privatis
1546 4244 1787 4313 epistolis
1841 4246 2119 4311 dixerunt,
2174 4263 2309 4315 quas

745 4341 861 4393 suis
889 4339 1083 4406 adjecit
1120 4339 1317 4403 clerus,
1359 4349 1413 4393 ut
1462 4349 1763 4408 martyrum
1812 4341 2136 4395 auctoritate
2170 4341 2311 4409 judi-

746 4434 889 4486 cium
921 4448 1076 4484 suum
1126 4431 1385 4485 ﬁrmaret.
1420 4430 1738 4499 Religiosum
1772 4434 1825 4485 in
1861 4434 2067 4501 primis,
2113 4446 2158 4486 et
2192 4452 2307 4489 cum

2415 1944 2485 1995 sit
2530 1945 2671 2012 quod
2711 1944 2903 1998 scribit
2946 1943 3313 1998 Tertullianus
3347 1946 3499 1999 initio
3552 1945 3672 1998 libri
3727 1944 3982 1995 adversus

2416 2031 2681 2101 Praxean,
2730 2037 2864 2089 idem
2912 2036 3186 2098 Praxeas,
3242 2052 3362 2090 cum
3418 2037 3643 2089 Romam
3714 2036 3979 2099 venisset,

2413 2136 2535 2179 tunc
2555 2130 2853 2195 episcopum
2883 2127 3181 2183 Romanum
3211 2140 3570 2198 agnoscentem
3604 2129 3717 2196 jam
3756 2130 3985 2195 prop/ie-

2413 2219 2511 2269 tias
2542 2218 2802 2281 Montani,
2830 2217 3048 2284 Priscw,
3087 2221 3419 2282 Maximilltc,
3451 2230 3495 2273 et
3523 2237 3585 2273 ex
3624 2236 3682 2271 ea
3710 2218 3983 2286 agnitione

2410 2326 2585 2377 pacem
2606 2306 2842 2363 Ecclesiis
2870 2310 3008 2364 Asia:
3030 2324 3074 2367 et
3111 2312 3355 2383 Phrygia:
3382 2314 3720 2380 inferentem,
3754 2311 3892 2379 [alsa
3917 2310 3984 2373 de

2413 2402 2539 2469 ipsis
2576 2408 2624 2453 et
2664 2399 2913 2456 Ecclesiis
2960 2420 3139 2459 eorum
3186 2408 3532 2459 asseverando
3586 2406 3686 2472 (sic
3715 2404 3803 2456 ille
3830 2403 3983 2456 Mon-

2411 2496 2730 2549 tanistarum
2779 2498 2983 2567 laqueis
3025 2498 3135 2567 jam
3194 2497 3479 2561 irretitus),
3514 2505 3563 2549 et
3602 2512 3980 2563 prmcessorum

2409 2588 2519 2654 ejus
2556 2590 2890 2641 auctoritates
2924 2588 3271 2657 defendendo,
3314 2590 3477 2656 coegit
3514 2597 3561 2639 et
3589 2588 3789 2639 litteras
3832 2586 3981 2655 pacis

2407 2682 2779 2749 revocarejam
2806 2683 3040 2745 emissas,
3088 2690 3133 2733 et
3176 2697 3207 2732 a
3245 2681 3503 2747 proposito
3554 2679 3974 2747 recipiendorum

2408 2776 2783 2828 charismatum
2838 2790 3160 2828 concessure.
3222 2772 3350 2825 Eunt
3398 2772 3612 2840 quidem
3661 2772 3978 2839 episcopum

2406 2866 2707 2920 Romanum
2750 2867 2966 2935 proprio
3016 2864 3235 2918 nomine
3296 2863 3589 2931 designare
3636 2861 3981 2918 Tertulliano

2408 2977 2511 3015 non
2557 2960 2800 3030 placuit;
2850 2960 2990 3013 unde
3039 2957 3129 3010 alii
3175 2956 3483 3021 Anicetum,
3539 2954 3626 3007 alii
3672 2955 3977 3019 Victorem,

2406 3052 2497 3106 alii
2522 3053 2684 3106 alium
2712 3051 3031 3122 intelligunt.
3068 3050 3134 3103 At
3169 3049 3220 3101 in
3255 3049 3600 3102 Eleutherum
3635 3050 3805 3117 magis
3837 3063 3979 3117 qua-

2334 3178 2376 3234 c
2409 3146 2567 3203 drare
2602 3147 2855 3200 videntur
2905 3145 3118 3208 omnia;
3168 3152 3220 3195 et
3270 3158 3388 3209 quze
3421 3142 3505 3195 hic
3538 3150 3835 3194 narrantur
3880 3156 3982 3207 ap-

2410 3239 2582 3308 prime
2612 3238 2959 3293 consentiunt.
2990 3250 3110 3288 cum
3138 3236 3491 3303 epistolarutu
3528 3232 3980 3302 Lugdunensium

2407 3346 2459 3385 et
2488 3330 2871 3384 Viennensium
2904 3326 3356 3382 circumstantiis.
3390 3325 3513 3378 Haec
3541 3325 3835 3392 contigisse
3860 3339 3982 3376 cer-

2410 3432 2519 3475 tum
2551 3431 2633 3475 est
2658 3422 2897 3488 ipsismet
2934 3418 3387 3472 Montanistarum
3426 3417 3615 3480 initiis,
3665 3432 3787 3470 cum
3844 3429 3979 3469 nec-

2410 3517 2531 3569 dum
2575 3516 2625 3567 in
2677 3524 2918 3581 apertum
2960 3512 3197 3565 schisma
3246 3520 3565 3578 eruperant,
3613 3518 3663 3561 et
3716 3509 3982 3565 Ecclesia:

2408 3604 2687 3659 catholicae
2718 3605 3015 3671 episcopos,
3066 3602 3372 3655 Romanum
3416 3601 3466 3652 in
3515 3598 3702 3667 primis
3730 3599 3981 3653 circum-

2411 3698 2591 3751 venire
2619 3698 2951 3757 nitebantur,
2991 3704 3045 3747 ut
3076 3692 3232 3760 hujus
3256 3692 3585 3746 auctoritate
3608 3692 3985 3759 pseudo-pro-

2410 3792 2622 3859 phetias
2653 3789 2947 3852 munirent,
2980 3798 3034 3840 et
3061 3787 3227 3840 tutius
3257 3785 3615 3840 effunderent.
3675 3785 3980 3838 Audierant

2412 3882 2802 3952 Lugdunenses
2839 3889 2892 3935 et
2942 3879 3303 3942 Viennenses,
3358 3876 3599 3946 [LXXX]
3646 3878 3713 3929 ab
3757 3878 3985 3931 Asianis

2411 3975 2549 4029 forte
2577 3977 2786 4039 moniti,
2815 3978 3098 4042 deceptum
3140 3972 3489 4024 Eleutherum
3539 3970 3981 4035 intempestivam

2411 4084 2596 4138 pacein
2647 4068 2896 4121 fanaticis
2951 4066 3197 4129 dedisse;
3245 4063 3367 4116 inde
3426 4061 3627 4115 turbari
3668 4061 3878 4124 ﬁdeles,
3914 4078 3983 4115 ac

2412 4159 2780 4215 Ecclesiarum
2816 4155 3185 4211 dissensiones
3218 4153 3430 4222 augeri.
3460 4152 3500 4205 E
3526 4168 3580 4205 re
3603 4166 3695 4203 sua
3724 4150 3983 4204 arbitrati

2412 4268 2473 4306 ex
2510 4253 2687 4305 animo
2718 4250 2987 4319 pontiﬁcis
3018 4258 3331 4314 conceptam
3363 4247 3667 4313 Opinionem
3711 4244 3983 4307 evellere,

2413 4348 2474 4399 ad
2515 4361 2636 4399 eum
2668 4344 2931 4405 scribunt,
2969 4353 3379 4409 martyrumque
3418 4335 3676 4405 epistolas
3719 4337 3983 4399 mittunt;

2415 4439 2616 4496 hortati
2652 4439 2800 4491 utad
2837 4436 3163 4489 invictorum
3217 4434 3417 4489 Christi
3476 4432 3805 4485 athletarum
3857 4448 3986 4483 sen-

750 4533 886 4577 recta
924 4524 1028 4589 ﬁde
1073 4526 1397 4578 consentiens
1452 4525 1635 4587 fuisse,
1690 4540 1752 4578 ac
1802 4528 2025 4594 proinde
2078 4530 2307 4595 pseudo-
2340 4534 2382 4589 D
2415 4532 2665 4593 tentiam,
2715 4527 2869 4595 cujus
2916 4537 3119 4580 tantuut
3155 4527 3208 4581 in
3246 4525 3486 4580 Ecclesia
3536 4524 3771 4591 pondus,
3825 4540 3987 4575 suam

748 4618 1043 4686 ρῐοιιιιοιὶς,
1078 4628 1133 4669 ιιι
1166 4633 1263 4685 par
1299 4626 1435 4678 erat,
1463 4618 1769 4681 adversum,
1799 4624 1997 4675 asserit
2020 4623 2062 4675 is
2082 4624 2169 4691 qui
2199 4639 2313 4677 ont-

750 4706 897 4757 nimn
930 4707 1186 4773 epistolas
1218 4708 1419 4777 legerat
1445 4708 1712 4764 Eusebius
1747 4711 1808 4763 ιδ.
1854 4712 2012 4767 Certe
2041 4730 2066 4766 a
2100 4715 2308 4769 Monta-

748 4796 1040 4859 nistarum,
1084 4799 1171 4865 qui
1209 4802 1582 4866 peccatoribus
1630 4801 1885 4857 Ecclesize
1935 4804 2076 4859 iores
2124 4808 2309 4861 occlu-

751 4892 967 4955 debaut,
1013 4892 1349 4947 immanitate
1413 4896 1688 4962 probanda
1738 4898 1927 4965 procul
1982 4901 2211 4954 aberant
2248 4902 2309 4965 ii,

750 4984 841 5051 qui
869 5000 1026 5052 neque
1057 4985 1197 5052 fastu
1224 4997 1268 5037 et
1294 4988 1600 5055 arrogantia
1636 4990 2031 5045 intumescentes
2066 4996 2313 5046 adversus

750 5073 945 5141 lapsas,
974 5090 1133 5143 neque
1157 5076 1389 5128 dolorem
1421 5080 1601 5140 matri,
1628 5090 1715 5129 aut
1743 5079 1996 5145 fratribus
2035 5084 2312 5136 discidium

754 5182 815 5218 uc
843 5165 1057 5231 bellum,
1091 5168 1179 5219 sed
1225 5170 1473 5237 gaudium
1526 5181 1573 5223 et
1620 5188 1797 5238 pacem
1848 5185 1895 5226 et
1953 5177 2312 5241 concordiam,

752 5260 1162 5329 c/taritutemque
1196 5264 1433 5315 omnibus
1469 5265 1837 5333 relinquentes,
1886 5268 2168 5335 gratiﬁcati
2195 5281 2311 5320 sunt

750 5353 815 5404 iis
857 5355 945 5419 qui
980 5355 1132 5419 ﬁdem
1180 5367 1511 5425 negaverant,
1564 5370 1868 5427 mortuaque
1906 5359 2018 5427 jam
2072 5361 2315 5415 Ecclesia:

755 5443 989 5493 membra
1026 5448 1090 5496 ad
1117 5447 1271 5499 ritum
1300 5459 1701 5516 revocaverant;
1728 5453 1926 5520 quique
1956 5458 2043 5506 uoi
2074 5468 2101 5505 e
2130 5455 2312 5515 sociis.

756 5529 811 5584 S.
847 5533 1143 5595 Alcibiadi.
1178 5550 1577 5605 persuaserant,
1610 5552 1665 5595 ut
1699 5559 1726 5595 a
1762 5546 1896 5597 duro
1932 5544 2020 5598 illo
2062 5560 2114 5599 et
2155 5563 2317 5614 squa-

752 5626 863 5677 lido
920 5628 1139 5682 vivendi
1201 5646 1419 5700 genere,
1483 5637 1623 5704 quod
1674 5634 2000 5691 aﬂ'ectabant
2040 5640 2157 5692 novi
2191 5653 2318 5708 pro-

864 5804 903 5835 ”
938 5803 1157 5872 Euseb.,
1190 5808 1283 5865 lib.
1315 5826 1370 5879 v,
1402 5828 1450 5870 c.
1482 5814 1531 5869 5.

1325 5988 1333 6011 Ι

1636 5817 1677 5847 ’³
1716 5814 1833 5870 Lib.
1869 5830 1929 5880 tt,
1962 5831 2009 5869 c.
2046 5815 2136 5883 5i,
2175 5830 2228 5870 n-.
2258 5815 2311 5883 Ξ,
2343 5827 2472 5874 etc.
2507 5816 2593 5885 52,
2625 5834 2676 5873 η.
2710 5816 2763 5882 4,
2800 5816 2864 5885 5;
2896 5814 2928 5867 l.
2960 5830 3011 5881 γ,
3044 5830 3090 5869 c.
3129 5814 3182 5880 5,
3214 5828 3270 5868 n.
3312 5812 3358 5869 Ι.

2413 4630 2801 4691 componeret;
2825 4635 2887 4674 ac
2920 4621 2969 4674 id
3004 4621 3142 4690 quod
3179 4633 3523 4688 praepropere
3550 4627 3795 4687 gesserat
3825 4632 3991 4667 revo-

2412 4717 2604 4780 cando,
2662 4715 3024 4768 dissensiones
3078 4721 3223 4766 ortas
3275 4711 3506 4773 sedaret,
3558 4724 3861 4778 pacemque
3932 4709 3986 4759 in

2412 4809 2653 4865 Ecclesia
2683 4806 2867 4874 judicii
2908 4805 2989 4858 sui
3026 4806 3347 4857 auctoritate
3384 4802 3711 4857 restitueret.
3753 4800 3978 4855 lutcrca

2412 4904 2757 4957 commodum
2791 4900 2984 4954 accidit
3018 4909 3075 4951 ttt
3111 4898 3345 4952 Praxeas
3390 4899 3454 4949 ab
3490 4895 3711 4949 Oriente
3750 4894 3989 4947 Romam

2412 4996 2660 5059 veniens,
2698 4993 3143 5047 Montanistarutn
3200 4991 3418 5044 fraudes
3465 4990 3567 5041 sibi
3614 4988 3785 5055 probe
3823 5000 3991 5040 notas

2414 5089 2703 5143 Eleuthcro
2759 5085 3052 5153 aperuerit,
3119 5085 3400 5151 ipsumque
3448 5081 3716 5134 monuerit
3779 5079 3895 5147 jam
3956 5097 3989 5133 ιι

2413 5182 2790 5235 tlcccssoribus
2859 5176 2986 5237 snis,
3057 5176 3248 5229 Sotere
3300 5173 3570 5236 videlicet,
3634 5170 3986 5240 repudiatam

2413 5289 2532 5329 esse
2569 5272 2928 5341 prophetiam.
2966 5268 3041 5321 Ita
3078 5283 3196 5321 cum
3242 5265 3682 5336 Lugdunensium
3728 5264 3993 5331 epistolis

2414 5366 2706 5421 accedente
2740 5377 2918 5415 return
2964 5362 3178 5425 notitia,
3225 5357 3546 5411 Eleutlterus
3598 5366 3799 5408 mutata
3854 5372 3992 5409 scn-

2416 5458 2579 5511 tetttia
2606 5456 2808 5508 litteras
2832 5454 2979 5521 pacis
3016 5463 3218 5505 revocat
3258 5451 3375 5519 jam
3414 5448 3654 5510 emissas,
3691 5454 3996 5514 ortumque

2414 5550 2739 5603 discordiam
2774 5546 3085 5613 compescit.

2487 5642 2539 5695 9.
2577 5638 2766 5694 Omnia
2794 5639 2909 5693 haec
2937 5644 3059 5705 apte
3090 5632 3248 5690 simul
3288 5633 3582 5696 cobmrent,
3628 5640 3997 5701 mutuamqne

3457 5812 3499 5844 “
3523 5809 3586 5866 ι..
3617 5826 3668 5877 v,
3702 5823 3754 5863 c.
3787 5806 3904 5865 ﬁet
3935 5809 3995 5865 ὗ.
