4196 6330
259 360 345 416 l8!
897 358 1355 418 DlSSERTATlO
1389 356 1450 426 ll,
1489 359 1647 414 ΛΒΤ,
1682 358 1723 422 l,
1760 355 1844 410 DE
1885 358 1941 411 S.
1981 356 2234 415 lRENEl
2268 357 2433 417 Vl'l'A
2471 364 2557 419 ET
2594 361 2854 422 GESTIS.

3377 374 3474 429 i3!

257 476 351 530 sibi
377 475 552 531 lucem
598 480 724 533 inde
762 480 991 535 afferunt
1028 481 1392 537 Tertullianus
1436 491 1492 534 et
1525 481 1809 535 Eusebius.
1844 479 1884 533 Δ
1916 489 2219 545 serpentem
2255 481 2355 535 sub
2400 482 2556 552 hujus
2589 485 2766 539 saeculi
2805 487 2961 540 linem
3002 491 3234 557 agnitum
3282 490 3468 555 fuisse,

261 566 376 622 {hec
428 571 744 637 conjectura
795 575 1033 627 omnium
1091 587 1238 628 certe
1285 573 1633 642 probabilior.
1682 575 1810 628 Eam

256 660 446 714 dudum
472 674 835 727 proposuerat
867 665 1130 719 Henricus
1159 666 1398 719 Valesius
1437 667 1502 728 ιδ,
1544 667 1592 718 in
1635 665 1812 718 illam.

256 766 351 816 que
408 754 544 806 satis
581 756 950 822 propendebat
1007 759 1158 811 home
1215 759 1484 812 memoriae
1520 756 1810 811 Tillemon-

255 842 352 895 tius
385 844 468 908 ";
517 861 584 899 ne
626 857 802 901 tamen
850 858 1090 902 tueretur
1134 851 1215 902 vir
1259 852 1603 904 doctissimus
1648 866 1810 903 unum

253 933 474 989 obstitit.
508 936 794 1004 Nimirum,
832 941 1021 1008 inquit,
1049 942 1411 997 'l'ertullianus
1437 958 1596 1011 quam
1631 953 1812 995 narrat

254 1023 536 1080 historiam
602 1041 819 1085 mutatae
871 1047 897 1083 a
951 1050 1160 1086 summo
1219 1035 1505 1103 pontifice,
1562 1044 1811 1087 mouente

251 1115 480 1183 Praxea,
513 1125 816 1188 sententias,
861 1134 962 1178 tam
999 1134 1147 1178 arcte
1180 1142 1297 1180 cum
1325 1128 1561 1194 ejusdem
1594 1126 1811 1179 Praxca:

251 1205 441 1262 hmresi
472 1212 716 1281 colligat,
752 1225 809 1268 ut
858 1227 1143 1286 utrumque
1183 1220 1369 1270 eodem
1407 1229 1646 1286 tempore
1680 1234 1810 1271 con-

251 1297 432 1367 tigisse
466 1304 738 1360 videatur.
793 1308 862 1361 At
897 1320 1100 1363 certum
1129 1317 1208 1363 est
1235 1308 1474 1364 Praxean
1503 1326 1605 1365 non
1637 1325 1810 1365 emer-

247 1393 401 1459 sisse,
437 1396 539 1450 nisi
575 1409 694 1467 post
725 1411 1010 1471 utrumque
1046 1405 1405 1466 Theodotum,
1446 1421 1670 1473 quorum
1717 1418 1811 1456 an-

250 1486 456 1554 tiquior
484 1491 584 1543 sub
624 1489 840 1547 Victore
874 1496 1102 1563 priutum
1139 1497 1284 1552 visus
1316 1507 1417 1551 est.
1449 1498 1623 1550 Alium
1652 1498 1810 1566 igitur

243 1592 403 1646 quam
444 1578 714 1636 Victorem
744 1587 1051 1654 episcopum
1103 1588 1400 1642 Routanum
1441 1605 1660 1643 monere
1701 1605 1805 1642 non

245 1674 419 1740 potuit
451 1673 710 1732 Praxeas.
741 1677 814 1732 lta
848 1682 930 1733 vir
963 1682 1319 1735 clarissimus.
1354 1683 1548 1736 Verum
1591 1682 1803 1751 quidem

241 1773 325 1816 est
363 1764 454 1819 illa
509 1782 905 1838 consequenter
960 1787 989 1826 a
1042 1772 1370 1827 Tertulliano
1425 1775 1613 1829 referri

245 1864 422 1909 tamen
471 1858 597 1913 hinc
649 1861 832 1916 inferri
893 1878 1048 1931 posse
1101 1877 1282 1934 putem
1338 1867 1519 1920 eodem
1590 1882 1807 1935 prorsus

244 1957 485 2013 tempore
543 1954 867 2023 contigisse;
923 1958 1028 2011 imo
1081 1959 1408 2012 contrarium
1456 1959 1645 2012 suadet
1695 1968 1804 2012 tota

240 2041 577 2095 narrationis
617 2044 1014 2100 Tertullianicae
1061 2049 1233 2102 series
1272 2050 1334 2104 ¹⁷.
1372 2049 1590 2102 Constat
1639 2050 1804 2117 siqui-

239 2133 358 2186 dem
392 2131 665 2198 Praxean,
717 2152 836 2191 cum
857 2153 921 2190 ex
945 2121 1072 2192 Asia
1098 2139 1317 2194 Romam
1343 2140 1576 2202 advenit,
1609 2140 1805 2195 Roma-

239 2237 416 2291 noque
446 2228 705 2297 episcopo
751 2240 942 2284 auctor
971 2231 1070 2286 fuit
1108 2241 1165 2285 ut
1196 2233 1400 2287 litteras
1445 2234 1593 2302 pacis
1648 2233 1803 2288 datas

237 2311 584 2370 Montanistis
637 2332 937 2386 revocaret,
987 2325 1311 2378 catholicam
1368 2326 1548 2390 fidem,
1603 2328 1649 2380 si
1695 2344 1800 2382 non

235 2405 419 2458 animo
451 2411 711 2474 tenuisse,
761 2412 954 2467 saltem
993 2417 1169 2470 adhuc
1217 2417 1522 2480 simulasse,
1564 2433 1665 2472 nec
1701 2420 1799 2474 nisi

234 2505 354 2564 post
381 2499 588 2566 aliquot
617 2517 787 2561 annos
825 2506 1218 2576 deprehensum
1263 2509 1428 2564 fuisse
1459 2513 1795 2586 haereticnm.

231 2584 420 2654 Neque
449 2593 590 2644 enim
629 2595 786 2649 tidem
818 2608 921 2650 tam
949 2599 1105 2655 facile
1133 2602 1270 2670 apud
1311 2584 1622 2671 pontiﬁcem
1663 2605 1800 2656 obtio

232 2680 443 2734 nuisset
481 2685 717 2749 perfidus
769 2688 1150 2758 lncrcsiarcha,
1202 2710 1358 2763 quem
1414 2698 1583 2752 turbis
1619 2699 1668 2751 in
1702 2698 1800 2752 Ee-

231 2769 401 2826 clesia
436 2777 637 2832 ciendis
671 2784 888 2836 studere
932 2796 1263 2854 compertum
1318 2789 1532 2845 fuisset.
1589 2791 1692 2845 Sed
1732 2809 1797 2848 ne

233 2867 512 2935 quidpiam
544 2872 630 2925 hic
666 2877 994 2946 conjecturis
1028 2881 1304 2952 indulgere
1340 2887 1545 2951 videar,
1588 2886 1800 2940 Tertul-

229 2959 439 3014 lianum
496 2963 666 3031 ipsum
731 2971 1067 3028 audiamus:
1112 2975 1538 3045 Fruticavernnt,
1601 2981 1794 3049 inquit,

227 3068 411 3105 avena
444 3053 753 3123 Prareanw,
801 3063 885 3115 hic
924 3082 1124 3136 quoque
1180 3071 1619 3136 super-seminum,
1674 3073 1796 3124 dor-

228 3144 511 3200 mientibus
543 3153 721 3204 multis
749 3157 800 3206 in
833 3158 1168 3224 simplicitate
1203 3163 1458 3217 doctrinm
1493 3182 1510 3217 :
1539 3167 1792 3219 traductae

226 3239 419 3292 dehinc
444 3259 533 3308 per
562 3261 709 3312 quem
744 3246 877 3302 Deus
915 3253 1095 3318 voluit,
1135 3255 1291 3307 etiam
1324 3255 1513 3309 evulsa:
1543 3258 1790 3310 videban-

224 3339 343 3383 tur.
379 3332 609 3404 Denique
639 3353 843 3395 caverat
879 3347 1162 3410 pristinum
1207 3350 1389 3403 doctor
1443 3351 1507 3404 de
1548 3354 1794 3404 emenda-

225 3427 376 3479 tione
406 3444 536 3493 sua;
582 3441 627 3483 et
658 3445 828 3486 manet
871 3437 1269 3507 chirographum
1312 3445 1453 3506 apud
1488 3443 1793 3513 Psychicos,

224 3519 376 3585 apud
424 3537 553 3588 quos
601 3537 743 3591 gesta
777 3543 856 3579 res
881 3541 986 3594 est;
1028 3531 1212 3585 exinde
1259 3535 1543 3604 silentium.
1597 3536 1663 3588 Et
1705 3557 1794 3592 nos

222 3610 442 3677 quidem
483 3626 661 3681 postea
708 3620 907 3686 agnitio
975 3620 1278 3689 Parueleti,
1329 3637 1485 3695 atque
1538 3630 1792 3696 defensio,

224 3703 495 3772 disjunxit
525 3727 557 3761 a
592 3709 878 3780 Psyrhicis.
929 3715 1115 3785 Itaque
1156 3722 1388 3786 pritttutn
1419 3725 1634 3778 steriles
1668 3741 1794 3780 ave—

223 3813 356 3861 nas,
400 3807 456 3851 ut
496 3817 619 3855 eum
679 3803 902 3872 Virgilio
954 3809 1189 3877 loquitur
1251 3813 1638 3879 Tertullianus,
1702 3832 1792 3872 seu

220 3889 429 3943 falsam
467 3891 765 3950 doctrinam
821 3901 1109 3955 seminavit
1151 3902 1407 3972 Praxeas,
1466 3923 1569 3961 non
1616 3909 1791 3978 palam

218 3983 475 4053 quidem,
508 3989 598 4040 sed
643 3989 802 4055 ciant,
847 3993 1223 4049 dormientibus
1272 3999 1447 4051 multis
1500 4002 1553 4054 in
1590 4004 1794 4070 simpli-

219 4077 391 4129 citate
417 4078 690 4147 doctrinm,
745 4100 841 4138 nec
899 4086 1084 4142 infelix
1131 4091 1310 4144 lolium
1365 4094 1789 4151 advertentibus.

220 4167 367 4223 Tam
399 4186 585 4238 parum
617 4175 718 4227 sibi
744 4180 809 4229 ab
843 4193 906 4231 eo
938 4183 1201 4236 cavebant
1231 4183 1435 4247 ﬁdeles,
1473 4199 1529 4240 ttt
1558 4190 1662 4258 jam
1687 4187 1795 4241 fru-

220 4263 471 4317 ticarent
514 4280 727 4332 areum,
768 4273 819 4324 id
863 4283 965 4337 est,
999 4290 1161 4342 prava
1211 4278 1462 4349 dogmata
1500 4283 1792 4338 multorum

219 4356 446 4409 animos
492 4371 816 4427 occuparent
867 4366 1290 4438 inlicerentque;
1354 4373 1526 4427 donec
1579 4378 1790 4430 tandem

1655 1789 1879 1868 :nonB

1916 583 1977 621 ac
2003 571 2217 623 tandem
2248 574 2507 637 evulsam,
2534 587 2752 630 auctore
2778 591 3106 643 recantante,
3141 597 3261 635 cum
3292 581 3474 637 Victor

1918 659 2212 716 Ecclesiam
2249 678 2479 735 regeret,
2518 678 2570 722 et
2606 680 2833 739 uterque
2881 670 3188 727 Theodotus
3223 680 3475 731 emersis-

1917 769 2032 821 set;
2072 759 2225 824 nihil,
2269 773 2415 830 puto,
2457 763 2902 818 allirmaverimus
2926 768 3063 833 quod
3100 779 3359 836 repugnet
3389 770 3472 824 vel

1917 849 2272 917 Tertulliauo,
2337 854 2416 908 vel
2465 857 2629 907 certis
2667 856 2903 910 historia:
2937 859 3321 913 ecclesiasticae
3356 877 3473 913 mo-

1918 945 2212 1005 numentis,
2246 945 2329 998 vel
2372 957 2669 1013 temporum
2731 949 3051 1002 rationibus.
3104 948 3346 1003 Viderint
3391 963 3472 1005 ta-

1917 1054 2036 1091 men
2064 1038 2286 1101 eruditi,
2333 1053 2560 1106 quorum
2612 1039 2813 1108 judicio
2874 1039 3213 1106 conjecturas
3258 1053 3470 1096 nostras

1915 1130 2144 1183 libenter
2204 1132 2585 1199 permittimus.
2645 1132 2750 1186 Sed
2798 1133 2864 1184 ad
2928 1132 3367 1202 Lugdunensium
3416 1141 3470 1186 et

1915 1219 2296 1274 Viennensium
2328 1223 2580 1290 epistolas
2615 1224 2912 1278 redeamus.

1985 1315 2068 1370 l0.
2119 1315 2160 1346 ³⁸
2194 1319 2323 1371 Cum
2355 1318 2530 1374 clerus
2553 1330 2604 1373 et
2646 1330 2912 1390 martyres
2956 1323 3136 1376 varias
3187 1324 3382 1389 partim
3414 1324 3465 1376 in

1911 1410 2096 1461 Asiam
2127 1418 2180 1462 et
2219 1409 2504 1482 Phrygiam
2539 1413 2601 1464 ad
2631 1412 2850 1477 fratres,
2887 1417 3083 1483 partim
3140 1414 3364 1467 Romam
3401 1417 3464 1467 ad

1914 1500 2260 1554 Eleutherum
2306 1519 2494 1571 papam
2529 1503 2741 1559 litteras
2796 1506 3174 1572 Scripsisseut;
3208 1504 3471 1559 Irenaeum

1911 1605 2256 1661 rogaverunt,
2304 1605 2359 1647 ut
2385 1611 2475 1649 eas
2512 1613 2628 1665 qua:
2662 1598 2727 1651 ad
2762 1598 3107 1652 Eleutherum
3158 1599 3466 1667 dirigeban-

1913 1695 2017 1745 tur,
2060 1686 2303 1754 perferre
2356 1704 2457 1741 non
2514 1689 2928 1759 dedignaretur,
2981 1701 3032 1744 et
3085 1706 3274 1759 pacem
3325 1693 3466 1744 inter

1912 1778 2175 1832 Ecclesias
2234 1796 2330 1848 pro
2380 1782 2518 1836 virili
2571 1783 2906 1836 sollicitaret.
2954 1783 3291 1838 Provinciam
3344 1800 3465 1837 cum

1910 1871 2084 1925 libens
2134 1876 2460 1941 suscepisset
2514 1876 2894 1930 sanctissimus
2940 1878 3240 1947 presbyter,
3286 1876 3465 1946 profeo

1909 1970 2118 2013 cturum
2153 1973 2419 2032 martyres
2448 1966 2890 2018 commandarunt
2928 1967 3183 2033 poutilici,
3219 1977 3275 2020 ut
3306 1983 3463 2036 supe-

1910 2053 2019 2107 rius
2051 2054 2303 2108 vidimus.
2342 2055 2471 2122 Qute
2519 2072 2647 2111 vero
2695 2061 2860 2113 causa‘
2909 2059 3070 2112 fuerit
3113 2069 3170 2112 ut
3203 2058 3463 2113 frenatum

1905 2158 2016 2211 prae
2048 2148 2256 2202 caeteris
2288 2148 2587 2217 delegerint
2627 2166 2747 2204 cum
2774 2151 2978 2214 clerus,
3022 2163 3131 2205 tum
3169 2161 3459 2220 martyres,

1904 2238 1994 2304 qui
2036 2237 2244 2292 litteras
2269 2255 2456 2294 eorum
2501 2240 2728 2294 Romam
2763 2243 3047 2310 perferret,
3079 2246 3373 2298 obscurum
3406 2245 3457 2298 in

1904 2330 2110 2397 primis.
2141 2331 2320 2385 Prima
2351 2334 2615 2402 siquidem
2645 2336 2818 2390 fronte
2843 2338 3212 2404 intempestiva
3242 2353 3461 2408 prorsus

1903 2437 1964 2476 ea
1995 2422 2191 2492 legatio
2221 2426 2456 2480 videtur.
2485 2426 2628 2492 Esto,
2663 2431 2938 2498 permagni
2979 2429 3171 2485 fuisset
3200 2431 3459 2484 momenti

1903 2515 1965 2568 de
2028 2532 2157 2586 pace
2196 2517 2558 2572 Ecclesiarum
2622 2521 2759 2589 apud
2815 2537 3082 2576 summum
3151 2523 3459 2592 pontificem

1904 2623 2095 2676 agere;
2130 2619 2184 2663 at
2218 2611 2369 2664 alteri
2405 2614 2718 2667 den-randari
2763 2614 3036 2682 negotium
3064 2625 3317 2683 poterat;
3355 2616 3461 2670 sal-

1902 2707 2004 2751 tem
2066 2716 2169 2753 non
2224 2701 2355 2754 adeo
2403 2717 2590 2770 urgere
2644 2704 2948 2770 videbatur,
3012 2707 3139 2775 quin
3195 2709 3245 2761 in
3315 2708 3459 2762 aliud

1906 2799 2111 2856 tempus
2142 2791 2476 2845 commodius
2509 2791 2710 2846 differri
2760 2795 3039 2862 potuisset.
3092 2793 3276 2863 Neque
3314 2801 3459 2851 enim

1902 2882 1952 2933 in
1994 2892 2099 2935 tam
2135 2884 2358 2937 adversa
2388 2892 2688 2953 temporum
2717 2889 3027 2941 conditione
3051 2929 3066 2951 ,
3105 2889 3360 2944 saeviente
3402 2890 3456 2942 in

1900 2977 2100 3030 Christi
2128 2992 2338 3046 gregem
2384 2981 2776 3046 persecutione,
2814 2981 3032 3035 clericis
3074 2981 3323 3035 omnibus
3371 2983 3454 3035 vel

1902 3070 1953 3122 in
1984 3071 2193 3124 vincula
2229 3072 2511 3140 conjectis,
2546 3073 2630 3126 vel
2666 3072 2896 3126 latebras
2938 3088 3179 3142 quaerere
3229 3075 3453 3136 coactis,

1899 3172 2259 3232 opportunum
2287 3175 2405 3217 erat
2437 3174 2493 3218 ut
2527 3166 2756 3219 Ircuaaus
2784 3166 3039 3220 Ecclesia)
3072 3168 3234 3220 decus
3271 3182 3335 3222 ac
3364 3183 3458 3221 eo-

1900 3257 2102 3319 lumen,
2133 3256 2285 3323 cujus
2320 3258 2604 3327 prmsentia
2650 3259 2762 3313 suis
2818 3270 3100 3326 tantopere
3148 3262 3452 3314 necessaria

1899 3359 2037 3413 erat,
2072 3360 2176 3405 tam
2218 3352 2403 3420 procul
2441 3352 2763 3408 mitteretur.
2788 3353 2882 3408 llis
2909 3354 3208 3408 rationibus
3239 3369 3455 3422 permo-

1901 3453 1985 3497 tus
2018 3444 2087 3498 cl.
2119 3444 2382 3501 Henricus
2413 3444 2652 3498 Valesius
2683 3445 2880 3499 fatetur
2917 3446 2958 3476 ¹⁹
3005 3447 3219 3515 quidem
3278 3456 3386 3497 tum
3425 3462 3452 3498 a

1901 3537 2128 3591 Pothino
2159 3535 2501 3606 Lugdunensi
2550 3539 2825 3606 episc0p0,
2864 3547 2972 3591 tmn
3009 3555 3036 3590 a
3071 3540 3236 3599 clero,
3274 3548 3382 3589 tum
3421 3552 3449 3589 a

1900 3630 2229 3701 martyribus
2278 3631 2617 3699 designatum
2664 3631 2834 3685 fuisse
2869 3631 3129 3685 lrenamm
3178 3631 3268 3699 qui
3306 3630 3452 3700 lega-

1901 3727 2045 3779 tione
2074 3723 2213 3793 apud
2248 3737 2515 3776 summum
2571 3722 2880 3778 l’ontil‘tcem
2933 3724 3364 3795 perfungeretur,
3401 3736 3449 3780 et

1899 3829 1925 3866 a
1961 3813 2290 3883 martyribus
2320 3814 2751 3867 commendatum
2788 3813 2982 3877 fuisse;
3022 3815 3288 3881 expletam
3323 3829 3450 3870 vero

1898 3907 2219 3976 legationem
2251 3917 2424 3974 negat,
2468 3906 2559 3960 sed
2595 3921 2778 3974 super».
2799 3908 3011 3960 euieute
3035 3905 3244 3959 Pothini
3273 3915 3447 3961 morte

1896 3999 2049 4052 alteri
2075 3999 2237 4052 fuisse
2271 3997 2670 4061 demandatum,
2711 4011 2776 4049 ne
2820 3997 2872 4050 iu
2921 4005 3064 4048 tanta
3118 4009 3294 4048 rerum
3347 3992 3450 4049 dif-

1897 4093 2136 4147 licultate
2169 4108 2266 4146 suo
2318 4092 2592 4161 praecipuo
2643 4091 2846 4142 lumine
2896 4091 3199 4158 privaretur
3235 4088 3446 4142 viduata

1896 4199 2018 4237 mox
2060 4198 2155 4236 suo
2200 4192 2415 4249 pastore
2462 4181 2721 4235 Ecclesia.
2777 4179 3097 4234 Franciscus
3143 4179 3446 4234 Feuardeu-

1900 4279 2000 4330 tius
2025 4277 2068 4307 ²⁰
2098 4289 2149 4330 et
2178 4275 2471 4328 llalloixius
2505 4274 2548 4304 “
2579 4282 2770 4342 putant
2828 4273 3107 4335 lreutcum,
3147 4273 3340 4326 nedum
3382 4273 3446 4324 ad

1896 4371 2267 4436 Eleutherum,
2304 4371 2396 4422 sed
2428 4376 2481 4422 et
2517 4368 2581 4420 ad
2615 4366 2882 4421 Ecclesias
2927 4368 3067 4419 Asia.-
3112 4375 3166 4419 et
3206 4366 3451 4435 Phrygiae

218 4447 556 4516 patefactum
583 4455 652 4505 sit
683 4455 879 4510 malum
915 4474 1117 4524 semen,
1147 4480 1238 4530 per
1258 4481 1404 4531 quem
1433 4465 1578 4519 Deus
1604 4466 1787 4532 voluit,
1820 4487 1867 4544 υ
1897 4465 2213 4533 legationem
2267 4463 2464 4516 obiisse
2501 4480 2512 4513 :
2548 4477 2668 4512 cum
2714 4462 2814 4513 hoc
2877 4471 3053 4512 tamen
3106 4460 3443 4523 discrimine,

219 4555 448 4605 nempe,
495 4553 549 4594 ut
594 4545 822 4609 videtur,
881 4566 975 4617 per
1015 4553 1404 4608 'l‘ertullianum
1444 4557 1640 4625 ipsum,
1698 4562 1786 4629 qui

219 4633 472 4686 nondum
533 4649 562 4687 a
599 4632 894 4694 Catholicis
952 4642 1244 4711 defecerat,
1312 4657 1366 4700 ut
1426 4651 1539 4716 ipse
1597 4655 1701 4714 ait;
1739 4665 1792 4709 et

218 4724 474 4778 Praxeas
497 4726 817 4793 palinodiam
848 4739 1227 4790 recantaverit.
1264 4738 1386 4792 Ilaec
1417 4747 1596 4797 omnia
1630 4748 1790 4801 simul

216 4826 277 4870 et
309 4817 497 4868 eodem
523 4830 761 4889 tempore
786 4826 1075 4894 contigisse
1105 4843 1262 4881 nemo
1288 4831 1388 4884 sibi
1418 4840 1789 4905 persuaserit;

217 4909 418 4980 plures
452 4925 618 4965 annos
659 4913 801 4967 inter
831 4932 1122 4971 aveuarum
1164 4924 1594 4987 semiuationem,
1637 4929 1792 4983 fruti-

216 5003 526 5066 catiouem,
582 5007 1016 5075 patefactiouem,
1073 5022 1127 5066 et
1187 5013 1408 5070 Praxeal,
1459 5020 1791 5087 palinodiam

219 5092 608 5149 intercessisse
665 5112 886 5154 necesse
937 5111 1042 5157 est.
1103 5103 1219 5161 Jam
1272 5124 1401 5178 ergo
1454 5112 1496 5164 si
1550 5115 1794 5169 dicamus

217 5181 481 5238 Praxean
541 5184 829 5243 Eleutltero
891 5192 1058 5246 malas
1123 5207 1269 5250 artes
1341 5197 1791 5257 Montanistartnn

217 5275 513 5345 aperuisse
543 5294 684 5332 anno
717 5281 838 5343 I77,
873 5298 980 5351 quo
1024 5288 1164 5353 passi
1217 5299 1341 5342 sunt
1390 5305 1654 5364 martyres
1687 5295 1789 5349 Ltt-

218 5367 565 5439 gduneuses;
596 5379 706 5424 tum
737 5387 831 5439 per
866 5376 1052 5445 viginti
1082 5379 1304 5433 circiter
1350 5398 1522 5440 annos
1557 5390 1787 5443 catholi-

213 5477 358 5518 eam
393 5459 546 5515 {idem
582 5465 948 5534 simulantem,
995 5470 1224 5524 lueresin
1259 5473 1562 5530 clanculum
1608 5480 1786 5536 disse-

216 5552 489 5616 minusse,
551 5569 785 5625 eamque
828 5556 939 5627 jam
997 5573 1450 5621 maturescentem
1521 5569 1788 5642 latiusque

338 5646 383 5725 ξ’
413 5645 466 5725 in
495 5645 699 5725 Adnot.
737 5653 789 5706 in
821 5655 915 5710 lib.
951 5670 981 5708 v
1011 5656 1228 5725 Eltseb-.
1265 5675 1314 5714 C-
1352 5663 1404 5717 3-

300 5714 524 5802 βυξειφη
557 5723 593 5775 Ι,
632 5738 686 5802 γ’,
720 5725 892 5802 c.“'5._
944 5726 997 5802 ’ξ’
1030 5728 1086 5782 In
1122 5714 1242 5784 Νοί.
1291 5714 1462 5802 θάνω)

219 5786 263 5820 ³*
297 5790 359 5840 ln
392 5789 520 5855 Vit...
553 5811 602 5848 c.
639 5792 692 5846 7.

1485 5665 1530 5700 ¹⁶
1559 5665 1620 5719 Τ.
1656 5669 1693 5720 ll
1750 5669 1882 5730 Hist.
1914 5671 2072 5734 eccl.,
2104 5679 2215 5724 not.
2246 5671 2300 5730 4.
2346 5671 2396 5722 in
2428 5668 2660 5724 Montan.

1469 5775 1483 5789 .
1526 5752 1559 5789 ν
1604 5737 1742 5805 llist.
1772 5741 1923 5805 Eus.,
1970 5755 2017 5794 c.
2050 5743 2103 5794 4.

772 5796 815 5826 ’⁸
852 5795 912 5850 Τ.
943 5793 984 5850 ιι
1011 5812 1131 5853 nov.
1165 5802 1296 5857 edit.
1330 5803 1387 5859 S.
1417 5793 1583 5865 Leon.
1617 5793 1809 5865 Paris:
1825 5793 1923 5866 an:
1958 5793 2120 5877 l76775;
2156 5793 2295 5866 diss.
2319 5827 2370 5879 ν,
2403 5793 2453 5867 c.
2478 5793 2570 5866 l3.

1892 4560 2031 4626 quod
2057 4557 2203 4624 prior
2226 4555 2354 4609 velit
2377 4569 2495 4607 eum
2523 4555 2748 4606 Pothino
2779 4554 2952 4607 adhuc
2985 4554 3036 4606 in
3074 4554 3207 4606 vivis
3228 4564 3440 4620 agente,

1889 4651 2026 4704 alter
2062 4660 2184 4718 post
2206 4651 2322 4718 ejus
2353 4664 2416 4702 ac
2441 4657 2752 4702 czeterorum
2786 4658 3082 4717 martyrum
3115 4663 3298 4700 necem
3326 4661 3451 4714 pro-

1890 4742 2088 4794 fectqu
2130 4740 2314 4793 fuisse.
2365 4739 2626 4792 Raronius
2672 4741 2900 4809 denique
2944 4749 3133 4793 censet
3194 4738 3450 4792 lret‘taiutu

1892 4835 2111 4886 missum
2147 4847 2267 4886 esse
2303 4833 2367 4886 ad
2406 4833 2755 4886 Eleutherum
2795 4847 3011 4901 papam,
3041 4842 3094 4885 et
3127 4846 3245 4885 eam
3275 4833 3451 4898 reipsa

1894 4926 2212 4996 legationem
2259 4927 2490 4992 obiisse;
2543 4927 2608 4979 de
2660 4927 2858 4980 Asiana
2900 4937 3077 4980 autem
3113 4926 3452 4994 profectione

1894 5019 2015 5073 silet
2049 5035 2291 5087 prorsus.
2337 5019 2493 5074 istius
2538 5021 2858 5074 sententiam
2897 5020 3242 5090 amplectitur
3277 5023 3321 5074 is
3358 5023 3446 5089 qui

1892 5127 2086 5164 novam
2123 5112 2412 5165 editionem
2447 5126 2669 5180 operum
2710 5114 2767 5165 S.
2817 5111 3011 5166 Leonis
3057 5128 3204 5181 papae
3251 5127 3447 5179 procu-

1891 5204 2032 5257 ravit
2063 5205 2146 5256 vir
2184 5203 2529 5259 doctissimus
2565 5206 2630 5267 “,
2669 5203 3040 5274 lrenteumque
3072 5216 3196 5258 ante
3235 5203 3446 5257 Pothini

1896 5307 2300 5367 martyrumqtte
2341 5306 2566 5350 mortem
2612 5299 2914 5366 profectum
2952 5313 3070 5351 esse
3113 5298 3450 5367 probabilius

1894 5389 2193 5442 existimat.
2231 5387 2370 5455 Quid
2419 5389 2516 5458 ipsi
2556 5404 2619 5444 ea
2655 5390 2721 5444 de
2755 5404 2813 5443 re
2847 5391 3165 5456 sentiamus,
3206 5387 3446 5456 proferre

1893 5477 2069 5532 liceat.

1967 5571 2051 5624 ll.
2090 5571 2155 5625 Et
2211 5573 2426 5639 quidem
2460 5572 2716 5629 lrenzeum
2769 5578 2820 5629 in
2865 5576 3045 5629 Asiam
3077 5586 3130 5630 et
3160 5575 3445 5646 Phrygiam

2741 5672 2780 5702 ¹⁷
2824 5672 2956 5723 Adv.
3000 5671 3160 5728 Prax.
3239 5686 3358 5739 cap.
3390 5670 3441 5721 1.

2195 5742 2242 5813 ἕο
2283 5741 2339 5794 ln
2386 5741 2488 5795 Vit.
2521 5741 2582 5813 ξ.
2631 5743 2768 5799 lren.
2802 5743 3007 5813 operib.
3058 5745 3173 5812 ejus
3203 5746 3438 5812 praeﬁxa.
