4196 6330
757 355 858 408 185

1555 346 2150 407 DlSSERTATIONES
2184 342 2486 400 PREVIE
2521 341 2589 397 IN
2627 341 2884 399 [ΗΕΝΑΞΙ
2923 341 3188 403 LIBROS.

3861 343 3960 399 134

749 465 1245 540 aLugdnnensibns
1283 473 1336 520 et
1376 464 1774 523 Viennensibus
1827 466 2049 521 missum
2104 461 2301 524 fuisSe,
2336 466 2571 528 Aquam
2622 459 2689 515 de
2746 459 2982 516 Montani
3027 462 3300 518 vaticiniis
3354 461 3741 532 Lugdunenses
3798 470 3960 532 atque

754 559 1020 634 [LXXXI]
1047 560 1126 614 vel
1145 561 1196 612 in
1219 572 1311 613 eas
1333 557 1577 628 regiones
1595 573 1818 627 usquam
1837 557 2116 627 migrasse,
2138 553 2306 622 gratis

751 653 1012 718 omnino,
1084 649 1334 718 nullaque
1392 659 1858 704 monumentorum
1925 647 2306 704 historicorum

751 745 858 800 ﬁde
896 743 1178 798 asseritur.
1197 741 1442 796 Aﬁirmat
1465 741 1678 809 quidem
1703 740 1967 796 Eusebius
1994 742 2039 773 "
2078 741 2257 794 varias
2275 755 2299 792 a

751 835 1122 906 martyribus,
1185 849 1306 889 cum
1365 834 1539 888 adhuc
1585 841 1896 887 tenerentur
1958 833 2011 887 in
2056 832 2303 899 vinculis,

753 927 817 978 de
855 939 985 994 pace
1010 925 1366 980 Ecclesiarum
1408 925 1640 994 scriptas
1669 924 1836 980 fuisse
1865 925 2143 994 epistolas,
2194 934 2304 978 tum

755 1017 821 1073 ad
856 1016 1048 1072 fratres
1077 1018 1165 1088 qui
1218 1028 1372 1073 erant
1419 1019 1473 1073 in
1527 1019 1653 1074 Asia
1706 1028 1760 1073 et
1796 1018 2048 1090 Phrygia,
2086 1026 2194 1071 tum
2238 1017 2302 1070 ad

754 1110 1097 1165 Eleutherum
1141 1125 1330 1181 papam
1357 1129 1372 1176 ;
1409 1111 1637 1165 mortuis
1661 1126 1790 1165 vero
1831 1110 2185 1180 martyribus,
2213 1108 2303 1176 qui

753 1203 1072 1270 superstites
1094 1213 1249 1257 erant
1277 1203 1483 1268 fideles,
1510 1219 1604 1260 eas
1631 1203 1854 1273 longiori
1891 1203 1964 1258 illi
2005 1219 2069 1257 ac
2108 1203 2302 1270 insigni

753 1293 1012 1362 epistolae,
1068 1310 1224 1362 quam
1271 1296 1337 1348 ab
1395 1295 1517 1364 ipso
1562 1293 1761 1349 Irenaeo
1804 1292 1997 1349 Graeco
2047 1294 2306 1348 idiomate

752 1386 1008 1456 scriptam
1043 1384 1209 1442 fuisse
1244 1386 1576 1442 arbitrantur
1612 1387 1762 1441 multi
1788 1386 1957 1458 (haud
1974 1397 2121 1442 certe
2167 1386 2304 1439 indi-

752 1494 888 1548 gnus
904 1489 982 1533 est
1001 1478 1140 1534 fetus
1163 1480 1252 1547 qui
1277 1489 1423 1534 tanto
1441 1479 1556 1534 viro
1576 1478 1890 1549 tribuatur),
1909 1479 1959 1533 in
1979 1494 2082 1548 qua
2098 1489 2303 1548 marty-

753 1586 872 1623 rum
897 1571 1196 1625 certamina
1229 1571 1690 1636 dcscribebantur,
1733 1584 1788 1627 et
1817 1573 1882 1626 ad
1918 1569 2069 1638 cujus
2103 1570 2302 1624 calcem

745 1661 1014 1732 judicium
1049 1663 1114 1717 de
1160 1664 1312 1717 novis
1356 1665 1632 1732 prophetis
1685 1662 1948 1726 ferebant,
2005 1661 2299 1728 adjecisse;

750 1755 843 1810 sed
877 1755 993 1810 illas
1020 1755 1222 1810 Irenaeo
1259 1757 1483 1811 traditas
1526 1755 1714 1818 fuisse,
1770 1755 1853 1808 vel
1888 1765 2133 1824 rogatum
2179 1769 2300 1807 eum

753 1859 978 1914 usquam
1013 1843 1204 1908 fuisse,
1239 1854 1299 1899 ut
1344 1846 1395 1899 in
1424 1843 1697 1900 Orientem
1737 1843 2025 1914 perferret,
2056 1859 2155 1899 nec
2197 1843 2305 1897 Eu-

749 1937 950 2003 sebius,
985 1952 1083 1992 nec
1121 1937 1258 1992 alius
1291 1938 1576 2006 quisquam
1622 1953 1653 1993 e
1694 1937 1969 1991 veteribus
2017 1947 2302 1991 memorat.

750 2029 933 2097 Longe
967 2027 1115 2089 aliud
1157 2029 1495 2084 sentiendum
1530 2030 1596 2083 de
1635 2029 1725 2095 iis,
1768 2043 1889 2099 quae
1938 2029 2006 2081 ad
2053 2027 2303 2083 Eleuthe-

751 2136 867 2173 rum
919 2133 1109 2189 papam
1158 2120 1566 2184 scribebantur,
1598 2118 1862 2188 epistolis.
1916 2116 2044 2182 Has,
2103 2126 2158 2171 ut
2193 2117 2303 2171 Ro-

747 2227 888 2266 mam
929 2211 1118 2275 ferret,
1160 2211 1422 2268 lrenmum
1461 2226 1682 2282 rogasse
1739 2225 1798 2265 se
1849 2210 2071 2266 disertis
2125 2212 2304 2266 verbis

749 2316 1016 2362 testantur
1050 2317 1315 2377 martyres
1347 2308 1397 2360 in
1435 2305 1650 2376 scriptis
1683 2305 1749 2358 ad
1775 2303 2024 2359 eumdem
2053 2301 2304 2357 Eleuthe-

747 2415 866 2454 rum
899 2399 952 2454 in
984 2399 1166 2454 lretmi
1194 2399 1423 2468 gratiam
1454 2396 1909 2452 eommendatitiis
1943 2395 2161 2450 litteris.
2188 2394 2303 2449 Mo-

748 2507 863 2546 rem
910 2507 1037 2548 vero
1102 2493 1338 2563 gessisse
1384 2492 1670 2555 Irenaeum,
1705 2489 2022 2557 litterasque
2074 2489 2301 2542 Romam

745 2583 1037 2653 pertulisse
1065 2598 1320 2653 expresse
1361 2581 1554 2637 asserit
1597 2580 1956 2652 Hieronymus
1983 2581 2064 2635 ἐς
2097 2580 2183 2634 cui
2237 2595 2302 2634 eo

748 2677 919 2746 major
942 2680 1040 2730 hac
1071 2693 1124 2730 tn
1154 2684 1308 2746 parte
1336 2673 1469 2728 fides
1509 2673 1816 2738 tribuenda,
1842 2687 1949 2743 quo
1976 2672 2162 2727 Romae
2191 2672 2305 2728 diu-

742 2770 948 2823 tissime
993 2779 1396 2834 commoratus,
1447 2775 1502 2820 ut
1548 2765 1715 2836 probe
1770 2775 1920 2820 notat
1956 2765 2303 2821 doctissimus

743 2861 943 2916 Leonis
973 2861 1169 2926 editor,
1218 2860 1653 2928 scriniorumque
1692 2857 2112 2927 apostolicorum
2140 2859 2304 2927 parti-

745 2967 872 3022 ceps
906 2952 1104 3016 factus,
1137 2951 1241 3006 hoc
1278 2952 1471 3019 partim
1518 2965 1584 3004 ex
1637 2950 1927 3005 traditione
1967 2949 2139 3014 urbis,
2183 2965 2304 3018 par-

744 3046 842 3097 tim
873 3060 936 3097 ex
967 3044 1328 3098 monumentis
1357 3042 1532 3096 adhuc
1573 3042 1956 3112 superstitibus
1986 3041 2156 3111 potuit
2194 3041 2307 3094 edi-

2338 1812 2377 1866 Β

2406 554 2742 609 Viennenses
2772 555 3010 610 tulerant
3046 559 3313 612 sententia
3365 556 3593 612 Romam
3621 556 3958 626 perferenda,

2404 649 2630 720 quaestio
2658 650 2920 705 duntaxat
2941 651 3149 718 fuisset,
3180 661 3237 706 ut
3265 653 3518 722 supponit
3539 649 3806 719 Valesius,
3827 667 3962 707 non-

2405 740 2540 795 nihil
2589 740 2849 812 ponderis
2913 741 3143 796 forsitan
3190 742 3422 798 haberet
3461 741 3578 810 ejus
3624 742 3781 796 ratio.
3842 740 3958 796 Non

2404 837 2547 890 enim
2572 835 2707 890 tanti
2738 836 2991 890 momenti
3016 835 3183 892 fuisse
3202 837 3434 905 videtur,
3462 845 3553 889 aut
3577 836 3713 889 adeo
3739 834 3957 905 urgebat

2407 927 2711 999 negotium,
2742 928 2871 997 quin
2909 929 2964 982 in
2999 927 3142 983 aliud
3166 935 3375 996 tempus
3401 927 3734 982 commodius
3778 923 3955 979 diﬂ‘er-

2406 1022 2474 1086 ri,
2513 1029 2606 1075 aut
2633 1020 2822 1076 saltem
2864 1020 3021 1075 alteri
3053 1034 3215 1089 quam
3244 1018 3447 1074 lrenaeo
3488 1017 3646 1073 facile
3697 1018 3958 1072 committi

2405 1115 2688 1182 potuisset.
2719 1112 2872 1169 Unde
2911 1114 3053 1183 quod
3086 1115 3140 1166 in
3177 1123 3282 1167 tam
3335 1111 3639 1167 difﬁcilibus
3691 1110 3968 1165 Ecclesia-

2406 1223 2524 1261 rum
2576 1206 2957 1277 Lugdunensis
2988 1215 3042 1260 et
3069 1204 3391 1260 Viennensis
3425 1204 3760 1273 temporibus
3800 1217 3969 1272 roga--

2408 1309 2494 1354 tus
2523 1297 2687 1352 fuerit
2720 1297 2842 1352 talis
2878 1304 2933 1350 et
2959 1305 3142 1350 tantus
3166 1296 3272 1360 vir,
3309 1303 3368 1349 ut
3399 1294 3746 1348 Eleutherum
3769 1307 3962 1362 papam

2403 1393 2600 1458 adiret,
2629 1390 2762 1445 illud
2792 1388 2979 1458 procul
3012 1388 3173 1444 dubio
3218 1388 3576 1451 demonstrat,
3607 1386 3766 1454 longe
3800 1385 3964 1439 aliam

2407 1490 2571 1553 atque
2616 1481 2840 1552 majoris
2890 1479 3149 1534 momenti
3202 1478 3370 1534 fuisse
3421 1493 3638 1534 causam
3694 1477 3966 1543 adeundi;

2406 1589 2753 1644 prmsensque
2783 1573 2998 1643 aliquod
3023 1571 3092 1627 ab
3117 1571 3238 1627 istis
3260 1571 3517 1627 Ecclesiis
3543 1568 3964 1640 propulsandum

2404 1668 2692 1723 discrimen
2723 1675 3030 1720 maturasse
3071 1664 3479 1734 profectionem.
3533 1662 3795 1730 Quidnam
3833 1675 3970 1715 vero

2405 1761 2482 1814 rei
2517 1758 2697 1824 fuerit,
2725 1757 2869 1813 haud
2896 1756 3149 1818 obscure.
3181 1757 3233 1811 ni
3268 1755 3452 1820 fallor,
3485 1763 3594 1808 tum
3635 1769 3702 1808 ex
3736 1753 3966 1807 historia

2407 1861 2733 1922 martyrum,
2775 1858 2887 1903 tum
2917 1863 2986 1903 ex
3035 1846 3267 1903 Eusebio
3308 1848 3353 1879 "
3397 1847 3513 1917 ipso
3541 1856 3596 1902 et
3636 1845 3970 1914 Hieronymo

2405 1944 2697 2013 colligitur.
2731 1942 2865 2013 Ipsis
2896 1942 3290 2013 persecutionis
3323 1939 3491 1995 initiis
3538 1939 3971 2008 comprehensus

2406 2037 2668 2092 Pothinus
2713 2037 3002 2105 episcopus
3029 2032 3425 2103 Lugdunensis,
3459 2039 3622 2099 atque
3645 2043 3675 2082 a
3701 2027 3974 2082 militibus

2405 2126 2718 2182 immaniter
2761 2135 3025 2196 raptatus,
3060 2125 3465 2193 itmumerisque
3506 2121 3676 2192 plagis
3716 2117 3973 2184 affectus,

2404 2231 2542 2288 pene
2580 2216 2847 2271 exanimis
2883 2215 3167 2286 conjectus
3205 2214 3258 2268 in
3304 2227 3606 2277 carcerem,
3651 2211 3810 2266 biduo
3843 2218 3973 2278 post

2403 2324 2467 2363 ex
2496 2297 2814 2364 vulneribus
2857 2308 3095 2378 acceptis
3117 2306 3484 2375 nonagenario
3514 2306 3691 2373 major
3724 2305 3970 2357 animam

2404 2399 2768 2454 exhalaverat.
2803 2397 2859 2453 Si
2895 2397 3098 2451 diutius
3135 2397 3384 2451 antistite
3413 2395 3544 2449 orba
3576 2395 3628 2448 in
3659 2394 3723 2448 iis
3755 2402 3974 2461 tempo-

2405 2505 2522 2544 rum
2554 2489 2822 2560 angustiis
2864 2490 3053 2544 relicta
3107 2487 3296 2543 fuisset
3345 2487 3615 2551 Ecclesia,
3666 2484 3970 2556 periculum

2404 2581 2594 2636 fuisset
2629 2598 2696 2637 ne
2724 2581 3047 2638 Christianae
3093 2595 3178 2636 res
3221 2580 3274 2633 in
3319 2578 3658 2648 Galliis,jam
3708 2591 3972 2645 persecu—

2407 2683 2582 2727 torum
2612 2671 2798 2729 furore
2823 2689 2928 2729 non
2973 2687 3165 2745 parum
3197 2669 3550 2737 labefactatas,
3577 2669 3818 2724 funditus
3845 2685 3974 2722 rue-

2406 2775 2546 2820 rent.
2573 2764 2751 2831 Quare
2787 2767 3092 2822 communis
3143 2778 3252 2821 tum
3283 2765 3436 2832 cleri,
3494 2775 3606 2818 tum
3665 2771 3971 2833 martyrum

2404 2864 2543 2918 vatis
2585 2863 2826 2919 delectus
2858 2863 3097 2917 lrenams
3127 2862 3356 2916 Pothino
3387 2859 3672 2915 sufﬁcitur.
3705 2857 3838 2923 Quia
3871 2870 3972 2908 ve-

2406 2972 2469 3012 ro
2497 2964 2591 3010 aut
2639 2953 2929 3020 rarissimi,
2982 2962 3074 3008 aut
3135 2953 3395 3008 nullidum
3455 2961 3613 3006 erant
3670 2951 3721 3004 in
3775 2948 3975 3003 Galliis

2405 3045 2642 3117 episcopi
2693 3044 2921 3114 (nullum
2973 3042 3165 3099 saltem
3209 3044 3276 3098 iis
3326 3042 3656 3112 temporibus
3698 3049 3973 3095 memorat

731 3152 919 3220 _scere.
969 3134 1077 3191 Nec
1126 3135 1375 3191 dissentit
1418 3134 1680 3190 Eusebius
1711 3151 1725 3186 :
1767 3132 1876 3188 imo
1919 3132 2294 3188 demandatam
2323 3149 2370 3209 α
2403 3140 2753 3204 Eusebius“,
2786 3137 3090 3207 nequidem
3116 3137 3256 3207 apud
3291 3137 3641 3206 Viennenses)
3672 3136 3763 3204 qui
3791 3136 3973 3190 electo

744 3231 1067 3299 legationem
1098 3229 1365 3299 expletam
1406 3227 1576 3283 fuisse
1602 3227 1733 3281 satis
1759 3225 1975 3281 silentio
2012 3240 2111 3280 suo
2133 3225 2302 3296 sigui—
2403 3246 2599 3286 manus
2652 3240 2871 3300 possent
2933 3230 3209 3300 imponere
3237 3271 3254 3297 ,
3312 3243 3535 3283 necesse
3589 3228 3692 3282 fuit
3734 3226 3971 3280 Romani

744 3325 906 3390 ﬁcat;
941 3325 986 3378 si
1019 3322 1268 3378 effectum
1304 3324 1491 3379 sortita
1518 3337 1622 3378 non
1655 3321 1871 3388 fuisset,
1905 3324 1956 3378 id
1988 3325 2176 3393 procul
2210 3323 2302 3376 du-

742 3417 834 3469 bio
866 3431 971 3470 non
998 3418 1314 3470 omissurus.
1347 3414 1464 3470 Non
1509 3417 1952 3471 committendum
1989 3425 2166 3468 autem
2204 3429 2302 3482 pu-

746 3519 871 3571 tem,
912 3517 1025 3562 uta
1063 3519 1220 3563 tantae
1264 3508 1606 3564 auctoritatis
1653 3510 1981 3578 scriptorum
2030 3508 2298 3563 sententia

743 3602 1110 3667 discedamus,
1144 3601 1246 3656 nisi
1278 3601 1613 3670 gravissimis
1641 3601 1929 3656 momentis
1960 3616 2022 3655 ac
2076 3600 2301 3653 rationi-

743 3696 868 3756 bus,
897 3707 1015 3761 quae
1045 3693 1130 3747 hic
1154 3701 1300 3746 eerte
1327 3692 1540 3758 desunt,
1580 3693 1813 3746 abducti.
1847 3692 1940 3756 At,
1987 3691 2163 3760 inquit
2191 3691 2296 3745 Va-

744 3787 928 3850 lesius,
965 3786 1218 3840 credibile
1242 3800 1346 3839 non
1372 3797 1458 3841 est
1480 3785 1737 3840 Irenaeum
1762 3786 2050 3840 Ecclesiam
2083 3785 2294 3854 Lugdu-

743 3893 962 3931 nensem
1004 3878 1400 3948 persecutionis
1448 3877 1744 3933 acerbitate
1785 3878 2148 3943 fatiscentem,
2181 3892 2298 3930 suo.

740 3985 845 4040 que
891 3970 1159 4024 viduatam
1199 3979 1436 4039 pastore,
1491 3969 1741 4025 deserere
1775 3981 1868 4025 aut
1916 3971 2169 4036 voluisse,
2205 3978 2297 4023 aut

743 4063 1000 4131 potuisse.
1036 4061 1138 4116 Sed
1162 4062 1207 4114 si
1241 4060 1499 4116 credibile
1531 4061 1599 4115 sit
1635 4063 1688 4116 in
1716 4063 1781 4117 iis
1837 4073 2139 4130 temporum
2186 4064 2295 4115 cir-

743 4153 1082 4208 cumstantiis
1125 4164 1235 4207 tum
1279 4168 1308 4207 a
1341 4154 1506 4218 clero,
1540 4163 1650 4207 tum
1678 4149 1717 4206 a'
1742 4153 2068 4223 martyribus
2097 4154 2207 4221 jam
2244 4153 2294 4207 in

743 4243 958 4298 vincula
1001 4243 1281 4313 conjectis,
1321 4245 1514 4311 quibus
1562 4244 1868 4313 propediem
1928 4244 2291 4297 denuntianda

741 4345 884 4391 esset
923 4336 1165 4404 capitalis
1193 4335 1451 4390 adversus
1498 4350 1592 4390 eos
1629 4338 1732 4389 lata
1784 4336 2074 4402 sententia,
2110 4336 2294 4389 Pothi-

742 4440 810 4478 no
846 4425 929 4476 vel
959 4426 1344 4491 compreheuso
1374 4422 1453 4476 vel
1502 4431 1735 4488 mortuo,
1771 4423 2089 4491 (ueterisque
2129 4422 2284 4476 cleri-

739 4517 816 4570 cis
847 4525 939 4569 aut
969 4517 1163 4583 captis,
1195 4525 1283 4570 aut
1317 4515 1532 4584 fugatis,
1565 4514 1848 4579 lrenmum,
1871 4524 2014 4568 metu
2038 4515 2296 4583 perculsae

737 4618 791 4658 et
842 4605 1046 4660 amicta;
1098 4606 1357 4662 Ecclesia:
1410 4614 1515 4658 tam
1567 4603 1978 4669 necessarium,
2024 4606 2293 4660 delectum

739 4698 931 4761 fuisse,
976 4699 1062 4766 qui
1089 4697 1313 4752 Romam
1360 4698 1565 4753 litteras
1613 4698 1908 4768 perferret;
1964 4712 2060 4750 cur
2107 4712 2294 4750 revera

737 4787 1024 4858 pertulisse
1091 4789 1250 4843 fidem
1314 4790 1623 4859 superabit?
1695 4789 1847 4854 Quod
1913 4789 2296 4857 impedimento

739 4884 901 4938 fuisse
961 4883 1275 4951 supponitur
1337 4889 1624 4950 quominus
1690 4883 1889 4953 legatio
1947 4883 2294 4951 expleretur;

738 4974 880 5026 idem
914 4983 965 5025 et
997 4988 1116 5027 esse
1148 4974 1331 5027 debuit
1381 4976 1667 5041 quominus
1707 4977 2112 5029 decerneretur.
2161 4972 2294 5026 Cum

739 5065 904 5134 igitur
939 5065 1074 5118 hanc
1104 5066 1156 5118 in
1197 5067 1309 5133 ipso
1359 5067 1748 5133 persecutionis
1779 5076 1913 5120 aestu
1958 5065 2297 5119 decreverint

738 5156 914 5209 clerus
950 5165 1001 5210 et
1029 5169 1326 5226 martyres;
1381 5160 1507 5227 quin
1549 5174 1608 5213 ea
1649 5159 1963 5228 perfunctus
2000 5158 2159 5211 fuerit
2189 5159 2298 5211 lrc-

738 5263 908 5310 naeus,
939 5264 1036 5316 pro
1063 5265 1273 5303 summo
1305 5266 1410 5318 quo
1441 5251 1673 5305 invictos
1703 5251 1904 5305 Christi
1936 5253 2171 5306 athletas
2204 5267 2298 5305 co-

739 5339 884 5392 lebat
914 5339 1193 5407 obsequio,
1227 5343 1480 5398 saeviente
1510 5344 1638 5397 licet
1691 5345 2083 5413 persecutione,
2134 5343 2292 5396 dubi-

739 5430 840 5482 tari
877 5444 978 5482 non
1012 5439 1201 5498 potest.

808 5520 894 5572 1‘2.
938 5520 994 5574 Si
1053 5521 1270 5589 quidem
1315 5524 1381 5579 de
1435 5523 1773 5579 sollicitanda
1825 5526 1967 5596 apud
2021 5541 2288 5579 summum

739 5609 1048 5678 pontificem
1096 5611 1458 5668 Ecclesiarum
1509 5615 1869 5672 Orientalium
1923 5633 2075 5685 pace,
2118 5632 2288 5685 caque

1371 5801 1414 5832 “
1443 5801 1494 5855 In
1527 5800 1698 5856 Calai.

842 5800 883 5828 "
921 5799 1036 5855 Lib.
1076 5818 1129 5866 v,
1161 5818 1208 5855 ρ.
1239 5801 1293 5856 5.
1371 5801 1414 5832 “
1443 5801 1494 5855 In
1527 5800 1698 5856 Calai.
1799 5804 1844 5835 ’⁸
1877 5801 1993 5856 Lib.
2030 5819 2079 5868 v,
2115 5818 2163 5856 c.
2200 5803 2242 5855 l.

2403 3322 2669 3393 pontificis
2715 3337 2871 3390 opem
2925 3321 3235 3391 implorare,
3285 3330 3395 3375 tum
3443 3328 3659 3389 propter
3711 3317 3973 3371 vicinita-

2407 3427 2533 3480 tem,
2568 3422 2678 3468 tum
2719 3423 2938 3484 propter
2982 3415 3269 3484 potiorem,
3325 3422 3382 3466 ut
3424 3413 3661 3481 loquitur
3703 3410 3970 3471 lrenmus,

2361 3531 2364 3537 -
2403 3505 2890 3575 principalitatem;
2924 3514 2983 3559 ut
3022 3505 3254 3558 viduatae
3298 3517 3394 3558 suo
3444 3513 3660 3572 pastore
3709 3501 3976 3556 Ecclesia:

2327 4485 2370 4538 D

2419 5802 2534 5858 Lib.
2575 5818 2622 5860 γ,
2658 5821 2700 5854 tr.

2402 3613 2498 3667 per
2532 3598 2775 3668 ejusdem
2809 3597 2994 3652 lrenaai
3039 3597 3502 3651 consecrationem
3547 3593 3821 3662 suppetias
3854 3593 3974 3648 fer-

2401 3699 2506 3743 ret.
2536 3690 2633 3743 llic
2664 3704 2792 3759 ergo
2821 3687 3046 3743 Romam
3087 3687 3380 3741 mittendus
3429 3686 3549 3749 fuit,
3594 3695 3667 3747 et,
3714 3693 3770 3737 ut
3816 3684 3974 3738 fere-

2402 3784 2533 3838 bant
2566 3782 2821 3836 Ecclesite
2865 3781 3030 3852 leges,
3063 3781 3178 3850 ejus
3221 3780 3375 3844 fides,
3426 3780 3618 3848 pietas,
3649 3779 3841 3831 merita
3873 3779 3974 3830 de-

2403 3873 2567 3941 niQue
2617 3871 2906 3927 Eleuthero
2952 3870 3248 3939 probanda.
3293 3869 3515 3936 Hucque
3556 3877 3799 3936 spectant
3843 3869 3972 3936 epi-

2401 3963 2552 4017 stola:
2582 3961 3032 4017 commendatitiae
3064 3975 3199 4028 quas
3227 3959 3294 4012 ad
3339 3959 3643 4029 pontificem
3693 3959 3973 4027 scripsere

2401 4064 2688 4123 martyres,
2736 4055 2932 4123 quibus
2975 4053 3164 4106 lrenmi
3216 4049 3480 4122 singulare
3513 4067 3606 4120 pro
3656 4048 3854 4104 Christi
3891 4063 3974 4104 te-

2401 4155 2654 4201 stamento
2677 4146 2910 4200 studium
2943 4146 3252 4215 praedicant,
3283 4146 3671 4214 hortanturque
3707 4153 3760 4196 ut
3790 4145 3972 4211 ipsum

2399 4238 2599 4291 ueteris
2658 4246 2977 4304 anteponat,
3016 4235 3158 4306 ἔχειν
3215 4252 3273 4287 σε
3310 4234 3470 4288 αὐτὸν
3525 4236 3580 4287 ἐν
3613 4234 3918 4304 παραθέσει
3951 4255 3970 4290 ;

2401 4343 2468 4382 ne
2508 4329 2687 4382 minus
2715 4337 2902 4382 notum
2932 4327 3304 4396 presbyterum
3362 4326 3429 4378 ad
3487 4325 3802 4394 dignitatem
3847 4327 3973 4395 epi-

2401 4423 2667 4490 scopalem
2698 4420 2928 4473 evehere
2954 4417 3248 4473 dubitaret.
3297 4417 3387 4472 Sic
3429 4416 3720 4471 Eusebium
3753 4418 3796 4449 ²⁷
3833 4434 3970 4472 cum

2402 4513 2470 4568 cl.
2499 4511 2696 4567 Leonis
2723 4512 2932 4565 editore
2971 4511 3329 4578 interpretor;
3379 4523 3407 4561 a
3451 4522 3557 4576 quo
3589 4517 3765 4562 tamen
3817 4509 3869 4560 in
3900 4524 3973 4562 eo

2402 4603 2703 4667 dissentio,
2771 4601 2912 4671 quod
2962 4601 3292 4668 probabilius
3354 4609 3504 4671 putet
3556 4611 3679 4653 ante
3739 4599 3968 4654 Pothini

2404 4706 2812 4763 martyrumque
2863 4703 3086 4746 mortem
3133 4695 3197 4747 ad
3252 4692 3596 4746 Eleutherum
3651 4693 3968 4760 profectum

2399 4803 2517 4842 esse
2559 4787 2840 4841 lrenmum.
2879 4784 3058 4853 Neque
3097 4787 3238 4839 enim
3271 4785 3515 4838 obtinere
3549 4799 3578 4836 a
3623 4800 3705 4838 me
3735 4799 3965 4853 possum

2393 4888 2452 4931 ut
2503 4879 2744 4944 credam,
2803 4890 3074 4948 martyres
3123 4891 3222 4931 suo
3283 4877 3458 4930 adhuc
3488 4877 3538 4929 in
3586 4877 3720 4931 vivis
3763 4891 3969 4946 agente

2393 4970 2649 5039 episcopo
2684 4969 2907 5022 Romam
2941 4969 3175 5032 misisse,
3207 4969 3297 5036 qui
3342 4968 3568 5020 necdum
3603 4982 3824 5021 vacuam
3879 4984 3971 5024 se-

2392 5063 2511 5116 dem
2545 5072 2874 5128 capesseret.
2908 5060 3064 5126 Nam,
3118 5072 3478 5130 praeterquam
3508 5063 3647 5130 quod
3683 5061 3734 5113 id
3767 5061 3968 5118 Eccle-

2393 5155 2488 5206 sia:
2522 5152 2727 5222 legibus
2758 5152 3123 5221 repugnabat,
3172 5154 3283 5223 ipsa
3313 5164 3613 5221 martyrum
3642 5152 3797 5213 Acta,
3833 5169 3969 5220 quae

2395 5243 2563 5297 refert
2609 5243 2876 5298 Eusebius
2905 5245 2967 5308 ³⁸,
2996 5244 3060 5296 ad
3096 5243 3366 5298 Ecclesias
3416 5245 3559 5297 Asiae
3597 5252 3651 5295 ct
3701 5241 3968 5312 Phrygiae

2393 5339 2583 5402 missa,
2627 5348 2889 5392 testantur
2929 5336 3215 5391 Pothinum
3302 5336 3518 5390 ineunte
3589 5331 3698 5385 fere
3760 5348 3964 5400 persc-

2391 5429 2611 5482 cutione
2656 5431 3124 5499 comprehensum,
3185 5431 3442 5496 martyrio
3484 5428 3647 5480 vitam
3705 5426 3964 5497 ftniisse;

2390 5525 2551 5592 idque
2582 5533 2691 5578 tota
2740 5523 3053 5578 Eusebianm
3100 5523 3425 5576 narrationis
3483 5523 3652 5574 series
3703 5523 3839 5574 satis
3884 5524 3942 5574 in

2389 5619 2598 5681 sinuat;
2635 5616 2767 5672 adeo
2803 5625 2860 5671 ut
2885 5618 2949 5671 dc
2994 5617 3255 5672 mittendo
3289 5616 3510 5668 ltomam
3541 5615 3743 5668 lrcnaro
3772 5616 3967 5668 consi-

2894 5803 2931 5829 ²τ
2973 5801 3096 5854 ibid.
3132 5817 3176 5852 (ξ.
3221 5801 3276 5851 4,

2745 5809 2793 5855 U.
2894 5803 2931 5829 ²⁷
2973 5801 3096 5854 ibid.
3132 5817 3176 5852 c.
3221 5801 3276 5851 4.
3380 5797 3420 5827 ⁷⁸
3457 5796 3554 5862 HL,
3587 5812 3700 5861 t‘uti.
3738 5795 3787 5848 1.
