4196 6330
179 355 268 413 185

803 352 1267 410 DlSSERTATIO
1301 353 1366 422 ll,
1408 351 1570 409 ΛΒΤ.
1612 351 1653 416 l,
1696 349 1784 405 DE
1819 351 1876 407 S.
1914 350 2170 407 IRENASI
2203 351 2364 408 VITA
2397 352 2460 408 E'l

1134 352 1267 410 .TIO
1301 353 1366 422 ll,
1408 351 1570 409 ΛΒΤ.
1612 351 1653 416 l,
1696 349 1784 405 DE
1819 351 1876 407 S.
1914 350 2170 407 ΠὶΕΝᾹΞΙ
2203 351 2364 408 νιΤΑ
2397 352 2484 408 ΕΤ
2524 354 2791 412 GESTIS.

3306 358 3406 412 {SC

176 473 291 529 lium
330 475 546 545 cepisse
581 483 857 548 martyres
911 474 1242 541 referantur,
1297 483 1423 546 post
1473 485 1741 530 memora—
1768 475 1812 529 A
1846 471 2082 538 patroni,
2109 472 2367 530 Ecclesiae
2411 472 2788 541 Lugdunensis
2817 475 3036 530 exordia
3063 477 3247 532 deberi
3303 479 3406 538 Pu-

176 575 270 619 tam
291 563 399 632 jam
423 565 671 636 episcOpi
701 566 784 620 sui
815 573 1067 630 mortem,
1091 573 1152 621 ut
1183 566 1301 621 haec
1341 564 1418 619 illi
1453 565 1730 630 pmivisse

175 656 589 711 demonstretur.
625 655 686 710 Si
717 670 847 710 vero
875 655 1142 711 Eusebius
1185 664 1307 726 post
1333 669 1728 711 commemora-

175 758 294 812 tam,
323 761 442 814 cap.
472 748 533 811 4,
564 748 753 802 Ιτθηειξί
784 747 1130 817 legationem,
1169 748 1364 803 iterum
1413 748 1479 803 de
1508 747 1726 804 Pethini

174 836 673 908 morte,lrenaeique
696 838 748 891 in
783 837 902 907 ejus
925 838 1105 893 locum
1139 840 1530 894 substitutione
1559 850 1724 908 agat;

173 939 477 996 argumento
543 946 651 984 non
721 942 807 985 est
874 946 992 986 eam
1058 943 1234 986 morte
1289 932 1530 1002 priorem
1594 929 1727 989 fuis-

171 1033 248 1083 se;
284 1019 373 1072 sed
429 1032 560 1074 eum
617 1021 879 1076 Eusebius
910 1020 1041 1076 cieri
1081 1030 1134 1076 et
1187 1031 1487 1092 martyrum
1521 1020 1724 1091 episto-

172 1109 257 1174 las,
287 1110 336 1164 in
362 1111 567 1182 quibus
603 1115 782 1168 omnia
817 1115 931 1168 hate
975 1115 1187 1181 eodem,
1221 1131 1329 1186 quo
1355 1114 1494 1180 dixi,
1533 1115 1724 1170 ordine

169 1201 484 1268 referuntur,
549 1207 937 1261 exscribendas
982 1207 1086 1262 sibi
1146 1208 1538 1278 proposuisset,
1579 1210 1722 1277 quod

168 1294 342 1362 primis
382 1306 624 1366 quatuor
668 1296 790 1352 libri
825 1299 996 1368 quinti
1030 1299 1301 1368 capitibus
1357 1299 1718 1368 exsequitur;

168 1401 273 1454 qua:
296 1387 358 1441 de
385 1388 594 1444 Irenaeo
617 1389 728 1459 jam
773 1391 886 1444 suis
918 1391 1099 1446 verbis
1130 1391 1378 1448 dicturus
1432 1402 1577 1457 erat,
1630 1393 1723 1447 de-

164 1476 286 1542 buit,
321 1492 386 1532 ne
437 1480 776 1535 narrationis
821 1481 969 1536 tilum
1027 1484 1414 1554 abrumperet,
1469 1483 1521 1537 in
1560 1493 1723 1554 caput

164 1577 356 1620 sextum
389 1569 640 1635 rejicere.
673 1572 756 1628 Ab
782 1572 1014 1628 Eusebio
1053 1590 1159 1628 non
1190 1576 1422 1630 discedit
1455 1574 1721 1648 Hierony-

163 1671 288 1723 mus,
318 1660 491 1729 quiin
530 1661 669 1718 libro
698 1663 775 1719 De
817 1667 1161 1733 scriptoribus
1217 1667 1608 1733 ecclesiasticis,
1652 1669 1719 1722 de

161 1747 346 1806 lreneo
374 1752 448 1808 ita
481 1753 766 1824 loquitur:
812 1755 1052 1811 Ircnwus
1091 1757 1310 1812 Pothini
1341 1759 1590 1829 episcopi,
1628 1759 1719 1828 qui

161 1839 548 1910 Lugdunensem
573 1846 628 1900 in
651 1843 828 1901 Gallia
853 1849 1055 1918 regebat
1081 1848 1393 1914 Ecclesium,
1432 1853 1718 1920 presbyter,

161 1948 190 1985 α
209 1937 520 2004 martyribus
545 1936 775 2006 ejusdem
801 1937 902 1991 loci
927 1940 989 1993 ob
1012 1941 1270 2008 quasdam
1299 1939 1550 1996 Ecclesia
1575 1959 1720 2010 qure-

161 2026 338 2080 stiones
384 2027 593 2099 legatus
634 2029 860 2084 Romam
914 2035 1140 2100 missus,
1194 2035 1513 2103 honoriﬁcus
1561 2052 1719 2105 super

159 2119 353 2173 nomine
395 2137 498 2175 suo
531 2121 607 2183 (id
655 2133 762 2188 est,
818 2125 1022 2180 nomini
1061 2126 1200 2195 ejus,
1249 2127 1391 2198 quod
1433 2127 1715 2196 paciﬁcum

159 2218 323 2275 sonat,
352 2213 768 2284 respondentes)
809 2218 879 2269 ad
915 2215 1255 2272 Eleutherum
1278 2221 1576 2288 episcopum
1598 2236 1717 2288 per-

157 2302 244 2372 fert
272 2303 498 2358 litteras.
540 2303 733 2360 Postea
760 2308 876 2376 jam
905 2306 1134 2363 Pothino
1176 2327 1334 2378 prope
1359 2312 1714 2380 nonagenario

157 2394 211 2447 ob
235 2393 501 2451 Christum
531 2402 786 2470 martyrio
827 2411 1100 2466 coronato,
1133 2403 1192 2456 in
1231 2402 1403 2457 locum
1442 2404 1554 2472 ejus
1585 2405 1712 2458 sub-

157 2487 397 2543 stituitur.
425 2489 714 2567 [LXXXII]
732 2494 939 2561 Quibus
958 2497 1139 2550 verbis
1159 2511 1266 2550 non
1287 2498 1518 2552 obscure
1540 2497 1711 2568 signi-

155 2577 270 2636 ﬁcat
316 2583 585 2652 duplicem
615 2587 782 2644 fuisse
812 2587 1103 2659 legationis
1133 2588 1326 2645 lrenaai
1355 2589 1549 2645 finem:
1577 2591 1712 2646 alte-

156 2684 278 2734 rum,
309 2688 546 2745 eumque
584 2678 763 2732 minus
797 2681 1152 2749 praecipuum,
1189 2680 1481 2751 quemjam
1509 2697 1714 2738 memo-

155 2763 402 2830 ravimus,
421 2776 480 2820 ut
503 2770 566 2821 de
586 2770 906 2838 quibusdam
924 2771 1183 2827 Ecclesiae
1206 2776 1620 2844 quaestionibus,
1643 2777 1710 2833 iis

155 2854 392 2912 nimirum
421 2876 544 2929 quae
565 2863 630 2914 ad
657 2877 825 2916 novas
848 2866 1163 2933 prophetias
1195 2868 1538 2937 spectabant,
1569 2871 1708 2938 apud

155 2955 446 3020 pontiﬁcem
480 2970 710 3029 ageret;
745 2959 974 3017 alterum
1021 2963 1181 3033 longe
1225 2965 1511 3034 potiorem,
1549 2974 1607 3019 ut
1653 2966 1705 3020 in

152 3041 352 3102 Pothini
379 3049 624 3107 defuncti
669 3052 847 3108 locum
880 3055 1331 3122 substitueretur;
1379 3067 1433 3112 et
1473 3074 1592 3114 eam
1637 3059 1706 3113 ob

154 3149 252 3189 rem
285 3137 622 3198 honorificas
651 3158 816 3214 super
845 3147 1067 3202 nomine
1096 3163 1194 3202 suo
1228 3149 1516 3216 pertulisse
1560 3149 1708 3204 litteo

153 3242 251 3284 ras.
291 3230 467 3289 Priori
504 3234 789 3305 legationis
835 3238 1014 3295 ofﬁcio
1070 3243 1390 3310 perfunctus
1445 3243 1702 3310 lrenzcus,

150 3330 313 3389 postea
367 3328 668 3382 secundum
724 3330 880 3399 obiit,
928 3334 983 3386 in
1043 3333 1260 3389 Pothini
1298 3335 1367 3390 ob
1427 3335 1702 3391 Christum

151 3418 395 3485 martyrio
442 3424 694 3477 coronati
742 3422 918 3478 locum
950 3427 1296 3483 substitutus.
1329 3430 1374 3482 Α
1405 3429 1552 3498 quo?
1603 3431 1703 3484 nisi

151 3507 210 3560 ab
235 3506 550 3576 Eleuthero,
583 3513 650 3567 ad
695 3528 854 3583 quem
900 3516 1229 3575 bonorificas
1269 3535 1432 3588 super
1482 3522 1703 3576 nomine

150 3611 238 3651 suo
285 3603 586 3669 pertulerat
635 3604 866 3661 litteras.
920 3608 1056 3663 lllud
1108 3610 1294 3679 igitur,
1341 3623 1543 3682 postea,
1595 3629 1700 3668 non

149 3687 430 3758 longiorem
457 3692 692 3762 aliquam
728 3697 984 3766 temporis
1015 3713 1244 3767 moram,
1275 3703 1428 3770 quasi
1467 3702 1703 3763 Irenzcus

149 3776 330 3836 litteris
352 3781 584 3838 Romam
618 3786 864 3853 perlatis,
889 3789 940 3842 in
970 3787 1174 3846 Gallias
1199 3794 1369 3848 redux
1401 3797 1454 3850 in
1481 3798 1700 3854 Pothini

148 3870 308 3928 locum
341 3878 676 3932 substitutus
709 3877 936 3946 fuisset;
973 3883 1068 3936 sed
1097 3897 1278 3938 rerum
1311 3886 1507 3941 seriem
1533 3889 1702 3958 signi-

147 3964 279 4034 ficat,
318 3983 552 4036 quarum
596 3969 714 4024 alia:
753 3971 889 4026 alias
941 3973 1132 4042 paucis
1176 3974 1367 4030 diebus
1409 3993 1702 4046 praecesse-

146 4055 242 4109 rint
277 4076 291 4112 :
325 4059 584 4113 nimirum
627 4060 886 4117 Irenaeum
915 4064 1150 4134 primum
1200 4067 1570 4125 Ecclesiarum
1608 4088 1704 4141 pa-

148 4162 248 4201 cem
289 4153 434 4221 apud
489 4153 837 4209 Eleutherum
893 4156 1262 4226 sollicitasse,
1316 4169 1426 4214 tum
1486 4165 1701 4218 demum

148 4253 514 4299 consecratum
574 4247 641 4300 ab
691 4263 754 4303 eo
807 4247 976 4306 fuisse
1018 4251 1366 4322 episcopum,
1420 4254 1475 4309 in
1526 4256 1702 4312 locum

146 4329 343 4388 Pothini
374 4336 642 4395 defuncti.

206 4425 288 4480 l3.
335 4426 516 4482 Unum
549 4442 795 4500 superest
843 4436 985 4503 quod
1014 4436 1156 4492 forte
1212 4437 1524 4507 scrupulum
1583 4441 1701 4494 cui-

1836 562 1991 616 thino
2043 561 2326 632 episc0po,
2358 563 2449 632 qui
2507 565 2712 633 primus
2745 565 2797 618 in
2834 579 2898 618 ea
2949 563 3080 617 urbe
3131 564 3404 634 Evangelii

1831 656 2186 712 fundamenta
2213 657 2364 726 jecit.
2412 656 2471 712 Si
2495 668 2676 711 autem
2695 656 2885 727 religio
2913 653 3218 711 Christiana
3249 657 3406 729 longe

1831 753 2046 823 lateque
2094 750 2286 806 diffusa
2335 762 2462 804 tunc
2517 749 2708 804 fuisset
2764 750 2816 803 in
2859 747 3067 814 Galliis,
3119 749 3406 818 pluresqu

1823 845 1936 914 jam
1967 860 1997 900 a
2032 843 2178 899 Petri
2224 854 2280 898 et
2312 843 2463 896 Pauli
2503 843 2839 911 temporibus
2885 844 3197 897 constituta:
3247 842 3303 894 in
3340 842 3405 896 iis

1828 937 2148 1007 regionibus
2193 936 2535 1007 episcopales
2578 937 2764 1001 sedes;
2798 935 2888 1004 qui
2951 935 3064 987 fieri
3122 935 3294 1002 potuit
3345 940 3403 988 ut

1827 1031 2150 1099 Lugdunum
2179 1069 2196 1095 ,
2226 1044 2384 1083 unam
2418 1041 2452 1084 e
2503 1028 2782 1096 primariis
2833 1025 3023 1081 Gallia:
3061 1026 3402 1090 civitatibus,

1827 1121 2229 1191 metrOpolitiea
2303 1122 2571 1190 dignitate
2625 1121 3009 1189 conspicuam,
3056 1130 3398 1184 mercatura,

1825 1217 2005 1288 populi
2034 1216 2340 1285 frequentia
2363 1254 2379 1280 ,
2411 1214 2712 1284 primorum
2747 1213 3166 1282 magistratuum
3199 1214 3400 1265 Roma-

1824 1325 2015 1364 norum
2055 1309 2392 1364 habitatione
2419 1321 2484 1360 ac
2522 1305 2799 1361 domicilio
2827 1305 3269 1367 celeberrimam,
3294 1301 3403 1357 Ita-

1822 1401 2014 1472 liaeque
2044 1401 2300 1465 vicinam,
2336 1398 2517 1454 nullus
2551 1398 2763 1465 [adierit
2815 1398 3090 1468 Evangelii
3125 1397 3397 1461 minister,

1823 1495 2003 1550 nullus
2040 1494 2110 1548 ibi
2138 1492 2380 1547 fundarit
2410 1491 2737 1554 Eeclesiam,
2778 1489 3204 1559 episcOpumque
3252 1490 3404 1543 insti-

1824 1589 2006 1654 tuerit,
2051 1586 2144 1656 qui
2190 1583 2535 1654 amplissimae
2584 1583 2735 1636 urbis
2772 1581 3123 1636 conversioni
3170 1596 3396 1651 operam

1822 1683 2078 1737 navaret?
2105 1678 2222 1735 Non
2252 1678 2444 1750 procul
2480 1679 2616 1730 adeo
2647 1675 2854 1730 distant
2885 1691 2914 1730 a
2945 1674 3209 1746 Lugdune
3241 1675 3401 1730 Vien-

1823 1789 1915 1839 na,
1943 1773 2217 1838 Narbona,
2256 1773 2493 1837 Arelate,
2525 1770 2741 1833 Tolosa,
2773 1779 2881 1822 etc.
2916 1768 2973 1823 Si
3004 1768 3167 1837 igitur
3197 1783 3275 1822 ea:
3302 1782 3394 1821 ur-

1819 1866 2048 1934 besjam
2086 1874 2215 1919 ante
2263 1863 2557 1919 Pothinum
2607 1862 2922 1932 evangelica
2975 1861 3126 1925 luce,
3173 1861 3396 1929 suisque

1819 1955 2142 2026 praesulibus
2173 1956 2373 2030 gavisae
2433 1953 2700 2017 fuissent;
2755 1953 2929 2023 prima
2978 1951 3203 2004 istorunt
3261 1962 3395 2002 cura

1817 2064 1937 2105 esse
1968 2049 2268 2115 debuisset,
2293 2050 2339 2104 si
2371 2050 2515 2119 quod
2550 2046 2942 2115 ampliﬁcanda:
2973 2041 3248 2113 religionis
3278 2051 3396 2095 stu-

1818 2139 1966 2194 dium
2028 2149 2248 2210 pectora
2318 2140 2674 2206 incessisset,
2736 2138 3057 2206 Lugdunum
3124 2132 3390 2188 coloniam

1816 2231 2181 2288 Christianam
2227 2233 2516 2296 deducere,
2544 2246 2574 2286 e
2600 2245 2703 2300 qua
2755 2237 2904 2281 tanta
2944 2225 3151 2278 utilitas
3183 2223 3234 2276 in
3287 2223 3393 2276 Ec-

1814 2325 2038 2380 clesiam
2076 2333 2385 2389 manaSset;
2420 2324 2541 2386 {nec
2596 2336 2822 2377 necesse
2853 2318 3048 2373 fuisset
3079 2316 3388 2376 Pothinum,

1815 2417 2095 2484 Irenaeum,
2128 2419 2373 2486 aliosque
2403 2415 2682 2484 Evangelii
2731 2412 3013 2466 ministros
3058 2424 3124 2463 ex
3166 2405 3393 2462 Oriente

1815 2511 2053 2573 mittere,
2105 2512 2197 2581 qui
2243 2525 2361 2565 eam
2419 2509 2608 2564 urbem
2664 2505 2979 2572 vicinasque
3027 2501 3278 2571 regiones
3323 2497 3390 2550 ad

1811 2599 2086 2654 Christum
2120 2607 2525 2654 converterent.
2559 2596 2721 2650 Certe
2752 2595 2794 2648 si
2834 2610 2952 2662 qu:e
2995 2594 3123 2645 urbs
3169 2588 3388 2645 Pothini

1813 2700 1974 2744 atate
2006 2691 2286 2759 pr0prium
2309 2690 2620 2758 episcopum
2652 2687 2851 2739 habere
2883 2684 3181 2744 debuisset,
3215 2680 3391 2734 maxi-

1813 2799 1896 2837 me
1941 2783 2170 2848 Vienna,
2211 2782 2402 2851 inqua
2462 2782 2812 2835 constitutam
2867 2779 3032 2848 fuisse
3085 2776 3386 2831 Ecclesium

1810 2891 1878 2929 ex
1906 2875 2070 2929 citata
2107 2887 2408 2945 martyrum
2441 2871 2666 2943 epistola
2717 2872 2926 2941 liquido
2986 2879 3159 2939 patet.
3192 2868 3385 2921 Mirum

1811 2977 1990 3022 autem
2049 2967 2100 3019 in
2145 2975 2252 3019 tota
2302 2979 2362 3018 ea
2427 2963 2683 3035 epistola,
2729 2962 3116 3016 Hennensium
3169 2961 3389 3028 perinde

1813 3071 1975 3128 atque
2005 3056 2444 3127 Lugdunensium
2499 3057 2718 3109 nomine
2754 3055 2978 3122 scripta,
3010 3051 3388 3120 Lugdunensis

1735 3154 1780 3216 C
1811 3151 2051 3222 episc0pi
2095 3148 2477 3214 honorificam,
2514 3146 2835 3201 Viennensis
2887 3160 3015 3199 vero
3065 3159 3130 3196 ne
3177 3142 3387 3196 levissi-

1810 3258 1954 3296 mam
1991 3244 2210 3309 quidem
2238 3239 2352 3293 fieri
2387 3239 2737 3292 mentionem.
2777 3236 2844 3291 Et
2873 3246 3052 3289 tamen
3089 3250 3193 3286 non
3225 3234 3388 3287 omit-

1812 3337 1945 3389 titur
1975 3349 2115 3389 unus
2145 3350 2175 3389 e
2205 3343 2506 3404 martyrum
2532 3347 2760 3385 numero
2780 3333 3034 3390 Sanctus,
3065 3322 3388 3380 Viennensis

1807 3428 2091 3482 diaconus.
2131 3427 2205 3480 De
2234 3425 2491 3496 episcOpo
2529 3436 2708 3478 autem
2739 3422 3030 3478 Viennensi
3062 3419 3384 3472 altissimum

1810 3522 2010 3591 ubique
2046 3521 2343 3576 silentium.
2391 3519 2648 3574 Scribunt
2702 3517 3090 3586 Lugdunenses
3133 3522 3188 3566 et
3227 3511 3389 3565 Vien-

1807 3626 2022 3679 nenses,
2055 3613 2192 3682 quod
2252 3628 2316 3666 ea:
2375 3621 2599 3678 utraque
2655 3607 2894 3661 Ecclesia
2961 3604 3385 3674 prwslarttissimi

1805 3706 2017 3774 quique,
2051 3714 2096 3757 et
2151 3720 2375 3773 quorum
2419 3703 2647 3755 maxime
2681 3701 2860 3752 labore
2908 3710 2955 3751 et
2999 3697 3262 3750 industria
3303 3711 3384 3749 res

1805 3797 1888 3850 hic
1928 3799 2226 3851 constituta:
2252 3796 2497 3866 fuerant,
2551 3793 2710 3848 simul
2748 3810 2921 3846 omnes
2965 3802 3282 3866 tenerentur.
3325 3789 3384 3844 Si

1807 3889 2243 3956 praestantissimi
2289 3890 2488 3958 quique
2531 3903 2596 3942 ex
2651 3897 2878 3956 utraque
2929 3885 3172 3938 Ecclesia
3201 3863 3385 3937 .simul

1805 3997 1992 4037 omnes
2049 3992 2386 4049 tenerentur,
2433 3980 2819 4050 comprehendi
2859 3978 3044 4032 debuit
3096 3993 3216 4030 cum
3275 3976 3380 4031 Po-

1809 4073 1959 4128 thiuo
2006 4083 2062 4128 et
2100 4073 2424 4128 Viennensis
2477 4074 2807 4142 episcopus,
2868 4085 2966 4123 nec
3015 4085 3210 4123 nomen
3264 4069 3381 4138 ejus

1804 4166 2172 4236 praetermitti.
2215 4166 2348 4218 Dum
2399 4175 2580 4219 tamen
2635 4164 3210 4232 praestantissimorum
3265 4161 3381 4214 illo-

1805 4275 1924 4314 rum
1977 4259 2196 4312 nomina
2255 4267 2562 4321 recensent,
2599 4255 3017 4325 Lugdunensem
3067 4255 3383 4322 episcopum

1809 4366 1914 4405 non
1964 4350 2145 4414 silent,
2192 4347 2508 4402 Viennensis
2546 4360 2611 4399 ne
2657 4348 2822 4400 verbo
2855 4347 3074 4414 quidem
3115 4344 3381 4397 memine-

1808 4454 1952 4498 runt.
1989 4442 2142 4496 Hunc
2169 4440 2426 4509 implicile
2458 4439 2649 4493 saltem
2692 4439 2959 4492 contineri
2992 4437 3105 4491 vult
3132 4436 3384 4490 docti'ssi-e

145 4515 273 4582 piam
318 4520 549 4588 injicere
570 4537 734 4594 queat
765 4543 778 4579 :
811 4528 862 4582 id
896 4529 1146 4585 videlicet
1171 4532 1313 4600 quod
1357 4533 1490 4598 dixi,
1533 4536 1700 4587 raris-
1734 4503 1777 4557 Β
1805 4553 1926 4591 mus
1955 4503 2329 4589 Tillemontius
2379 4534 2520 4586 inter
2561 4531 3040 4601 prtestantissimos
3066 4531 3206 4593 illos,
3241 4545 3378 4598 quos

148 4610 296 4667 simus
327 4628 456 4670 tunc
490 4620 773 4685 temporis,
808 4633 901 4674 aut
946 4622 1087 4679 forte
1133 4625 1440 4679 nullosdum
1472 4629 1524 4680 in
1577 4630 1702 4683 Gal-

148 4705 222 4761 liis
249 4708 420 4764 fuisse
463 4713 768 4783 episcopos,
801 4732 828 4769 a
855 4717 1050 4785 quibus
1095 4733 1352 4772 manuum
1399 4720 1701 4790 impositio-

149 4815 254 4853 nem
287 4805 536 4874 accipere
567 4811 832 4874 potuisset
879 4808 1132 4866 Irenaeus.
1180 4811 1294 4866 Non
1332 4814 1552 4883 quidem
1610 4819 1699 4871 hic

149 4895 544 4951 celeberrimam
581 4902 645 4954 de
687 4902 875 4969 primis
922 4901 1218 4959 Galliarum
1270 4906 1528 4976 apostolis
1559 4925 1701 4977 qum—

148 4988 358 5046 stionem
394 4994 461 5045 ad
501 5009 699 5048 novqu
731 5010 958 5050 examen
1003 5013 1260 5055 revocare
1296 5003 1429 5056 mihi
1477 5006 1533 5056 in
1580 5007 1700 5059 atti-

149 5096 224 5134 mo
249 5096 329 5138 est
360 5103 374 5138 :
415 5085 545 5139 illud
581 5097 789 5142 tantum
818 5105 1061 5146 asserere
1092 5091 1274 5158 liceat,
1311 5097 1451 5165 quod
1487 5111 1551 5150 ex
1583 5113 1699 5150 cer-

151 5176 206 5228 tis
235 5178 654 5249 indttbttatisquc
687 5185 1051 5238 monumentis
1087 5187 1429 5256 exploratum
1460 5189 1697 5252 videtur,

149 5266 204 5319 il.
267 5270 471 5327 Aurelii
545 5276 879 5342 temporibus
941 5275 1310 5331 Christianam
1384 5279 1696 5349 religionem

151 5364 367 5417 nondum
400 5366 540 5420 altas
573 5367 892 5436 lirmasqnes
926 5369 1133 5424 radices
1176 5371 1228 5424 in
1268 5371 1453 5425 Galliis
1486 5374 1693 5441 egisse,

151 5456 598 5525 paucissimasque
630 5458 699 5510 ibi
731 5457 945 5512 Pothini
990 5468 1045 5513 et
1078 5461 1259 5514 lrenaei
1294 5473 1450 5516 aetate
1492 5463 1696 5518 consti—

153 5551 276 5598 tutas
311 5548 481 5601 fuisse
511 5551 848 5620 episc0pales
878 5555 1051 5607 sedes.
1080 5552 1301 5608 Certum
1345 5565 1446 5619 est,
1482 5573 1581 5610 nec
1611 5572 1699 5610 ne-

150 5650 258 5702 gant
294 5642 550 5695 acerrimi
599 5642 912 5699 Missionum
945 5647 1367 5716 apostolicarum
1401 5651 1454 5704 in
1507 5650 1696 5706 Galliis

239 5824 280 5854 ³³
307 5824 382 5880 De
416 5825 498 5881 Gl.
533 5825 712 5892 Μλτιη
744 5844 792 5884 c.
824 5827 913 5883 49.

993 5828 1034 5859 ³ο
1060 5827 1230 5882 ‘BJuu.

1799 4645 1864 4684 ex
1898 4638 2126 4698 utraque
2170 4627 2414 4682 Ecclesia
2462 4626 2891 4693 comprehensos
2947 4634 3137 4676 narrat
3176 4626 3379 4691 episto-

1799 4725 1870 4778 la.
1903 4725 1972 4777 At
2002 4724 2053 4777 id
2088 4724 2257 4777 miror
2298 4722 2460 4775 etiam
2494 4730 2654 4788 atque
2691 4720 2875 4781 etiam,
2922 4729 3029 4770 tam
3063 4725 3373 4770 accuratam

1797 4817 2236 4888 Lugdunensium
2282 4825 2336 4869 et
2370 4814 2758 4870 Viennensium
2821 4811 3155 4879 diligentiam
3211 4809 3376 4862 fuisse

1799 4926 1924 4981 erga
1957 4910 2372 4977 Lugdunensem
2408 4909 2747 4976 episcopum,
2781 4914 2837 4957 ut
2867 4903 3378 4973 implicita.mentio—

1801 5020 1868 5058 ne
1929 5003 2345 5070 haudquaquam
2397 5001 2656 5066 contenti,
2706 5015 2827 5053 eum
2888 4998 3103 5065 proprio
3160 4998 3375 5049 nomine

1800 5093 2175 5163 appellandum
2209 5093 2554 5155 censuerint;
2599 5091 2678 5144 sic
2704 5105 2833 5143 vero
2865 5105 2959 5143 eos
2997 5089 3259 5143 defecisse
3294 5089 3376 5141 di-

1801 5186 2104 5256 ligentiam,
2138 5195 2194 5239 ut
2221 5186 2431 5238 diaconi
2461 5185 2782 5240 Viennensis
2812 5183 3066 5252 explicita
3098 5183 3373 5236 mentione

1800 5280 1964 5343 facta,
2000 5280 2237 5348 episcopi
2269 5279 2528 5347 implicite
2561 5279 2871 5330 meminisse
2899 5280 3030 5330 satis
3064 5276 3249 5340 fuerit,
3299 5286 3374 5329 ta-

1797 5374 1904 5426 cito
1945 5387 2170 5440 prorsus
2219 5371 2337 5441 ejus
2372 5373 2590 5424 nomine
2635 5379 2685 5422 et
2718 5372 2908 5436 gradu,
2948 5370 3103 5437 quasi
3149 5371 3228 5422 vel
3270 5370 3369 5421 ob-

1800 5466 1945 5518 scuri
1986 5465 2220 5518 nominis
2257 5468 2413 5517 homo
2446 5465 2653 5529 fuisset,
2680 5465 2762 5516 vel
2796 5479 2880 5517 res
2906 5463 3106 5514 nullius
3136 5446 3372 5514 momen?

1801 5560 1860 5611 ti.
1901 5556 2194 5625 Gregorius
2242 5557 2577 5611 Turonensis
2609 5558 2653 5587 ’θ
2689 5557 2929 5625 pariter,
2966 5565 3019 5608 et
3059 5554 3174 5606 Ade
3210 5553 3368 5607 Vien-

1802 5651 1986 5706 nensis
2017 5650 2084 5718 3°,
2114 5651 2202 5720 qui
2244 5651 2523 5721 epistolam
2578 5651 2838 5719 integram
2875 5649 3134 5718 legerant,
3179 5645 3365 5714 prmci—
