4196 6330
780 338 882 395 187

1587 339 2181 396 DISSERTATIONES
2220 338 2518 394 PBA-ZVIE
2555 338 2619 393 IN
2658 338 2908 393 IRENASI
2945 340 3207 395 LIBROS.

3895 340 3996 396 188

778 475 1005 529 puerum
1026 475 1365 532 quorumque
1389 473 1687 532 martyrum
1712 465 1929 516 nomina
1954 461 2342 530 handimpigre
2373 465 2415 519 Α
2448 459 2703 515 Ecclesiae
2752 475 2937 513 curam
2990 476 3219 528 gerens:
3251 471 3304 514 et
3357 462 3409 515 In
3445 476 3628 515 eorum
3676 463 3850 528 capite
3902 464 3993 531 qui

780 562 1096 616 recensent,
1155 568 1543 620 numerumque
1598 553 1863 608 definiunt
1898 571 1908 605 :
1946 553 2010 605 de
2049 550 2337 605 Viennensi

774 644 1026 712 episeopo
1085 658 1150 696 ne
1183 646 1421 714 ,vetbum
1470 646 1705 711 quidem.
1753 643 1902 710 Quod
1961 654 2140 697 autem
2194 645 2341 696 addit

777 735 862 786 vir
891 734 960 787 cl.
996 745 1111 803 post
1156 734 1450 798 Vult-sitim,
1492 735 1711 789 Viennae
1759 746 1885 789 tunc
1930 737 2185 805 temporis
2216 751 2339 789 con-

776 823 1017 875 stitutatn
1063 824 1227 877 fuisse
1273 824 1594 886 Ecclesium,
1642 840 1865 892 eamque
1903 825 2014 893 jam
2045 826 2336 893 perlectam

776 924 830 965 et
872 912 1177 973 formatam
1217 932 1321 968 non
1361 927 1534 981 urget.
1578 914 1633 969 Si
1684 918 1823 970 enim
1862 915 2114 983 perfecta:
2143 928 2194 970 et
2234 917 2339 969 for-

781 1011 937 1054 matze
975 1002 1228 1057 Ecclesia:
1274 1006 1488 1057 "Omitte
1544 1019 1660 1057 eam
1714 1005 1993 1074 intelligat,
2049 1022 2167 1075 qua:
2212 1021 2336 1073 pro-

777 1096 953 1165 prium
1010 1098 1171 1151 bahet
1220 1098 1556 1166 episcopum.
1591 1097 1749 1150 talem
1791 1097 1953 1151 fuisse
1982 1098 2337 1152 Vennenscm

778 1186 1123 1254 negabintus,
1154 1199 1245 1240 aut
1273 1189 1463 1242 saitem
1499 1190 1880 1242 dubitabimus.
1918 1190 1969 1242 Si
1998 1205 2126 1242 vero
2156 1206 2338 1259 quem-

774 1278 908 1332 Iil:et
962 1278 1199 1332 ﬁdelium
1258 1295 1455 1334 emtum
1498 1281 1784 1350 intelligat,
1841 1281 1971 1334 nihil
2025 1282 2333 1337 obtinebit:

774 1386 897 1424 cum
940 1373 991 1425 in
1030 1372 1272 1440 pluribus
1324 1374 1457 1427 locis
1515 1374 1712 1426 fuerint
1761 1374 2011 1427 Ecclesia:
2054 1389 2117 1427 eo
2152 1390 2332 1443 sensu,

775 1476 895 1529 qua:
926 1470 1108 1516 tamen
1150 1464 1482 1532 episcopales
1514 1480 1618 1517 non
1664 1474 1842 1518 erant.
1877 1466 2093 1518 Certum
2144 1468 2338 1534 quippe

775 1562 860 1605 est
911 1569 975 1606 ex
1031 1556 1326 1608 Athanasio
1382 1556 1431 1607 in
1487 1552 1747 1624 Apologet.
1802 1571 1875 1619 ιι,
1936 1556 1986 1609 in
2030 1554 2337 1611 Murmotide

775 1643 996 1711 regione
1024 1646 1204 1713 plures
1234 1645 1401 1699 fuisse
1442 1645 1709 1701 Ecclesias
1742 1663 1754 1711 ;
1785 1656 1838 1700 et
1870 1658 2046 1701 tamen
2079 1666 2168 1701 nec
2200 1648 2335 1703 ullus

772 1751 1002 1802 unquam
1053 1739 1103 1788 in
1144 1756 1204 1790 ea
1245 1738 1343 1805 fuit
1394 1741 1681 1807 episcopus,
1733 1756 1793 1793 ac
1841 1757 1901 1793 ne
1942 1742 2333 1811 cliorepiscopus

770 1826 978 1893 quidem
1002 1845 1019 1891 ;
1046 1830 1135 1880 sed
1168 1832 1421 1883 universa:
1456 1832 1566 1900 ejus
1597 1832 1821 1899 regionis
1848 1831 2111 1897 Ecclesia,
2144 1834 2330 1901 inquit,

772 1918 1021 1986 subjecta:
1064 1932 1184 1972 sunt
1213 1924 1448 1987 episcopo
1484 1923 1862 1977 Alexandrino.
1910 1923 2120 1993 Singuli
2160 1934 2333 1977 autem

770 2012 1051 2079 presbyteri
1074 2015 1308 2078 ριόιινὶυδ
1332 2013 1516 2067 habent
1533 2033 1713 2083 pagos,
1735 2032 1920 2086 eosque
1944 2020 2219 2082 maximos,
2245 2026 2335 2070 aut

769 2100 969 2166 plures.
998 2102 1133 2169 Quid
1175 2105 1216 2155 si
1269 2121 1396 2173 ergo.
1444 2117 1547 2159 tam
1597 2108 1837 2160 modicus
1890 2109 2026 2175 apud
2076 2110 2335 2163 Viennam

774 2200 884 2244 tum
925 2192 1088 2247 fuerit
1122 2196 1353 2248 fidelium
1408 2212 1685 2263 numerus,
1722 2210 1777 2251 ut
1821 2199 2019 2265 pusillo
2050 2202 2197 2270 gregi
2252 2217 2335 2255 re-

770 2285 946 2351 gendo
970 2288 1103 2339 satis
1134 2303 1405 2357 superque
1451 2290 1609 2343 fuerit
1638 2308 1777 2345 unus
1817 2291 2187 2361 Lugdunensis
2223 2294 2335 2362 epi-

771 2390 987 2443 scopus,
1023 2378 1095 2432 illi
1136 2382 1250 2432 urbi
1286 2382 1522 2445 vicinus;
1562 2397 1682 2434 cum
1720 2384 1953 2437 maxime
2008 2395 2157 2438 tanta
2188 2396 2336 2440 esset

771 2468 943 2523 adhuc
973 2471 1207 2524 virorum
1237 2474 1616 2541 episcopalinm
1646 2476 1893 2543 penuria,
1922 2489 1978 2528 ut
2002 2477 2196 2544 singuli
2232 2478 2337 2531 sin-

771 2560 913 2627 gulis
944 2564 1168 2616 nrbibus
1218 2564 1415 2631 pranici
1458 2582 1559 2619 non
1601 2567 1859 2635 possent?
1902 2566 2142 2639 Eamque
2200 2570 2337 2623 forte

769 2654 838 2705 ob
870 2668 1087 2707 causam
1135 2658 1224 2723 qtti
1278 2656 1493 2711 Vienna:
1534 2658 1908 2727 comprehensi
1954 2668 2078 2712 sunt
2131 2660 2333 2725 fideles,

770 2743 1089 2814 Lugdunum
1124 2747 1362 2812 abducti,
1404 2767 1580 2804 coram
1612 2752 1837 2820 praeside
1878 2750 2220 2820 Lugdttnensi
2250 2756 2336 2823 ju-

772 2832 914 2891 dicio
952 2840 1244 2905 sistuntur,
1288 2843 1354 2894 ab
1387 2858 1449 2897 eo
1503 2843 1924 2912 interrogantur,
1968 2849 2335 2915 extremisque

769 2931 1049 2997 suppliciis
1090 2933 1434 2986 addicitntur.
1492 2934 1649 2988 Certe
1691 2922 2011 3004 Lugdunum
2044 2948 2097 2991 et
2128 2939 2333 2993 Vienna

771 3022 837 3074 ad
868 3023 1111 3076 diversas
1158 3027 1467 3092 provincias
1500 3030 1864 3095 pertinebant,
1923 3031 2037 3084 haec
2088 3032 2151 3085 ad
2204 3032 2337 3088 Nar-

2444 549 2723 618 utriusque
2764 550 3014 603 Ecclesiae
3065 549 3305 613 nomine,
3356 557 3465 601 tum
3524 551 3589 603 ad
3642 550 3993 605 Eleutherum

2442 656 2654 709 papam,
2710 651 2819 694 tuin
2871 643 2936 693 ad
2984 641 3286 695 Orientales
3341 642 3607 705 scribunt,
3661 657 3756 711 pro
3800 642 3993 695 merito

2441 732 2718 794 dignitatis
2763 742 3069 800 appareret.
3122 731 3319 785 anlibi
3369 743 3547 785 tamen
3596 734 3737 786 htmc
3778 733 3982 785 videas:

2442 824 2640 893 ubique
2668 824 3026 877 desideratur.
3062 824 3189 889 Quae
3219 823 3438 891 epistola
3470 824 3533 875 ad
3568 822 3759 877 fratres
3795 824 3845 874 in
3866 823 3992 875 Asia

2441 925 2495 968 et
2526 915 2755 984 Phrygia
2791 916 3050 983 degentes
3084 916 3331 979 mittitur,
3361 918 3496 969 hanc
3530 932 3637 983 pra:
3683 933 3742 970 se
3772 917 3873 969 fert
3907 916 3994 969 in—

2441 1006 2787 1072 Scripliouem
2824 1026 2834 1059 :
2868 1004 3011 1059 Servi
3062 1005 3290 1068 Christi,
3336 1008 3421 1075 qui
3472 1008 3609 1074 apud
3662 1006 3913 1063 Viennam
3943 1021 3991 1061 et

2440 1094 2748 1163 Lugdunum
2787 1096 2975 1150 Galliw
3020 1098 3237 1164 degunt,
3286 1096 3541 1165 fratribus
3583 1113 3675 1163 per
3716 1099 3892 1150 Asiam
3940 1107 3995 1151 et

2440 1185 2720 1258 Phrygiam
2743 1190 3060 1247 constitutis,
3083 1196 3214 1251 etc.,
3240 1187 3387 1242 nulla
3409 1187 3726 1241 Viennensis
3748 1188 3993 1256 episcopi

2439 1281 2711 1333 mentione
2766 1280 2931 1334 facta.
2980 1280 3061 1332 An
3118 1293 3247 1332 vero
3300 1279 3633 1333 Viennenses
3687 1280 3998 1335 inconsulto

2438 1372 2655 1440 proprio
2704 1372 2959 1439 episeopo
2993 1372 3059 1426 de
3092 1383 3389 1444 martyrum
3423 1386 3642 1425 suorum
3678 1371 3998 1424 certamini-

2437 1465 2537 1520 bus
2565 1464 2826 1527 scribere,
2860 1463 3232 1531 iudiciumque
3256 1478 3409 1517 suum
3451 1464 3516 1516 dc
3542 1463 3693 1516 novis
3720 1462 3995 1515 Montani-

2436 1568 2639 1612 starum
2682 1558 2983 1626 prophetiis
3026 1557 3373 1621 interponere
3408 1555 3744 1610 voluissent?
3782 1555 3854 1608 De
3881 1554 3993 1609 Luo

2439 1650 2809 1720 gdnnensibns
2853 1648 2984 1702 nihil
3018 1650 3214 1702 mirum
3258 1649 3301 1702 si
3334 1648 3595 1712 fecerint;
3628 1648 3850 1700 vacabat
3877 1657 3995 1700 tum

2436 1739 2805 1809 Lugdunensis
2831 1740 3003 1794 sedes.
3055 1741 3125 1793 At
3151 1742 3292 1809 quod
3324 1740 3498 1793 adhuc
3541 1740 3593 1792 in
3630 1739 3768 1793 vivis
3805 1753 4009 1807 super-

2436 1832 2564 1885 stite
2589 1831 2878 1885 Viennensi
2909 1830 3184 1899 episcopo,
3209 1831 3324 1898 ejus
3354 1843 3420 1883 nc
3442 1829 3607 1882 verbo
3634 1828 3845 1897 quidem
3876 1843 3998 1879 tne-

2437 1922 2819 1985 tninerintsui,
2873 1922 2923 1975 in
2970 1922 3129 1975 rebus
3178 1921 3311 1974 tanti
3356 1921 3632 1981 momenti,
3668 1920 3755 1971 vix
3803 1917 4001 1971 credat

2435 2015 2525 2083 qui
2565 2014 2629 2067 ad
2664 2012 2828 2068 totius
2872 2005 3130 2067 Ecclesia:
3160 2011 3604 2068 consuetudinem
3641 2021 3693 2066 et
3729 2011 3875 2081 leges
3904 2017 3998 2063 at-

2439 2103 2691 2160 tenderit.

2509 2217 2593 2272 15.
2629 2203 2828 2268 Deinde
2856 2213 3193 2269 notissimum
3217 2214 3463 2284 estquod
3493 2214 3683 2268 scribit
3718 2212 4001 2282 Sulpicius

2438 2306 2677 2362 Severus
2703 2308 2768 2371 “,
2802 2307 2944 2374 quod
2976 2308 3074 2360 sub
3095 2308 3314 2360 Aurelio
3340 2307 3589 2360 Antonini
3622 2306 3728 2359 lilio
3750 2321 4002 2375 persecu-

2439 2402 2511 2453 tio
2561 2400 2750 2467 quinta
2796 2400 3125 2467 agitatazac
3173 2410 3282 2451 tum
3326 2399 3559 2468 primum
3604 2398 3747 2450 intra
3789 2396 4001 2452 Gallias

2436 2491 2693 2562 martyria
2727 2492 2864 2555 visa,
2890 2490 3063 2544 serius
3088 2500 3237 2544 trans
3263 2491 3424 2557 Alpes
3459 2491 3548 2543 Dei
3584 2490 3841 2559 religione
3872 2505 4004 2543 sus-

2437 2596 2612 2651 cepta.
2659 2582 3009 2636 NotiSsimum
3055 2582 3183 2635 item
3234 2581 3376 2648 quod
3425 2582 3619 2648 legitur
3655 2583 3704 2633 in
3740 2581 4001 2644 sinceris,

2436 2677 2761 2743 Optimarqne
2799 2684 2940 2726 noue
2978 2674 3130 2727 Actis
3171 2673 3342 2725 sancti
3396 2672 3685 2729 Saturnini
3719 2673 4004 2743 martyris,

2435 2764 2594 2833 primi
2651 2763 2981 2817 Tolosatium
3034 2762 3283 2829 apostoli,
3337 2776 3455 2829 quae
3511 2761 3644 2814 vidit
3698 2762 4005 2827 eitavitque

2435 2857 2727 2925 Gregorius
2752 2855 3154 2915 Turonensis“,
3172 2854 3365 2921 publici
3388 2853 3528 2919 juris
3552 2853 3711 2907 factis
3732 2863 3783 2905 et
3809 2867 4004 2905 emen-

2437 2948 2574 3002 datis
2603 2963 2629 2998 a
2659 2946 2973 3001 doctissimo
3002 2938 3799 2997 Ruinartionostro’":Decioet
3822 2941 4005 2997 Grato

2438 3038 2764 3099 consulibus,
2831 3037 2880 3089 id
2915 3044 2995 3089 est
3027 3050 3167 3088 anno
3200 3034 3401 3087 Christi
3437 3033 3567 3094 250,
3612 3048 3761 3085 rarus
3801 3033 3853 3084 in
3895 3030 4006 3084 ali-

769 3113 1065 3166 ltonensem
1088 3154 1101 3175 .
1132 3116 1219 3167 illa
1248 3118 1311 3169 ad
1346 3116 1626 3179 Celticam.
1661 3118 1812 3186 cujus
1837 3129 2151 3187 caputerat.
2190 3121 2336 3179 Suus
2365 3154 2405 3211 ο
2438 3133 2622 3198 quibus
2646 3130 2943 3185 civitatibus
2966 3126 3197 3197 (Galliae)
3229 3127 3491 3181 Ecclesia:
3522 3142 3811 3193 paucorum
3839 3123 4004 3177 Chri-

769 3214 887 3257 erat
920 3205 1207 3275 unicuique
1236 3210 1526 3274 provinciae
1549 3210 1861 3278 praefectus.
1884 3221 1937 3268 et
1958 3214 2176 3283 quidem
2201 3215 2339 3270 alter

772 3296 840 3349 ab
880 3296 1048 3349 altero
1106 3313 1305 3365 genere
1371 3302 1637 3356 diversus.
1698 3304 1973 3365 Celticum,
2035 3323 2154 3376 quae
2199 3308 2341 3375 juris

774 3388 1121 3456 imperatoris
1146 3403 1286 3457 erat,
1320 3396 1533 3463 regebat
1565 3407 1888 3464 preprzetor;
1916 3396 2339 3465 Narbonensem,

773 3496 893 3549 qua:
921 3484 1055 3550 juris
1085 3498 1325 3550 senatus,
1361 3488 1671 3555 proconsul.
1713 3489 1846 3542 Cum
1900 3492 2083 3560 itaque
2129 3490 2340 3561 Lugdu-

775 3575 958 3627 nensis
1022 3589 1322 3643 propra‘tor
1394 3580 1521 3632 nihil
1582 3582 1632 3632 in
1666 3579 1918 3635 Viennam
1946 3582 2339 3651 jurisdictionis

774 3681 1033 3720 exercere
1076 3680 1293 3734 posset,
1332 3672 1567 3724 fidelium
1618 3671 1997 3727 Viennensium
2044 3690 2222 3728 causa:
2260 3692 2342 3729 co-

778 3757 1081 3823 gnitionem
1145 3774 1241 3827 pro
1292 3758 1413 3825 jure
1469 3762 1568 3814 sibi
1628 3762 1902 3815 vindicare
1962 3779 2064 3816 non
2111 3774 2340 3833 poterat.

777 3845 916 3911 Quid
964 3864 1094 3916 ergo
1134 3866 1226 3904 eos
1292 3866 1478 3905 coram
1528 3854 1745 3921 proprio
1791 3854 2042 3907 tribunali
2098 3854 2343 3923 Lugduni

775 3939 895 3991 sisti
951 3938 1139 4003 jubet,
1191 3958 1484 4010 eorumque
1562 3961 1781 3997 causam
1842 3948 2184 4017 disceptari?
2234 3951 2345 4007 Hoc

775 4046 940 4084 unutn
972 4034 1097 4086 mihi
1144 4036 1192 4086 in
1231 4048 1459 4089 mentem
1489 4039 1654 4101 venit,
1690 4052 2073 4107 proprietorem
2116 4044 2168 4096 itt
2202 4061 2345 4099 man.

775 4122 915 4177 datis
961 4126 1233 4191 habuisse,
1270 4127 1681 4197 Lugdunensem
1746 4132 2039 4186 Ecclesium
2093 4136 2344 4203 stirpitus

776 4215 976 4271 delere.
1014 4216 1074 4269 Et
1108 4220 1229 4286 quia
1277 4222 1522 4273 audierat
1559 4220 1886 4277 Viennenses
1917 4224 1983 4277 ad
2019 4224 2345 4295 Lugdunen-

778 4320 891 4360 sem
926 4307 1217 4361 Ecrlesiant
1267 4312 1562 4378 pertinere,
1598 4310 1905 4386 [LXXXIII]
1958 4325 2011 4369 et
2044 4332 2072 4369 a
2128 4318 2347 4388 Lugdu-

776 4398 930 4451 nensi
986 4400 1240 4467 episcopo
1300 4402 1448 4470 regi;
1522 4404 1723 4457 idcirto
1774 4421 1869 4459 eos
1923 4423 2019 4474 pro
2067 4412 2339 4464 mandatis

2442 3224 2731 3275 stiauorum
2764 3221 3034 3274 devotione
3061 3235 3392 3287 consurgere,
3422 3228 3469 3269 et
3502 3218 3679 3269 crebra
3710 3216 4008 3269 miserabili

2441 3330 2616 3367 errore
2654 3312 2926 3382 gentilium
2969 3310 3239 3363 nidoribus
3269 3308 3441 3375 [elidis
3480 3310 3531 3359 in
3572 3306 3817 3359 omnibus
3868 3308 4005 3362 locis

2443 3403 2632 3471 templa
2673 3404 2894 3464 fumare.
2941 3399 2997 3455 Si
3038 3400 3215 3454 serius
3262 3409 3411 3451 trans
3446 3398 3608 3466 Alpes
3660 3397 3751 3452 Dei
3806 3397 4008 3469 religio

2445 3503 2693 3562 suscepta
2726 3494 2920 3557 fuerit;
2950 3493 2995 3546 si
3028 3506 3169 3544 anno
3198 3490 3399 3544 Christi
3438 3490 3543 3545 250
3578 3503 3713 3542 rara:
3742 3488 3918 3543 adhuc
3948 3498 4011 3545 et

2444 3586 2497 3640 in
2533 3584 2852 3656 quibusdam
2882 3586 3140 3637 duntaxat
3173 3581 3359 3635 Gallia:
3389 3580 3704 3633 civitatibus
3742 3579 4010 3636 Ecclesia:

2443 3684 2854 3743 consurgerent,
2889 3688 3074 3741 eieque
3113 3688 3409 3741 paucorum
3450 3671 3923 3735 Christianorum;
3962 3672 4010 3725 si

2444 3769 2633 3823 crebra
2666 3769 2718 3821 in
2750 3766 3000 3821 omnibus
3034 3764 3168 3817 locis
3190 3765 3465 3831 gentilium
3496 3764 3693 3830 templa
3723 3764 4014 3818 nidoribus

2446 3858 2625 3913 felidis
2664 3858 2965 3919 fumarent;
3005 3856 3212 3909 tardius
3239 3857 3288 3907 itt
3334 3854 3521 3909 Galliis
3552 3853 3808 3907 fundatas
3835 3854 4016 3909 fuisse

2446 3948 2782 4019 episcopales
2830 3946 3009 4009 sedes,
3077 3947 3491 4015 rarissimasqne
3534 3960 3679 3998 anno
3733 3944 3837 3997 250
3884 3959 4014 4001 esse

2446 4040 2695 4095 debuisse
2724 4039 2986 4109 iudicabit
3012 4039 3244 4105 prudens
3270 4039 3448 4107 quivis
3472 4052 3650 4091 rermn
3677 4040 4010 4093 aestimator.

2448 4133 2503 4187 Si
2536 4143 2712 4187 autem
2748 4132 2790 4185 is
2823 4140 2967 4184 esset
3014 4138 3124 4182 tum
3163 4130 3420 4197 temporis
3468 4138 3619 4182 trans
3650 4129 3809 4196 Alpes
3848 4130 4017 4183 Chri-

2447 4222 2633 4276 stiana:
2664 4222 2736 4274 rei
2770 4230 2967 4283 status,
2999 4220 3040 4273 si
3083 4220 3392 4287 pauci~sinti
3427 4218 3479 4271 itt
3514 4218 3702 4274 Galliis
3727 4220 4009 4289 episcopi;

2447 4313 2490 4367 is
2521 4312 2687 4366 multo
2720 4312 2977 4371 deterior,
3003 4318 3059 4362 et
3097 4309 3257 4361 simul
3284 4310 3444 4361 etiam
3484 4308 3653 4359 multo
3688 4312 3867 4359 minor
3894 4311 4015 4377 epi-

2447 4418 2729 4473 sc0porum
2766 4417 3023 4455 numerus
3072 4402 3141 4455 ibi
3188 4416 3308 4454 esse
3342 4400 3528 4453 debuit
3566 4416 3705 4452 anno
3739 4401 3864 4461 'I77,
3897 4416 4015 4466 quo

774 4492 1164 4556 Collwtehcndi
1188 4492 1369 4560 jubet,
1419 4504 1471 4547 et
1502 4510 1682 4547 coram
1738 4512 1793 4549 se
1838 4499 1976 4552 sisti.
2040 4497 2192 4555 nunc
2250 4521 2340 4557 ηο.
2371 4496 2415 4553 D
2444 4506 2633 4563 passus
2659 4500 2739 4544 est
2756 4489 3016 4543 Pothinus
3040 4488 3410 4556 Lugdunensis
3440 4488 3743 4557 episcopus.
3777 4489 3831 4539 Si
3860 4489 4014 4541 enim

778 4588 903 4639 dum
944 4589 1209 4638 hactenus
1254 4586 1409 4637 aliter
1463 4586 1635 4638 secari
1689 4601 1845 4654 posse
1897 4604 1999 4641 non
2050 4601 2193 4657 puto.
2228 4592 2339 4647 Nec

778 4681 923 4733 enim
953 4678 1253 4730 audiendus
1293 4678 1507 4731 videtur
1550 4679 1899 4734 doctissimus
1938 4681 2199 4744 Valesius,
2249 4686 2338 4752 qui

778 4768 1095 4837 Lugdunum
1130 4775 1183 4817 et
1218 4765 1477 4819 Viennam
1509 4770 1596 4821 uni
1648 4780 1702 4822 et
1732 4771 1903 4823 cidem
1933 4770 2174 4825 Romam)
2204 4789 2340 4841 pra:-

777 4856 879 4909 διαί
931 4864 1056 4906 tttnc
1090 4854 1334 4921 paruisse
1383 4867 1603 4922 censet;
1662 4860 1832 4927 gratis
1887 4862 2084 4929 quippe
2127 4864 2341 4929 asserit,

778 4960 879 4999 nec
910 4943 1125 5012 probat.

850 5037 936 5091 H.
977 5035 1030 5089 Si
1067 5050 1194 5090 vero
1239 5039 1524 5091 contendat
1556 5039 1678 5107 quis
1718 5039 2076 5095 Viennensem
2121 5046 2337 5114 episeo-

778 5142 905 5197 pum
944 5128 1382 5195 persequentium
1434 5128 1606 5181 furori
1655 5145 1774 5185 sese
1828 5133 2187 5199 subduxisse,
2244 5152 2342 5190 nec

782 5216 927 5270 inter
957 5216 1208 5269 Ecclesia:
1236 5232 1347 5270 sua:
1381 5219 1859 5286 prteStantissitnos
1888 5225 2341 5291 comprehensum

782 5310 954 5363 fuisse
1008 5310 1224 5379 (mirum
1257 5312 1300 5363 si
1337 5313 1640 5367 subducere
1664 5329 1720 5366 se
1754 5317 2020 5383 potuerit;
2052 5326 2195 5370 tanta
2222 5330 2339 5371 erat

784 5414 971 5452 eorum
1010 5400 1060 5449 in
1092 5402 1468 5469 perquirendis
1496 5402 1930 5458 Christianorum
1959 5408 2186 5462 ducibus
2214 5408 2335 5460 dili-

787 5492 998 5562 gentia!
1022 5494 1039 5561 )
1060 5534 1076 5557 ,
1106 5493 1297 5546 saltem
1326 5496 1681 5549 exhiberetur
1710 5497 1793 5550 vel
1825 5498 1891 5550 ab
1916 5497 2168 5562 Eusebio,
2197 5499 2277 5553 vel
2312 5513 2341 5552 a

790 5586 1115 5655 martyribus
1155 5601 1253 5657 pro
1281 5585 1481 5641 Clit-isti
1509 5602 1669 5659 grege
1702 5588 1986 5653 solticitus,
2022 5589 2341 5660 alliictzeque

884 5738 923 5768 "
956 5739 1073 5796 Lib.
1131 5758 1170 5796 ιι
1222 5739 1363 5799 Ilist.
1395 5756 1538 5799 sacr.

2438 4595 2565 4639 tunc
2603 4594 2656 4638 et
2705 4592 2863 4635 antea
2913 4580 3183 4633 floruisset
3230 4578 3472 4645 pluribus
3524 4578 3577 4632 in
3632 4577 3819 4631 Gallia:
3870 4578 4018 4633 locis

2439 4677 2642 4744 religio,
2680 4675 2721 4727 si
2748 4673 2857 4742 jam
2886 4672 3067 4725 nmltis
3110 4671 3161 4723 in
3203 4669 3426 4721 urbibus
3456 4672 3766 4721 constitutae
3817 4669 4019 4723 Eccle-

2440 4769 2553 4829 δῖερ,
2590 4780 2707 4835 (ιιιώ
2734 4781 2761 4815 a
2788 4762 3021 4831 propriis
3068 4769 3387 4827 regerentur
3426 4759 3727 4826 episc0pis;
3761 4759 3857 4809 sub
3899 4760 4017 4811 Au-

2442 4858 2569 4909 relio
2602 4855 2850 4908 Antonini
2878 4854 2989 4922 ﬁlio
3024 4861 3132 4903 tum
3170 4850 3396 4917 primum
3425 4850 3566 4901 intra
3609 4847 3811 4901 Gallius
3853 4865 4013 4901 mar-

2442 4950 2576 5017 tyrio
2606 4948 2763 5000 videri
2796 4963 2899 4998 non
2931 4944 3265 5007 debuissent,
3298 4942 3389 4995 sed
3439 4943 3638 4994 dudum
3672 4952 3865 5003 antea;
3904 4956 4017 4996 nec

2442 5040 2686 5109 Lugduni
2719 5039 2897 5101 modo,
2935 5035 3026 5089 sed
3066 5044 3120 5089 et
3153 5034 3387 5099 Vietnne,
3417 5033 3674 5094 Arelatae,
3708 5030 4013 5096 Narbona,

2441 5130 2667 5185 Lutetia:
2690 5129 3046 5189 Parisiorum,
3076 5135 3129 5180 et
3151 5128 3193 5180 si
3221 5140 3340 5195 qua:
3369 5124 3487 5176 alia:
3526 5122 3779 5176 civitates
3812 5120 4017 5175 Eccle-

2440 5226 2550 5279 sias
2601 5232 2652 5274 et
2692 5220 2940 5295 proprios
2987 5220 3271 5286 episcOpos
3325 5216 3665 5277 habuissent,
3710 5213 3879 5265 videri
3914 5213 4019 5267 de.

2440 5318 2701 5371 buissent.
2732 5316 2837 5368 Cur
2864 5313 3005 5367 enim
3038 5311 3299 5366 Ecclesiis
3334 5308 3533 5361 nostris
3565 5307 3687 5373 plus
3728 5306 4019 5374 pepercis-

2440 5416 2560 5461 sent
2600 5404 2862 5475 Traianus
2896 5412 2949 5456 el
2996 5402 3288 5465 Adrianus,
3337 5414 3496 5467 quam
3544 5396 3918 5452 Orientalibus
3960 5407 4014 5450 et

2443 5496 2619 5557 Italis;
2660 5505 2714 5548 et
2756 5510 2855 5548 cur
2903 5494 2955 5547 in
3006 5491 3419 5561 Lugdunensem
3468 5494 3730 5543 duntaxat
3770 5488 4018 5542 smvierit

2448 5589 2517 5644 Μ.
2548 5588 2819 5652 Aurelius,
2852 5600 2956 5640 non
2990 5586 3044 5638 in
3085 5584 3242 5649 alias,
3290 5597 3393 5635 non
3438 5580 3634 5643 video;
3686 5592 3808 5643 nec,
3847 5589 4013 5649 puto,

1646 5745 1688 5776 "
1738 5743 1795 5799 ιι,
1848 5759 1863 5798 ι
1913 5743 2074 5814 Hist.,
2118 5742 2515 5811 §28,nov.edit.
2560 5743 2625 5777 θ’·
2674 5746 2793 5801 Act.
2840 5752 2995 5799 mart.
3030 5743 3207 5799 sinc.t

2440 5743 2515 5799 Iit.
2560 5743 2625 5777 θ’·
2674 5746 2793 5801 Act.
2840 5752 2995 5799 mart.
3030 5743 3161 5799 sine.
3194 5752 3248 5798 et
3288 5738 3407 5807 εει,
3451 5754 3505 5808 p.
3540 5736 3658 5793 HO.
