4196 6330
237 349 337 403 189

875 356 1333 416 DISSERTATIO
1366 359 1430 425 Il,
1467 362 1626 418 AR'I‘.
1669 362 1710 428 l,
1753 364 1841 418 DE
1877 365 1934 421 S.
1976 365 2235 422 IRENEI
2271 366 2431 423 VITA
2464 368 2551 423 ΕΤ
2583 368 2846 425 GESTIS.

3379 370 3476 424 £90

234 470 442 565 videbit
487 471 744 565 quisquis
795 478 995 545 spretis
1040 480 1243 548 spuriis
1282 481 1573 550 dubiisque
1617 498 1810 537 monu-
1837 488 1885 545 Α
1913 486 2197 555 designare
2252 504 2357 543 non
2422 488 2635 565 soleant
2686 501 2926 553 veteres,
2961 493 3052 542 sed
3108 490 3476 543 Christianam

238 563 459 627 mentis,
493 564 631 616 ni'hil
665 565 767 619 nisi
810 577 1021 622 certum
1066 571 1521 641 exploratumque
1560 574 1808 642 proferre

239 650 492 705 voluerit.
528 651 665 708 Huic
689 655 837 710 nulla
864 660 1050 723 tutior,
1080 675 1187 729 qua
1221 662 1288 715 ab
1320 662 1404 716 his
1433 677 1554 718 sese
1578 662 1807 719 difﬁcul-

241 750 409 794 tatum
462 741 674 811 laqueis
721 748 991 816 expediat,
1048 752 1329 820 apparebit
1375 754 1483 817 via,
1532 769 1692 822 quam
1751 765 1809 809 ut

236 831 467 886 afﬁrmet
509 849 636 889 cum
688 837 926 906 Sulpicio
957 840 1180 903 Severo,
1223 852 1278 896 et
1327 846 1551 915 antiquo
1586 858 1809 901 auctore

235 922 494 975 Actorum
541 923 600 977 S.
632 924 911 982 Saturnini
958 934 1235 1001 martyris,
1278 934 1411 988 viris
1454 936 1601 989 onmi
1638 951 1805 990 exce-

234 1012 420 1078 ptione
454 1016 770 1083 maioribus,
805 1019 982 1074 serius
1013 1029 1162 1076 trans
1190 1023 1375 1092 Alpes,
1405 1034 1460 1078 et
1495 1027 1548 1079 in
1582 1025 1797 1093 Galliis,

233 1104 335 1156 vix
370 1114 497 1159 ante
539 1106 759 1163 Pothini
790 1112 1104 1178 adventum,
1139 1114 1235 1169 Dei
1269 1118 1584 1188 religionem
1619 1134 1809 1175 susce-

231 1203 381 1261 ptam
406 1211 566 1251 esse:
594 1209 641 1253 et
671 1201 791 1255 ideo
814 1203 996 1256 sobM.
1020 1204 1240 1259 Aurelio
1266 1218 1375 1262 tum
1403 1209 1637 1279 primum
1666 1212 1808 1266 intra

231 1286 460 1377 Gallias,
516 1307 618 1345 nec
665 1294 792 1348 alibi
829 1298 980 1364 prius
1018 1315 1179 1368 quam
1232 1300 1503 1371 Lugduni,
1544 1308 1805 1377 martyria

232 1384 351 1430 visa
373 1393 491 1434 esse
521 1400 535 1433 :
565 1384 687 1450 quia
715 1390 905 1440 sensim
932 1398 980 1442 et
1009 1391 1273 1458 gradatim
1302 1394 1355 1447 in
1381 1409 1583 1450 onmem
1609 1406 1807 1451 terram

230 1484 362 1521 sono
394 1469 802 1541 Evangeliorum
836 1492 1072 1544 exeunte,
1113 1484 1329 1553 parique
1360 1486 1469 1556 (vel
1511 1502 1570 1543 ut
1603 1491 1693 1545 alii
1726 1493 1806 1547 le-

231 1573 389 1627 gunt,
426 1567 707 1639 tardaque)
746 1587 988 1638 processu
1021 1577 1073 1627 in
1115 1580 1414 1645 regionibus
1460 1585 1653 1637 nostris
1680 1604 1804 1652 apo-

229 1654 484 1707 stolorum
506 1662 889 1725 praedicatione
916 1679 1242 1734 coruscante,
1273 1672 1462 1742 religio
1493 1676 1803 1733 Christiana

232 1747 473 1800 nondum
530 1750 689 1820 longe
747 1753 962 1824 lateque
1014 1758 1207 1813 diffusa
1272 1772 1410 1827 erat,
1458 1764 1718 1831 Lugdune
1752 1780 1805 1824 et

232 1834 441 1890 Vienna
477 1843 751 1895 conclusa.
785 1844 861 1898 Ex
893 1848 1089 1912 quibus
1134 1861 1320 1917 aperte
1364 1857 1616 1922 sequitur
1671 1874 1806 1926 pau-
1837 1826 1877 1881 Β

228 1930 483 1985 cissimos
522 1932 596 1985 Μ.
633 1936 839 1990 Aurelii
883 1953 1026 1993 anno
1072 1942 1131 1993 17
1188 1946 1477 2014 episcopos
1506 1950 1557 2002 in
1592 1950 1803 2019 Galliis,

226 2024 430 2090 vixque
458 2024 586 2078 alibi
623 2043 783 2093 quam
831 2029 1071 2100 Lugduni
1112 2049 1231 2089 esse
1262 2041 1522 2105 potuisse.

304 2110 387 2163 16.
418 2110 530 2165 Nec
576 2117 744 2171 multo
794 2120 975 2187 plures
1020 2124 1129 2177 illic
1174 2129 1458 2197 episcopos
1509 2137 1805 2203 exstitisse,

227 2201 429 2256 lrenteo
482 2206 601 2274 ipso
654 2220 773 2275 post
818 2209 1033 2265 Pothini
1080 2228 1306 2271 mortem
1360 2222 1661 2281 Ecclesium
1699 2201 1806 2282 Lu-l

228 2295 570 2361 gdnnensem
604 2312 845 2369 regente,
875 2320 937 2357 ex
968 2306 1205 2361 Eusebio
1239 2312 1414 2383 colligi
1456 2322 1614 2383 posse
1655 2323 1803 2378 vide-

230 2399 345 2485 tur.
376 2388 510 2442 Nam
543 2395 970 2466 quotiescunque
1010 2402 1073 2454 de
1119 2410 1279 2459 rebus
1311 2406 1362 2460 in
1400 2409 1576 2465 Gallia
1611 2418 1800 2485 gestis,

227 2481 347 2535 sive
377 2498 496 2535 cum
543 2486 607 2538 de
646 2487 1011 2545 Beclesiarum
1047 2493 1383 2562 fundatione,
1420 2504 1533 2559 sive
1578 2481 1696 2562 cum
1737 2481 1803 2567 de

226 2576 519 2629 vexatione
554 2580 859 2646 gentilium,
897 2584 1011 2638 sive
1060 2600 1181 2639 cum
1215 2588 1281 2643 de
1320 2601 1711 2655 coiitroversiis
1748 2604 1802 2657 in

225 2666 476 2723 Ecclesia
514 2674 743 2736 exortis,
776 2685 827 2728 et
858 2677 908 2729 in
941 2677 1113 2733 Gallia
1146 2683 1462 2754 disceptatis
1489 2706 1797 2750 sermonem

225 2759 412 2827 habet,
461 2765 621 2818 unius
676 2770 913 2838 episcopi
965 2772 1359 2845 Lugdunensis,
1398 2784 1627 2842 alterius
1678 2807 1805 2846 nus-

227 2864 393 2918 quam
430 2856 696 2908 meminit.
757 2858 865 2913 lmo
908 2862 1324 2932 disputationem
1360 2887 1645 2937 enarrans,
1685 2896 1804 2948 quae

228 2941 296 2995 de
349 2943 617 3000 Paschate
681 2950 1005 3009 celebrando
1074 2958 1215 3013 inter
1276 2963 1543 3019 Victorem
1609 2941 1801 3038 papam

228 3044 283 3089 et
317 3035 585 3094 Asiaticos
628 3042 900 3113 efferbuit,
940 3049 1201 3106 irenteum
1252 3057 1335 3111 bis
1378 3035 1620 3115 exhibet
1647 3035 1800 3133 quasi

1911 575 2145 643 plebem.
2189 578 2296 633 Sed
2348 580 2393 633 si
2442 582 2529 635 cui
2572 597 2771 650 anceps
2815 596 3073 649 appareat
3115 582 3216 634 iste
3262 581 3475 635 Eusebii

1910 666 2082 733 locus,
2112 669 2344 724 clariora
2377 671 2517 725 forte
2548 673 2878 725 videbuntur
2916 688 3035 741 qua:
3068 682 3221 725 antea
3261 674 3475 740 praemi-

1910 756 2002 812 Sil.
2036 754 2240 827 Nempe
2272 774 2566 814 recensens
2595 760 2773 813 varias
2805 761 3054 829 synodos,
3089 763 3478 829 episcoporum-

1908 872 2007 925 que
2035 866 2334 921 conventus,
2367 854 2614 915 συνόδους
2632 853 2693 923 δὴ
2726 852 2817 905 καὶ
2841 856 3227 925 συγκροτήσεις
3257 854 3476 906 ἐπισκό-

1908 967 2047 1012 πων,
2068 951 2158 1019 qui
2178 950 2439 1004 adversus
2462 950 2733 1002 Asiaticos
2769 950 2943 1000 coacti
2979 959 3126 1008 sunt,
3156 946 3476 1007 Romanam,

1908 1039 2273 1105 Palaestinam,
2328 1039 2638 1101 Ponticam,
2686 1035 2995 1107 [LXXXIV]
3038 1035 3369 1090 Osrhoeuam
3423 1043 3478 1085 et

1907 1128 2247 1183 Corinthiam
2298 1138 2587 1182 memorat.
2642 1126 2751 1180 llas
2805 1140 3021 1187 omnes,
3088 1140 3190 1176 una
3248 1134 3477 1191 excepta

1908 1220 2209 1287 Osrhoena,
2245 1220 2445 1274 diserte
2472 1219 2705 1289 appellat
2736 1220 2972 1287 synodos
2999 1220 3401 1285 episcOporum,
3424 1225 3477 1267 et

1907 1327 2027 1381 quae
2058 1314 2109 1366 in
2144 1313 2208 1365 iis
2243 1312 2465 1365 definita
2491 1321 2636 1372 sunt,
2671 1314 2893 1365 decreta
2926 1313 3338 1379 epist-Oporum;
3379 1324 3477 1364 nec

1909 1405 2111 1460 omittit
2160 1405 2444 1473 episcopos
2476 1402 2568 1471 qui
2622 1403 2689 1455 iis
2740 1402 2962 1473 synodis
2994 1400 3329 1470 praefuerunt.
3373 1399 3476 1455 Ubi

1909 1511 2038 1551 vero
2065 1496 2341 1549 decretum
2383 1495 2450 1549 ab
2493 1493 2754 1549 Ecclesiis
2784 1492 2971 1547 Gallire
3014 1495 3080 1545 de
3127 1493 3317 1546 eadem
3348 1507 3478 1545 con-

1910 1589 2171 1642 troversia
2205 1588 2409 1642 editum
2462 1586 2653 1649 refert,
2695 1587 2809 1655 jam
2844 1600 2951 1639 non
3000 1585 3236 1655 synodos
3265 1584 3476 1651 episco-

1906 1694 2097 1748 pormn
2131 1689 2539 1745 commemorat,
2573 1677 2664 1731 sed
2706 1678 2979 1731 decretum
3036 1678 3142 1729 τὼν
3175 1675 3316 1729 κατά
3343 1675 3478 1727 Γαλ-

1907 1772 2025 1825 λίαν
2065 1771 2385 1843 παροικιῶν,
2432 1771 2496 1833 ἃς
2528 1774 2809 1841 Εἰρηναῖος
2854 1771 3169 1833 ἐπεσκόπει,
3207 1769 3478 1836 parochia-

1916 1880 2025 1916 runt
2074 1862 2283 1925 Gallice,
2316 1879 2539 1931 quarunt
2598 1863 2837 1916 Irenqu
2892 1864 3161 1930 cpiscOpus
3196 1871 3330 1923 erat,
3380 1875 3474 1913 seu

1910 1971 2041 2024 quas
2082 1962 2135 2005 ut
2182 1953 2451 2020 episcopus
2506 1951 2937 2005 administrabat.
2971 1950 3182 2015 Quibus
3216 1948 3474 2001 lrenzeum

1910 2047 2127 2098 unicum
2172 2043 2361 2099 Gallia:
2403 2044 2714 2113 episc0pum
2758 2044 3028 2109 designat.
3067 2042 3123 2093 Si
3151 2041 3296 2094 enim
3345 2039 3475 2091 illud

1908 2138 2184 2190 decretum
2219 2139 2272 2189 in
2302 2136 2530 2190 concilio
2584 2136 2818 2203 plurium
2874 2134 3062 2189 Galliae
3098 2132 3475 2200 episcoporum

1908 2229 2111 2281 editum
2167 2230 2332 2282 fuisse
2375 2230 2679 2283 censuisset
2718 2226 3005 2291 Eusebius,
3048 2226 3096 2277 id
3142 2240 3245 2277 non
3298 2223 3476 2275 mitius

1907 2322 2304 2375 observandum
2340 2323 2438 2375 sibi
2469 2330 2733 2389 putasset,
2761 2317 3348 2388 quam'obscrvaiulum
3379 2330 3479 2383 pu-

1910 2416 2061 2479 tavit,
2089 2416 2363 2469 decretum
2388 2414 2799 2467 Pala'stinorum
2834 2414 2899 2463 ab
2933 2412 2995 2465 iis
3022 2409 3287 2479 episcopis
3312 2408 3477 2461 emis.

1908 2523 2025 2561 sum
2060 2506 2225 2561 fuisse
2248 2508 2445 2576 quibus
2482 2504 3100 2574 praeerantTheophilus
3123 2500 3476 2555 Cmsaricnsis

1907 2610 1963 2653 et
1996 2599 2288 2652 Narcissus
2339 2597 2902 2667 liieromlymitauus;
2958 2595 3233 2657 Italorum,
3290 2593 3355 2645 ab
3406 2593 3473 2647 iis

1907 2692 2103 2762 quibus
2155 2691 2609 2759 prmiuit‘v’ictor;
2646 2689 3008 2747 Ponticorum,
3054 2688 3119 2741 ab
3170 2686 3233 2738 iis
3280 2687 3476 2751 quibus

1906 2784 2116 2851 praefuit
2146 2782 2391 2844 Palmas;
2424 2782 2785 2835 Achaicorum
2818 2784 3074 2849 denique,
3101 2782 3165 2833 ah
3190 2781 3256 2831 iis
3281 2779 3475 2845 quibus

1907 2876 2120 2943 praefuit
2179 2875 2497 2944 Bacchylns.
2547 2874 2678 2927 Cum
2723 2875 2888 2941 igitur
2941 2890 3043 2927 non
3080 2874 3268 2927 eodem
3315 2876 3475 2928 modo

1906 2970 1970 3021 de
2028 2967 2213 3023 Gallia:
2258 2968 2515 3021 licclesiis
2568 2969 2837 3035 loquatur,
2888 2978 3047 3036 atque
3088 2969 3153 3021 de
3207 2968 3346 3029 aliis,
3381 2968 3476 3021 sed

1907 3062 2091 3127 procul
2128 3063 2378 3125 diverso;
2422 3063 2563 3114 haud
2616 3063 2843 3115 obscure
2895 3063 3089 3123 innuit,
3131 3061 3289 3127 longe
3316 3061 3475 3115 aliam

228 3128 427 3189 solum,
462 3134 555 3199 qui
587 3134 883 3192 Galliarum
911 3142 1178 3198 Ecclesias
1206 3150 1497 3214 episcopali
1524 3152 1645 3219 jure
1665 3128 1799 3211 tunc
1830 3161 1871 3216 C

1830 3153 2073 3216 afuisse
2126 3165 2253 3205 tunc
2291 3153 2657 3206 Ecclesiarum
2705 3164 3016 3207 nostrarum
3076 3154 3470 3217 conditionem,

230 3236 447 3318 regeret
472 3226 723 3318 ".Jnter
756 3246 851 3284 eos
883 3236 972 3301 qui
1008 3235 1281 3294 Victorem
1314 3244 1623 3315 ohjurgant,
1661 3257 1802 3318 quod

227 3311 495 3369 Asiaticas
537 3316 809 3373 Eciélesias
842 3337 868 3373 a
902 3339 995 3377 sua
1038 3333 1423 3386 communione
1452 3311 1802 3405 abscidisset,

225 3405 513 3476 Εἰρηναῖος
548 3411 610 3461 ἐκ
640 3412 931 3480 προσώπου
956 3409 1028 3469 ὦν
1061 3421 1245 3487 ἡγεῖτο
1280 3426 1416 3478 κατὰ
1447 3430 1545 3499 τὴν
1577 3432 1803 3488 Γαλλίαν

234 3496 479 3565 ἀδελφῶν
498 3502 827 3566 ἐπιστείλας,
846 3517 975 3561 etc.:
1001 3507 1237 3567 Irena'us
1259 3532 1557 3584 expcrsona
1576 3526 1803 3590 fratrum

227 3587 283 3639 in
310 3587 484 3641 Gallia
513 3598 972 3661 commorantium,
993 3602 1179 3668 quibus
1202 3620 1444 3671 pra’erat,
1472 3614 1540 3664 ad
1567 3587 1803 3669 eumdem

227 3679 461 3746 scripsit,
493 3693 599 3734 etc.
630 3684 747 3735 Alio
768 3683 889 3751 jure
911 3688 1172 3746 fratribus
1197 3695 1247 3747 iu
1276 3696 1448 3751 Gallia
1486 3702 1802 3772 degentibus

227 3782 462 3838 pmesse
496 3788 601 3826 non
634 3786 845 3841 poterat
878 3777 1131 3846 lrcnazus,
1160 3802 1321 3853 quam
1348 3792 1663 3859 episcopali.
1696 3814 1798 3851 non

228 3872 376 3915 certe
410 3868 827 3934 nietropolitico,
862 3872 1019 3941 longe
1054 3878 1232 3931 minus
1264 3885 1554 3939 ex.irchico
1586 3897 1679 3939 aut
1712 3906 1804 3957 pa-

230 3957 750 4028 triarchico.Neque
774 3965 938 4027 enim,
964 3978 1020 4020 ut
1049 3971 1263 4023 erudite
1292 3977 1471 4041 arguit
1507 3978 1576 4029 cl.
1609 3996 1804 4034 auctor

231 4059 381 4098 novre
430 4051 686 4106 editionis
737 4071 959 4122 aperum
1004 4057 1063 4113 S.
1102 4060 1297 4117 Leonis
1339 4083 1509 4134 papae,
1545 4072 1804 4127 disserta-

231 4138 379 4191 tioiie
412 4139 696 4205 laudata“,
726 4150 962 4202 secundo
987 4149 1241 4207 Ecclesiae
1268 4160 1487 4221 saeculo,
1520 4178 1625 4230 quo
1644 4164 1804 4219 Chri-

228 4230 422 4282 stiamc
470 4232 590 4286 fidei
644 4235 988 4293 fundamenta
1024 4251 1175 4298 trans
1207 4248 1366 4314 Alpes
1397 4251 1483 4304 vix
1521 4266 1676 4308 erant
1708 4274 1803 4325 po-

228 4322 361 4379 sita.
389 4338 496 4391 quo
524 4331 767 4382 nascenti
798 4331 1051 4388 Ecclesim
1089 4352 1155 4391 ne
1198 4342 1396 4395 mutire
1420 4347 1640 4412 quidem
1671 4322 1806 4403 licc-

230 4412 327 4465 bat
360 4415 409 4467 in
445 4417 509 4469 iis
551 4421 883 4485 regionibus,
905 4441 1011 4493 quo
1035 4428 1266 4497 denique
1292 4448 1351 4485 ea
1385 4433 1570 4490 Gallia:
1602 4440 1800 4494 civitas

229 4520 354 4572 qua:
393 4510 563 4575 prima
610 4512 768 4565 fidem
808 4520 1114 4587 suscepisse
1156 4525 1389 4592 videtur,
1442 4532 1526 4583 vix
1568 4531 1798 4586 alterum
1835 4506 1877 4558 Β

230 4598 530 4653 antistitem
563 4619 590 4651 a
620 4601 852 4657 Pothino
880 4609 1131 4678 habebat,
1169 4629 1287 4667 eam
1336 4618 1657 4677 hierarrhitc
1684 4624 1798 4677 for-

228 4706 379 4743 mam
407 4691 517 4759 jam
554 4696 605 4747 in
637 4699 825 4762 paucis
858 4717 975 4769 qum
1006 4706 1113 4761 illic
1146 4716 1514 4779 exsitrgebant
1547 4715 1806 4773 Ecclesiis

230 4783 603 4838 introductam
633 4805 774 4853 esse,
808 4807 928 4860 qua:
951 4804 1001 4849 et
1037 4799 1320 4867 episcopos
1347 4808 1803 4878 metropolitauis,

196 4888 285 4928 'ct
322 4880 772 4945 metropolitanos
816 4888 1067 4941 cxirchis
1105 4891 1423 4973 subjicerct,
1459 4914 1485 4951 a
1529 4915 1803 4971 quoquam

230 4972 593 5024 demonstrari
627 4990 782 5041 posse
815 4989 1016 5044 putem.
1045 4981 1187 5037 Sane
1220 4986 1261 5039 si
1290 4972 1403 5055 ipso
1429 4993 1610 5046 medio
1646 4997 1806 5051 tertio

230 5063 461 5128 seculo,
490 5081 598 5134 quo
634 5066 881 5123 Tolos:im
916 5072 1129 5128 advenit
1156 5074 1502 5145 Saturninus,
1530 5095 1637 5139 tam
1669 5104 1804 5143 rara:

229 5153 413 5207 adhuc
445 5166 626 5210 essent
656 5162 708 5211 in
747 5162 947 5215 nostris
979 5165 1288 5233 regionibus
1319 5172 1591 5240 Εοοίοεὶέε,
1618 5194 1802 5249 czeque

228 5261 529 5315 paucorum
597 5249 1064 5320 Christianorum;
1119 5263 1243 5328 quis
1318 5268 1507 5319 credat
1562 5277 1802 5328 secundo

227 5338 517 5394 desinente
551 5344 749 5397 sarculo
781 5356 887 5399 tam
920 5348 1232 5420 frequentes
1263 5356 1448 5421 fuisse,
1473 5370 1529 5413 ut
1557 5364 1801 5430 pluribus

227 5432 503 5502 episcopis
528 5439 926 5507 metropolitico
956 5454 1046 5498 aut
1071 5450 1366 5504 exarehico
1391 5452 1511 5517 jure
1546 5470 1801 5521 pra-esset

226 5525 507 5581 lrenwus?
545 5528 638 5586 llis
664 5535 803 5589 adde
834 5539 977 5604 quod
999 5538 1253 5595 Fratrum
1279 5546 1495 5600 nomine
1519 5551 1800 5623 episcopos

347 5731 390 5762 ³³
418 5730 643 5798 Euseb.,
670 5735 710 5791 l.
743 5750 796 5798 v,
828 5750 875 5790 c.
904 5736 994 5795 Ἡ.

232 5798 397 5869 eccl.,
433 5815 546 5860 nul.
582 5806 635 5869 3,
674 5806 726 5860 in
757 5806 900 5861 lreu.
977 5810 1021 5843 ³⁸
1052 5811 1114 5867 Τ.
1143 5814 1159 5867 l
1184 5798 1389 5872 Conciti

1072 5741 1116 5826 ξι
1147 5743 1289 5826 piss.
1335 5763 1384 5826 _v_,
1429 5763 1526 5826 pro
1557 5747 1613 5800 S.
1654 5748 1962 5826 llil.AAret.,
1997 5772 2048 5813 c.
2079 5759 2216 5826 t3;t.
2246 5760 2287 5816 ff
2315 5770 2434 5810 nov.
2485 5757 2616 5811 edit.
2658 5754 2717 5812 S.
2759 5755 2927 5815 Lcon.

1426 5763 1526 5870 Ero
1557 5763 1613 5800 δ.
1654 5763 1767 5847 ηιξ..
1791 5763 1962 5835 Aret”

1472 5818 1583 5885 .11).,
1620 5835 1673 5889 p.
1704 5822 1978 5879 ὸθθυδοι.

1907 3259 2107 3312 easque
2132 3245 2305 3297 adhuc
2342 3246 2393 3297 in
2440 3246 2747 3307 cunabulis,
2784 3260 2881 3298 nec
2912 3244 3072 3296 latius
3105 3242 3351 3303 diffusas,
3388 3243 3475 3295 vix

1907 3335 2070 3387 alium
2111 3338 2422 3405 episcopum
2452 3336 2701 3389 habuisse
2735 3351 2894 3405 quam
2935 3334 3217 3387 lrcnscum.
3255 3335 3472 3386 Nullum

1906 3426 2094 3478 saltent
2153 3427 2316 3478 alium
2374 3428 2603 3494 proferri
2657 3442 2837 3497 posse,
2888 3437 2980 3480 aut
3033 3442 3097 3479 ex
3157 3426 3475 3479 imluhitntis

1918 3518 2303 3571 ecclesiasticae
2358 3521 2600 3573 histori;c
2646 3520 3013 3573 monumentis
3078 3521 3218 3581 erui,
3269 3518 3476 3591 fati-tur

1906 3609 2021 3675 ipse
2055 3612 2142 3675 qui
2186 3610 2338 3662 nobis
2370 3609 2453 3663 hic
2480 3613 2798 3662 adversatur
2826 3611 3183 3678 peritissimus
3210 3608 3475 3661 eet-lesio-

1904 3702 2053 3751 Sticm
2100 3702 2440 3768 antiquitatis
2490 3703 2775 3771 indagator
2830 3700 3303 3753 Tillemontius”.
3360 3699 3473 3756 Nec

1905 3793 2047 3842 enim
2084 3790 2391 3859 Synodicon
2427 3808 2606 3845 moror
2632 3792 2699 3857 ⁸⁸,
2736 3794 2787 3845 in
2815 3808 2921 3861 quo
2955 3794 3151 3859 duplex
3180 3794 3471 3845 concLliuut

1903 3884 2003 3934 sub
2036 3884 2235 3937 lremco
2264 3884 2597 3937 celebratum
2641 3886 2965 3949 exhibetur;
3003 3888 3235 3938 alterum
3271 3887 3473 3939 duode-

1904 3977 2033 4039 cim,
2065 3977 2292 4029 alterunt
2332 3980 2591 4030 tredecim
2625 3981 3042 4046 episcoporum;
3088 3980 3234 4033 illius
3280 3982 3477 4047 quippe

1904 4068 2138 4120 sublesta
2177 4069 2467 4121 admodum
2518 4071 2648 4122 fides
2686 4071 2739 4122 in
2784 4072 2945 4123 rebus
2981 4082 3141 4123 tantzc
3180 4075 3475 4138 antiquita-

1906 4161 1992 4213 tis.
2033 4160 2136 4213 Sed
2163 4162 2227 4214 de
2260 4162 2343 4214 his
2368 4162 2478 4228 jam
2511 4164 2629 4230 plus
2676 4166 2808 4217 satis
2849 4179 2945 4231 pro
2978 4167 3228 4218 instituto
3265 4177 3471 4218 nostro.

1976 4254 2063 4305 17.
2093 4254 2260 4306 Rutili]
2314 4270 2566 4307 reversus
2595 4254 2827 4310 lrcnteus
2861 4258 2911 4309 in
2948 4257 3351 4310 resarcicndam
3390 4258 3471 4307 iu-

1905 4358 2117 4416 getttcm
2154 4348 2319 4411 illam,
2356 4364 2517 4416 quam
2565 4349 2846 4417 gentilium
2887 4348 3034 4399 furor
3071 4350 3329 4401 Ecclesia:
3364 4347 3474 4398 Ln-

1906 4440 2169 4507 gduuensi
2202 4455 2323 4491 mox
2364 4441 2644 4502 intulerat,
2681 4443 2987 4493 vastitatem
3032 4454 3173 4494 totus
3206 4442 3470 4493 incubuit.

1908 4531 2073 4595 Quam
2102 4529 2333 4584 feliciter
2357 4546 2536 4583 autem
2563 4534 2613 4584 id
2639 4534 2973 4600 praestiterit,
2999 4535 3154 4586 docet
3177 4532 3471 4599 Gregorius

1912 4622 2263 4676 Turonensis.
2294 4622 2635 4676 Beatissimo:
2662 4623 2915 4687 lrenwus,
2952 4627 3141 4692 inquit,
3178 4625 3331 4692 hujus
3361 4641 3473 4675 suc-

1904 4733 2074 4770 cessor
2111 4718 2359 4785 martyris
2403 4717 2664 4786 (Pothini)
2692 4720 2791 4785 ηιιὲ
2828 4734 2859 4767 a
2900 4717 3045 4769 beato
3082 4714 3374 4784 Polycarpo
3401 4717 3470 4767 ad

1904 4809 2036 4862 lmnc
2066 4811 2241 4862 urbem
2268 4809 2627 4878 (Lugdunum)
2658 4810 2888 4862 directus
2915 4818 3012 4871 est,
3039 4810 3343 4859 admirabili
3369 4809 3471 4861 vir-

1904 4916 2010 4959 tute
2043 4906 2226 4960 enituit
2256 4906 2384 4971 .‘qui
2411 4906 2467 4955 in
2500 4905 2687 4955 modici
2722 4904 2967 4972 temporis
2991 4907 3178 4969 spatio,
3210 4904 3470 4969 pra'dica-

1903 5002 2043 5055 tione
2065 5017 2161 5054 sua
2195 5015 2421 5052 maxime
2445 5002 2496 5052 in
2526 5001 2726 5067 integro
2762 5002 3023 5051 civitatem
3062 4997 3286 5049 reddidit
3312 4994 3468 5047 Chri-

1902 5094 2147 5148 stianam.
2206 5091 2357 5147 Unde
2416 5090 2469 5142 in
2532 5091 2703 5142 altera
2762 5088 3143 5158 persecutione
3197 5101 3319 5154 quae
3366 5085 3468 5139 sub

1903 5187 2103 5239 Severo
2132 5184 2381 5249 contigit,
2410 5198 2643 5251 qumque
2677 5181 2933 5234 lremcum
2970 5180 3108 5233 ett-Io
3146 5179 3465 5241 transmisit,

1899 5278 2095 5330 asserit
2124 5276 2261 5328 idem
2296 5273 2589 5341 Gregorius
2620 5284 2817 5325 tantam
2846 5290 2967 5325 cum
3000 5272 3199 5324 lrctuco
3226 5272 3463 5322 multitu-

1898 5369 2071 5421 dinem
2135 5367 2554 5420 Cltristimtorunt
2618 5368 2677 5417 ob
2750 5367 3126 5433 confessionem
3200 5363 3464 5415 Dominici

1897 5462 2121 5513 nominis
2148 5461 2602 5529 esscjugulutum,
2633 5470 2683 5511 ut
2724 5476 2815 5527 per
2848 5460 3051 5525 plateas
3079 5460 3299 5527 [Iuntina
3337 5473 3463 5511 cur-

1894 5563 2066 5607 rerent
2129 5554 2190 5605 de
2256 5552 2509 5622 sanguine
2573 5552 2895 5619 Christiano,
2945 5567 3205 5621 quorum,
3244 5552 3339 5615 ait,
3371 5568 3461 5604 nec

3027 5758 3070 5789 ³⁸
3103 5757 3162 5813 Τ.
3194 5756 3271 5829 ιιι,
3317 5756 3437 5813 Hist
