4196 6330
722 375 818 428 191

1526 359 2124 422 DISSERTAT‘IONES
2152 353 2457 414 PRIEVUE
2491 355 2558 411 IN
2595 354 2846 412 IRENEI
2882 353 3147 411 LIBROS.

3848 350 3952 408 192

722 510 1021 558 numerum,
1063 508 1156 547 nec
1181 492 1395 546 nomina
1441 488 1682 558 colligere
1721 489 2006 556 potuimus.
2043 483 2194 552 Quod
2229 490 2283 537 et
2313 484 2358 540 Α
2387 481 2618 551 impetus
2645 480 2894 549 frangere
2920 493 3018 548 pro
3049 477 3190 531 virili
3220 484 3374 545 parte
3399 486 3710 532 conaretur.
3741 474 3949 530 Dudum

723 586 1047 643 conﬁrmant
1080 584 1359 641 Usoardos
1382 583 1580 651 aliique
1607 578 2115 650 Martyrologiorom
2149 575 2287 630 scri-

721 692 923 750 ptores,
954 680 1078 733 dum
1110 686 1336 733 narrant
1374 679 1630 732 Irenaeum
1674 692 1792 728 cum
1825 675 1964 728 omni
2002 672 2109 740 fere
2157 670 2287 724 civi-

723 774 846 826 tatis
869 789 981 827 suae
1015 771 1207 840 populo
1235 779 1542 824 coronatum
1583 784 1695 822 esse
1735 766 1963 836 glorioso
2005 762 2282 831 martyrio.

721 862 931 916 Eximia
991 864 1102 915 haec
1155 872 1279 914 sunt
1313 868 1634 930 argumenta
1686 859 1852 920 illius,
1904 871 2010 925 quo
2060 855 2286 909 ardebat

721 954 1098 1014 sanctissimus
1126 954 1434 1021 episcopus.
1477 951 1797 1006 Christianae
1832 949 2113 1015 religionis
2146 949 2284 1017 apud

723 1059 854 1098 suos
885 1046 1263 1112 promovenda:
1297 1043 1485 1098 studii.
1525 1044 1630 1099 Sed
1668 1052 1722 1098 et
1762 1044 1932 1111 majus
1962 1042 2084 1107 fuit,
2119 1057 2281 1108 quam

727 1147 784 1191 ut
811 1138 1212 1207 angustioribus
1250 1136 1625 1207 Lugdunensis
1657 1136 1806 1189 urbis
1852 1136 2112 1190 limitibus
2156 1150 2288 1188 con-

725 1227 866 1280 cludi
928 1229 1163 1295 potuerit
1197 1245 1210 1281 :
1240 1228 1291 1282 in
1346 1239 1509 1281 totam
1570 1226 1817 1290 Galliam,
1874 1228 1982 1281 imo
2029 1236 2084 1280 et
2118 1235 2284 1280 totam

726 1320 1019 1376 Ecelesiam
1059 1335 1180 1375 sese
1217 1320 1449 1376 diffudit.
1480 1320 1535 1375 Id
1567 1322 1709 1375 enim
1746 1320 1846 1389 ipsi
1900 1334 2044 1374 cura:
2079 1318 2197 1383 fuit,
2230 1329 2287 1372 ut

723 1412 1016 1481 discipulos
1039 1412 1360 1467 Christianae
1381 1413 1504 1468 vitae
1523 1423 1684 1484 atque
1709 1412 1970 1467 doctrina:
2002 1412 2286 1482 prteceptis

721 1505 1035 1570 ext-oleret,
1076 1506 1166 1575 qui
1211 1507 1463 1576 deinceps
1509 1507 1576 1562 de
1629 1517 1736 1561 tota
1793 1506 2032 1563 Ecclesia
2079 1505 2285 1570 verbis,

723 1599 940 1666 scriptis
987 1608 1042 1652 et
1093 1599 1355 1669 exemplis
1386 1599 1526 1652 bene
1558 1609 1922 1656 mererentur.
1971 1600 2120 1654 Talis
2163 1599 2283 1666 fuit,

722 1688 918 1747 Photio
951 1699 1085 1745 teste
1105 1692 1168 1754 ³⁷,
1203 1689 1259 1744 S.
1295 1690 1611 1762 Hippolytus
1655 1693 1938 1762 episcopus
1969 1701 2022 1746 et
2055 1702 2283 1765 martyr,

725 1781 817 1849 qui
851 1781 992 1835 inter
1023 1782 1164 1835 tertii
1201 1781 1384 1836 saeculi
1437 1781 1625 1836 Patres
1676 1784 1986 1838 sanctitatis
2014 1792 2068 1837 et
2099 1785 2286 1840 erodi-

726 1875 890 1929 ttonis
929 1875 1088 1929 laude
1143 1877 1346 1932 ﬂoruit.
1379 1874 1525 1929 Talis
1559 1877 1718 1930 etiam
1767 1876 1934 1931 Caius
1979 1877 2283 1947 presbyter,

720 1963 962 2032 ejusdem
1012 1967 1191 2019 saeculi
1240 1969 1477 2036 scriptor
1519 1967 1660 2022 haud
1714 1967 1984 2036 ignobilis,
2020 1966 2210 2022 saltem
2243 1968 2285 2021 si

723 2076 845 2127 quae
875 2059 1004 2113 ﬁdes
1036 2060 1119 2124 iis,
1145 2076 1261 2125 quze
1287 2060 1339 2113 iu
1369 2076 1499 2116 mss.
1529 2062 1685 2115 codd.
1719 2061 1915 2127 scripta
1941 2059 2193 2130 leguntur
2221 2060 2289 2113 ad

722 2153 925 2206 calcem
960 2155 1215 2206 Actorum
1241 2154 1596 2226 S.Polycarpi
1632 2156 1903 2227 martyris,
1933 2171 2052 2223 quae
2079 2171 2107 2209 a
2133 2154 2288 2220 Caio,

722 2247 813 2314 qui
858 2262 974 2298 cum
1015 2245 1218 2300 Ircnu’o
1269 2260 1603 2302 conversatus
1640 2258 1750 2314 est,
1790 2249 2288 2313 συνεπολιτεύσατο,

725 2340 988 2408 descripta
1016 2341 1287 2408 dicuntur,
1308 2357 1375 2396 ex
1399 2342 1566 2412 ipsius
1586 2342 1799 2408 lrenaei,
1819 2342 2100 2414 Polycarpi
2130 2343 2293 2398 disci-

724 2431 862 2499 puli,
895 2433 1230 2501 apographo.

797 2527 885 2580 18.
919 2526 1023 2580 Sed
1059 2542 1175 2580 cum
1207 2527 1257 2580 in
1290 2527 1485 2582 Galliis
1517 2528 1743 2598 apostoli
1787 2543 2011 2584 munere
2041 2529 2292 2599 fungere-

727 2626 835 2681 tur,
866 2633 1095 2686 eamque
1144 2621 1313 2674 vinem
1363 2621 1573 2674 Domini
1618 2631 1827 2690 partem
1861 2621 1962 2676 sibi
2004 2622 2290 2676 colendam

725 2711 1074 2778 suscepisset,
1101 2712 1173 2764 ibi
1207 2710 1410 2778 majora
1442 2713 1541 2767 zeli
1572 2714 1654 2768 sui
1679 2714 1974 2782 specimina
2008 2715 2168 2768 edere
2197 2731 2293 2783 par

722 2811 861 2855 erat.
897 2802 1080 2868 Quare
1104 2803 1236 2856 nihil
1263 2806 1540 2873 antiquius
1576 2805 1783 2871 habuit,
1816 2822 1974 2875 quam
2009 2815 2064 2860 ut
2096 2808 2148 2860 in
2195 2821 2292 2861 eas

726 2905 907 2962 partes
934 2912 1052 2963 (piae
1080 2897 1231 2950 novis
1264 2897 1561 2951 cultoribus
1592 2899 1914 2967 indigerent,
1947 2914 2139 2967 operas
2166 2900 2292 2953 mit—

731 2995 870 3039 teret
897 2988 1257 3042 necessarias.
1304 2988 1549 3042 EX‘ACliS
1581 2987 1681 3042 SS.
1720 2999 2019 3058 martyrum
2055 2990 2292 3045 Ferreoli

728 3077 1048 3148 presbyteri,
1106 3089 1159 3132 et
1195 3078 1506 3134 Ferotiouis
1542 3081 1778 3144 diaconi,
1828 3079 2025 3137 Felicis
2070 3084 2297 3155 presby-

2386 580 2721 629 emerserant
2750 572 2803 625 in
2830 571 3052 626 Oriente
3080 569 3462 631 Valenti‘iiiani,
3487 581 3624 637 quos
3646 569 3794 623 brevi
3829 577 3952 638 post

2387 674 2716 737 exceperant
2774 663 3061 728 Marcosii,
3113 662 3352 722 Simonis
3407 662 3543 733 Magi
3603 663 3951 733 aliorumque

2386 764 2765 821 Gnosﬁcorum
2827 761 2968 815 mala
3037 761 3355 830 progenies;
3413 758 3506 828 qui
3571 759 3670 814 sub
3731 760 3952 812 nomine

2387 857 2697 912 Christiano
2727 855 2969 908 animum
3002 853 3121 920 plus
3167 867 3329 920 quam
3365 850 3642 905 ethnicum
3671 861 3950 918 gerentes,

2389 945 2799 1001 incredibilibus
2827 958 3077 998 errorum
3103 942 3385 1005 monstris,
3418 942 3818 1011 horrendisque
3852 940 3953 994 lla-

2387 1039 2534 1108 gitiis
2569 1037 2892 1093 Christiana:
2923 1036 3203 1104 religionis
3241 1035 3515 1090 sanctitati
3563 1050 3830 1090 summam
3863 1037 3952 1090 in-

2387 1130 2565 1185 famiaa
2595 1131 2767 1186 labem
2802 1129 3179 1200 aspergebant.
3205 1128 3282 1182 Eo
3308 1127 3665 1197 periculosius
3695 1127 3954 1194 serpebat

2385 1237 2675 1286 venenum,
2707 1237 2815 1292 quo
2843 1221 3106 1278 occultius
3135 1221 3389 1290 :jamque
3422 1217 3835 1289 Lugdunensem
3863 1233 3955 1273 re-

2386 1316 2600 1388 gionem
2629 1323 2967 1386 pervaserat,
2992 1313 3302 1384 pluresque,
3342 1311 3599 1367 mulieres
3620 1311 3954 1381 praesertim,

2389 1408 2671 1476 infecerat,
2701 1423 2936 1479 quorum
2985 1409 3197 1463 animos
3222 1422 3328 1461 non
3366 1421 3396 1460 a
3429 1405 3535 1460 ﬁde
3567 1405 3745 1469 modo,
3773 1407 3867 1459 sed
3900 1413 3959 1458 et

2388 1505 2454 1560 ab
2477 1504 2624 1559 omni
2661 1502 2891 1563 rationis
2930 1516 3088 1556 sensu
3120 1515 3286 1570 prope
3315 1501 3633 1555 abduxerat.
3664 1499 3960 1554 Irenaaus“

2386 1597 2642 1652 excubias
2666 1612 2830 1668 agens
2855 1609 2954 1665 pro
2977 1595 3176 1650 Christi
3205 1609 3388 1666 grege,
3410 1595 3499 1648 ubi
3530 1594 3728 1648 malum
3758 1594 3954 1657 sensit,

2387 1692 2629 1760 satisque
2657 1701 2823 1746 totam
2849 1689 2964 1759 ejus
2985 1689 3306 1759 gravitatem
3335 1704 3403 1744 ex
3432 1689 3808 1744 haereticorum
3839 1696 3954 1740 tum

2388 1781 2567 1846 libris,
2599 1791 2708 1836 tum
2752 1781 3097 1836 sermonibus
3122 1780 3456 1849 exploratam
3486 1780 3693 1840 habuit,
3723 1778 3787 1834 ad
3815 1779 3958 1833 scri-

2390 1875 2626 1929 bendum
2677 1889 2736 1930 se
2792 1875 3042 1939 contulit,
3083 1884 3142 1928 ut
3186 1873 3478 1928 sceleratas
3526 1887 3711 1928 eorum
3758 1886 3956 1941 nugas,

2390 1968 2541 2024 dolos
2585 1977 2639 2022 et
2682 1952 2956 2022 mores'in
3015 1967 3298 2037 propatulo
3341 1974 3564 2035 poneret
3610 1974 3663 2021 et
3712 1965 3962 2020 funditus

2390 2071 2683 2116 everteret.
2712 2060 2816 2115 Sed
2835 2061 2901 2116 de
2918 2060 2976 2115 S.
2997 2060 3235 2130 episcopi
3259 2058 3409 2114 libris
3438 2068 3492 2114 et
3517 2059 3736 2128 scriptis
3765 2068 3960 2127 postea

2392 2156 2563 2209 fusius
2622 2164 2676 2208 et
2728 2154 3032 2208 accuratius
3097 2153 3452 2208 disseremus.
3511 2152 3962 2219 Valentinianos,

2391 2234 2760 2311 Marcionitas,
2789 2246 3033 2315 aliosque
3081 2258 3296 2301 veteres
3340 2247 3624 2302 haereticos
3671 2248 3963 2304 damnatos

2391 2341 2459 2396 ab
2490 2340 2691 2395 Irenaeo
2718 2339 2883 2394 fuisse
2912 2340 2964 2392 in
2996 2339 3205 2410 synodo
3251 2355 3416 2410 quam
3462 2340 3711 2411 Lugduni
3745 2342 3961 2406 habuit,

2391 2434 2585 2503 cuique
2615 2432 2897 2488 duodecim
2942 2433 3221 2488 adfuerint
3260 2434 3521 2504 episcopi,
3551 2434 3716 2489 tradit
3738 2436 3848 2504 jam
3878 2435 3964 2490 ci-

2391 2537 2539 2590 tatus
2573 2527 2813 2581 Libellus
2859 2526 3186 2598 synodicos;
3237 2528 3328 2581 sed
3362 2526 3413 2581 in
3460 2527 3767 2598 hujusmodi
3799 2528 3968 2583 rebus

2394 2624 2553 2678 nullae
2571 2622 2700 2678 ﬁdei
2729 2637 2851 2679 esse
2885 2637 3042 2690 posse
3072 2621 3216 2676 hunc
3253 2620 3515 2688 libellum,
3564 2637 3710 2677 nono
3758 2623 3967 2678 saeculo

2393 2719 2621 2781 editum,
2646 2715 2758 2783 jam
2788 2716 3116 2770 monuimus.

2465 2808 2552 2864 19.
2582 2808 2755 2874 Quam
2789 2807 3000 2860 tuendae
3042 2821 3105 2859 ac
3136 2804 3377 2860 fovenda:
3428 2805 3480 2858 in
3532 2803 3773 2858 Ecclesia
3817 2802 3969 2871 pacis

2395 2902 2667 2956 studiosus
2728 2899 2892 2955 fuerit
2954 2899 3225 2960 Irenaeos,
3283 2911 3552 2965 nusquam
3622 2893 3971 2949 manifestius

2398 2991 2683 3067 [LXXXV]
2716 2993 2909 3062 patuit,
2940 3007 3095 3060 quam
3136 2991 3186 3045 in
3222 3005 3285 3045 ea
3335 3005 3453 3059 qute
3496 2989 3638 3044 inter
3687 2988 3966 3042 Victorem

2397 3103 2588 3157 papam
2620 3095 2675 3140 et
2700 3086 2968 3139 Asiaticos
2991 3083 3243 3138 efferbuit
3276 3084 3663 3138 controversia.
3691 3083 3972 3138 Hactenus

731 3169 855 3230 teri,
881 3185 942 3220 ac
966 3168 1247 3222 Fortunati
1279 3168 1582 3224 etAcbillei
1616 3169 1992 3237 diaconorom,
2019 3172 2077 3226 S.
2104 3173 2290 3228 Irena:i
2320 3171 2362 3230 C
2399 3195 2504 3233 non
2527 3193 2630 3232 una
2659 3188 2711 3231 et
2733 3179 2917 3232 eadem
2939 3177 3110 3230 fuerat
3132 3175 3498 3229 Ecclesiarom
3519 3176 3760 3229 omnium
3789 3175 3839 3228 in
3868 3189 3970 3228 ce-

729 3262 1138 3330 discipulorum,
1173 3265 1428 3319 discimus
1466 3268 1676 3334 priores
1717 3269 1850 3322 duos
1882 3269 2286 3332 Vesontionem,

727 3359 1062 3422 posteriores
1098 3366 1203 3410 tres
1241 3356 1539 3413 Valentiam
1591 3362 1658 3415 ab
1689 3379 1752 3416 eo
1786 3365 1982 3418 missos
2015 3363 2202 3427 fuisse,
2238 3372 2294 3417 ut

727 3461 824 3514 per
875 3461 936 3499 ea
993 3447 1108 3501 loca
1171 3449 1335 3504 divini
1388 3451 1565 3505 cultus
1629 3452 1974 3507 fundamenta
2026 3454 2291 3522 jacerent.

729 3543 987 3605 Quamvis
1030 3553 1209 3596 autem
1246 3560 1352 3598 non
1401 3560 1571 3614 usque
1603 3547 1734 3600 adeo
1769 3549 1979 3601 sincera
2010 3549 2295 3602 videantur

732 3637 848 3688 haec
894 3645 1035 3698 aeta,
1073 3644 1128 3689 ut
1170 3636 1235 3689 iis
1281 3637 1491 3705 plenam
1525 3646 1578 3693 et
1619 3639 1975 3692 indubitatam
2024 3641 2183 3695 ﬁdem
2237 3643 2291 3694 in

729 3727 981 3780 oumibus
1017 3728 1254 3783 tribuere
1299 3729 1587 3797 possimus,
1631 3730 1765 3783 nihil
1801 3741 1980 3786 tamen
2029 3743 2110 3787 est
2152 3734 2294 3801 quod

730 3818 796 3871 de
821 3820 1075 3873 missione
1093 3831 1399 3874 sanctorum
1425 3822 1637 3876 illorum
1661 3824 2053 3878 dubitationem
2077 3841 2296 3880 movere

732 3924 916 3978 queat,
933 3929 1054 3966 cum
1083 3915 1315 3968 maxime
1337 3917 1766 3970 consentientem
1792 3918 2088 3971 habeamus
2107 3934 2295 3973 earum

732 4005 1098 4059 Ecclesiarom
1139 4008 1503 4062 traditionem.
1545 4007 1608 4061 Et
1635 4018 1922 4078 eapropter
1945 4025 1972 4062 a
1997 4011 2295 4076 veteribus,

730 4100 1027 4154 Galliarum
1058 4103 1351 4170 apostolus,
1373 4102 1547 4156 lumen
1569 4101 1839 4156 Gallorum
1860 4103 2295 4172 Occidentalium,

724 4193 848 4260 jure
884 4194 1077 4245 merito
1118 4193 1292 4246 dictus
1318 4193 1417 4245 fuit
1446 4194 1710 4257 lremeus;
1743 4205 1928 4263 utpote
1953 4197 2043 4266 qui
2070 4195 2297 4253 Celticas

733 4299 906 4356 gentes
939 4287 1166 4339 excoluit
1209 4297 1257 4340 et
1291 4286 1677 4344 illuminavit”.
1713 4290 1776 4342 Et
1815 4289 1942 4344 hinc
1970 4306 2074 4344 non
2106 4307 2296 4360 parum

733 4379 1086 4432 conﬁrmatur
1131 4379 1273 4447 quod
1321 4379 1482 4447 paulo
1519 4390 1643 4431 ante
1683 4381 1942 4445 diximus,
1994 4397 2148 4437 raras
2185 4393 2296 4438 tum

736 4471 905 4524 fuisse
938 4474 989 4523 in
1018 4472 1203 4526 Galliis
1237 4470 1508 4525 Ecclesias
1532 4471 1887 4540 Christianas,
1927 4475 2163 4529 rariores
2186 4477 2299 4545 epi-

736 4581 928 4632 scopos
961 4579 1120 4619 :cum
1157 4564 1400 4618 Valentia
1441 4574 1496 4618 et
1545 4564 1820 4632 Vesontio,
1871 4569 2120 4623 civitates
2153 4570 2294 4624 haud

733 4658 952 4710 obscuri
992 4657 1224 4708 nominis
1264 4667 1317 4709 et
1365 4657 1532 4711 inﬁmi
1585 4662 1805 4727 grados,
1848 4676 1945 4715 nec
1978 4677 2006 4714 a
2036 4661 2294 4731 Lugdqu

734 4749 920 4818 procul
962 4749 1096 4800 adeo
1133 4749 1361 4813 dissitas,
1389 4749 1588 4804 Christi
1627 4753 1782 4805 lideiu
1817 4753 2054 4806 nondum
2089 4758 2294 4809 audiis-

736 4854 879 4904 seut,
925 4857 1149 4908 quarunt
1205 4844 1364 4895 etiam
1420 4845 1627 4912 priores
1677 4846 1948 4914 apostolos
2001 4848 2292 4916 episc0pali

737 4936 999 5002 dignitate
1053 4935 1296 5002 insignes
1354 4935 1518 4990 fuisse
1578 4953 1680 4990 non
1737 4938 1986 5004 legimus.
2041 4941 2113 4994 Ea
2167 4957 2296 4996 vero

736 5026 911 5076 (umiia
956 5040 1076 5078 eum
1122 5026 1280 5078 nullis
1307 5027 1703 5093 chronologicis
1735 5031 1875 5083 notis
1908 5031 2113 5097 signata
2149 5032 2293 5102 lega-

739 5132 858 5169 mus
897 5119 1034 5183 apud
1068 5129 1338 5180 auctores,
1385 5135 1491 5186 quo
1543 5136 1686 5172 anno
1719 5123 2042 5189 contigerint
2071 5125 2297 5179 delinire

738 5223 842 5260 non
892 5224 1192 5274 possumus.
1225 5213 1294 5262 At
1349 5209 1475 5261 illud
1514 5221 1741 5274 certum,
1793 5211 2080 5266 Eleuthero
2122 5215 2296 5269 adhuc

740 5301 1014 5366 pentitice,
1069 5303 1300 5370 scriptos
1343 5304 1533 5355 saltem
1587 5314 1693 5356 tres
1739 5305 1949 5370 priores
1999 5305 2188 5372 libros,
2233 5324 2300 5361 ex

738 5392 1002 5460 quinque,
1039 5396 1294 5447 adversus
1348 5395 1726 5449 Gnosticorout
1789 5395 1998 5450 fabulas
2023 5396 2088 5452 ³³.
2119 5396 2304 5465 Neque

740 5486 882 5536 enim
910 5484 1116 5538 Irean
1145 5489 1275 5540 satis
1304 5499 1420 5539 erat
1459 5489 1663 5541 Christi
1715 5490 1922 5557 imperii
1975 5491 2111 5543 lines
2141 5506 2300 5558 quam

745 5579 903 5647 longe
956 5581 1166 5648 lateque
1215 5595 1395 5650 posset
1445 5585 1708 5651 proferre,
1760 5583 1860 5636 nisi
1916 5599 2102 5651 pacem
2153 5585 2203 5636 in
2238 5597 2302 5636 eo

746 5673 912 5736 tueri,
970 5675 1316 5744 hostiumque
1359 5675 1774 5730 domesticorum
1833 5676 2003 5730 malas
2049 5685 2218 5740 artes,
2249 5686 2302 5729 et

817 5789 861 5821 Iv
895 5788 1023 5840 (τίνι,
1069 5791 1179 5841 ιρι,
1283 5790 1326 5830 ³⁸
1359 5788 1662 5844 Theodorct
1693 5830 1704 5846 ,
1741 5788 1864 5839 dial.
1909 5791 1956 5839 l.
1990 5787 2201 5843 Immut.

751 5860 790 5889 “
824 5863 975 5927 Apud
1029 5860 1374 5922 Thcodorct.,
1421 5861 1514 5916 lib.
1560 5878 1573 5914 ι
1631 5860 1790 5923 ιιλει,
1828 5877 1870 5912 c.
1907 5862 1957 5912 ‘J.

2324 5789 2364 5819 ³⁹
2395 5786 2494 5852 ld.,
2524 5786 2818 5856 Compend.
2856 5783 2996 5841 Ilaar.
3031 5782 3137 5839 fab.

2394 3275 2650 3328 lebrando
2677 3272 2940 3328 l’aschate
2970 3270 3272 3336 disciplina.
3302 3269 3442 3323 Asiae
3468 3267 3686 3322 Minoris
3709 3266 3973 3320 Ecclesiae

2395 3366 2659 3436 agendum
2719 3363 3002 3419 Paschalis
3069 3372 3123 3418 et
3189 3362 3605 3416 resurrectionis
3668 3359 3972 3412 Dominica:

2395 3459 2537 3512 diem
2573 3457 2794 3523 festum,
2839 3454 3164 3525 jejuniisque
3208 3455 3370 3508 linem
3421 3453 3802 3521 imponendum
3841 3466 3970 3506 esse

2396 3549 2817 3615 contendebant,
2847 3548 2961 3617 ipsa
2987 3547 3196 3601 decima
3245 3555 3440 3616 quarta
3480 3544 3604 3598 luna
3634 3553 3755 3612 post
3785 3544 3969 3608 aequi-

2397 3644 2636 3696 noctium
2653 3657 2896 3707 vernum,
2918 3641 2970 3694 in
2992 3655 3376 3709 quamcunque
3392 3638 3746 3692 hebdomade
3770 3636 3966 3690 feriam

2397 3735 2688 3791 incideret.
2721 3735 2960 3788 Romana
3003 3747 3152 3796 vero,
3191 3746 3258 3784 ne
3283 3729 3536 3786 Jodaicos
3581 3729 3717 3784 ritus
3757 3729 3969 3783 imitari

2395 3829 2690 3892 videretur,
2719 3826 3098 3881 celebrandum
3122 3840 3244 3879 esse
3266 3825 3521 3878 censebat
3550 3824 3635 3878 die
3657 3823 3964 3886 Dominica,

2398 3936 2518 3990 quae
2549 3921 2812 3974 decimam
2843 3929 3088 3987 quartam
3120 3917 3297 3970 Ionam
3336 3917 3580 3985 proxime
3617 3926 3966 3983 sequeretur,

2397 4023 2450 4066 et
2477 4027 2541 4066 eo
2575 4027 2742 4081 usque
2776 4009 3138 4080 protrahenda
3163 4023 3282 4063 esse
3306 4008 3531 4074 jejunia.
3566 4006 3820 4062 Romanae
3842 4024 3973 4062 com

2398 4107 2702 4162 sentiebant
2751 4113 2952 4174 praeter
2994 4102 3375 4158 Occidentales
3431 4117 3656 4169 onmes,
3720 4101 3966 4156 Alexan-

2398 4199 2572 4262 drina,
2604 4197 2917 4259 Phreniciaa,
2959 4195 3132 4257 Ponti,
3160 4195 3397 4258 Achaiae.
3432 4202 3485 4248 et
3512 4193 3806 4249 Osrboenze
3856 4192 3967 4247 Ec—

2399 4292 2592 4347 clesiat.
2617 4291 2696 4344 An
2732 4290 2897 4343 etiam
2929 4287 3124 4358 Syria),
3166 4285 3369 4340 Cilicia:
3417 4294 3470 4339 et
3511 4285 3915 4351 Mesopotamiae
3945 4287 3974 4339 ?

2400 4385 2680 4439 dubitandi
2739 4381 2890 4436 locus
2938 4390 3043 4435 est.
3103 4378 3239 4434 Hinc
3290 4379 3559 4448 siquidem
3617 4387 3834 4432 constat
3898 4395 3964 4432 ex

2329 4511 2372 4566 Ι)
2400 4476 2693 4531 Athanasio
2720 4475 2771 4528 in
2801 4474 2939 4527 libro
2977 4473 3052 4526 De
3077 4473 3310 4542 synodis,
3352 4471 3494 4541 quod
3529 4482 3652 4524 ante
3684 4471 3965 4524 Nieienum

2400 4566 2707 4628 concilium,
2757 4566 2805 4619 oi
2844 4565 2940 4634 μὲν
2981 4562 3086 4616 ἀπὸ
3108 4560 3207 4631 τῆς
3255 4561 3483 4632 Συρίας,
3546 4561 3634 4613 καὶ
3683 4559 3965 4622 Κιλικίας,

2391 4661 2485 4714 καὶ
2511 4655 2953 4726 Μεσοποταμίας,
3002 4653 3260 4724 ὲχὼλευον
3307 4652 3432 4722 περὶ
3478 4653 3576 4722 τὴν
3623 4653 3830 4724 ἑορτὴν,
3871 4653 3966 4707 καὶ

2393 4749 2531 4823 μετὰ
2563 4748 2670 4802 τῶν
2705 4746 2969 4800 Ἰουδαίων
2995 4743 3269 4798 ἐποιοῦντο
3295 4743 3504 4812 Πάσχα,
3533 4742 3673 4812 Syri,
3698 4742 3886 4797 Cilices
3915 4759 3966 4797 et

2392 4841 2822 4919 Mesppotamiani
2840 4841 2978 4891 circa
3003 4839 3192 4905 festum
3219 4836 3610 4900 claudicabaut,
3638 4846 3684 4889 et
3708 4853 3824 4889 cum
3853 4836 3964 4889 Ju-

2389 4939 2517 4990 dwis
2544 4935 2750 4988 Pascite
2780 4932 3133 4986 celebrabant.
3164 4930 3351 4986 Tradit
3386 4931 3546 4985 etiam
3574 4927 3797 4996 epistola
3833 4944 3967 4996 syn-

2387 5032 2540 5085 odica
2581 5030 2744 5096 ipsius
2789 5027 3027 5088 concilii,
3060 5027 3265 5089 πάντας
3297 5026 3421 5087 τοὺς
3455 5024 3550 5094 τῆς
3595 5020 3762 5091 Ἐῴας
3808 5020 3968 5073 ἀδελ-

2402 5128 2554 5196 φοὺς,
2586 5139 2760 5176 omnes
2798 5119 3022 5175 Orientis
3050 5119 3261 5187 fratres,
3295 5118 3385 5185 qui
3434 5117 3582 5183 prius
3617 5131 3642 5168 a
3675 5115 3958 5180 Romanis,

2401 5216 2802 5278 Alexandrinis,
2833 5223 2886 5266 et
2909 5212 3029 5264 aliis
3060 5208 3368 5264 nationibus
3400 5208 3451 5260 in
3487 5206 3629 5260 festo
3677 5206 3964 5260 Paschatis

2396 5305 2810 5366 dissentiebant,
2850 5302 2961 5369 jam
2997 5315 3116 5354 cum
3153 5297 3260 5351 illis
3297 5297 3644 5351 consensisse
3673 5295 3737 5350 “'.
3783 5295 3962 5349 Porro

2398 5396 2636 5451 Orientis
2666 5411 2729 5448 ae
2755 5393 2929 5464 Syria:
2965 5401 3125 5461 caput
3160 5391 3470 5444 Antiochia.
3509 5389 3646 5454 Quin
3682 5388 3874 5441 saltem
3905 5387 3961 5440 in

2398 5503 2460 5537 ea
2505 5486 2636 5539 urbe
2680 5485 3005 5538 Asianarom
3048 5481 3414 5537 Ecclesiarum
3467 5479 3531 5533 de
3573 5478 3837 5531 Paschate
3871 5476 3958 5529 di-

2399 5579 2624 5647 sciplina
2663 5578 2790 5631 olim
2825 5577 3119 5641 obtineret,
3157 5575 3326 5628 donec
3362 5574 3648 5626 concilium
3678 5569 3961 5622 Nicaanum

2399 5670 2669 5725 Ecclesias
2699 5685 2885 5723 omnes
2917 5669 2983 5723 ad
3029 5669 3375 5724 concordiam
3423 5670 3760 5725 revocasset,
3796 5659 3958 5711 dubi-

3217 5791 3228 5823 :
3273 5782 3317 5814 ιο
3356 5779 3474 5836 Lib.
3509 5795 3547 5842 1,
3600 5791 3647 5831 c.
3690 5778 3775 5848 is,
3811 5793 3869 5834 η.
3905 5777 3954 5832 7.
