4196 6330
245 393 342 450 193

901 390 1354 450 DISSERTATIO
1388 393 1452 460 li,
1487 393 1646 451 ART.
1684 393 1724 459 l,
1764 391 1853 448 DE
1889 396 1946 451 S.
1985 393 2238 450 IRENA‘JI
2279 394 2441 452 VITA
2479 397 2567 452 ET
2601 397 2866 457 GESTIS.

3389 382 3492 466 m

244 521 359 566 tare
389 526 486 568 nos
534 526 641 566 non
678 509 808 567 sinit
841 511 898 568 S.
935 510 1163 568 Joannis
1207 513 1579 586 Cbrysostomi
1621 513 1688 579 δ’,
1717 512 1828 568 An-
1857 516 1899 572 Α
1930 511 2153 565 extimas
2177 523 2374 579 partes,
2428 522 2538 568 etc.
2597 513 2887 584 Distingttit
2944 530 3000 574 et
3046 518 3342 592 Procopius
3374 527 3415 559 "
3472 547 3488 584 :

243 604 476 659 tiocheni
517 605 659 660 civis
700 621 764 660 ac
804 605 1130 677 presbyteri,
1178 622 1438 675 expressa
1494 609 1819 676 auctoritas,

243 696 297 750 in
324 700 572 753 oratione
611 712 773 762 quam
812 697 1074 753 adversus
1099 701 1359 768 quosdam
1389 714 1420 755 e
1465 701 1580 756 suis
1609 703 1817 765 habuit,

242 793 334 862 qui
363 790 568 846 veteris
607 790 744 844 ritus
789 804 1082 851 memores.
1120 790 1328 846 Pascha
1355 791 1522 846 etiam
1564 803 1687 862 post
1720 791 1817 848 Ni-

241 900 446 940 catnam
508 884 775 956 synodum
821 882 946 938 luna
998 884 1066 937 14
1109 883 1388 939 celebrare
1434 900 1538 940 non
1597 887 1818 942 destite-

239 985 381 1030 rant.
429 974 659 1030 Fatetur
706 976 847 1029 hunc
893 975 1111 1045 quidem
1161 975 1336 1030 fuisse
1376 986 1503 1032 ante
1547 978 1814 1048 synodum

236 1065 707 1120 Autiochenorum
753 1080 980 1130 morem,
1025 1067 1287 1134 deinceps
1331 1076 1515 1122 autem
1555 1069 1815 1123 observa-

241 1158 374 1211 tioni
415 1168 718 1226 temporum
744 1157 1093 1212 concordiam
1126 1157 1297 1213 fuisse
1337 1158 1641 1228 praalatam.
1666 1159 1814 1215 Illinc

234 1262 368 1301 vero
399 1247 618 1301 Eusebii
649 1255 893 1301 moratur
929 1245 1252 1302 auctoritas.
1281 1245 1416 1299 Nam
1445 1247 1663 1301 disertis
1691 1263 1813 1302 ver-

235 1338 320 1390 bis
361 1338 561 1392 asserit
592 1338 658 1404 ",
708 1346 908 1405 praeter
971 1337 1204 1392 Asianas
1269 1336 1511 1406 aliasque
1555 1339 1814 1395 finitimas

235 1428 527 1493 Ecclesias,
571 1430 689 1490 ταῖς
723 1426 826 1482 ἀνὰ
860 1428 957 1499 τὴν
1005 1427 1195 1500 λοιπὴν
1228 1428 1448 1482 ἅπασαν
1481 1432 1808 1514 οἰκουμένην

223 1508 596 1580 Ἐκκλησιαις,
621 1518 823 1570 caeteris
852 1534 945 1586 per
965 1520 1222 1591 reliquum
1243 1522 1418 1576 orbem
1440 1531 1698 1579 terrarum
1727 1508 1811 1581 di-

219 1604 418 1668 spersis
445 1603 719 1675 Ecclesiis,
736 1608 801 1663 de
821 1607 1031 1668 Pascha
1054 1628 1176 1669 cum
1199 1611 1443 1669 Romana
1466 1618 1804 1675 convenisse.

231 1696 445 1763 Quibus
479 1700 764 1768 complecti
809 1703 1022 1754 videtur
1057 1703 1329 1757 Ecclesiae
1379 1704 1575 1774 Syr-iw,
1604 1706 1808 1762 Cilicia:

1926 606 2149 675 Oppida,
2184 607 2354 677 inquit
2402 610 2451 664 in
2483 609 2830 668 Alamundari
2866 616 3134 677 oratione.
3166 618 3490 678 Μεσοποτα-

1924 702 2050 772 μίας
2079 704 2285 777 καὶτῆς
2322 706 2616 778 Ὀσροηνῆς
2653 708 2994 784 καλουμένης
3020 713 3223 786 χώρας*
3252 716 3491 788 Mesopo-

1921 797 2122 860 tamiae,
2146 807 2193 850 et
2226 799 2449 867 regionis
2485 816 2598 867 qua;
2622 799 2886 855 Osrhoene
2913 815 3144 858 vocatur.
3179 803 3235 860 ln
3268 807 3489 866 Notitiis

1918 883 2081 936 etiam
2109 885 2320 952 imperii
2350 896 2405 940 et
2433 887 2690 943 Ecclesiae
2714 890 3124 962 distinguuntur
3149 898 3216 950 ah
3249 897 3486 954 invicem

1919 975 2197 1029 Usrhoene
2245 985 2299 1030 et
2337 976 2724 1046 MeSOpotamia
2768 984 2984 1050 praprie
3028 986 3194 1048 dicta,
3235 997 3288 1042 et
3326 988 3488 1056 hujus

1917 1065 2322 1132 caputAmi‘da,
2356 1066 2498 1122 illius
2535 1068 2736 1123 Edessa
2769 1071 3045 1127 statuitur.
3080 1074 3320 1143 Denique
3371 1083 3486 1134 An-

1919 1151 2208 1216 themusia,
2265 1169 2385 1223 quae
2409 1156 2523 1211 l‘ere
2566 1156 2845 1214 Os-rlmena
2889 1173 2992 1226 est,
3052 1163 3323 1221 Strabone
3383 1184 3486 1221 au-

1915 1253 2085 1307 ctore,
2129 1253 2213 1300 est
2248 1247 2347 1318 τῆς
2393 1248 2838 1321 Μεσοποταμίας,
2882 1253 3274 1324 Μεωροιαηιὶω
3319 1260 3488 1328 ipsius

1912 1337 2111 1405 portio,
2153 1338 2366 1392 scilicet
2403 1337 2805 1408 Mesopotamiae
2853 1343 3017 1399 latius
3047 1362 3305 1416 acceptae.
3357 1352 3489 1417 Quae

1913 1428 2144 1496 probant
2174 1427 2509 1484 Osrboenam
2541 1433 2681 1499 apud
2721 1443 2973 1491 auctores
3006 1442 3209 1508 passim
3248 1457 3276 1494 a
3309 1443 3486 1497 Meso-

1912 1521 2150 1589 potamia
2196 1522 2477 1594 distingui,
2525 1527 2608 1580 vel
2661 1538 2720 1581 ut
2771 1543 2984 1596 partem
3027 1548 3057 1586 a
3104 1545 3240 1599 toto,
3293 1538 3375 1591 vel
3428 1547 3489 1594 ut

1909 1621 2122 1679 partem
2163 1613 2231 1667 ab
2259 1613 2428 1667 altera
2462 1627 2637 1683 parte.
2675 1618 2778 1673 Sed
2807 1621 2908 1676 etsi
2942 1625 3159 1691 quidam
3195 1635 3487 1698 utramque

1909 1703 2216 1772 promiscue
2242 1709 2580 1774 usurparint,
2616 1711 2765 1765 nullo
2794 1722 2996 1780 tamen,
3030 1718 3083 1769 ni
3117 1716 3290 1782 fallor,
3326 1736 3488 1791 argu-

228 1797 286 1843 et
320 1788 735 1857 Mesopotamiae,
766 1791 988 1859 perinde
1006 1804 1168 1862 atque
1198 1794 1329 1850 alias
1354 1795 1552 1863 plures,
1576 1813 1802 1867 quarum
1837 1859 1878 1880 ﬁ
1910 1805 2093 1854 mento
2139 1798 2500 1854 demonstrari
2533 1811 2707 1871 potest
2740 1803 3031 1860 Eusebium
3087 1810 3156 1863 ita
3186 1813 3482 1880 accepisse.

229 1881 493 1936 disertam
528 1884 854 1938 mentionem
886 1900 991 1938 non
1024 1885 1176 1940 facit.
1210 1886 1418 1942 Nodum
1447 1891 1588 1945 hunc
1617 1893 1802 1960 scidit,

227 1988 342 2026 non
381 1974 562 2039 solvit,
587 1976 993 2032 eruditissimus
1037 1978 1418 2036 Tillemontius
1455 1981 1524 2047 “,
1551 1985 1804 2041 scribens

223 2078 320 2118 eas
350 2066 565 2132 quidem
594 2065 832 2123 Victoris
871 2079 1035 2123 attate
1070 2070 1303 2137 Pascha,
1351 2088 1501 2128 more
1532 2073 1802 2144 Romano,

222 2155 318 2210 die
357 2155 638 2213 Dominica
680 2161 1011 2225 celebrasse,
1071 2173 1256 2232 postea
1309 2179 1442 2221 vero
1485 2181 1515 2220 a
1575 2169 1806 2237 pristino

223 2247 338 2301 ritu
386 2248 465 2302 sic
509 2248 796 2314 defecisse,
840 2260 900 2305 ut
946 2252 1148 2308 Nicasni
1193 2257 1410 2311 concilii
1465 2262 1804 2328 temporibus

219 2337 439 2393 Pascha
490 2354 611 2394 cum
659 2340 859 2397 Judaais
899 2356 1123 2410 agerent
1175 2345 1299 2400 luna
1350 2348 1468 2418 ipsa
1521 2349 1605 2404 14.
1647 2352 1800 2419 Quod

219 2429 445 2497 quidem
479 2430 730 2486 Ecclesia:
753 2434 1000 2503 quaedam
1042 2453 1164 2505 qua:
1199 2437 1396 2493 Victori
1433 2456 1584 2511 papae
1613 2445 1801 2500 acrius

217 2521 564 2590 restiterant,
590 2526 791 2579 saniori
827 2537 1014 2595 postea
1044 2540 1299 2600 suscepto
1346 2534 1648 2590 consilio.a
1691 2538 1801 2607 pri-

217 2612 389 2667 stinis
434 2615 630 2670 ritibus
660 2617 1051 2686 desciscentes,
1090 2621 1157 2675 ad
1203 2637 1524 2681 communes
1571 2626 1798 2685 aliarum

215 2700 341 2756 fere
370 2704 609 2760 omnium
644 2707 1007 2765 Ecclesiarum
1041 2713 1320 2778 redierint,
1355 2717 1489 2772 nihil
1520 2721 1662 2774 adeo
1695 2722 1797 2775 mi-

211 2805 348 2844 rum
394 2793 683 2851 videbitur.
717 2797 785 2853 Et
834 2800 907 2854 ita
955 2801 1151 2858 fecisse
1193 2805 1374 2874 plures
1421 2809 1562 2862 Asiae
1613 2809 1798 2864 Eccle-

211 2883 335 2936 sias
362 2886 493 2938 satis
515 2886 827 2955 probabile;
859 2905 980 2946 cum
1006 2892 1400 2952 Constantinus
1424 2901 1723 2974 imperator
1750 2901 1795 2934 "

212 2975 366 3028 inter
396 2992 488 3031 eas
533 2993 655 3047 quae
696 2979 898 3037 Nicaeui
937 2987 1154 3043 concilii
1195 2992 1532 3060 temporibus
1582 2996 1794 3056 Pascha

211 3082 346 3120 cum
370 3067 610 3124 Romana
639 3074 891 3143 agebant,
925 3078 1205 3135 dioecesim
1241 3084 1384 3139 Asiae
1413 3101 1718 3164 recenseat;
1739 3102 1796 3149 et

209 3159 618 3233 Anatolius,qui
646 3167 868 3222 circiter
925 3184 1015 3224 an.
1047 3171 1153 3226 ‘276
1187 3159 1790 3252 scribebat,ait"",quod
1818 3195 1862 3255 (ζ

209 3254 286 3304 ad
329 3253 467 3306 hanc
502 3272 664 3325 usque
695 3258 830 3313 diem
861 3262 1098 3332 episcopi
1133 3265 1273 3321 Asiae
1304 3267 1514 3324 Pascha
1543 3272 1792 3329 celebra—

208 3345 354 3400 bant
398 3345 462 3399 14
512 3347 638 3403 luna
687 3360 808 3431 post
851 3355 1272 3427 aequinoctium;
1317 3364 1518 3431 quibus
1565 3367 1793 3425 inuuere

205 3440 454 3505 videtur,
486 3451 614 3498 tunc
656 3429 938 3503 ceﬂbrare
981 3451 1280 3510 destitisse.
1333 3429 1439 3512 Sed
1472 3459 1561 3526 qui
1607 3471 1661 3514 et
1697 3477 1794 3516 cur

207 3530 496 3598 Ecclesiae,
532 3550 654 3605 qua:
695 3553 790 3607 per
839 3541 1101 3598 ducentos
1145 3544 1314 3602 l‘erme
1362 3565 1539 3604 annos
1579 3550 1792 3607 Pascha

205 3623 299 3677 die
337 3622 611 3682 Dominica
639 3644 742 3684 non
771 3641 981 3687 tantum
1023 3634 1424 3706 obscrvassent,
1461 3643 1556 3697 sed
1603 3654 1656 3700 et
1691 3646 1791 3700 sub

203 3716 404 3770 δρουιί
447 3721 664 3774 secundi
718 3719 902 3791 tinem,
940 3727 1066 3782 dum
1110 3731 1296 3785 acrior
1345 3743 1466 3788 erat
1511 3751 1571 3789 ea
1619 3738 1684 3792 de
1729 3754 1791 3792 re

203 3809 536 3876 disputatio,
566 3811 640 3866 ita
681 3813 1079 3875 observandum
1128 3835 1247 3878 esse
1280 3826 1628 3883 vehementer
1657 3846 1790 3895 con-

205 3899 540 3968 tendebant;
586 3913 790 3961 mutata
840 3907 1122 3978 disciplina
1169 3927 1272 3982 pro
1315 3929 1419 3982 qua
1471 3918 1787 3974 decertave-

201 4001 364 4056 rant,
399 4007 616 4050 centum
649 3999 869 4055 circiter
899 4003 1097 4059 abhinc
1140 4009 1300 4062 annis
1353 4011 1596 4079 alterius,
1626 4029 1785 4082 quam

199 4088 684 4157 impugnaverant,
711 4108 983 4165 quamque
1006 4115 1144 4168 pene
1171 4103 1331 4157 totius
1363 4104 1514 4159 orbis
1548 4108 1787 4163 moribus

198 4195 520 4250 repugnare
569 4199 674 4239 non
729 4190 1072 4256 nesciebant,
1130 4202 1348 4248 tenaces
1393 4199 1784 4265 reperirentur,

198 4286 377 4326 nemo
424 4271 580 4330 facile
629 4277 848 4343 dixerit,
900 4296 998 4335 nec
1055 4298 1273 4338 causam
1332 4296 1442 4341 tam
1500 4289 1787 4359 in0pinatze

196 4365 533 4420 mutationis
566 4370 945 4439 assignaverit.
986 4375 1078 4440 At,
1113 4377 1287 4446 inquit
1314 4380 1400 4433 vir
1421 4380 1782 4445 clarissimus,

197 4454 362 4508 haud
405 4455 624 4512 dubium
679 4461 809 4530 quin
866 4461 1252 4534 MeSOpotamia
1305 4481 1501 4538 quarto
1560 4473 1784 4528 ineunte

196 4547 416 4603 saeculo
456 4561 693 4607 veterem
743 4555 907 4610 ritum
952 4560 1311 4616 deseruisset.
1355 4562 1491 4617 Nam
1544 4569 1783 4622 secundo

196 4643 492 4697 desinente
523 4644 802 4702 Osrhoena
829 4665 949 4704 cum
982 4653 1223 4708 Romana
1271 4656 1513 4711 Ecclesia
1549 4674 1786 4714 consen-

195 4738 403 4792 tiebat.
434 4739 709 4793 Usrhocna
746 4752 926 4796 autem
971 4746 1022 4797 in
1053 4761 1304 4804 sermone
1343 4753 1664 4820 quotidiano
1689 4770 1799 4824 pro.

193 4830 594 4900 MesOpOtamia
645 4837 936 4904 accipitur.
998 4837 1104 4892 Sed
1153 4841 1300 4909 quod
1360 4844 1507 4897 velut
1572 4855 1782 4900 certum

192 4923 438 4978 assumit
467 4926 548 4978 vir
577 4927 947 4992 doctissimus,
979 4929 1420 5001 Mesopotamiam
1448 4947 1502 4991 et
1544 4935 1781 4992 Osrhoe-

191 5032 333 5070 nam
393 5019 698 5085 promiscue
756 5035 1016 5089 usurpare
1076 5024 1252 5078 solere
1308 5025 1376 5079 ab
1438 5032 1780 5096 auctoribus,

188 5107 328 5162 aliis
369 5107 587 5162 dubium
634 5110 827 5164 saltem
873 5113 1164 5168 videbitur.
1227 5117 1390 5171 Certe
1439 5119 1668 5174 alterum
1713 5124 1780 5177 ab

188 5203 378 5255 altera
400 5200 687 5271 distinguit
707 5203 1022 5259 Ammianus
1048 5205 1395 5263 Marcellinus
1418 5211 1499 5266 εστ
1533 5213 1602 5265 Et
1631 5216 1779 5286 quia.

190 5292 815 5360 inquit,Mesopotamiaz
839 5305 1039 5352 tractus
1069 5314 1243 5353 omnes
1280 5303 1460 5355 crebro
1498 5303 1781 5372 inquietari

1836 1859 1879 1916 Β
1909 1889 2038 1946 Sive
2079 1907 2210 1963 ergo
2253 1893 2693 1964 Mesopotamiam
2743 1903 3076 1969 accipiamus
3127 1921 3226 1975 pro
3279 1909 3485 1978 ingenti

1911 1991 2177 2037 terrarum
2215 1996 2416 2053 tractu,
2450 1990 2540 2057 qui
2577 1989 2757 2058 plures
2808 1995 3121 2062 provincias
3163 1999 3484 2068 complecti—

1908 2085 2015 2138 tur,
2067 2076 2183 2129 sive
2236 2093 2333 2146 pro
2391 2091 2538 2135 certa
2601 2084 2840 2150 ejusdem
2895 2099 3100 2144 tractus
3158 2095 3482 2161 provincia,

1905 2164 2065 2236 longe
2105 2168 2440 2238 probabilius
2491 2175 2708 2229 videtur
2753 2178 2889 2232 alios
2939 2179 3106 2235 fuisse
3143 2197 3358 2251 semper
3383 2185 3483 2239 Os-

1909 2258 2140 2324 rhoenae,
2192 2263 2327 2316 alios
2375 2276 2696 2322 ceterarum
2751 2269 3150 2340 Mesopotamia:
3206 2277 3481 2342 Ecclesia-

1906 2365 2024 2404 rum
2061 2369 2258 2407 mores.
2290 2355 2476 2424 Itaque
2509 2375 2628 2413 cum
2663 2363 2927 2418 Eusebius
2973 2368 3189 2422 Asianis
3223 2370 3483 2426 Ecclesiis

1905 2444 2162 2500 ﬁnitimas
2193 2451 2453 2519 quasdam
2499 2454 2548 2506 in
2597 2455 2879 2523 disciplina
2919 2458 3200 2515 Paschalis
3241 2478 3479 2518 censen-

1903 2537 2039 2590 sisse
2070 2538 2232 2603 dicat,
2259 2542 2438 2595 verbis
2462 2543 2579 2612 ejus
2611 2548 2717 2599 vim
2751 2547 3025 2603 illaturum
3069 2567 3190 2606 cum
3223 2570 3341 2610 esse
3369 2572 3476 2610 non

1902 2629 2266 2696 crediderim,
2314 2633 2406 2700 qui
2487 2635 2592 2691 illis
2643 2638 2886 2704 Ciliciae,
2941 2641 3238 2698 Seleucitlis
3301 2648 3478 2717 (cujus

1903 2731 2065 2787 caput
2091 2723 2408 2798 Antiochia)
2438 2739 2494 2780 et
2523 2727 2928 2798 Mesopotamia:
2954 2735 3146 2790 saltem
3181 2739 3479 2806 provincia:

1904 2806 2182 2862 Ecclesias
2208 2810 2538 2879 adjunxerit.
2583 2814 2657 2870 De
2688 2817 2874 2873 Cilicia
2907 2822 2993 2874 vix
3025 2824 3130 2876 ulla
3165 2824 3477 2891 diﬂicultas,

1900 2913 2020 2950 cum
2053 2899 2196 2954 inter
2217 2901 2359 2957 Asiae
2396 2902 2624 2960 Minoris
2655 2910 2963 2974 provincias
3003 2922 3112 2967 tum
3149 2932 3473 2970 numerare-

1900 2997 2021 3053 tur;
2070 3006 2170 3046 nec
2230 2993 2404 3062 major
2463 2997 2531 3049 de
2587 2998 2871 3055 Scleucide
2932 3004 3056 3056 huic
3112 3010 3473 3063 contermina.

1897 3079 2141 3135 Ciliciam
2194 3091 2374 3139 tamen
2402 3099 2651 3141 numerat
2693 3089 3083 3148 Constantinus
3110 3095 3153 3128 ⁵⁸
3208 3098 3350 3152 inter
3380 3115 3474 3155 eas

1898 3171 2172 3227 Ecclesias
2195 3176 2561 3244 qure,Niczuui
2607 3182 2823 3236 concilii
2859 3192 3042 3248 aztate,
3088 3184 3295 3242 Pascha
3348 3205 3471 3245 cuin

1895 3262 2136 3320 Romana
2168 3269 2540 3324 celebrabant.
2577 3272 2681 3327 Sed
2713 3288 2782 3328 ne
2814 3290 2936 3330 cum
2969 3277 3268 3335 Athanasio
3306 3299 3470 3353 supra

1881 3353 2115 3422 ,laudato
2144 3371 2329 3428 aperte
2378 3373 2596 3432 pugnet,
2634 3370 2942 3425 necessario
2985 3372 3339 3441 explicandus
3389 3387 3475 3433 est

1893 3447 1959 3502 de
1990 3448 2193 3504 Cilicize
2211 3463 2363 3521 parte
2387 3455 2590 3524 aliqua.
2620 3458 2689 3515 Ut
2718 3469 2774 3514 ut
2796 3472 2901 3518 est.

1961 3563 2048 3617 20.
2077 3565 2152 3619 Eo
2182 3568 2402 3637 gravior
2433 3570 2572 3625 inter
2613 3571 2890 3644 litigantes
2926 3577 3137 3632 exstitit
3161 3583 3468 3652 contentio,

1892 3675 1999 3728 quo
2024 3661 2273 3728 graviora
2317 3663 2517 3732 quique
2546 3680 2644 3733 pro
2682 3683 2739 3736 se
2777 3681 3045 3724 momenta
3081 3672 3467 3740 proferebant.

1893 3749 2123 3820 Utrique
2152 3753 2296 3806 enim
2326 3753 2617 3813 traditione
2660 3762 2954 3828 apostolica
2983 3762 3293 3819 nitebantur
3320 3783 3333 3818 :
3360 3783 3467 3822 non

1890 3842 2055 3911 quod,
2104 3844 2282 3913 inquit
2329 3844 2585 3902 Socrates
2635 3849 2704 3915 ι’,
2756 3852 3126 3918 apostolorum
3173 3857 3467 3925 quisquam

1891 3935 2064 4004 legem
2093 3952 2153 3992 ea
2182 3938 2248 3991 de
2276 3953 2333 3991 re
2357 3939 2598 4004 tulisset;
2625 3943 2719 3996 sed
2747 3945 2890 4010 quod
2921 3947 3228 4015 exemplum
3254 3964 3463 4013 eormn,

1893 4033 2149 4094 tanquam
2196 4027 2367 4089 legem
2419 4029 2518 4083 sibi
2567 4031 2796 4098 positam
2843 4047 3241 4090 venerarentur
3295 4040 3464 4093 disci—

1887 4117 1999 4184 puli
2055 4118 2124 4171 ".
2171 4120 2354 4173 Asiani
2409 4119 2708 4176 aﬂ‘crebaut
2765 4125 3000 4181 instituti
3061 4130 3145 4182 sui
3211 4142 3466 4186 auctores

1887 4207 2146 4261 Joannem
2173 4211 2499 4278 apostolum,
2528 4212 2833 4284 Philippum
2875 4234 3037 4272 unum
3064 4235 3092 4275 e
3115 4233 3323 4290 septem
3351 4227 3463 4293 pri-

1889 4301 1991 4353 mis
2038 4301 2301 4367 diaconis,
2357 4301 2718 4374 Polycarpum
2768 4326 3086 4380 martyrem,
3125 4314 3458 4385 Melitoucm,

1887 4393 2131 4462 aliosque
2175 4397 2652 4463 prmstantissimos
2675 4401 2842 4464 viros,
2877 4406 2993 4472 qui,
3029 4421 3155 4460 cum
3189 4411 3330 4477 apud
3365 4426 3460 4467 eos

1887 4486 2166 4556 degerent,
2216 4487 2420 4541 Pascha
2457 4506 2642 4545 eorum
2691 4510 2840 4549 more
2877 4497 3230 4555 celebrabant
3271 4504 3355 4558 die
3393 4506 3458 4559 14

1815 4543 1858 4598 D
1888 4580 2048 4632 lunae.
2100 4579 2326 4635 Romani
2376 4597 2405 4636 e
2449 4585 2726 4640 contrario
2763 4591 3078 4645 asserebant
3127 4593 3344 4650 Petrum
3402 4609 3458 4653 et

1884 4669 2133 4736 Paulum,
2177 4673 2360 4726 Romae
2391 4690 2512 4727 cum
2551 4688 2754 4737 essent.
2789 4678 2995 4734 Pascha
3045 4698 3320 4753 nunquam
3348 4691 3454 4745 nisi

1884 4764 1970 4816 die
2002 4763 2277 4819 Dominica
2307 4768 2506 4836 egisse.
2538 4769 2602 4822 Et
2639 4770 2858 4838 quidem
2890 4783 3017 4828 ante
3050 4773 3321 4833 Victorem
3357 4797 3451 4850 pa-

1883 4867 2006 4921 pam
2035 4870 2140 4923 pax
2173 4855 2312 4910 inter
2349 4856 2638 4920 Ecclesias.
2690 4864 2941 4930 quamvis
2988 4866 3089 4920 sibi
3125 4868 3358 4924 invicem
3389 4889 3451 4926 ea

1883 4946 1935 4999 in
1984 4962 2041 5001 re
2088 4949 2412 5013 dissimiles,
2452 4965 2670 5022 semper
2709 4956 3034 5012 constiterat
3074 4979 3086 5015 :
3120 4977 3452 5034 unaquaeque

1883 5052 1982 5092 suo
2017 5054 2164 5094 more
2197 5041 2407 5106 vivens,
2447 5044 2608 5097 aliam
2657 5061 2753 5101 suo
2793 5065 2942 5105 more
2981 5053 3165 5108 vivere
3211 5056 3445 5116 sinebat.

1879 5128 1931 5183 Id
1964 5140 2168 5185 tantum
2205 5131 2514 5209 [LXXXVI]
2547 5153 2869 5195 curaverant
2895 5143 2984 5198 alii
3031 5146 3336 5213 pontiﬁces,
3379 5166 3450 5205 ne

1874 5236 2066 5276 sanam
2103 5235 2156 5279 et
2206 5226 2473 5281 sinceram
2527 5229 2786 5286 Ecclesiae
2839 5249 2951 5291 suze
2995 5239 3445 5295 consuetudinem

1874 5314 2176 5384 peregrinis
2194 5317 2519 5372 Asianorum
2547 5323 2789 5377 moribus
2812 5323 3170 5395 depravarent
3197 5329 3443 5400 inquieta

193 5384 368 5445 sueti,
402 5386 738 5452 prwtenturis
780 5395 830 5439 et
875 5390 1193 5445 stationibus
1241 5396 1585 5448 servabantur
1615 5413 1776 5466 agra-
1869 5405 2085 5473 ingenia
2122 5406 2188 5458 ⁸¹.
2221 5407 2464 5478 Cumque
2509 5411 2558 5465 id
2586 5429 2744 5482 agere
2775 5419 3206 5488 prazsumpsisset
3231 5421 3446 5478 Blastus

192 5478 318 5543 riis,
366 5475 637 5530 (reuersum
692 5478 830 5546 ﬂexo
889 5480 1072 5536 itinere
1126 5481 1411 5538 Osrltoena:
1466 5488 1774 5542 subsederat

263 5614 314 5698 ξ
353 5612 430 5698 Τ..
459 5613 921 5698 V.mﬂom..55:vp.
947 5619 1058 5698 ξοδ
1089 5631 1142 5676 et
1170 5639 1322 5698 seqq.
1356 5625 1698 5698 rf’gEusebq
1732 5630 1827 5687 lib.
1861 5649 1913 5698 v,
1944 5649 1991 5689 c.
2023 5638 2112 5692 23.

1871 5499 2091 5565 quidam
2135 5498 2390 5557 Romana:
2422 5502 2682 5562 Ecclesia:
2733 5511 3042 5579 presbyter,
3078 5515 3443 5570 temeritatem

2191 5639 2413 5720 tf_Hist.
2445 5645 2604 5720 eccl.,
2642 5647 2793 5720 t._lll,
2827 5657 2938 5702 not.
2973 5651 3021 5713 1,
3054 5650 3278 5720 inVict.
3310 5667 3437 5720 pap.

188 5682 493 5789 ζιΙΞυῖθιζ,
519 5686 613 5789 lib;
649 5685 1219 5789 Yit.l(;]'pnlst;cl.
1248 5682 1420 5789 i3
1445 5682 1616 5789 iit-pulit;
2630 5682 3032 5789 ἑὰῖᾌήῗιῖἑὶιῖἶ,
3054 5682 3278 5774 Ιίιϐέέῒὴ
3299 5682 3435 5777 aut:

193 5770 307 5829 _Il\_i_,
343 5755 481 5829 c._5.
531 5757 611 5829 _"
645 5756 897 5829 Procop.,
929 5763 1022 5815 lib.
1055 5778 1068 5814 t
1122 5763 1232 5818 Bel.
1264 5763 1437 5829 Pers.,
1470 5755 1519 5821 ς’.
1552 5769 1638 5822 17.

187 5825 236 5854 ⁸⁸
261 5827 483 5890 Euseb,
527 5827 564 5879 l.
603 5843 654 5891 v,
690 5843 737 5882 c.
773 5825 861 5894 21,
895 5830 983 5885 25.

1717 5775 1761 5857 ξε
1791 5765 2130 5857 Ευιξευρὶιῑι).
2162 5793 2222 5833 m
2282 5765 2356 5835 De’
2393 5765 3231 5857 ῑίῃζξέὸιιέῐ,’ἕ.“ῐεὶξν’ίοἰζῖῐ
3265 5808 3310 5847 c.
3342 5765 3432 5846 ei:

1077 5833 1120 5863 ⁸¹
1151 5833 1249 5896 ld.,
1298 5835 1333 5888 l.
1382 5853 1432 5901 v,
1464 5852 1510 5892 c.
1543 5838 1642 5903 20;
1691 5841 1941 5910 Tertull,
1989 5833 2062 5903 De
2104 5833 2570 5926 ρτεεεείίςξέόἶ
