4196 6330
767 419 868 476 4'93

1559 413 2155 471 DISSERTATIONES
2185 411 2490 469 PREVUE
2524 411 2590 468 LV
2625 412 2876 468 IRENAEI
2916 411 3182 466 LlBROS.

3893 405 3990 459 WG

763 534 879 600 ejus
903 530 1142 586 coercuit
1170 529 1426 592 lrenaeus.
1457 531 1542 585 cui
1565 532 1707 585 haud
1742 533 1918 585 minor
1947 541 2066 586 erat
2110 529 2321 584 tuendae
2351 533 2395 590 Δ
2424 530 2690 600 νωνησξαν
2736 533 2758 582 ὲ

2432 530 2690 600 νωνησξαν
2736 533 2792 582 ὲν
2823 532 2888 598 τῇ
2937 528 3087 597 Ἀσίᾳ
3107 524 3806 595 Τεσσαρεσκαιδεκατήταις
3857 523 3994 575 ἀττέ-

767 627 912 696 pacis
944 639 1103 692 quam
1143 623 1487 690 antiquitatis
1531 639 1592 677 ac
1626 625 1934 678 traditionis
1961 623 2323 677 Ecclesiarmn

766 733 916 779 cura,
960 717 1158 784 scripta
1191 715 1447 769 adversus
1492 732 1615 768 eum
1653 716 1903 785 epistola,
1940 730 2099 783 quam
2136 715 2328 769 inscri-

768 810 873 876 psit
914 807 986 861 De
1015 809 1315 859 schismate.
1343 807 1417 860 llli
1455 822 1584 860 vero
1611 807 1917 874 pontifices,
1952 807 2216 860 Anicetus
2247 807 2328 858 vi-

766 899 983 960 delicet,
1009 897 1158 960 Pius,
1212 898 1476 968 llyginus,
1517 896 1881 966 Telesphorus
1911 907 2072 967 atque
2114 897 2325 961 Sixtus,

765 993 951 1046 eodem
983 989 1187 1045 Irenaeo
1217 1001 1353 1045 teste
1375 992 1443 1055 ",
1479 993 1725 1058 quamvis
1748 990 1952 1046 Pascha
1987 991 2174 1043 eadem
2202 1007 2324 1044 cum

766 1085 982 1138 Asianis
1023 1084 1110 1137 die
1155 1098 1326 1150 neque
1372 1083 1732 1144 celebrarent.
1782 1097 1957 1151 neque
1999 1082 2262 1137 celebrari
2297 1097 2323 1134 a

766 1176 878 1229 suis
927 1176 1330 1242 permitterent,
1372 1191 1493 1230 cum
1539 1176 1601 1228 iis
1641 1186 1818 1229 tamen
1859 1190 2045 1244 pacem
2087 1184 2139 1228 et
2179 1189 2327 1228 com-

766 1266 1077 1321 munionem
1117 1267 1358 1320 studiose
1394 1267 1680 1330 colebant,
1710 1278 1765 1321 et
1821 1266 2327 1336 sacraijuchario

769 1358 927 1412 stiam
955 1373 1053 1427 pro
1080 1373 1229 1412 more
1256 1357 1469 1412 illorum
1487 1367 1783 1427 temporum
1811 1358 1998 1411 iisdem
2018 1358 2322 1412 mittebant.

762 1449 875 1504 lmo
905 1466 1024 1503 cum
1077 1448 1406 1519 Polycarpus
1445 1449 1670 1503 Romam
1726 1450 1943 1504 Aniceti
1988 1451 2326 1519 temporibus

762 1544 1020 1606 venisset,
1069 1543 1199 1596 levis
1234 1542 1353 1595 aliis
1395 1544 1460 1596 de
1505 1542 1685 1606 rebus,
1737 1543 1906 1597 levior
1953 1542 2018 1596 de
2067 1542 2326 1598 Paschate

764 1633 908 1687 inter
952 1642 1241 1703 utrumque
1286 1635 1581 1702 disputatio
1623 1635 1745 1692 fuit.
1794 1635 2053 1689 Anicetus
2101 1636 2322 1704 quidem

763 1724 1061 1797 Polycarpo
1084 1727 1409 1797 persuadere
1427 1739 1654 1783 conatus
1675 1737 1758 1783 est
1786 1737 1838 1782 ut
1869 1727 2141 1782 Romanos
2165 1728 2323 1791 ritus,

763 1818 1093 1889 Polycarpus
1123 1821 1347 1877 Aniceto
1376 1831 1435 1875 ut
1467 1823 1699 1876 Asianos
1740 1822 2196 1891 amplecteretur;
2231 1821 2323 1875 sed

764 1919 960 1965 neutro
1012 1912 1166 1966 alteri
1216 1915 1465 1977 cedente,
1512 1927 1617 1983 pax
1676 1913 1786 1968 cito
1830 1911 2052 1975 coaluit,
2092 1912 2227 1964 adeo
2269 1920 2329 1964 ut

763 2002 1004 2074 pontifex
1043 2002 1318 2058 Romanus
1357 2005 1714 2060 Eucharistite
1758 2004 2095 2059 celebrandas
2136 2019 2330 2060 munus

766 2094 1110 2165 Smyrncnsi,
1157 2097 1475 2152 reverentiae
1505 2112 1691 2161 causa,
1725 2097 2075 2168 concesserit.

836 2185 930 2242 21.
963 2184 1040 2237 Ευ
1065 2184 1186 2239 loco
1219 2202 1306 2241 res
1347 2195 1524 2250 erant,
1560 2202 1681 2240 cum
1711 2184 1899 2241 Victor
1949 2186 2331 2244 Ecclesiaa're-

766 2276 942 2346 gimen
975 2276 1234 2346 suscepit.
1288 2276 1386 2332 llic
1435 2276 1812 2333 decessoribus
1849 2280 1964 2334 suis
2010 2280 2171 2349 paulo
2218 2279 2330 2335 fer-

767 2367 960 2435 vidior,
993 2385 1111 2424 eam
1140 2371 1336 2423 rituum
1367 2370 1732 2425 diversitatem
1761 2372 2103 2442 impatienter
2127 2373 2328 2440 ferens,

769 2469 828 2512 ut
856 2475 1070 2514 onmem
1111 2459 1401 2514 Ecclesiam
1433 2460 1500 2512 ad
1529 2475 1692 2512 unum
1730 2470 1784 2514 et
1819 2462 2069 2516 eumdem
2101 2477 2332 2517 revoca-

771 2561 878 2618 rct,
910 2551 1204 2605 ardentiori
1234 2551 1412 2606 studio
1439 2551 1758 2605 elaboravit.
1791 2551 1846 2607 ιιι
1876 2553 1975 2608 sub
2000 2553 2202 2608 Severo
2231 2555 2334 2609 im-

771 2655 1027 2714 peratore
1079 2643 1372 2714 contigisse
1422 2644 1616 2698 scribit
1660 2643 2022 2717 Hieronymus
2076 2647 2130 2701 in
2171 2647 2335 2702 Cata-

770 2734 890 2804 logo
921 2734 1002 2797 “;
1045 2735 1097 2788 in
1155 2734 1426 2788 Chronico
1470 2749 1601 2790 vero
1634 2737 1874 2807 assignat
1901 2753 2103 2793 annuat
2143 2740 2178 2794 4
2215 2741 2332 2810 eius

771 2826 1004 2896 imperii,
1055 2827 1256 2881 Christi
1305 2827 1408 2882 196
1435 2827 1503 2880 ⁸⁸.
1545 2827 1773 2899 Scripsit
1820 2830 2005 2900 itaque
2055 2832 2237 2887 Victor
2263 2834 2330 2887 ad

769 2922 1073 2993 praecipuos
1108 2926 1272 2978 totius
1302 2921 1556 2979 Ecclesia:
1608 2924 1914 2994 episcopos,
1946 2935 2006 2979 ut
2043 2927 2334 2996 provincia:

773 3029 886 3069 sua:
913 3014 1146 3084 synodos
1179 3026 1458 3084 cogerent,
1487 3024 1541 3069 et
1574 3015 1626 3070 in
1670 3016 1736 3070 iis
1767 3018 2125 3086 qtttestioncm
2171 3020 2340 3074 disce-

771 3117 1009 3177 ptareut,
1041 3124 1104 3164 ac
1130 3125 1228 3179 pro
1250 3109 1504 3165 Ecclesia:
1534 3112 1793 3171 Romana:
1818 3113 1957 3168 vmis
1978 3123 2139 3182 atque
2168 3113 2336 3170 disci-

2432 623 2628 676 στειλε.
2674 621 2961 676 Consentit
3004 618 3268 672 Eusebius
3306 617 3378 682 ⁵⁸,
3425 617 3681 683 additque
3720 617 3994 668 Victorem

2431 732 2537 768 non
2572 714 2734 766 totius
2759 713 2898 766 Asia:
2926 711 3107 774 modo,
3140 709 3232 761 sed
3274 718 3324 762 et
3351 709 3486 762 alias
3515 708 3770 761 finitimus
3804 707 3996 760 Eccle-

2430 806 2562 869 sias,
2599 805 2802 858 Ciliciae
2833 803 3102 863 videlicet,
3138 801 3330 871 Syrias,
3381 801 3680 861 Selcucidis
3723 812 3776 854 ct
3821 799 3999 852 Meso-

2428 900 2677 967 potamiae
2709 897 2933 966 proprie
2965 897 3141 959 dictae,
3175 895 3321 946 velut
3354 910 3382 947 a
3422 895 3687 947 catholica
3727 893 3995 946 sententia

2429 992 2835 1053 dissentientes,
2865 990 3024 1044 simul
3053 1003 3242 1041 omnes
3274 1003 3300 1039 a
3337 988 3604 1041 communi
3648 989 3852 1039 unitate
3883 987 3993 1041 Ec-

2427 1082 2607 1136 clesia!
2633 1091 2911 1150 amputare
2936 1090 3188 1136 conatum
3222 1078 3614 1145 fuisse,-iisque
3647 1094 3742 1142 per
3775 1078 3993 1132 litteras

2431 1173 2650 1236 notatis,
2680 1172 2881 1226 fratres
2903 1189 3112 1236 omnes,
3144 1173 3234 1242 qui
3268 1188 3359 1225 eas
3391 1172 3639 1239 regiones
3661 1171 3998 1236 incolebant,

2427 1266 2918 1319 excommunicatos
2944 1266 3177 1318 edixisse
3202 1309 3210 1325 ,
3246 1264 3453 1335 ἀθρόως
3475 1264 3571 1332 τῆς
3595 1262 3774 1325 Ἀσίας
3795 1262 3999 1332 πάσης,

2429 1359 2543 1429 ἅμα
2568 1361 2685 1420 ταῖς
2709 1360 2924 1428 ὁμόρθις
2957 1357 3316 1427 Ἐκκλησὲαις,
3348 1356 3444 1418 τὰς
3463 1356 3746 1426 παροικίας
3765 1355 4000 1424 ἀποτέμ-

2427 1469 2557 1514 νειν,
2574 1450 2647 1512 ὡς
2663 1449 3088 1522 ὲτεροδοξούσας,
3114 1451 3211 1519 τῆς
3243 1452 3423 1520 κοινῆς
3453 1449 3692 1510 ἐνώςεως
3717 1451 3998 1518 πειρᾶται,

2428 1543 2521 1595 καὶ
2552 1542 2847 1613 στηλιτεύει
2881 1559 2943 1609 γε
2968 1541 3052 1593 διὰ
3084 1541 3444 1612 γραμμάτων,
3481 1541 3868 1611 ἁκοινωνήτους
3895 1540 4001 1612 ἄρ-

2427 1635 2521 1705 δην
2556 1635 2760 1696 πάντας
2795 1634 2917 1695 τοὺς
2939 1635 3114 1685 ἐκεῖσε
3136 1633 3520 1704 ἀνακηρύττων
3549 1631 3824 1700 ἀδελφούς.
3857 1631 4003 1688 Hinc

2430 1728 2764 1797 Epiphanius
2806 1727 2849 1758 ⁸⁷
2896 1726 3290 1781 dissensionem
3348 1724 3710 1779 Ecclesiarum
3761 1741 4003 1794 exagge-

2430 1835 2581 1880 rans.
2613 1828 2819 1872 tantam
2849 1816 3019 1871 fuisse
3064 1816 3278 1878 scribit,
3311 1823 3368 1868 ut
3393 1814 3698 1869 Orientales
3739 1816 3805 1868 ab
3835 1814 4002 1869 Occi-

2360 1884 2401 1939 Β
2431 1909 2738 1964 dentalibus
2765 1909 2922 1963 divisi
2957 1907 3133 1962 nullas
3165 1922 3194 1961 a
3215 1921 3273 1962 se
3297 1905 3526 1961 invicem
3566 1905 3825 1974 pacificas
3862 1905 4009 1960 acci-

2429 2011 2621 2073 perent
2651 2002 2880 2056 litteras.

2497 2091 2589 2147 22.
2625 2092 2867 2146 Laudata
2897 2088 3115 2160 quidem
3143 2089 3366 2144 Eusebii
3402 2090 3568 2144 verba
3620 2089 3698 2144 sic
3736 2097 4007 2158 interpre-

2433 2195 2580 2239 tatur
2604 2184 2875 2249 Valesius,
2901 2196 2959 2238 ut
3012 2183 3254 2248 iactatas
3280 2181 3853 2238 excommunicationis
3900 2183 4011 2238 mi-

2433 2294 2565 2345 nas,
2629 2294 2733 2332 non
2789 2287 2965 2332 autem
3036 2278 3303 2331 vibratam
3376 2277 4009 2331 excommunicationem

2433 2373 2601 2443 ipsam
2635 2387 2699 2425 ex
2731 2371 2795 2426 iis
2825 2370 2939 2425 erui
2969 2385 3128 2439 posse
3168 2377 3339 2439 putet.
3391 2366 3496 2422 Sed
3531 2377 3788 2423 verentur
3828 2369 3917 2422 alii
3945 2378 4010 2422 ut

2433 2466 2569 2520 satis
2595 2463 2890 2516 adverterit
2917 2463 2998 2515 vir
3030 2462 3391 2525 clarissimus,
3426 2461 3603 2514 minas
3632 2461 3849 2529 quidem
3874 2469 4010 2515 ante

2432 2557 2722 2612 concilium
2781 2555 3110 2623 Ephesinum
3168 2554 3465 2607 intentasse
3520 2555 3850 2622 pontificem,
3906 2553 4012 2608 sed

2435 2651 2597 2704 telum
2667 2647 3000 2702 continuisse
3062 2663 3077 2700 :
3125 2655 3350 2714 accepto
3399 2654 3577 2698 autem
3637 2645 3854 2700 concilii
3910 2645 4012 2702 de-

2435 2755 2584 2798 creto
2618 2749 3025 2811 exasperatum,
3053 2738 3182 2792 illud
3221 2739 3492 2793 emisisse.
3533 2737 3642 2793 Nec
3683 2740 3889 2802 obstat,
3921 2740 4015 2793 in-

2433 2837 2644 2906 quiunt,
2676 2835 2817 2904 quod
2846 2834 2922 2887 ait
2943 2834 3084 2886 idem
3119 2832 3402 2895 Eusebius,
3434 2817 3707 2886 Victorem
3741 2842 4013 2886 conatum

2436 2928 2601 2982 fuisse
2635 2928 2772 2981 Asia:
2797 2926 3068 2979 Ecclesias
3095 2941 3122 2977 a
3153 2924 3424 2978 communi
3451 2925 3658 2977 unitate
3689 2933 4007 2992 amputare.

2435 3018 2595 3074 Aliud
2645 3017 2791 3070 enim
2830 3025 2949 3070 erat
2993 3030 3084 3070 eas
3114 3013 3386 3069 Ecclesias
3429 3030 3456 3066 a
3487 3014 3700 3082 propria
3733 3011 4014 3082 poutitlcis

2437 3109 2835 3174 communione,
2876 3106 3019 3162 aliud
3050 3121 3077 3159 a
3107 3105 3380 3160 communi
3413 3106 3575 3159 totius
3607 3103 3862 3159 Ecclesiae
3888 3103 4018 3157 uni-

773 3199 918 3270 plina
973 3200 1292 3267 delinirent;
1332 3201 1606 3267 Asiaticis,
1644 3203 1748 3258 nisi
1795 3206 2184 3271 consentirent,
2240 3219 2405 3288 εχαο
2442 3214 2553 3260 tate
2600 3201 2856 3258 rescindi.
2918 3200 3076 3255 Prius
3130 3199 3348 3268 quidem
3403 3199 3533 3253 fecit
3586 3197 3795 3261 Victor,
3844 3198 4015 3266 idque

769 3291 1314 3362 communicationem
1356 3292 1706 3348 denuntians.
1753 3294 1950 3350 Habita
2010 3296 2223 3361 Romm,
2279 3300 2331 3353 in

769 3381 1079 3450 Palaestina,
1111 3385 1164 3439 in
1209 3386 1400 3450 l’onto,
1438 3387 1490 3440 in
1522 3386 1828 3453 Osrhoena,
1874 3389 1927 3442 in
1957 3390 2189 3455 Achaia,
2218 3392 2334 3459 plu-

774 3477 1031 3545 ribusque
1059 3477 1179 3533 aliis
1207 3480 1261 3533 in
1292 3481 1424 3535 locis
1447 3482 1696 3548 concilia,
1740 3499 1845 3538 uno
1872 3498 2143 3538 consensu
2173 3493 2336 3552 atque

765 3567 974 3636 judicio
1026 3570 1452 3627 ecclesiasticam
1496 3575 1741 3644 regulam
1786 3575 2058 3631 universis
2089 3575 2334 3631 fidelibus

773 3674 870 3728 per
906 3659 1163 3726 epistolas
1211 3663 1499 3730 synodicas
1537 3663 1904 3730 tradiderunt;
1968 3680 2035 3720 ne
2082 3666 2335 3723 videlicet

775 3751 880 3803 alia
925 3751 1010 3805 die
1039 3767 1200 3821 quam
1236 3753 1518 3808 Dominica
1556 3758 1875 3826 mysterium
1915 3759 2334 3814 resurrectionis

778 3841 986 3895 Domini
1050 3857 1079 3895 a
1134 3844 1361 3899 mortuis
1400 3861 1636 3915 unquam
1685 3847 2076 3902 celebraretur.
2134 3849 2332 3904 Eadem

703 3945 708 3953 '
776 3931 878 3984 fuit
903 3933 1064 3986 etiam
1095 3938 1359 3988 sententia
1397 3937 1758 3991 Ecclesiarum
1799 3937 2006 4002 Gallias,
2040 3955 2178 4009 quas
2227 3942 2335 3996 lre-

779 4039 924 4079 nzeus
957 4027 1177 4094 regebat
1218 4029 1526 4098 episcopus.
1560 4029 1632 4083 At
1679 4029 1993 4100 Polycrates
2033 4032 2335 4101 Ephesinus

779 4119 1084 4186 episcopus,
1133 4129 1318 4174 coacto
1349 4121 1673 4176 Asianorum
1722 4123 2097 4193 episcoporum
2151 4127 2337 4181 conci-

782 4209 872 4274 lio,
901 4208 1202 4263 minacibus
1227 4209 1462 4264 Victoris
1506 4210 1709 4266 litteris
1752 4213 1975 4270 minime
2009 4225 2329 4282 commotus,

783 4300 850 4353 ab
879 4301 1095 4369 antiqua
1147 4300 1400 4356 Ecclesiae
1446 4318 1555 4357 suae
1604 4307 2000 4361 consuetudine
2045 4308 2334 4363 disceden-

785 4392 911 4444 dum
969 4393 1068 4446 sibi
1124 4409 1227 4446 non
1283 4395 1510 4462 putavit.
1557 4393 1859 4466 Rescripsit
1905 4398 2067 4469 igitur
2119 4400 2334 4455 concilii

784 4484 864 4536 sui
899 4485 1112 4537 nomine
1136 4485 1199 4536 ad
1236 4485 1572 4554 pontificem;
1600 4488 1940 4542 traditionem
1970 4488 2332 4546 Ecclesiarum

2439 3295 2778 3368 apertissime
2818 3293 2884 3346 sb
2928 3291 3160 3347 Eusebio
3201 3290 3571 3361 signiIiCatum
3624 3291 4010 3356 contendunt;

2435 3391 2711 3464 posterius
2739 3397 2917 3442 autem
2951 3394 3008 3439 ut
3039 3384 3335 3449 obtineret,
3374 3383 3591 3468 segnis
3615 3381 3813 3438 litteris
3848 3395 4016 3438 nota-

2437 3481 2514 3534 vit
2565 3478 2829 3540 Asianos,
2879 3476 3160 3542 sacrisque
3208 3472 3530 3528 interdictOs
3573 3474 3774 3536 edixit,
3834 3483 3891 3527 ut
3939 3476 4015 3529 ab

2437 3586 2622 3627 eorum
2654 3569 3036 3624 communione
3076 3566 3416 3620 abstinerent
3452 3566 3654 3619 caeteri.
3698 3566 3803 3621 Sed
3850 3567 3902 3622 in
3942 3583 4014 3624 ea

2435 3665 2730 3727 sententia,
2774 3661 2970 3718 scribit
3015 3661 3377 3730 Hieronymus
3404 3661 3471 3724 ⁵⁸,
3501 3660 3555 3712 .’ti
3592 3663 3682 3728 qui
3732 3662 4015 3730 discrepa-

2436 3762 2556 3814 bunt
2583 3759 2645 3811 ab
2684 3757 2811 3819 illis,
2847 3753 3048 3807 Victori
3090 3769 3192 3806 non
3209 3753 3468 3806 dederunt
3515 3767 3738 3813 manus;
3780 3755 4018 3823 ejusque

2437 3850 2722 3913 severitas,
2771 3846 3004 3902 Eusebio
3053 3854 3191 3900 teste
3226 3846 3296 3908 ”,
3338 3848 3398 3899 οὑ
3447 3846 3579 3898 πᾶσί
3635 3863 3699 3913 γε
3737 3849 3851 3909 τοῖς
3887 3848 4018 3902 ἐπι-

2437 3941 2657 4004 σκόποις
2702 3940 2982 4011 ὴρέσκετο;
3041 3954 3143 3991 non
3198 3937 3434 3990 omnibus
3466 3937 3665 4006 placuit
3722 3940 4016 4007 episcopis,

2438 4035 2546 4088 imo
2570 4030 2815 4102 pluribus
2844 4029 3142 4098 displicuit.
3175 4027 3603 4093 Quamvisenim
3634 4031 4017 4088 Asiaticorum

2437 4122 2764 4176 sententiam
2809 4129 2865 4174 et
2905 4118 3246 4187 disciplinam
3291 4119 3514 4172 minime
3551 4123 4013 4188 comprobarent,

2437 4214 2712 4268 molestius
2765 4221 2943 4265 tamen
2995 4211 3240 4264 ferebant
3275 4219 3350 4264 tot
3393 4211 3685 4273 Ecclesias,
3725 4213 3794 4266 ob
3847 4230 4017 4281 qua--

2436 4308 2669 4361 stionem
2707 4319 2825 4374 quae
2868 4302 3001 4355 nihil
3039 4307 3102 4354 ad
3135 4302 3294 4355 fidem
3323 4305 3599 4367 attineret,
3643 4306 3710 4356 ab
3747 4305 4019 4361 Ecclesia!

2434 4416 2662 4468 corpore
2707 4397 2939 4453 discindi
2967 4413 2980 4460 ;
3025 4412 3091 4449 ex
3124 4396 3417 4450 ardentiori
3451 4412 3599 4466 papa:
3631 4398 3744 4450 zelo
3771 4411 4014 4467 eruptu-

2436 4512 2553 4550 rum
2584 4495 2694 4563 ipsa
2721 4493 3170 4547 consuetudinum
3205 4491 3520 4546 diversitate
3547 4491 3696 4560 pejus
3733 4494 4016 4549 schisma-

788 4574 923 4627 Asire
984 4575 1233 4642 exposuit
1261 4590 1275 4640 ;
1343 4576 1581 4630 ostendit
1639 4591 1669 4630 a
1718 4576 1942 4632 Joannis
1995 4581 2336 4650 evangelista:
2367 4573 2415 4630 D
2444 4589 2512 4641 iis
2549 4587 2747 4640 malum
2783 4587 3161 4653 przevidentes.
3193 4584 3369 4651 Quare
3397 4584 3578 4653 plures
3609 4585 3853 4652 epistolis
3880 4601 4015 4642 eum

787 4667 1121 4734 temporibus
1143 4667 1210 4721 ad
1239 4682 1390 4721 suam
1421 4683 1590 4738 usque
1625 4681 1839 4724 aetatem
1865 4669 2070 4726 Pascha
2102 4689 2204 4727 non
2232 4675 2338 4730 alia

786 4757 871 4810 die
893 4771 1056 4826 quam
1107 4757 1171 4809 M
1217 4757 1342 4811 luna
1373 4758 1704 4813 celebratum
1753 4759 1918 4815 fuisse
1953 4762 2020 4815 ab
2067 4765 2342 4831 omnibus,

782 4859 1048 4917 quotquot
1079 4847 1130 4902 in
1167 4850 1289 4903 Asia
1319 4850 1605 4907 sanctitate
1651 4861 1703 4904 et
1737 4851 1977 4908 doctrina
2006 4853 2299 4912 ﬂoruerant
2326 4875 2340 4923 ;

789 4954 818 4991 a
867 4955 1094 5009 quorum
1140 4941 1364 5009 proinde
1412 4944 1652 4997 moribus
1705 4946 1958 5000 recedere
1997 4948 2151 5002 nefas
2194 4965 2209 5002 :
2258 4950 2341 5004 his

788 5045 906 5100 qua:
953 5031 1055 5085 sibi
1099 5032 1167 5085 ad
1195 5043 1459 5087 terrorem
1493 5033 1908 5102 objiciebantur,
1953 5038 2175 5092 minime
2208 5052 2339 5091 con-

789 5124 1016 5187 turbari,
1063 5141 1185 5178 cum
1234 5141 1263 5178 a
1309 5126 1604 5194 majoribus
1646 5130 1956 5192 didicisset,
2003 5128 2114 5184 Deo
2166 5131 2338 5198 magis

787 5231 945 5284 quam
1003 5217 1314 5271 hominibus
1369 5220 1850 5288 obtemperandum
1904 5235 2045 5276 esse.
2103 5219 2334 5288 Accepta

789 5309 893 5361 hac
932 5309 1156 5376 epistola
1182 5311 1369 5365 Victor
1402 5315 1614 5383 ἄμετρα
1646 5313 1988 5383 τερμανθεὶς,
2025 5314 2100 5367 ait
2141 5313 2338 5368 Socra-

786 5410 867 5452 tes
915 5400 984 5464 “,
1033 5417 1189 5468 supra
1214 5404 1427 5456 modum
1479 5407 1756 5458 iracundia
1803 5405 2181 5473 inﬂammatus,
2221 5420 2334 5459 om-

788 5503 882 5544 nes
911 5491 1049 5546 Asia:
1087 5492 1375 5558 Ecclesias,
1404 5509 1523 5564 quae
1561 5496 1769 5550 Pascha
1797 5496 2000 5550 decima
2030 5507 2220 5565 quarta
2251 5498 2337 5551 dio

789 5582 985 5635 mensis
1017 5583 1389 5648 celebrabant,
1430 5602 1459 5640 a
1489 5589 1868 5641 communione
1903 5589 2145 5652 rescidit,
2179 5589 2331 5642 ἀκοι-

999 5785 1022 5796 η

837 5853 844 5861 _
924 5786 942 5814 ’
985 5786 1154 5861 Epi_:_t.
1208 5789 1271 5840 ad
1329 5788 1460 5861 Vict.
1505 5804 1623 5858 pap.
1677 5791 1976 5847 ad'calcem
2005 5793 2161 5860 hujus
2188 5792 2288 5860 0p.

788 5853 1154 5920 tust.,c.’~29..
1254 5853 1674 5919 «Li-feet.
1771 5865 1810 5895 υτ
1852 5853 2151 5926 ﬂammis,
2196 5853 2311 5931 §'9.

2392 5793 2436 5824 ⁵³
2466 5793 2526 5845 (ἶ.
2562 5793 2653 5853 45,
2689 5792 2778 5846 45.

2389 5865 2432 5895 ⁸⁸
2463 5863 2515 5917 lu
2547 5861 2718 5917 Calai.

2443 4678 2679 4732 acerbius
2723 4676 3137 4746 perstrinxcrunt
3168 4718 3182 4741 ,
3235 4677 3488 4744 serioque
3551 4686 3883 4730 monuerunt
3953 4691 4020 4733 ut

2437 4769 2680 4823 fovendae
2725 4768 2899 4838 pacis,
2945 4767 3230 4822 charitatis
3259 4777 3314 4821 et
3356 4768 3662 4821 concordia:
3701 4770 4016 4832 studiosus.

2442 4869 2768 4930 temperaret
2802 4860 2869 4914 ab
2907 4858 3195 4913 immodica
3224 4859 3529 4918 severitate,
3563 4875 3628 4914 ex
3663 4875 3764 4926 qua
3790 4861 4014 4915 emolu-

2439 4953 2601 5006 menti
2635 4965 2850 5020 parum,
2904 4948 3210 5002 detrimenti
3259 4949 3547 5017 plurimum
3589 4951 3638 5002 in
3691 4959 3858 5005 totam
3901 4952 4016 5008 Ec-

2435 5041 2657 5094 clesiam
2693 5039 3042 5094 redundaret.
3073 5036 3179 5092 Sed
3221 5055 3330 5106 pra:
3366 5041 3582 5094 caeteris
3629 5040 3866 5095 lrenams
3911 5060 4020 5098 uo.—

2436 5134 2596 5186 minis
2637 5133 2718 5186 sui
2763 5130 3111 5201 appellationi
3179 5131 3406 5198 pulchre
3455 5134 3781 5201 respondens
3823 5136 4018 5209 (εἰρη-

2432 5228 2577 5288 ναῖος
2596 5225 2736 5278 enim
2753 5224 2960 5286 Grtece,
2982 5220 3169 5277 Latine
3199 5223 3490 5276 studiosum
3521 5226 3663 5291 pacis
3681 5226 4020 5299 significat),

2431 5315 2564 5368 nihil
2599 5314 2772 5381 potius
2799 5313 3009 5376 habuit,
3051 5328 3212 5381 quam
3254 5322 3310 5364 ut
3343 5327 3439 5366 sua
3486 5315 3674 5382 agendi
3701 5319 3918 5372 ratione
3959 5335 4026 5374 se

2432 5406 2584 5474 pacis
2625 5415 2904 5464 auctorem
2945 5403 3220 5472 probaret.
3260 5403 3678 5475 Scriptoitaque
3729 5406 4020 5466 Victorem

2431 5499 2706 5559 convenit,
2738 5513 2802 5551 ac
2835 5497 3051 5550 nomine
3099 5496 3364 5562 fratrum,
3415 5500 3611 5569 quibus
3658 5512 3899 5568 praeerat
3954 5505 4016 5559 in

2430 5587 2601 5642 Gallia
2646 5587 2990 5640 fervidiorem
3041 5586 3156 5656 ejus
3184 5600 3369 5642 azstum
3414 5589 3626 5645 fortiter
3674 5599 3727 5646 et
3762 5595 4022 5664 graviter

2877 5792 2923 5822 “
2954 5791 3174 5860 Euseb.,
3214 5794 3250 5848 l.
3296 5810 3347 5861 v,
3384 5811 3432 5852 c.
3469 5795 3557 5861 25,
3589 5795 3676 5849 24.

2793 5863 2836 5895 ⁵⁹
2875 5861 2934 5915 C.
2965 5863 3054 5917 24.

3776 5798 3822 5831 "
3855 5799 3916 5854 L.
3958 5816 3994 5852 ν
