4196 6330
217 399 314 454 497

838 402 1291 459 DlSSERTATlO
1322 403 1386 469 ll,
1425 403 1587 458 ΛΒΤ.
1625 403 1665 467 l,
1703 400 1790 456 DE
1827 402 1883 456 S.
1927 403 2180 462 lRENz‘El
2223 412 2378 468 VlTA
2417 414 2504 468 ET
2541 415 2805 472 GESTIS.

3340 424 3443 480 198

215 521 508 586 increpavit
540 522 606 573 “.
650 518 837 576 Plures
898 523 1037 577 alias
1096 527 1161 579 de
1210 527 1399 579 eodem
1456 534 1774 596 argumento
1805 521 1850 578 Δ
1881 537 2052 579 morte
2077 528 2279 583 Christi
2304 547 2474 601 usque
2507 536 2571 588 ad
2595 531 2711 602 ejus
2733 539 3183 594 resurrectionem
3208 540 3282 610 (id
3333 555 3442 599 est.

211 614 426 681 scripsit
461 615 725 682 epistolas
764 617 828 668 ad
879 617 1062 670 varios
1115 619 1420 686 episc0pos,
1451 621 1646 686 quibus
1681 635 1774 674 eos

211 707 274 760 ad
310 709 723 761 instaurandam
763 699 1330 766 turbatam‘Ecclesize
1360 727 1550 779 pacem
1589 714 1774 766 horta-

212 808 377 862 retur,
428 815 549 866 quae
597 800 793 867 injuria
842 810 1144 869 temporum
1191 803 1489 868 interiere;
1528 806 1622 858 sed
1657 806 1775 872 epi-

211 890 356 944 stola:
384 892 450 943 ad
489 893 764 946 Victorem
808 894 951 946 haud
987 897 1355 962 pmnitendum
1407 896 1771 966 fragmentum

209 983 551 1034 conservavit
599 981 862 1035 Eusebius
914 983 976 1045 6',
1027 984 1170 1050 quod
1223 983 1287 1036 ad
1344 985 1550 1038 calcem
1614 985 1772 1050 hujus

206 1074 384 1141 operis
409 1076 606 1128 excudi
659 1076 990 1129 curavimus.
1037 1076 1294 1130 Hortatur
1343 1077 1396 1131 in
1441 1092 1506 1130 eo
1557 1077 1771 1147 pontiﬁ—

207 1179 344 1228 cem,
374 1177 430 1220 nt
466 1182 617 1221 more
658 1168 1025 1234 decessomm,
1069 1186 1204 1239 quos
1237 1181 1537 1232 enumerat,
1584 1187 1769 1237 pacem

206 1270 325 1309 cum
378 1258 636 1313 Asiaticis
685 1269 918 1322 tueatur,
968 1276 1066 1316 nec
1113 1272 1334 1332 gravate
1379 1263 1516 1316 lerat
1547 1278 1640 1318 eos
1671 1279 1770 1317 an~

205 1349 369 1414 tiqnis
411 1351 891 1407 consuetudinibus
920 1353 1151 1408 firmiter
1191 1357 1489 1418 adhaerere,
1555 1371 1691 1425 quas
1740 1373 1769 1411 a

200 1436 409 1493 Joanne
454 1442 820 1511 evangelista,
883 1445 1126 1512 virisque
1176 1446 1489 1514 apostolicis
1536 1463 1600 1500 ac
1644 1464 1766 1509 san-

204 1531 463 1587 ctissimis
529 1536 838 1590 hominibus
901 1548 1256 1606 acceperant,
1324 1555 1565 1608 quasque
1632 1544 1767 1596 tanti

202 1625 460 1677 momenti
496 1641 616 1680 esse
649 1642 754 1681 non
783 1627 1052 1683 duxerant
1093 1629 1375 1694 Anicetus,
1413 1631 1558 1697 Pius,
1596 1630 1765 1703 Hygi-

202 1732 328 1782 nus,
358 1715 718 1785 Telesphorus
740 1729 794 1774 et
814 1720 1016 1782 Sixtus.
1064 1733 1122 1776 ut
1156 1735 1376 1794 pr0pter
1407 1740 1500 1779 eas
1533 1727 1771 1780 miscen-

198 1807 302 1861 dus
342 1809 595 1865 Ecclesiae
627 1819 799 1867 status
830 1813 1129 1869 videretur.

269 1899 364 1955 9.3.
405 1903 569 1958 Docet
604 1917 890 1973 praeterea,
922 1923 1039 1963 eam
1083 1924 1203 1965 esse
1233 1911 1611 1981 quaestionem,
1645 1927 1764 1983 qua:

199 1991 384 2059 plures
435 1995 574 2050 alias
627 1997 866 2064 inducat,
915 2013 1015 2054 nec
1067 2002 1194 2063 cito,
1259 2017 1359 2055 nec
1423 2002 1580 2058 facile
1638 2003 1765 2058 diri-

203 2089 456 2152 mendas,
505 2090 691 2158 sicque
747 2091 913 2145 altius
964 2093 1385 2162 immergendam
1444 2103 1609 2151 totam
1663 2095 1765 2152 Ec-

191 2177 426 2233 elesiam
481 2181 815 2237 inﬁnitarum
866 2187 1248 2254 propemodum
1305 2189 1541 2242 rixarum
1605 2190 1764 2243 bara-

193 2270 350 2334 thro,
384 2271 714 2346 [LXXXVII]
743 2290 773 2329 e
811 2276 1008 2345 quibus
1050 2277 1139 2332 vix
1181 2294 1458 2335 emersnra
1495 2283 1581 2337 sit.
1628 2281 1761 2336 Nam

187 2362 238 2414 si
270 2363 306 2414 ii
339 2363 664 2419 sollicitandi
695 2374 839 2432 sunt,
873 2370 963 2434 qui
998 2368 1063 2423 de
1106 2370 1244 2425 festo
1275 2371 1522 2427 Paschali
1568 2375 1635 2428 ab
1662 2373 1764 2430 Ec-

189 2451 366 2507 clesia
405 2453 644 2510 Romana
675 2459 1019 2522 dissentiunt,
1055 2460 1202 2515 litem
1230 2465 1394 2516 etiam
1428 2480 1764 2534 consequen-

189 2552 276 2598 ter
312 2546 376 2600 iis
404 2550 722 2603 movendam
747 2552 837 2620 qui
869 2551 1157 2620 jejunium,
1193 2557 1337 2623 quod
1361 2555 1501 2611 festo
1525 2558 1762 2625 praemit-

194 2643 362 2709 titur,
399 2658 554 2697 secus
586 2655 748 2714 atque
787 2644 1013 2701 Routaai
1056 2647 1366 2703 observant.
1414 2649 1518 2704 Sed
1543 2661 1761 2719 prastat

186 2732 371 2799 ipsum
402 2735 612 2801 audire,
647 2751 711 2790 ac
740 2737 1077 2794 ditIicultates
1100 2755 1196 2794 nec
1216 2756 1437 2809 paucas,
1471 2757 1570 2796 nec
1591 2743 1758 2810 leves,

183 2829 303 2890 hic,
340 2844 462 2882 cum
493 2832 719 2886 .occasio
752 2845 1054 2901 Opportune
1087 2851 1144 2889 se
1186 2835 1377 2891 oll‘erat
1403 2880 1418 2904 ,
1463 2837 1755 2893 elucidare.

181 2922 259 2975 Οὐ
287 2920 400 2993 γὰρ
425 2922 580 2992 μόνον
601 2926 844 2996 περὶτῆς
871 2928 1085 2998 ἡμέρας
1107 2929 1252 2982 ἐστὶν
1277 2932 1309 3002 ἡ
1332 2931 1756 3004 ἀμφισϐήτησις,

180 3014 329 3066 ἀλλὰ
366 3014 603 3088 καὶπερὶ
635 3018 727 3071 τοῦ
757 3018 927 3083 εἴδους
959 3020 1056 3090 τῆς
1088 3023 1358 3092 νηστείας.
1408 3025 1470 3078 Ol
1515 3024 1613 3094 μὲν
1652 3025 1760 3095 γὰρ

178 3107 392 3160 οἴονται
421 3109 544 3178 μίαν
565 3110 777 3182 ἡμέραν
806 3112 912 3165 δεῖν
936 3114 1129 3177 αὐτοὺς
1159 3115 1457 3186 νηστεύειν,
1487 3117 1533 3169 ol
1559 3116 1614 3169 δὲ
1643 3115 1755 3182 δύο,

176 3195 228 3245 οἱ
263 3193 327 3247 δὲ
361 3196 452 3247 καὶ
484 3196 751 3263 πλείονας,
777 3201 824 3252 oi
859 3201 914 3253 δὲ
955 3205 1375 3274 τεσσαράκοντα.
1415 3206 1584 3278 Ὥρας
1615 3207 1752 3277 ἡμε-
1780 3202 1822 3260 C

178 3284 346 3354 ρινάς
375 3303 433 3338 τε
469 3289 561 3341 καὶ
607 3293 924 3362 νυκτερινὰς
982 3296 1349 3369 συμμετροῦσι
1400 3299 1500 3370 τὴν
1543 3301 1756 3372 ἡμέραν

174 3373 390 3428 αὐτῶν.
423 3375 602 3450 Neque
637 3383 774 3434 enim
815 3385 878 3437 de
917 3386 1002 3438 die
1046 3386 1217 3440 solum
1257 3395 1608 3448 controversia
1643 3403 1751 3459 est,

174 3471 274 3524 sed
306 3474 462 3523 etiam
490 3475 552 3527 de
583 3475 751 3529 forma
788 3478 901 3543 ipsa
933 3479 1148 3548 jejunii.
1183 3483 1408 3548 Quidam
1434 3490 1570 3541 enim
1597 3490 1753 3542 unico

173 3561 266 3614 die
290 3561 396 3613 sibi
422 3561 775 3630 jejunandum
808 3583 917 3621 esse
942 3571 1377 3638 existimant,alii
1412 3577 1636 3644 duobus,
1656 3580 1754 3634 alii

172 3655 401 3716 insuper
432 3654 693 3723 pluribus,
721 3660 815 3712 alii
845 3676 959 3714 vero
985 3664 1356 3734 quadraginta.
1402 3667 1620 3725 Diuruis
1655 3689 1752 3739 pa-

173 3745 320 3797 riter
347 3763 405 3798 ac
439 3752 708 3801 nocturnis
736 3750 880 3804 horis
915 3760 1223 3822 computatis
1253 3760 1390 3812 diem
1421 3777 1574 3814 suum
1612 3779 1754 3816 com-

171 3836 490 3890 mesiuntur.
552 3840 730 3895 Verba
787 3843 900 3897 haec
967 3845 1309 3904 doctissimos
1364 3851 1608 3909 homines
1663 3871 1753 3910 se-

171 3940 306 3977 cum
352 3925 576 3981 invicem
629 3933 1046 3993 comtuiserunt.
1089 3951 1187 3992 nec
1235 3939 1299 3993 de
1339 3941 1603 4008 lectione,
1655 3960 1752 4001 nec

170 4019 241 4070 de
283 4033 449 4072 sensu
481 4025 900 4078 consentientes.
934 4025 997 4079 l-l.
1026 4026 1269 4084 Valesius
1302 4032 1368 4097 ",
1397 4050 1516 4088 eum
1549 4036 1749 4094 Grabio

168 4116 228 4162 et
270 4109 520 4177 pluribus
549 4115 688 4180 aliis,
731 4117 907 4171 deleta
946 4120 1312 4178 distinctionis
1345 4137 1469 4180 nota
1499 4141 1617 4196 post
1658 4147 1750 4185 vo-

166 4215 298 4255 cem
334 4206 753 4277 τεσσαράκοντα,
787 4227 890 4264 uno
918 4222 971 4266 et
992 4216 1179 4269 eodem
1228 4227 1413 4274 tenore
1465 4220 1748 4290 legendum

167 4302 375 4346 censet
408 4311 421 4347 :
452 4297 496 4348 οἱ
539 4296 594 4349 δὲ
628 4302 1031 4372 τεσσαράκοντα
1063 4303 1213 4376 ὥρας
1258 4309 1519 4382 ἡμερινὰς
1553 4330 1612 4365 τε
1658 4315 1750 4368 καὶ⁹

170 4385 498 4454 νυκτερινὰς
549 4393 918 4463 συμμετροῦσι
966 4396 1061 4466 τῆν
1091 4399 1302 4469 ἡμέραν
1356 4403 1553 4458 αὐτῶν.
1599 4404 1750 4460 Non-

174 4475 318 4527 nulli
359 4492 472 4529 vero
514 4483 868 4551 quadraginta
912 4487 1073 4553 horis,
1120 4491 1324 4546 diurnis
1364 4512 1425 4548 ac
1477 4501 1745 4553 nocturnis

168 4567 530 4630 computatis,
573 4570 712 4623 diem
759 4589 910 4627 suum
965 4581 1393 4642 commetiuutur.
1460 4586 1563 4640 Sed
1619 4605 1740 4643 cum

172 4657 642 4715 animadVerterct
671 4663 704 4716 V
719 4666 938 4731 alesius,
965 4670 1098 4723 dicat
1117 4677 1472 4743 quadraginta
1498 4679 1748 4734 horarum

172 4747 404 4802 absurdi
437 4752 708 4821 quidpiam
739 4773 848 4825 prta
874 4775 931 4814 se
954 4761 1118 4828 ferre,
1150 4765 1202 4820 id
1229 4779 1285 4820 ut
1313 4780 1600 4835 averteret,
1635 4773 1747 4829 Ire-

175 4840 281 4892 1ιεί
319 4842 477 4896 verba
502 4858 834 4902 commutare
867 4867 1152 4924 aggressus
1188 4867 1291 4924 est,
1320 4874 1381 4914 ac
1412 4877 1506 4928 pro
1537 4864 1745 4936 ἡμέραν

173 4934 511 4991 substituere
526 4940 799 5010 νηστείαν,
822 4942 942 4999 licet
962 4948 1300 5019 refragentur
1321 4955 1534 5011 codices
1559 4934 1746 5016 omnes

175 5038 294 5079 tum
333 5028 481 5090 editi,
525 5040 636 5084 tum
665 5049 819 5100 mss.,
854 5047 912 5091 ut
955 5040 1025 5094 sit
1053 5057 1266 5109 sensus,
1297 5049 1560 5115 quosdam
1601 5067 1736 5120 qua-

173 5118 537 5184 dragesintale
568 5124 833 5192 jejunium
874 5132 951 5185 sic
985 5139 1288 5192 commetlrl
1317 5180 1332 5204 ,
1367 5148 1424 5193 ut
1469 5157 1564 5211 per
1604 5118 1738 5214 qua-

175 5208 427 5278 dragiuta
463 5215 630 5272 horas
664 5222 948 5279 continuas
970 5227 1238 5297 jejunent.
1275 5208 1502 5302 Nempe,
1537 5208 1735 5306 inquit,

171 5306 492 5373 antiquarii,
548 5311 809 5364 vocabulo
837 5330 902 5368 cx
935 5320 1214 5384 superiore
1240 5322 1378 5376 linea
1419 5326 1522 5380 huc
1561 5335 1741 5381 trans-

170 5397 309 5460 lato,
351 5397 520 5452 locum
553 5417 936 5473 corruperunt.
975 5411 1074 5464 Alii
1114 5428 1243 5468 vero
1285 5417 1479 5483 quibus
1532 5420 1738 5474 nullam

171 5492 539 5549 distinctionis
572 5510 752 5550 notam
782 5501 922 5554 inter
948 5507 1348 5575 τεσσαράκοντα
1377 5521 1428 5565 et
1455 5513 1602 5582 ὥρας
1657 5531 1738 5570 re-

171 5602 376 5655 ponere
401 5588 610 5655 placet,
651 5600 704 5643 et
738 5594 947 5664 ἡμέραν
983 5601 1216 5655 retinent
1243 5644 1258 5667 ,
1300 5605 1441 5659 diem
1472 5607 1618 5660 illum
1665 5625 1731 5664 XL

171 5685 430 5733 horarum
461 5681 888 5752 interpretantur
916 5691 981 5743 de
1023 5700 1263 5762 tempore
1294 5699 1435 5764 quod
1470 5697 1676 5756 eﬂluxit
1705 5720 1733 5756 a

241 5867 285 5898 "
324 5865 558 5934 Deerat,
597 5869 631 5922 Ι.
679 5885 726 5935 v,
759 5885 804 5927 c.
847 5874 929 5927 19.

1875 617 1943 669 ab
1969 619 2098 672 hora
2137 624 2293 675 tertia
2325 634 2446 692 post
2475 628 2756 682 meridiem
2791 628 3140 695 Parasceves,
3174 649 3342 703 usque
3374 637 3439 689 ad

1877 709 2063 764 harant
2104 714 2326 768 circiter
2355 728 2563 770 sextam
2595 719 2890 776 Dominicn:
2927 727 3250 794 sequentis),
3295 728 3438 796 quod

1876 801 2047 855 ἄσιτοι
2071 805 2340 860 ducebant
2361 810 2566 876 plures,
2583 812 2710 864 nihil
2733 815 3024 881 quidquam
3045 817 3147 869 cibi
3174 828 3263 869 aut
3286 831 3442 885 potus

1875 893 2244 962 degustantes.
2286 901 2389 953 Sed
2419 902 2507 954 alii
2544 911 2653 955 tum
2679 902 2918 968 lectioni,
2953 915 3062 957 tum
3091 907 3441 974 explicationl

1874 987 2072 1039 merito
2107 1003 2433 1058 repugnant.
2478 993 2599 1046 Dies
2639 996 2878 1049 eninth
2930 998 3183 1050 horarum
3223 1015 3443 1069 quoquo

1875 1079 2031 1133 modo
2059 1082 2376 1147 explicetur,
2420 1097 2724 1150 portentum
2761 1101 2842 1142 est
2880 1091 2929 1142 in
2968 1101 3078 1144 tota
3115 1094 3442 1162 antiquitate

1874 1169 2246 1225 ecclesiastica
2287 1174 2606 1239 inauditum,
2641 1177 2794 1246 cnjns
2824 1195 2921 1233 nec
2946 1181 3062 1233 vola
3089 1224 3102 1246 ,
3139 1198 3237 1236 nec
3277 1185 3440 1238 vesti-

1873 1264 2014 1327 gium
2048 1264 2184 1329 apud
2215 1279 2401 1319 omnes
2428 1277 2568 1320 retro
2594 1281 2843 1324 auctoies
2868 1276 3128 1335 occurrit.
3157 1290 3249 1329 eos
3276 1276 3436 1332 etiam

1873 1351 2069 1417 quibus
2116 1351 2349 1407 fatttiliur
2387 1355 2487 1409 fuit
2539 1359 2621 1411 vel
2666 1359 2966 1427 Eusebius,
3014 1380 3110 1419 vec
3154 1366 3434 1422 Imitatus:

1873 1444 2109 1512 nullique
2133 1447 2356 1509 homini,
2384 1449 2426 1502 si
2453 1465 2617 1505 sanus
2643 1451 2825 1516 fuerit,
2857 1455 2908 1508 iu
2941 1468 3178 1511 utentem
3207 1476 3434 1529 usquam

1874 1538 2058 1590 venire
2093 1539 2265 1606 potuit
2301 1541 2440 1594 diem
2467 1558 2623 1596 suum
2652 1561 2718 1600 ex
2750 1563 2815 1602 xx.
2844 1548 2992 1602 horis
3017 1553 3302 1609 conficere.
3330 1553 3436 1609 Sed

1873 1629 1956 1683 fac
2004 1630 2193 1685 lrenzei
2234 1643 2392 1687 wtate
2435 1635 2601 1706 aliqui
2649 1642 2998 1707 exstiterint,
3041 1647 3133 1713 qui
3167 1647 3435 1716 privatam

1870 1723 1994 1786 sibi,
2031 1735 2133 1778 eta
2174 1729 2449 1782 communi
2492 1733 2733 1784 omnium
2787 1735 3061 1788 hominum
3103 1745 3154 1790 et
3191 1738 3434 1806 gentium

1871 1829 1993 1879 usu,
2016 1816 2244 1870 alienam
2268 1827 2566 1888 temporum
2597 1824 2860 1876 rationem
2890 1824 2993 1879 sibi
3024 1829 3432 1888 constituentes.

1869 1911 2009 1961 diem
2052 1925 2207 1963 suum
2252 1912 2325 1964 ita
2375 1915 2671 1968 cornntensi
2719 1914 2952 1978 fuerint,
2987 1918 3175 1985 utquid
3226 1918 3435 1974 addidit

1866 1999 2100 2056 lrcnaeus
2145 2017 2240 2057 eos
2294 2003 2514 2059 diurnas
2567 2007 2783 2073 pariter.
2822 2022 2889 2062 ac
2928 2017 3222 2064 nocturnas
3270 2011 3435 2065 horas

1865 2095 2247 2163 computasse?
2289 2094 2503 2150 Puerile
2555 2098 2697 2152 istud
2753 2107 2807 2153 et
2865 2099 3130 2154 insulsum
3183 2115 3430 2172 prorsus.

1867 2183 2030 2249 Quasi
2077 2200 2207 2240 vero
2248 2188 2362 2242 dies
2400 2189 2577 2259 aliqua
2612 2207 2680 2245 ιι.
2729 2191 2875 2245 horis
2921 2201 3174 2246 constare
3221 2203 3430 2260 posset.

1864 2279 1994 2346 quin
2037 2291 2317 2337 nocturnae
2355 2284 2558 2350 pariter
2591 2299 2653 2338 ac
2700 2275 2909 2338 diurnae
2941 2287 3432 2355 contputarentur?

1868 2369 2067 2426 Deinde
2088 2372 2158 2438 si,
2191 2384 2244 2426 ut
2274 2375 2493 2443 quidam
2539 2376 2745 2441 volunt,
2779 2375 3072 2432 Christiani
3105 2377 3268 2446 aliqui
3314 2377 3431 2432 fue-

1864 2463 1997 2527 rint,
2029 2464 2120 2533 qni
2160 2467 2488 2522 novissimus
2511 2467 2778 2522 duntaxat
2817 2456 2881 2524 tit.
2917 2466 3098 2531 horas,
3128 2484 3248 2538 qum
3274 2469 3431 2526 Chri-

1863 2557 1931 2610 sti
1967 2559 2415 2612 resurrectionem
2455 2560 2764 2615 inunediate
2804 2572 3218 2630 pratcesseruut,
3255 2563 3428 2620 ἄσιτοι

1864 2650 2136 2713 duxerint,
2167 2666 2392 2707 necesse
2422 2665 2505 2707 est
2539 2655 2641 2709 diei
2692 2655 3054 2719 Parasceves,
3097 2673 3201 2726 qua
3251 2661 3430 2713 cruci-

1863 2741 2002 2794 fixus
2028 2751 2113 2796 est
2150 2742 2438 2810 DOntiuus,
2469 2744 2738 2813 jejunium
2786 2762 2891 2800 non
2929 2758 3054 2801 ante
3092 2749 3265 2814 ipsum
3303 2764 3431 2802 cru-

1861 2832 2128 2887 ciflxionis
2151 2843 2356 2905 tempus
2391 2838 2779 2893 inelmaverint.
2825 2840 2880 2893 Id
2927 2855 3053 2894 vero
3095 2838 3428 2895 Tertulliano

1863 2940 2150 2996 repugnat,
2182 2930 2272 2999 qui
2308 2932 2358 2984 in
2394 2931 2499 2985 fine
2530 2932 2649 2984 libri
2676 2932 2751 2985 De
2774 2934 3030 2999 oratione,
3064 2948 3222 3002 quem
3252 2934 3428 2986 adhuc

1861 3018 2174 3074 Catholicus
2198 3021 2444 3088 scripsit,
2471 3024 2671 3078 diserte
2698 3024 2917 3086 asserit,
2942 3025 3025 3076 die
3051 3022 3292 3087 Pascha,
3317 3038 3427 3092 quo

1863 3113 2078 3165 nomine
2109 3115 2481 3168 crucilixionis
2515 3115 2676 3176 diem,
2704 3115 3001 3170 fatentibus
3029 3107 3430 3181 omnibusin;

1861 3203 2070 3271 telligit,
2107 3205 2261 3274 quasi
2303 3205 2566 3270 publicam
2592 3206 2785 3276 jejurrii
2828 3208 3136 3275 religionem
3168 3224 3299 3261 esse.
3341 3209 3425 3262 Att

1859 3311 1991 3349 vero
2019 3311 2080 3349 ea
2106 3295 2196 3350 die
2223 3296 2436 3364 publica
2464 3297 2654 3367 jejunii
2689 3299 2878 3366 religio
2922 3299 3114 3354 fuisset
3142 3339 3156 3362 ,
3205 3303 3247 3355 si
3286 3301 3421 3356 hor:

1860 3393 2069 3437 tantum
2108 3387 2266 3439 tertia
2295 3396 2416 3456 post
2440 3388 2719 3442 meridiem
2745 3388 3009 3458 jejunium
3036 3391 3200 3462 aliqui
3235 3393 3428 3447 incho-

1857 3485 2064 3543 assent,
2113 3479 2318 3546 reliqua
2365 3489 2541 3534 autem
2587 3480 2690 3534 diei
2733 3493 2886 3548 parte
2928 3483 3100 3553 epulis
3144 3485 3424 3556 indulgere

1857 3568 2085 3623 liberum
2119 3569 2221 3624 sibi
2245 3571 2563 3638 putassent?
2598 3571 2783 3626 Nullos
2814 3587 2960 3632 certe
2987 3577 3230 3643 reperias
3257 3592 3320 3631 es
3357 3578 3425 3632 iis

1854 3664 1991 3731 quia
2007 3661 2118 3728 Qua
2130 3663 2622 3718 rtodecimauorum
2643 3665 2927 3733 disciplina
2948 3663 3420 3740 di§cedebaut,qni

1847 3756 2111 3825 jejunium
2139 3773 2204 3810 ea
2229 3760 2316 3811 die
2343 3757 2556 3813 solvere
2585 3769 2708 3812 ante
2737 3759 2866 3814 solis
2897 3776 3154 3816 occasum
3181 3761 3265 3818 fas
3313 3765 3418 3819 sibi

1853 3861 1974 3900 esse
2005 3847 2312 3903 crederent.
2346 3848 2457 3903 luto
2489 3849 2773 3920 Dionysius
2811 3851 3228 3916 Alexandrinus,
3277 3853 3419 3908 Con.

1851 3939 2148 3993 stitutiones
2179 3940 2498 4008 apostolicaz,
2534 3941 2869 4010 Epiphanius
2898 3953 2954 3997 et
2987 3943 3108 4008 alii,
3159 3954 3416 3999 testatum

1855 4029 2078 4094 faciunt,
2119 4048 2225 4085 non
2262 4035 2418 4110 modo
2442 4032 2791 4097 l‘arasccvcs,
2819 4035 2912 4089 sed
2934 4046 2989 4088 et
3021 4037 3259 4108 quinque
3282 4037 3417 4089 alio.

1854 4137 1972 4176 rum
2022 4123 2242 4194 majoris
2291 4123 2642 4179 hebdomadat
2690 4126 2897 4180 dierum
2941 4127 3207 4196 jejunium
3263 4140 3414 4184 tanta

1856 4217 2116 4284 religione
2147 4234 2174 4269 a
2209 4217 2542 4270 Christianis
2573 4217 2918 4270 observatum
2952 4217 3142 4284 fuisse,
3192 4231 3247 4272 ut
3275 4236 3411 4274 non-

1852 4309 1978 4362 nulli
2001 4309 2240 4368 biduum,
2266 4309 2342 4362 vel
2368 4311 2620 4370 triduum,
2649 4309 2728 4363 vel
2748 4312 3119 4379 quatriduum,
3142 4313 3233 4366 alii
3251 4315 3412 4369 etiam

1853 4411 2018 4453 imam
2071 4401 2461 4455 hebdomadam
2494 4403 2558 4456 ad
2593 4418 2762 4471 usque
2792 4405 3069 4470 sequentis
3116 4404 3414 4461 Dominicas

1852 4489 2223 4559 gallicinium,
2263 4507 2361 4558 pro
2406 4493 2523 4546 suis
2571 4495 2801 4560 quisque
2844 4495 3048 4550 viribus
3087 4512 3149 4551 ac
3186 4500 3409 4565 pietate,

1849 4583 1965 4636 sine
1994 4583 2117 4637 cibo
2151 4584 2620 4648 transmitterem;
2656 4601 2841 4640 omnes
2865 4602 3012 4652 vero,
3040 4604 3137 4642 sex
3170 4590 3275 4645 illis
3304 4592 3416 4645 die.

1849 4674 1968 4739 bus,
2008 4676 2130 4730 aliis
2156 4676 2292 4742 cibis
2340 4691 2501 4744 quam
2544 4679 2924 4747 xerophagiis,
2971 4681 3073 4735 hoc
3125 4692 3212 4737 est
3271 4698 3414 4751 pauo

1846 4771 2129 4833 duntaxat,
2163 4785 2284 4824 cum
2315 4772 2426 4825 sale
2453 4781 2505 4826 et
2535 4787 2672 4841 aqua
2703 4774 2871 4839 vesci,
2900 4774 3058 4843 idque
3082 4777 3230 4845 prius
3250 4793 3410 4846 quam

1843 4867 1944 4919 sub
1975 4879 2280 4932 vesperam,
2317 4865 2468 4920 nefas
2498 4865 2786 4922 ducerent.

1911 4957 2002 5010 24.
2033 4957 2279 5010 Absurda
2310 4957 2425 5010 haec
2449 4965 2504 5009 ut
2531 4957 2824 5013 declinaret
2855 4958 2925 5012 cl.
2955 4958 3212 5025 Grabius,
3247 4960 3408 5015 aliam

1840 5067 1869 5106 a
1902 5051 2114 5106 Valesio
2145 5051 2284 5104 viam
2334 5050 2489 5114 iniit,
2540 5052 2632 5105 sed
2686 5068 2791 5105 non
2843 5053 3072 5108 feliciori
3126 5069 3407 5109 successu.

1835 5144 2024 5199 lreuzei
2056 5144 2270 5212 quidem
2301 5143 2483 5198 verbis
2510 5145 2774 5210 pepercit,
2819 5145 2913 5198 sed
2949 5147 3132 5200 sensui
3179 5149 3285 5201 vim
3323 5150 3407 5201 iu-

1839 5239 1976 5292 tulit.
2008 5237 2210 5306 Nempe
2241 5253 2424 5291 vocem
2459 5237 2692 5307 ἡμέραν,
2723 5239 2880 5302 diem,
2921 5241 2974 5292 in
3019 5240 3125 5294 fine
3159 5242 3409 5295 secundae

1836 5329 2046 5399 periodi
2085 5329 2300 5393 retinet;
2332 5329 2424 5382 sed
2457 5346 2560 5382 non
2594 5331 2683 5382 hic
2715 5332 2890 5392 modo,
2929 5347 3112 5385 verum
3148 5332 3313 5386 etiam
3352 5334 3404 5387 in

1837 5426 2012 5492 primo
2047 5422 2330 5491 fragmenti
2367 5438 2548 5486 versu,
2574 5424 2635 5475 οὑ
2662 5423 2768 5493 γὰρ
2802 5422 2961 5492 μόνον
2987 5423 3234 5495 περὶτῆς
3268 5423 3404 5495 ἡμέ-

1841 5533 1959 5586 ρας,
1988 5524 2117 5575 etc.,
2149 5531 2246 5583 per
2272 5513 2482 5584 ἡμέραν
2512 5526 2730 5582 tempus,
2756 5524 2807 5568 et
2838 5515 3052 5582 quidem
3085 5515 3274 5582 jejunii
3323 5518 3407 5569 in-

1837 5617 2203 5674 terpretatur:
2235 5607 2386 5674 cujus
2421 5608 2824 5673 signiﬁcationis
2853 5624 3025 5672 usum,
3068 5607 3250 5670 addit,
3286 5606 3408 5659 vlu~

1835 5703 1978 5755 ribus
2003 5703 2250 5769 exemplis
2279 5705 2556 5769 probatum
2589 5701 2718 5768 lege,
2754 5703 2797 5753 si
2822 5701 3011 5768 placet,
3045 5700 3095 5751 in
3127 5697 3400 5752 Psocltettii

1028 5875 1064 5905 ⁸³
1103 5872 1214 5932 Lih.
1239 5896 1284 5937 ν.
1310 5880 1459 5939 αἰξί.
1534 5881 1576 5912 ⁶²
1610 5881 1730 5936 Not.
1763 5882 1814 5935 in
1851 5879 1942 5935 lib.
1987 5896 2014 5934 γ
2073 5880 2207 5935 Hist.
2258 5879 2482 5947 Euseb.,
2517 5895 2564 5933 c.
2605 5878 2672 5931 24
