4196 6330
836 400 937 461 199

1636 401 2226 461 DiSSERTATIONES
2260 400 2561 457 PRAEVLE
2596 400 2664 455 IN
2700 400 2957 457 ῙΚΕΝΑΕΙ
2992 402 3261 461 LIBROS.

3955 410 4055 466 200

833 519 1075 575 Diatriba
1106 520 1170 575 de
1205 522 1339 591 stylo
1369 516 1504 575 Novi
1529 518 1865 587 Testamenti,
1890 540 2037 578 num.
2061 524 2152 589 3i,
2176 533 2225 577 et
2255 522 2390 578 γον·
2420 529 2462 585 Α
2496 532 2728 591 runtque
2762 523 3290 594 ChristOphorsonus
3335 532 3392 579 et
3440 523 3698 581 Savilius.
3743 527 3833 590 At,
3887 526 4052 598 inquit

830 614 924 667 stii
951 612 1164 669 dissert.
1192 613 1247 678 5,
1282 614 1361 666 illi
1396 614 1657 682 opposita.
1689 612 1975 670 Psochenii
2010 616 2307 671 Dialribam
2338 624 2392 671 et

830 705 1037 762 Vorstii
1070 708 1522 763 Dissertationem
1559 706 1821 763 hactenus
1849 724 1953 763 non
1992 709 2123 779 legi:
2168 709 2261 765 sed
2293 724 2392 781 pro

827 810 1104 869 comperto
1129 801 1299 856 habeo
1335 816 1397 856 ea
1423 804 1602 857 omnia
1628 820 1749 874 quae
1797 804 2085 873 proferunt
2116 804 2389 872 exempla,

826 892 928 946 etsi
963 903 1216 947 sexcenta
1246 906 1449 959 essent,
1478 898 1545 951 ad
1580 913 1692 952 rem
1718 906 2043 967 praesentem
2071 896 2207 951 nihil
2234 897 2391 965 quid-

828 998 987 1053 quam
1014 984 1213 1050 facere,
1248 1002 1347 1040 nec.
1383 989 1448 1042 iis
1480 990 1712 1043 stabiliri
1745 1004 1902 1060 posse
1942 988 2131 1044 Grabii
2174 988 2391 1055 exposi-

827 1077 1049 1131 tionem.
1090 1077 1145 1132 Si
1181 1080 1324 1133 enim
1356 1081 1923 1153 valeat,,turpissimo
1974 1083 2185 1137 laboret
2216 1082 2388 1151 aequi-

822 1182 961 1223 voco
993 1184 1215 1225 necesse
1244 1182 1327 1225 est
1360 1173 1543 1229 Irenzei
1575 1176 1773 1231 oratio.
1817 1174 1961 1230 Voce
2004 1177 2188 1248 ἡμέρα
2228 1176 2391 1244 quin-

825 1262 979 1329 quies
1005 1263 1176 1317 utitnr
1207 1265 1413 1319 duabus
1440 1266 1493 1320 in
1529 1268 1785 1334 periodis,
1816 1270 1993 1338 iisque
2024 1269 2383 1336 brevissimis,

826 1363 909 1407 ter
936 1354 1187 1409 videlicet
1218 1372 1497 1425 expressa,
1530 1368 1582 1412 et
1616 1358 1697 1412 his
1727 1360 2129 1416 subinteliecta.
2176 1360 2387 1417 Certis-

820 1445 1015 1497 simnm
1055 1454 1138 1497 est
1160 1456 1337 1498 autem
1373 1446 1425 1499 in
1458 1447 1542 1499 his
1569 1447 1748 1501 verbis
1788 1464 1800 1500 :
1830 1448 1890 1500 Oi
1928 1448 2022 1518 μὲν
2050 1447 2157 1517 γὰρ
2190 1449 2388 1502 οἴονται

824 1538 951 1606 μίαν
972 1536 1183 1608 ἡμέραν
1208 1538 1315 1590 δεῖν
1344 1539 1538 1602 αὐτοὺς
1570 1538 1846 1611 νηστεύειν
1863 1556 1877 1570 ·
1914 1541 1961 1592 οἱ
1986 1540 2041 1593 δὲ
2062 1540 2154 1594 δύο
2180 1542 2388 1613 (supple

819 1628 1075 1700 ἡμέρας),
1099 1630 1147 1679 ol
1170 1629 1224 1681 δὲ
1245 1628 1496 1693 πλείονας
1516 1634 1691 1700 (supp.
1712 1632 1939 1705 ἡμέρας)
1959 1674 1973 1697 ,
1999 1646 2184 1687 vocem
2207 1634 2386 1705 ἡμέρα

821 1721 1014 1773 nonde
1048 1721 1174 1787 alio,
1213 1736 1373 1790 quam
1410 1722 1475 1775 de
1507 1737 1632 1775 xxiv
1675 1718 1931 1777 hararum
1965 1724 2143 1793 spatio
2170 1764 2184 1788 ,
2228 1726 2386 1779 intel-

820 1812 931 1882 ligi.
971 1815 1162 1868 Debuit
1198 1815 1359 1884 igitur
1408 1814 1667 1881 Irenaeus,
1714 1817 1819 1871 nisi
1871 1818 2050 1872 fucum
2092 1817 2385 1873 lectoribus

818 1905 997 1957 facere
1022 1905 1275 1967 voluerit,
1309 1907 1551 1960 eamdem
1582 1922 1791 1969 vocem,
1820 1922 1940 1976 quae
1968 1907 2216 1977 proxime
2239 1923 2383 1977 prte-

816 1996 978 2059 ccdit,
1016 1997 1496 2066 Subsequiturque,
1543 1999 1727 2052 eodem
1762 2002 1989 2067 prorsus
2036 2014 2199 2053 sensu
2245 2001 2388 2054 acci-

814 2103 961 2156 pere.
993 2088 1114 2141 Narl
1147 2090 1379 2158 scriptor
1403 2092 1638 2145 insulsus
1664 2092 1754 2156 sit,
1781 2094 1871 2161 qui
1900 2093 1950 2146 in
1984 2108 2089 2146 una
2113 2101 2168 2147 et
2195 2094 2383 2147 eadem

816 2197 946 2236 voce
965 2182 1175 2247 ludens,
1200 2184 1341 2237 hanc
1359 2184 1591 2253 primum
1612 2200 1642 2237 a
1669 2185 1945 2240 communi
1968 2184 2381 2257 signiﬁcatione,

812 2273 1016 2328 lectore
1050 2275 1189 2328 haud
1222 2276 1564 2343 praemonito,
1596 2276 1933 2345 detorqueat;
1968 2294 2091 2331 mox
2126 2278 2192 2331 ad
2232 2292 2382 2331 com-

813 2382 1030 2420 munem
1062 2366 1512 2437 signilicationem
1541 2369 1747 2433 redeat,
1776 2372 1842 2423 ab
1876 2370 1975 2423 hac
1993 2369 2177 2424 statim
2211 2380 2383 2423 trans-

811 2464 990 2521 iturus
1043 2466 1107 2520 ad
1156 2465 1409 2520 alienam.
1461 2464 1594 2518 Eam
1654 2466 1824 2518 fuisse
1878 2464 2067 2521 lrenmi
2105 2464 2377 2519 scribendi

813 2558 1081 2610 rationem
1113 2556 1156 2610 si
1185 2557 1418 2624 cuipiam
1446 2557 1774 2625 persuaserit
1803 2554 2058 2620 Grabius,
2084 2556 2380 2611 nullicerte

810 2648 1013 2702 sobrio.
1073 2648 1227 2713 Quod
1276 2648 1424 2701 addit
1458 2648 1539 2700 vir
1570 2646 1848 2711 eruditus,
1900 2658 1959 2700 ut
2003 2646 2072 2701 xt.
2119 2648 2377 2701 horarum

810 2749 1203 2793 nocturnarum
1224 2754 1331 2792 una
1349 2754 1468 2792 cum
1492 2739 1703 2792 diurnis
1729 2746 2158 2808 compntatarum
2185 2740 2376 2792 absur-

808 2833 937 2884 dum
974 2833 1211 2897 devitet,
1259 2833 1453 2885 mirum
1500 2832 1771 2900 quomodo
1815 2832 1866 2885 in
1905 2841 2144 2885 mentem
2194 2832 2378 2887 venire

808 2925 1069 2991 potuerit.
1099 2922 1200 2987 Qui
1222 2928 1363 2989 vero,
1398 2924 1593 2991 inquit,
1625 2924 1973 2991 quadraginta
2009 2922 2260 2976 horarum
2290 2940 2379 2977 no-

807 3026 1115 3067 cturnarum
1148 3032 1251 3095 una
1294 3032 1409 3067 cum
1456 3016 1660 3070 diurnis
1702 3017 2012 3069 mentionem
2058 3018 2143 3069 hic
2178 3018 2376 3069 incont-

807 3108 957 3159 mode
981 3108 1177 3175 {actam
1206 3108 1481 3177 objiciunt;
1500 3108 1634 3160 idem
1657 3124 1857 3177 quoque
1884 3118 2065 3162 contra
2084 3108 2272 3162 Matth.
2298 3123 2373 3173 tv,

2496 614 2759 682 Valesius,
2801 615 3146 686 refragantur
3178 632 3311 672 mss.
3344 617 3575 680 codices,
3605 618 3657 670 in
3692 619 3885 687 quibus
3912 621 4054 674 nulla

2493 706 2634 759 inter
2673 707 2862 761 ambas
2907 721 3067 761 voces
3111 707 3456 761 interseritur
3496 708 3862 764 distinetionis
3906 719 4050 763 nota.

2493 796 2596 849 Se‘d
2626 798 3025 866 manuscriptos
3052 798 3265 852 codices
3289 798 3489 852 diutius
3507 807 3566 851 et
3598 800 3907 853 accuratius
3938 815 4055 853 ver-

2492 896 2709 945 saverat
2754 892 2836 945 vir
2872 892 3252 958 doctissimus,
3289 905 3349 947 ut
3393 892 3660 959 nesciret,
3714 893 3911 947 nullam
3962 903 4053 947 aut

2491 996 2710 1049 parvam
2737 985 2956 1037 omnino
2985 984 3234 1038 ﬁduciam
3260 997 3379 1037 esse
3408 1000 3564 1052 posse
3594 984 3645 1037 in
3680 984 3747 1038 iis
3772 1001 3907 1053 quas
3939 986 4053 1055 ple-

2493 1088 2727 1143 rumque
2770 1074 2853 1128 vel
2896 1075 3176 1138 exhibent,
3207 1076 3289 1129 vel
3321 1077 3604 1139 omittunt,
3642 1076 4049 1130 distinctionum

2492 1166 2668 1229 notis;
2704 1175 2762 1217 ut
2788 1174 2912 1233 pote
2961 1181 3097 1234 quas
3161 1163 3368 1220 librarii
3392 1207 3408 1228 ,
3447 1168 3531 1221 vel
3564 1182 3658 1235 pro
3685 1182 3783 1221 suo
3820 1170 4051 1238 quisque

2489 1257 2742 1319 arbitrio,
2775 1257 2856 1310 vel
2883 1274 2945 1312 ex
2974 1258 3263 1326 imperitia,
3292 1269 3381 1311 aut
3410 1260 3760 1329 incogitantia
3790 1276 3929 1329 saepe
3958 1263 4051 1315 ad-

2489 1348 2673 1403 didere
2704 1356 2794 1402 ant
2825 1353 3077 1416 omisere,
3108 1362 3441 1422 repugnante
3472 1360 3583 1405 tum
3631 1363 3853 1407 auctore
3880 1393 3895 1419 ,
3935 1364 4049 1408 tum

2490 1453 2674 1494 sensu.
2711 1439 2765 1495 Si
2804 1441 2868 1495 ad
2905 1442 3062 1496 codd.
3101 1458 3232 1497 mss.
3260 1458 3551 1511 provocare
3596 1443 3679 1498 fas
3706 1446 3808 1506 sit,
3864 1456 3921 1498 ut
3954 1460 4047 1499 eos

2487 1535 2737 1587 omittam
2763 1535 2957 1603 quibus
2990 1535 3070 1589 usi
3126 1544 3253 1588 sunt
3299 1534 3821 1605 Cbristophorsonns
3869 1546 3923 1591 et
3958 1536 4050 1591 Sa-

2491 1626 2648 1680 vilius
2680 1640 2695 1690 ;
2725 1629 3054 1681 vetustiores
3088 1628 3153 1682 iis
3180 1630 3455 1692 omnibus,
3483 1629 3573 1698 qui
3621 1631 3778 1683 modo
3808 1641 4047 1695 exstant,

2488 1717 2641 1773 fuere
2669 1719 2743 1773 illi
2778 1734 2912 1789 quos
2938 1736 3050 1789 prae
3099 1722 3271 1775 oculis
3319 1723 3554 1776 habebat
3597 1722 3822 1776 Ruﬁnus
3848 1764 3862 1785 ,
3919 1725 4049 1776 dum

2487 1812 2734 1866 Latinam
2768 1812 2981 1867 Eusebii
3020 1817 3325 1868 versionem
3379 1815 3699 1869 adornabat.
3741 1816 3797 1868 In
3843 1817 3909 1870 iis
3948 1833 4048 1869 au-

2489 1916 2593 1959 tem
2624 1908 2947 1971 occurrisse,
2976 1921 3135 1976 quam
3165 1908 3416 1970 diximus,
3460 1909 3822 1963 distinctionis
3862 1920 4048 1963 notam

2485 1998 2659 2067 palam
2693 1998 2962 2067 colligitur
2990 2014 3056 2052 ex
3092 1998 3332 2065 ejusdem
3380 1999 3833 2069 interpretatione
3862 2041 3877 2065 ,
3926 2016 4050 2070 quas

2485 2090 2564 2143 sic
2596 2090 2755 2143 habet
2783 2108 2796 2143 :
2834 2088 3066 2154 Quidam
3100 2092 3235 2143 enim
3260 2100 3449 2158 putant
3477 2105 3583 2144 uno
3602 2102 3805 2145 tantum
3839 2093 3922 2145 die
3967 2094 4050 2144 ob-

2484 2182 2894 2234 servari.debere
2910 2182 3203 2250 jejunium,
3235 2183 3327 2235 alii
3353 2184 3580 2249 duobus,
3613 2182 3708 2236 alii
3738 2201 3855 2239 vero
3881 2186 4051 2253 pluri-

2484 2273 2601 2335 bus;
2632 2273 2870 2327 nonnulli
2895 2276 3050 2327 etiam
3074 2275 3421 2343 quadraginta
3463 2292 3481 2328 :
3510 2276 3582 2328 ita
3613 2286 3668 2328 ut
3696 2278 3851 2330 horas
3892 2279 4047 2331 diur-

2486 2381 2581 2418 nas
2612 2377 3003 2435 nocturnasque
3036 2378 3393 2427 computantes
3424 2368 3559 2421 diem
3595 2379 3849 2425 statuant.
3882 2369 4049 2440 Equi-

2482 2457 2602 2511 dem
2644 2458 2759 2512 scio
2792 2460 2919 2513 boni
2952 2460 3262 2527 interpretis
3294 2459 3469 2539 oﬂicio
3505 2477 3646 2531 saepe
3678 2462 3913 2518 defuisse
3945 2464 4049 2518 ilu-

2485 2548 2672 2614 ﬁnum;
2714 2549 2807 2604 sed
2856 2562 3175 2604 accuratum
3236 2552 3324 2605 hic
3371 2551 3533 2607 fuisse
3574 2555 3767 2622 prohat
3803 2558 4046 2624 perfecta

2481 2637 2792 2693 Graecarum
2829 2655 3018 2693 vocum
3049 2656 3170 2695 cum
3203 2640 3410 2695 Latinis
3437 2646 3742 2699 consensio.

2550 2725 2639 2781 26.
2670 2728 2841 2782 Textu
2868 2744 2997 2783 vero
3029 2731 3098 2782 ita
3125 2730 3403 2795 distincto,
3430 2732 3531 2786 sibi
3552 2736 3757 2801 pariter
3780 2748 4047 2792 eteorum

2482 2830 2782 2890 temporum
2813 2820 3052 2875 historiae
3082 2823 3361 2890 aptissime
3384 2826 3879 2880 eohterentomnia.
3906 2829 4049 2883 Eam

2480 2912 2649 2967 fuisse
2675 2915 3023 2981 quaestionem
3060 2914 3197 2967 inter
3229 2916 3461 2969 Asianos
3492 2927 3545 2971 et
3588 2918 3859 2974 Romanos
3899 2921 4053 2975 dixi-

2481 3020 2619 3071 mus,
2664 3020 2730 3059 an
2773 3006 2979 3059 decima
3029 3014 3219 3074 quarta
3262 3008 3384 3060 luna
3442 3008 3602 3077 primi
3649 3014 3850 3064 mensis
3896 3013 4048 3066 cele-

2480 3097 2745 3151 brandum
2802 3106 2947 3153 esset
3006 3098 3253 3163 Pascha,
3306 3114 3399 3153 seu
3447 3100 3668 3169 jejuniis
3710 3104 4051 3159 solemnibus

806 3198 861 3261 2,
895 3198 1147 3266 objiciunt
1184 3215 1391 3252 necesse
1425 3210 1542 3264 est,
1583 3201 1671 3251 ubi
1716 3196 1968 3253 Servator
2015 3201 2370 3269 quadraginta
2399 3200 2440 3257 C
2477 3189 2831 3257 imp‘mendus
2862 3191 2986 3243 ﬁnis
3009 3208 3022 3255 ;
3048 3206 3114 3243 an
3146 3206 3261 3244 VC"

2477 3189 2831 3257 imponendus
2862 3191 3022 3255 ﬁnis;
3048 3206 3114 3243 an
3146 3206 3275 3244 vero
3304 3206 3367 3245 ea
3403 3195 3740 3261 proroganda
3770 3203 3957 3249 essent
3993 3195 4048 3249 in

806 3307 911 3342 non
940 3291 1093 3345 modo
1124 3292 1259 3355 dies,
1293 3292 1380 3343 sed
1403 3302 1449 3344 et
1477 3301 1648 3347 noctes
1662 3292 1936 3361 jejunaue
1960 3294 2175 3347 dicitur.
2210 3294 2370 3347 Chri-

804 3395 920 3437 stus
950 3398 1073 3438 cum
1130 3400 1195 3437 xt.
1229 3385 1365 3447 dies,
1398 3385 1726 3454 totidemque
1774 3396 1961 3439 noctes
1987 3386 2203 3455 jejunus
2247 3402 2371 3455 ege-

806 3478 898 3541 rit,
934 3475 1132 3531 factum
1166 3475 1407 3531 referens
1432 3492 1590 3532 sacer
1618 3479 1853 3546 scriptor
1896 3490 2083 3534 noctes
2120 3480 2369 3533 omittere

804 3586 914 3623 non
978 3570 1163 3625 debuit
1194 3610 1207 3633 ,
1256 3586 1320 3624 ex
1380 3572 1577 3640 quibus
1628 3581 1908 3638 tantopere
1960 3572 2369 3625 commendatur

804 3661 1008 3716 Christi
1036 3661 1228 3731 jejunii
1262 3664 1549 3731 asperitas.
1602 3663 1761 3716 Aliud
1801 3666 1999 3732 quippe
2028 3671 2112 3717 est
2146 3679 2213 3716 ιι.
2250 3665 2365 3717 dies

802 3755 1065 3808 duntaxat
1088 3753 1363 3823 jejunare,
1398 3754 1543 3808 aliud
1574 3763 1761 3809 noctes
1787 3754 1978 3809 diebus
2009 3755 2251 3820 addere;
2283 3754 2364 3809 al-

802 3859 976 3902 terum
1011 3850 1180 3904 altero
1228 3850 1386 3918 longe
1413 3850 1605 3902 durius
1652 3863 1715 3902 ac
1756 3848 2067 3915 molestius,
2120 3863 2221 3901 nec
2271 3850 2363 3916 qui

803 3957 968 3995 unum
991 3942 1167 4010 egisse
1194 3942 1417 4006 dicitur,
1444 3940 1761 4010 intelligitur
1782 3940 1958 4010 egisse
1992 3950 2045 3995 et
2071 3941 2238 4006 aliud,
2262 3942 2360 3995 nisi

804 4046 1059 4099 expressa
1093 4032 1187 4085 ﬁat
1222 4032 1461 4102 ejusdem
1494 4030 1721 4085 mentio.
1749 4030 1982 4083 Tantum
2014 4032 2168 4086 abest
2202 4032 2363 4099 igitur

803 4136 859 4176 ut
886 4135 1270 4177 nocturnarum
1305 4125 1559 4178 horarum
1584 4124 1787 4178 mentio
1804 4124 1981 4177 sithic
2008 4121 2361 4194 [LXXXVIII]

801 4203 1141 4269 incommode
1170 4214 1337 4279 facta;
1373 4216 1503 4284 quin
1535 4216 1713 4284 potius
1743 4215 2051 4269 necessario
2099 4215 2214 4267 ﬁeri
2263 4214 2359 4267 de-

800 4310 1110 4375 hueri!.,At
1146 4307 1273 4376 quid
1308 4308 1409 4360 hoc
1455 4306 1764 4375 exemplum
1808 4305 1967 4359 aliine
1998 4306 2194 4359 habeat
2238 4319 2357 4357 cum

790 4399 996 4469 jejunio
1046 4416 1112 4452 x1.
1174 4399 1469 4460 horarum,
1501 4412 1605 4449 non
1650 4405 1799 4450 certe
1833 4395 2027 4459 video,
2077 4410 2175 4449 nec
2223 4395 2360 4449 alius

797 4493 973 4561 quivis
1015 4491 1154 4545 forte
1192 4492 1418 4546 videbit.
1455 4490 1587 4543 Cum
1633 4489 1758 4558 quis
1804 4488 2161 4557 quadraginta
2196 4487 2357 4541 horas

2476 3279 2813 3334 Dominicam
2852 3282 3095 3350 proxime
3122 3295 3458 3352 sequentem.
3491 3284 3592 3350 Qui
3638 3298 3909 3353 posterius
3956 3303 4048 3342 as-

2474 3373 2694 3426 serebat
2723 3372 2909 3427 Victor
2934 3388 3069 3443 papa
3092 3413 3108 3439 ,
3154 3374 3207 3427 in
3245 3376 3473 3429 Asianos
3517 3388 3777 3445 negantes
3812 3394 4047 3432 excom-

2474 3466 2854 3520 municationis
2878 3466 3081 3521 fulmen
3100 3468 3430 3533 vibraverat,
3452 3480 3544 3524 aut
3572 3471 3786 3525 vibrare
3807 3485 4047 3540 paratus

2472 3566 2608 3610 erat.
2642 3557 2953 3626 Indignatus
2980 3558 3213 3613 lreuazns
3240 3561 3413 3614 sacris
3436 3561 3646 3615 excludi
3679 3573 3753 3617 tot
3777 3575 3829 3617 et
3857 3574 4046 3621 tantas

2470 3647 2766 3711 Ecclesias,
2809 3649 2876 3703 ob
2923 3651 3276 3717 quaestionem
3311 3666 3430 3720 quae
3476 3654 3613 3706 nihil
3660 3654 3724 3707 ad
3765 3653 3886 3708 ﬁdei
3945 3659 4046 3710 do-

2470 3751 2648 3808 gmata
2696 3741 3026 3809 pertineret,
3056 3756 3086 3794 a
3140 3743 3405 3812 praecipiti
3452 3746 3724 3798 sententia
3776 3762 4046 3803 revocare

2467 3832 2775 3900 pontiﬁcem
2837 3834 3051 3887 nititur.
3098 3833 3278 3888 Monet
3335 3838 3388 3889 in
3447 3837 3635 3904 primis
3698 3840 3870 3893 satius
3911 3856 4045 3901 esse

2467 3924 2817 3993 quaestionem
2850 3927 3103 3994 prudenti
3129 3927 3346 3981 silentio
3376 3943 3642 3996 premere,
3683 3947 3844 3999 quam
3881 3944 4044 3989 tanto

2387 4028 2392 4034 ‘
2466 4034 2587 4070 cum
2616 4018 2842 4071 tumultu
2868 4019 3093 4086 agitare,
3123 4036 3188 4072 ne
3212 4018 3350 4073 forte
3379 4036 3481 4074 una
3509 4026 3878 4079 controversia
3914 4028 4043 4095 plu-

2467 4110 2614 4163 ribus
2636 4110 2756 4162 aliis
2800 4108 3041 4163 fomitem
3072 4112 3463 4167 subministret.
3513 4112 3692 4183 Neque
3732 4117 3871 4170 enint
3900 4161 3911 4183 ι
3954 4119 4036 4172 ἕης

2464 4203 2604 4270 quit,
2644 4201 2709 4255 de
2746 4202 2829 4254 die
2870 4203 3077 4267 solum,
3126 4218 3231 4271 quo
3270 4202 3490 4273 jejuniis
3535 4207 3895 4275 imponendus
3946 4223 4039 4265 est

2465 4296 2609 4357 linis,
2646 4297 3002 4347 controversia
3034 4306 3130 4361 est,
3162 4304 3250 4349 sed
3280 4298 3440 4349 etiam
3464 4298 3526 4349 de
3551 4298 3719 4365 {arma
3745 4301 3856 4367 ipsa
3880 4301 4041 4370 jeju.

2462 4393 2555 4445 nii.
2592 4388 2855 4455 Observa,
2893 4405 3073 4457 quaeso
3100 4428 3113 4451 ,
3165 4405 3268 4443 non
3304 4390 3369 4443 de
3415 4391 3530 4457 ipso
3575 4393 3805 4458 jejunio,
3852 4410 4039 4464 neque

2458 4483 2621 4534 etiam
2664 4482 2728 4535 de
2785 4481 2897 4548 ipso
2939 4480 3265 4549 jejuniorum
3320 4496 3547 4561 numero
3593 4488 4036 4541 controversiam

796 4551 903 4637 cibi
944 4599 1139 4651 expers
1168 4584 1484 4637 traduxisse
1516 4582 1737 4646 dicitur,
1764 4580 2247 4649 sat-is'intclligitur
2276 4580 2353 4631 al-
2386 4551 2433 4608 D
2462 4575 2654 4629 fuisse.
2679 4572 2979 4628 Constabat
3010 4574 3275 4642 siquidem
3304 4589 3368 4629 eo
3401 4556 3639 4644 tempore
3666 4578 3801 4630 inter
3826 4576 4035 4636 Orien-

797 4685 969 4730 teram
1008 4676 1161 4729 istius
1185 4676 1446 4743 temporis
1478 4684 1714 4743 partem,
1756 4672 1920 4725 horas
1948 4686 2067 4725 esse
2112 4673 2350 4733 diurnas,

795 4767 1027 4821 alteram
1092 4778 1404 4820 nocturnas.
1458 4765 1725 4820 Horarum
1784 4779 1911 4835 ergo
1972 4772 2352 4817 nocturnarum

797 4876 902 4914 una
950 4876 1071 4913 cum
1108 4862 1313 4913 d.urnis
1350 4874 1453 4913 nou
1490 4868 1695 4911 tantum
1745 4857 2115 4919 incommode,
2163 4856 2255 4909 sed
2304 4864 2359 4909 et

799 4953 1025 5007 ridicule
1048 4954 1268 5006 omnino
1290 4968 1351 5005 ac
1378 4952 1659 5021 pueriliter
1684 4951 1768 5005 hic
1787 4951 2099 5017 iujiceretur
2130 4950 2353 5002 mentio.

866 5044 1177 5099 ‘25.Mirum
1212 5044 1263 5097 in
1309 5055 1541 5112 quantas
1589 5044 1847 5113 ambages
1895 5058 2014 5097 sese
2062 5042 2356 5111 coxijiciant

796 5137 989 5190 eruditi
1044 5136 1169 5200 viri,
1194 5151 1331 5205 quas
1354 5136 1599 5190 devitarc
1623 5136 1767 5189 nullo
1790 5137 2004 5203 negotio
2032 5138 2352 5204 potuissent.

798 5228 982 5281 Irenmi
1007 5229 1170 5281 verba
1199 5226 1423 5296 legendo
1448 5243 1509 5281 ac
1538 5227 1925 5297 distinguendo
1956 5243 2021 5282 eo
2067 5228 2224 5281 modo
2250 5242 2355 5297 quo

796 5323 1051 5391 superius
1080 5321 1463 5390 exscripsimus
1484 5360 1496 5383 ,
1526 5321 1635 5389 jam
1675 5320 1806 5373 nihil
1840 5321 2157 5376 offensionis
2192 5322 2354 5375 habet

793 5415 911 5480 ejus
935 5412 1126 5465 oratio.
1155 5409 1356 5482 Nempe
1388 5411 1705 5478 interposita
1736 5426 1839 5465 una
1868 5411 2229 5465 distinctionis
2255 5426 2352 5464 no-

796 5507 907 5561 tula
975 5507 1117 5560 inter
1159 5506 1564 5577 τεσσαράκοντα
1592 5546 1605 5570 ,
1654 5505 2032 5574 quadraginta,
2076 5514 2130 5558 et
2163 5503 2349 5574 ὥρας,

791 5600 973 5662 horas,
1005 5610 1221 5653 amovet
1247 5598 1653 5660 oifendiculum,
1685 5598 1828 5667 quod
1859 5611 1923 5651 ex
1962 5598 2169 5651 duabus
2207 5600 2352 5651 voci-

794 5695 896 5748 bus
929 5694 1067 5747 male
1104 5692 1307 5760 junctis
1336 5694 1596 5761 exsurgit.
1634 5692 1723 5747 Sic
1757 5693 2001 5761 legerunt
2032 5733 2046 5755 ,
2085 5692 2347 5747 distinxe-

932 5856 975 5886 ⁸³
1009 5857 1104 5925 Ep.
1138 5857 1321 5909 Cottst.
1356 5854 1493 5924 λιπες.
1531 5854 1665 5923 apud
1702 5854 1921 5916 Euseb,
1955 5852 1987 5905 Ι.
2018 5867 2073 5905 Ill
2130 5853 2201 5904 De
2242 5851 2344 5903 Vit.

2468 4665 2601 4719 tales
2631 4674 2684 4719 et
2718 4664 3093 4719 Occidentales
3116 4706 3131 4729 ,
3185 4668 3427 4733 adeoque
3468 4666 3606 4718 inter
3641 4681 3828 4721 omnes
3869 4668 4037 4724 istius

2462 4758 2641 4811 saeculi
2668 4757 2964 4822 Ecciesias,
2996 4758 3174 4826 plures
3203 4758 3389 4811 saltem
3410 4756 3603 4825 jejunii
3630 4758 3743 4812 dies
3768 4757 4033 4815 Paschali

2460 4850 2603 4904 festo
2636 4852 3041 4918 praemittendos
3066 4864 3184 4903 esse
3217 4868 3229 4902 :
3259 4850 3493 4917 alioquin
3531 4858 3677 4903 tanta
3722 4854 3785 4903 de
3828 4866 4031 4907 eorum

2455 4943 2559 4997 fine
2592 4944 2865 4997 contentio
2902 4942 3042 4995 inter
3069 4942 3341 4996 Ecclesias
3367 4956 3487 4995 esse
3512 4957 3615 4995 non
3647 4942 3934 5009 pomisset,
3977 4946 4030 4998 si

2453 5050 2592 5089 unus
2618 5035 2698 5089 vel
2736 5035 2872 5088 alter
2897 5033 3089 5104 jejunii
3124 5035 3237 5087 dies
3277 5032 3598 5100 suffecisset;
3631 5048 3729 5087 nec
3758 5035 3893 5087 adeo
3928 5036 4027 5088 in-

2451 5130 2693 5181 decorum
2719 5128 2893 5183 visum
2918 5128 3133 5191 fuisset,
3167 5137 3222 5179 ut
3252 5128 3439 5179 iisdem
3463 5126 3645 5179 diebus
3672 5127 3767 5179 alii
3788 5125 4027 5196 jejuniis

2452 5230 2721 5286 vacarent,
2748 5220 2844 5272 alii
2888 5220 3142 5288 agitarent
3188 5218 3454 5282 convivia;
3489 5235 3550 5271 ac
3593 5231 3705 5287 post
3751 5220 3863 5272 dies
3901 5218 4029 5273 Pa-

2451 5314 2647 5366 schalis
2673 5311 2766 5363 alii
2792 5312 2845 5363 in
2874 5310 3019 5379 festis
3064 5322 3110 5365 et
3152 5312 3448 5363 animorum
3486 5310 3787 5362 remissione
3836 5324 4029 5364 versa-

2452 5404 3123 5471 rentur,aliitprwscriptis
3166 5402 3391 5471 jejuniis
3441 5417 3495 5455 se
3534 5401 3773 5455 dederent
3828 5402 3906 5468 ”;
3961 5414 4027 5458 ut

2448 5498 2717 5561 omittam,
2747 5497 2888 5565 quod
2919 5511 2984 5550 ex
3039 5495 3297 5564 Dionysio
3340 5493 3737 5559 Alexandrino,
3771 5496 3865 5562 qui
3904 5512 4025 5553 non

2449 5591 2566 5659 plus
2614 5592 2890 5661 sexaginta
2944 5590 3101 5644 annis
3152 5598 3273 5657 post
3319 5588 3576 5644 Irenaeum
3632 5588 3900 5654 ﬂorebat,
3962 5602 4028 5647 et

2446 5683 2939 5739 Constitutionibus
2958 5682 3271 5751 apostolicis
3293 5680 3336 5713 “
3364 5696 3523 5749 supra
3554 5679 3781 5735 laudatis
3810 5681 4027 5751 liquet,

2434 5849 2479 5883 “
2509 5848 2566 5903 C.
2624 5850 2703 5902 18.
