4196 6330
211 417 306 478 201

844 407 1302 469 DlSSERTATlO
1336 407 1402 473 ll,
1439 404 1600 461 ΛΒΤ.
1637 403 1678 468 l,
1712 401 1800 456 DE
1837 401 1895 456 S.
1941 402 2201 458 IRENA'II
2231 403 2396 458 V'lTA
2429 403 2515 460 ET
2552 403 2821 463 CESTIS.

3360 414 3468 471 302

217 544 353 591 totos
381 547 477 587 sex
505 528 734 598 majoris
755 527 1113 583 hebdomadas
1149 526 1266 581 dies
1294 539 1400 580 non
1448 521 1608 577 modo
1642 519 1781 590 jeju-
1811 520 1856 576 Α
1886 519 2208 589 simpliciter
2249 522 2512 590 positum,
2544 537 2822 592 nunquam
2856 526 3138 590 prwsidere
3172 527 3480 601 significat,

214 629 324 694 nio,
348 627 444 681 sed
472 624 719 696 rigidiori
750 622 964 677 caeteris
983 619 1324 674 abstinentia:
1343 617 1556 672 dicatos
1581 615 1780 670 fuisse:

214 736 282 776 ne
313 721 489 775 dicam
548 717 714 772 etiam
760 713 1010 786 Origenis
1058 713 1103 745 ⁶³
1153 713 1356 768 lrenzeo
1403 713 1516 766 fere
1558 708 1783 778 aequalis

213 823 392 875 atate,
420 811 629 864 habitos
657 809 770 880 jam
793 807 1226 877 Quadragesimw
1259 807 1371 860 dies
1386 803 1612 876 jejuniis
1646 818 1782 860 con-

212 912 477 960 secratos.
504 901 574 957 Et
600 902 854 972 quamvis
885 902 950 954 de
991 913 1218 956 numero
1257 897 1595 969 jejuniorum
1635 906 1784 950 ante-

211 997 549 1071 pascbalium
582 997 822 1052 nondum
851 994 950 1049 sub
972 992 1156 1049 saeculi
1193 991 1417 1048 secundi
1448 991 1608 1045 linem
1641 989 1782 1058 apud

210 1105 404 1148 omnes
443 1097 756 1156 constaret,
805 1103 908 1144 nec
951 1087 1087 1142 adeo
1130 1085 1298 1139 etiam
1339 1082 1584 1138 Socratis
1627 1081 1674 1114 ⁸⁸
1732 1091 1788 1134 et

211 1184 506 1240 Sozomeni
544 1182 588 1215 "
617 1197 734 1238 aevo
772 1179 1120 1241 constiterit,
1157 1177 1289 1247 quin
1335 1176 1478 1245 apud
1523 1177 1782 1245 quosdam

211 1275 416 1339 minor,
446 1274 590 1344 apud
617 1273 753 1327 alios
785 1271 962 1341 major
997 1269 1313 1333 exstiterit;
1356 1265 1560 1321 nullam
1603 1274 1780 1319 tamen

209 1369 279 1424 iis
337 1366 675 1438 temporibus
732 1375 935 1420 motam
989 1377 1052 1416 ea
1111 1364 1178 1417 de
1230 1378 1290 1417 re
1347 1360 1782 1415 controversiam

209 1457 461 1528 legimus.
493 1456 713 1511 Certum
738 1463 820 1509 est
849 1455 1032 1523 itaque
1045 1467 1187 1515 eam,
1213 1452 1278 1507 de
1301 1466 1405 1521 qua
1431 1450 1520 1504 hic
1547 1450 1786 1519 loquitur

208 1547 473 1615 lrenaeus,
507 1549 970 1611 controversiam,
997 1560 1064 1600 ne
1100 1546 1378 1599 minimum
1411 1543 1630 1613 quidem
1665 1556 1786 1610 spe-

209 1653 397 1698 ctasse
448 1642 534 1696 vel
584 1641 652 1696 ad
695 1641 872 1711 ipsum
911 1638 1211 1708 jejunium,
1258 1639 1416 1708 quasi
1460 1635 1784 1691 servandum

210 1733 384 1803 aliqui
417 1741 728 1805 negassent;
751 1733 832 1787 vel
861 1733 928 1786 ad
949 1729 1282 1802 jejuniorutn
1331 1741 1614 1782 numerum
1644 1729 1787 1796 (quas

213 1836 398 1880 tamen
441 1824 800 1894 plurimorum
836 1821 1134 1877 falsissima
1170 1821 1441 1877 sententia
1471 1819 1601 1888 est).
1631 1814 1786 1887 quasi

210 1918 386 1987 aliqui
431 1919 596 1972 unico
634 1918 722 1973 die
764 1917 868 1972 sibi
911 1915 1231 1985 simpliciter
1265 1914 1617 1984 jejunandum
1668 1924 1789 1964 esse

209 2014 648 2076 existimassem,
674 2011 764 2066 alii
793 2010 1006 2066 duobus
1037 2010 1342 2072 duntaxat,
1387 2005 1477 2060 alii
1517 2003 1785 2075 pluribus,

209 2107 308 2162 alii
347 2106 735 2177 quadraginta.
769 2103 894 2159 Haec
925 2103 976 2157 in
1004 2102 1364 2172 quaestionem
1398 2113 1677 2168 nunquam
1721 2110 1786 2150 eo

209 2206 462 2269 tctnpore
495 2209 706 2254 vocata.
734 2196 918 2265 Longe
951 2196 1133 2250 minus
1158 2193 1448 2263 disceptari
1495 2190 1678 2261 potuit
1723 2189 1788 2244 de

202 2291 418 2362 jejunio
453 2291 596 2360 quod
622 2298 822 2345 vocant
843 2287 1206 2358 ὑπερθέσεως,
1233 2300 1328 2340 seu
1354 2283 1788 2352 superpositionis

208 2381 303 2450 (ad
328 2377 473 2448 quod
497 2377 694 2432 ηις-επιερί
733 2377 893 2432 verba
933 2391 1216 2446 perperam
1252 2376 1583 2444 detorquent
1630 2371 1790 2426 Vale-

209 2473 330 2528 sius
363 2480 421 2526 et
449 2469 729 2540 Grabius),
760 2469 904 2538 quod
953 2470 1046 2538 qui
1089 2479 1410 2530 servarent,
1454 2481 1519 2520 ne
1568 2479 1788 2532 vespera

207 2564 434 2634 quidem
496 2563 680 2617 cibum
744 2572 1056 2632 caperent,
1113 2561 1210 2615 sed
1265 2559 1480 2629 penitus
1541 2558 1788 2613 abstine-

209 2665 365 2724 rent,
419 2655 538 2711 sive
579 2670 717 2720 una,
768 2655 884 2710 sive
925 2653 1170 2724 pluribus
1217 2653 1448 2718 diebus,
1497 2665 1670 2721 usque
1721 2649 1790 2703 ad

209 2750 510 2804 terminum
539 2747 761 2819 jejunii,
801 2747 1066 2803 Paschale
1105 2747 1320 2802 scilicet
1359 2760 1542 2811 mane,
1584 2743 1725 2814 quod
1758 2758 1789 2796 a

206 2840 342 2910 galli
380 2849 546 2894 cantu
577 2839 790 2909 incipit.
839 2839 912 2893 Ea
946 2841 1095 2894 enim
1144 2838 1336 2909 jejunii
1382 2836 1627 2907 species,
1668 2845 1726 2888 ut
1758 2849 1786 2886 a

209 2928 494 2985 veteribus
517 2929 919 2993 commendata,
950 2939 1004 2983 et
1044 2943 1073 2981 a
1105 2928 1211 2997 piis
1254 2925 1506 2996 pluribus
1546 2932 1786 2986 servata;

209 3020 366 3075 nulla
415 3029 598 3076 tamen
638 3020 1012 3074 ecclesiastica
1054 3019 1204 3089 lege,
1241 3027 1334 3071 aut
1369 3013 1786 3078 consuetudine,

205 3127 334 3184 qua:
365 3117 474 3169 vim
503 3113 640 3184 legis
662 3114 915 3179 haberet,
941 3113 1149 3172 sancita
1179 3113 1300 3178 fuit;
1319 3112 1415 3167 sed
1448 3109 1790 3177 uniuscujus-

1887 611 1966 664 vel
1997 612 2281 679 dominari,
2317 614 2420 668 nisi
2444 617 2636 670 saltem
2669 616 2862 672 resilla
2893 617 3205 686 adjiciatur,
3227 622 3312 674 cui
3344 624 3465 690 quis

1887 705 2151 760 dominari
2172 704 2486 779 [LXXXIX]
2501 708 2723 774 dicitur,
2741 720 2799 763 ut
2817 713 3036 780 κρατεῖν
3056 712 3152 781 τῆς
3168 712 3464 784 Θαλάσσης,

1886 801 2106 868 κρατεῖν
2129 800 2234 853 τῶν
2264 799 2487 872 θηρίων.
2519 801 2753 856 Irenazus
2775 818 2908 858 vero
2934 803 3108 860 hocin
3133 807 3251 862 loco
3277 822 3383 862 non
3400 808 3467 862 de

1885 895 2301 965 praesidentibus
2323 894 2406 949 vel
2429 894 2751 964 praesulibus
2769 893 3023 952 Ecclesiae
3041 897 3156 967 (qui
3188 915 3465 972 nunquam

1887 987 2212 1058 κρατοῦντες
2228 985 2533 1055 vocantur),
2548 987 2640 1040 sed
2655 987 2780 1059 περὶ
2793 986 2884 1041 τοῦ
2897 990 3067 1054 εἴδους
3081 992 3178 1062 τῆς
3189 993 3462 1063 νηστείας,

1891 1082 1958 1135 de
1988 1080 2164 1136 forma
2188 1079 2380 1148 jejunii
2427 1078 2694 1148 loquitur,
2717 1094 2880 1146 quam
2911 1082 3042 1136 dicit
3083 1083 3369 1139 nonnullos
3399 1102 3462 1140 es

1886 1169 2221 1240 simplicitate
2248 1178 2293 1222 et
2341 1168 2669 1237 ignorantia,
2703 1169 2952 1225 rudiores
2986 1172 3217 1240 proinde
3255 1176 3462 1230 ac~nri-

1889 1274 2042 1318 vatos
2072 1264 2339 1324 homines,
2389 1259 2625 1326 ἰδιώτας,
2655 1275 2758 1315 non
2797 1274 2946 1318 certe
2989 1265 3274 1337 ἄρχοντας,
3313 1268 3465 1339 παρὰ

1887 1358 1948 1410 τὸ
1979 1357 2201 1428 ἀκριϐὲς
2248 1353 2550 1428 κρατῆσαι,
2591 1371 2696 1407 non
2738 1365 2986 1411 accurate
3024 1361 3346 1426 observasse,
3381 1361 3464 1415 vel

1889 1450 2186 1505 retinuisse.
2223 1448 2351 1502 Inde
2399 1463 2532 1518 ergo
2577 1450 2970 1518 controversia,
3023 1467 3118 1507 seu
3175 1453 3464 1508 multorum

1887 1544 2131 1614 querela,
2162 1544 2308 1614 quod
2339 1545 2492 1600 multi
2524 1545 2891 1599 remissiorem
2917 1544 3198 1614 jejunandi
3233 1545 3464 1602 formam

1887 1645 2161 1701 tenentes,
2198 1651 2358 1706 quam
2396 1637 2785 1694 nonnullorum
2835 1638 3106 1708 imperitia
3154 1639 3465 1708 invexerat,

1889 1729 1956 1784 ab
2009 1741 2270 1784 accurata
2313 1729 2698 1786 recessissent.
2727 1730 2987 1798 Quaenam
3030 1745 3160 1785 vero
3205 1744 3466 1787 accurata

1892 1828 2039 1876 esset
2064 1819 2346 1888 jejunandi
2381 1819 2580 1887 forma,
2623 1837 2732 1877 non
2769 1823 2989 1892 quidem
3018 1821 3086 1876 ab
3119 1821 3321 1879 Irenaeo
3351 1824 3467 1894 ipso

1891 1913 2108 1968 discere
2159 1928 2478 1982 possumus,
2539 1913 2636 1969 sed
2679 1929 2747 1969 ex
2785 1913 2899 1982 jam
2947 1914 3132 1969 citatis
3185 1915 3467 1970 veteribus

1889 2018 2082 2060 eruere
2110 2004 2258 2060 licet.
2289 2003 2576 2076 Dionysius
2599 2005 3007 2061 Alexandrinus
3038 2006 3092 2060 in
3125 2021 3220 2060 sua
3251 2008 3317 2060 ad
3359 2006 3470 2061 Ba-

1890 2097 2100 2152 silidem
2148 2097 2377 2166 epistola
2424 2099 2618 2154 scribit
2651 2113 2748 2154 sex
2785 2108 3088 2168 postremos
3127 2097 3465 2168 jejuniorum

1890 2192 2384 2268 ante-paschalium
2415 2193 2548 2254 dies,
2578 2194 2829 2261 quamvis
2858 2207 2964 2248 non
2989 2193 3177 2248 eodem
3213 2195 3374 2250 modo
3398 2195 3468 2249 ab

1890 2284 2143 2340 omnibus
2165 2285 2615 2355 transigerentur,
2645 2300 2673 2338 a
2699 2284 2948 2353 pluribus
2976 2293 3150 2339 tamen
3179 2300 3276 2340 sua
3305 2295 3467 2340 aetate

1889 2376 1971 2432 sic
2002 2376 2356 2432 transmissos
2387 2376 2579 2442 fuisse,
2610 2387 2669 2431 ut
2695 2377 2785 2430 alii
2818 2386 2963 2434 totos
2986 2393 3081 2434 sex
3119 2379 3329 2447 impaSti
3370 2380 3471 2433 du-

1892 2474 2100 2531 cerent,
2122 2467 2213 2521 alii
2234 2477 2490 2537 quatuor,
2516 2467 2607 2522 alii
2633 2477 2765 2535 tres,
2801 2469 2894 2524 alii
2920 2471 3075 2526 duos.
3093 2469 3224 2538 Quae
3249 2472 3468 2541 quidem

1893 2561 2107 2631 piorum
2160 2559 2443 2614 hominum
2479 2559 2764 2631 jejunand'i
2814 2559 3012 2625 forma,
3039 2562 3168 2617 licet
3209 2563 3261 2616 in
3294 2563 3468 2633 legem

1892 2651 2152 2707 omnibus
2171 2666 2514 2707 communem
2545 2651 2689 2707 trahi
2724 2668 2833 2708 non
2861 2654 3056 2723 possit,
3081 2670 3148 2708 ex
3180 2670 3244 2710 ea
3288 2665 3470 2709 tamen

1892 2746 2178 2816 perspicue
2204 2745 2505 2815 colligitur,
2534 2743 2787 2814 eamjam
2816 2746 3119 2803 obtinuisse
3150 2747 3202 2802 in
3228 2747 3468 2803 Ecclesia

1893 2837 2375 2904 consuetudinem,
2423 2847 2485 2892 ut
2535 2853 2632 2894 sex
2669 2838 2887 2893 illorum
2935 2839 3145 2893 dierum
3198 2840 3467 2910 jejunium

1895 2931 2126 3000 rigidius
2156 2930 2368 2985 caeteris
2411 2939 2743 2985 servaretur.
2781 2930 3116 3002 Epiphanius
3148 2933 3191 2964 ⁵⁸
3220 2934 3468 2989 eamdem

1898 3025 2156 3081 Ecclesia
2186 3026 2639 3081 consuetudinem
2683 3025 2848 3095 paulo
2880 3027 3220 3082 enucleatius
3265 3028 3463 3098 aperit,

1895 3117 2168 3187 simulque
2186 3117 2362 3172 innuit
2382 3132 2484 3172 sua
2507 3125 2670 3172 aetate
2689 3133 2797 3172 non
2833 3133 3023 3174 recens
3049 3120 3339 3187 invectam,
3370 3122 3470 3176 sed

206 3220 320 3276 que
370 3206 601 3262 arbitrio
621 3221 685 3262 ac
710 3206 922 3277 pietati,
948 3218 1004 3260 ut
1031 3221 1133 3276 par
1154 3213 1296 3271 erat,
1327 3205 1590 3274 permissa
1614 3221 1629 3270 ;
1658 3204 1791 3258 adeo
1818 3209 1862 3269 ο
1897 3220 2262 3279 pervetustam
2293 3209 2532 3263 habitam
2551 3208 2740 3277 fuisse,
2764 3219 2948 3280 utpote
2966 3228 3086 3281 qua:
3105 3212 3244 3268 altas
3275 3214 3328 3268 in
3354 3223 3468 3269 tota

208 3309 271 3353 ut
294 3298 598 3354 absurdum
625 3299 720 3364 sit,
748 3314 882 3370 pace
905 3300 1152 3354 virorum
1172 3298 1612 3354 doctissimorum
1639 3296 1789 3349 dixe-

208 3390 355 3455 rim,
387 3391 823 3446 controversiam
855 3404 921 3446 ea
963 3392 1030 3446 de
1080 3405 1140 3446 re
1178 3390 1324 3445 inter
1362 3387 1637 3443 Ecclesias
1684 3389 1785 3438 liu-

203 3499 359 3557 gere.

272 3577 370 3632 27.
401 3577 506 3632 Sed
533 3578 664 3649 quid
689 3579 862 3634 nodus
889 3579 942 3632 in
974 3581 1158 3647 scirpo
1201 3576 1503 3648 quaeritur,
1542 3589 1666 3630 cum
1700 3589 1788 3627 as-

202 3680 426 3726 severet
473 3670 712 3727 lrenaaus
763 3673 1194 3729 controversiam
1249 3670 1418 3725 fuisse
1447 3711 1461 3734 ,
1523 3668 1651 3741 περὶ
1695 3666 1786 3721 τοῦ

201 3762 384 3827 εἴδους
409 3762 573 3816 αὐτοῦ
606 3765 708 3835 τῆς
739 3765 1012 3836 νηστείας,
1036 3766 1100 3818 de
1134 3765 1249 3833 ipsa
1286 3765 1458 3832 {arma
1481 3762 1696 3831 jejunii,
1734 3760 1784 3813 id

201 3863 291 3909 est
319 3854 390 3908 de
417 3855 620 3924 specie,
645 3857 803 3911 modo
820 3867 983 3926 atque
1003 3855 1213 3910 ratione
1236 3855 1455 3926 jejunii;
1475 3868 1584 3924 quo
1603 3863 1784 3923 pacto,

202 3960 389 4015 quove
412 3946 520 4000 ritu
549 3949 876 4002 servandum
907 3958 1050 4003 esset
1072 3945 1369 4018 jejunium?
1399 3945 1557 4014 Quis,
1585 3945 1784 4014 inquis,

200 4038 440 4108 hujusce
506 4039 897 4094 controversiae
957 4038 1177 4094 status?
1223 4035 1394 4092 Paulo
1444 4044 1564 4106 post
1614 4035 1789 4106 aperit

196 4129 449 4186 [renatus
487 4132 624 4201 ipse.
659 4131 890 4201 Nempe,
924 4132 1173 4201 quamvis
1211 4130 1399 4185 lideles
1439 4145 1630 4185 omnes
1670 4129 1788 4199 plu-

199 4223 368 4278 rimis
391 4222 580 4279 diebus
608 4231 735 4278 ante
758 4222 1247 4294 Paschajejunium
1270 4223 1648 4285 observarent,
1679 4236 1786 4274 non

199 4331 313 4370 una
353 4325 531 4370 tamen
565 4316 706 4389 apud
736 4331 929 4372 omnes
971 4316 1299 4371 observandi
1339 4316 1477 4370 ratio
1522 4315 1643 4368 fuit.
1679 4314 1788 4366 Καὶ

195 4406 426 4480 τοιαύτη
460 4409 560 4478 μὲν
613 4407 854 4463 ποικιλία
879 4409 986 4462 τῶν
1015 4409 1438 4481 ὲπιτηρούντων,
1470 4408 1530 4460 οὐ
1575 4407 1666 4460 νῦν
1701 4407 1784 4475 ἐφ’

194 4501 366 4572 ἡμῶν
404 4503 679 4569 γεγονυῖα,
723 4502 857 4556 ἀλλὰ
897 4502 990 4555 καὶ
1036 4502 1170 4555 πολὺ
1225 4501 1488 4573 πρότερον
1539 4501 1632 4555 ἐπὶ
1677 4502 1784 4553 τῶν

1889 3302 2133 3358 Ecclesia
2162 3303 2374 3357 radices
2395 3303 2616 3372 egisset.
2638 3302 2748 3373 Τὴν
2780 3303 2835 3356 δὲ
2869 3305 3328 3376 τεσσαρακοστὴν,
3365 3306 3464 3379 τὴν

1887 3395 1994 3466 πρὸ
2027 3393 2134 3448 τῶν
2193 3394 2330 3448 ἑπτὰ
2363 3394 2588 3467 ἡμερῶν
2645 3394 2738 3448 τοῦ
2781 3395 2936 3464 ἁγίου
2980 3397 3172 3467 Πάσχα
3204 3397 3466 3462 ὡσαύτως

1888 3485 2175 3555 φυλάττειν
2194 3484 2382 3538 εἴωθεν
2410 3485 2724 3557 Ἐκκλησία,
2747 3487 2805 3539 ὲν
2829 3486 3102 3557 νηστείαις
3131 3487 3468 3542 διατελοῦσα·

1886 3579 1984 3643 τὰς
2002 3579 2059 3632 δὲ
2108 3576 2392 3650 Κυριακὰς
2433 3577 2540 3630 οὐδ’
2574 3577 2747 3642 ὅλως,
2789 3576 2913 3631 οὔτε
2943 3578 3003 3631 ὲν
3048 3580 3184 3651 αὐτῇ
3231 3583 3299 3651 τῇ
3341 3598 3468 3633 τεσ-

1889 3673 2216 3744 σαρακοστῇ.
2253 3670 2365 3734 Τὰς
2385 3670 2448 3747 ,δὲ
2482 3669 2540 3737 ἒξ
2570 3665 2904 3740 ἡμέραςτοῦ
2938 3670 3129 3743 Πάσχα
3153 3675 3208 3726 ὲν
3233 3671 3472 3745 ξηροφαο

1885 3766 1982 3838 γία
2011 3762 2311 3818 διατελοῦσι
2345 3763 2544 3827 πάντες
2595 3765 2643 3814 οἱ
2678 3763 2826 3816 λαοί·
2885 3765 3030 3835 φημὶ
3071 3764 3127 3817 δὲ
3174 3765 3344 3838 ἄρτῳ,
3376 3768 3466 3821 καὶ

1887 3858 1995 3922 ἁλὶ,
2024 3859 2119 3912 καὶ
2150 3856 2300 3910 ὕδατι
2353 3856 2474 3909 τότε
2523 3854 2795 3927 χρώμενοι
2829 3855 2965 3927 πρὸς
3007 3857 3262 3929 ἑσπέραν.
3316 3857 3472 3913 Ἀλλὰ

1886 3953 1981 4004 καὶ
2028 3950 2304 4003 σπουδαῖοι
2349 3949 2564 4015 διπλᾶς,
2608 3950 2697 4002 καὶ
2733 3949 2985 4021 τριπλᾶς,
3019 3951 3112 4003 καὶ
3156 3953 3468 4023 τετραπλᾶς

1888 4042 2289 4115 ὑπερτίθενται,
2329 4043 2424 4094 καὶ
2464 4042 2590 4111 ὃλην
2635 4043 2735 4113 τὴν
2791 4042 3059 4114 ἑϐδομάδα
3118 4046 3260 4108 τινὲς
3311 4045 3469 4117 ἄχρις

1885 4135 2254 4208 ἀλεκτρυόνων
2300 4135 2544 4205 κλαγγῆς
2576 4134 2676 4204 τῆς
2712 4136 2995 4207 Κυριακῆς
3023 4139 3465 4209 ὲπιφωσκούσης.

1888 4227 2022 4282 Eam
2080 4246 2198 4282 vero
2255 4229 2690 4298 Quadragesima:
2744 4241 2991 4297 partem,
3045 4245 3163 4298 qua:
3216 4234 3468 4298 prtecedit

1889 4331 2081 4391 septem
2112 4323 2222 4376 dies
2243 4319 2549 4386 Paschalis,
2572 4321 2816 4375 similiter
2843 4324 3142 4386 observare,
3168 4321 3221 4373 in
3237 4322 3466 4392 jejuniis

1891 4415 2292 4481 perseverando,
2333 4416 2516 4468 eadem
2558 4414 2822 4467 consuevit
2861 4412 3120 4466 Ecclesia.
3177 4411 3467 4468 Dominicis

1892 4518 2066 4560 autem
2100 4507 2281 4571 nullis,
2317 4523 2380 4560 ne
2429 4508 2639 4576 quidem
2669 4507 2721 4558 in
2747 4506 2862 4573 ipsa
2898 4503 3347 4574 Quadragesima,
3379 4506 3466 4575 je—

340 4593 518 4664 ἡμῶν,
551 4597 659 4647 τῶν
690 4594 841 4665 παρὰ
858 4596 917 4646 τὸ
939 4594 1181 4666 ἀκριϐὲς,
1209 4595 1283 4657 ὡς
1319 4571 1485 4658 εἰκὸς,
1531 4595 1784 4667 κρατούν-

1884 4601 2080 4670 junare
2138 4596 2285 4650 solet.
2326 4594 2593 4649 l’rwterea
2642 4611 2733 4649 sea:
2777 4593 3054 4648 Paschalis
3091 4597 3202 4649 dies
3229 4596 3281 4648 in
3313 4612 3469 4650 xero—

191 4704 331 4751 των,
352 4687 449 4758 τὴν
477 4687 595 4741 καθ’
618 4689 914 4760 ἁπλότητα,
938 4691 1030 4740 καὶ
1059 4689 1364 4760 ἰδιωτισμὸν
1394 4689 1676 4760 συνήθειαν
1711 4689 1789 4751 εἰς

191 4781 260 4834 τὺ
293 4781 593 4852 μετέπειτα
619 4783 1024 4853 πεποιηκότων.
1059 4784 1188 4849 Quae
1221 4783 1441 4853 quidem
1469 4783 1633 4838 verba
1667 4799 1791 4852 pau-

196 4873 379 4926 lulum
417 4873 697 4936 intricata,
735 4877 815 4929 sic
861 4874 1058 4930 Latine
1099 4876 1371 4930 reddenda
1422 4887 1572 4943 puto.
1616 4876 1786 4942 Atque

188 4968 312 5019 [uec
331 4967 544 5035 quidem
573 4967 709 5020 inter
734 4984 842 5034 eos,
874 4963 966 5038 qiti
990 4968 1200 5037 jejunio
1227 4970 1522 5033 observant,
1555 4971 1781 5024 varietas

189 5075 306 5112 non
339 5067 523 5112 nostra
557 5061 785 5128 primum
827 5071 982 5116 wtate
1005 5073 1131 5116 nata
1166 5073 1264 5126 est,
1300 5063 1389 5115 sed
1422 5063 1574 5134 longe
1622 5077 1780 5118 antea

185 5150 348 5215 apud
377 5150 604 5218 majores
631 5162 834 5205 nostros
861 5161 1036 5206 ortum
1067 5155 1225 5221 cepit;
1256 5156 1348 5221 qui
1377 5171 1480 5207 non
1509 5167 1777 5221 accurate,

183 5252 255 5294 su
299 5241 586 5294 verisimile
616 5253 713 5309 est,
752 5245 1025 5298 retinentes
1074 5246 1292 5315 (jejunii
1326 5246 1574 5316 formam)
1622 5265 1735 5302 eam
1759 5292 1772 5315 ,

1893 4693 2097 4762 phagiis
2159 4690 2526 4743 transmittunt
2579 4687 2756 4757 populi
2816 4704 3028 4752 omnes;
3071 4691 3166 4740 hoc
3199 4698 3298 4754 est,
3332 4706 3470 4757 pane

1897 4788 2197 4849 duntaxat,
2245 4799 2363 4836 cum
2424 4782 2534 4836 sale
2591 4792 2638 4833 et
2711 4797 2848 4850 aqua
2895 4793 3015 4835 tunc
3051 4783 3144 4836 sub
3202 4799 3466 4852 vesperam

1884 4889 2168 4932 vescentes.
2195 4875 2298 4930 Sed
2333 4887 2380 4928 et
2412 4877 2654 4945 pietatem
2701 4876 2936 4927 studiose
2991 4875 3238 4939 colentes,
3269 4880 3337 4928 ad
3387 4880 3466 4930 bi-

1884 4971 2178 5034 duum,vel
2224 4967 2591 5032 triduum,vel
2643 4967 2985 5036 quatriduum
3052 4983 3214 5036 usque
3250 4968 3465 5038 jejunin

1881 5069 2203 5133 prorogata;
2259 5059 2478 5124 quidam
2527 5057 2684 5112 etiam
2748 5066 2909 5109 tatam
2954 5058 3337 5113 hebdomadam
3394 5072 3460 5114 ad

1881 5170 2042 5223 usque
2066 5152 2329 5220 sequentis
2357 5148 2648 5204 Dominirw
2664 5149 2992 5219 gallicinium
3013 5151 3126 5203 sine
3153 5152 3266 5204 cibo
3295 5164 3463 5207 trans-

1876 5250 2055 5318 igunt.
2099 5244 2392 5313 Triplicem
2425 5241 2728 5312 liicjejunii
2754 5242 2981 5295 fortnam
3009 5244 3458 5316 clarcdistingut

181 5348 316 5404 quas
347 5349 412 5386 ea:
442 5333 776 5401 simplicitate
803 5347 849 5389 et
877 5337 1143 5404 imperitia
1170 5349 1342 5391 ortum
1372 5339 1596 5409 habuit,
1649 5357 1776 5392 con-
1870 5339 2218 5409 Epiphanius
2265 5354 2279 5390 :
2317 5336 2544 5389 alteram
2587 5333 2732 5387 illius
2783 5334 3228 5402 Quadragesima:
3266 5342 3452 5406 partis.

179 5425 530 5480 suetudinem
553 5432 609 5480 in
631 5439 896 5498 posterum
914 5430 1255 5485 induxerunt.
1283 5429 1478 5487 Vocem
1507 5433 1742 5502 κρατοιῖν
1762 5463 1774 5472 -

177 5535 306 5571 των
337 5515 611 5572 Μυεειιιυε
637 5529 692 5574 et
718 5519 784 5573 ll.
815 5518 1062 5576 Valesius
1090 5521 1233 5576 male
1262 5523 1486 5577 omnino
1514 5526 1774 5578 reddide-

178 5621 326 5664 runt
343 5622 443 5680 per
474 5627 647 5666 rerum
665 5616 880 5668 habenis
900 5618 1212 5682 potitos,vel
1233 5619 1590 5685 prwsidentes.
1618 5619 1776 5685 Nam,

175 5713 258 5757 ut
285 5703 493 5770 optime
510 5705 742 5760 advertit
765 5705 844 5760 Cl.
864 5704 1188 5778 Beveregius
1205 5708 1271 5774 ⁸⁸,
1296 5711 1524 5764 verbum
1552 5711 1774 5780 κρατέω

303 5813 352 5845 ⁸⁸
386 5813 445 5870 L.
486 5829 750 5872 vincunt.
782 5819 953 5885 Cels.,
977 5831 1033 5874 et
1060 5823 1246 5879 homil.
1284 5838 1318 5874 τ(
1380 5824 1434 5876 ἱιι
1462 5823 1634 5877 Levii.

171 5887 345 5944 Εοςι.
385 5889 568 5957 prium,
607 5889 644 5942 Ι.
676 5904 757 5953 ttl,
796 5910 844 5945 c.
875 5893 928 5957 7,
966 5891 1077 5962 ξι.
1174 5894 1218 5928 ‘9
1251 5894 1382 5963 Exp.
1424 5895 1540 5960 lid.,
1577 5894 1728 5967 δῖἰ.

474 5985 749 6051 ΡΑτιιοι..
782 5986 900 6052 Gn.
950 5990 1082 6063 VII.

1876 5451 1996 5504 qua:
2033 5443 2244 5502 septem
2273 5430 2388 5488 dies
2416 5428 2722 5493 Paschalis,
2743 5443 2840 5482 seu
2878 5429 3139 5496 majorem
3166 5430 3432 5485 hebdoma

1877 5530 1996 5583 dam
2020 5525 2281 5594 prmccdit
2319 5543 2332 5578 :
2370 5525 2484 5577 haec
2516 5522 2697 5577 mitior
2731 5531 2870 5586 erat,
2917 5533 3103 5591 utpote
3131 5539 3159 5575 a
3185 5528 3459 5592 xerOpha-

1876 5622 2086 5688 giorum
2121 5617 2237 5686 lege
2287 5616 2497 5680 libera,
2542 5615 2770 5667 alterunt
2816 5613 3037 5680 majoris
3083 5618 3454 5680 hebdomadm,

1879 5711 2055 5780 prima
2087 5709 2427 5766 strictiorem
2473 5717 2526 5762 et
2574 5705 2917 5775 xerophagiis
2947 5708 3262 5775 astrictam;
3322 5709 3460 5761 alte-

1740 5827 1786 5858 “
1821 5827 1885 5888 L.
1920 5847 1947 5886 v
2002 5828 2165 5893 Hist.,
2194 5843 2243 5881 c.
2273 5825 2365 5879 ‘22.
2443 5825 2485 5855 ⁸⁷
2513 5821 2633 5876 Lib.
2673 5836 2768 5886 vti,
2803 5835 2854 5874 c.
2895 5819 2981 5878 l9.
3078 5821 3124 5851 ⁸⁸
3150 5823 3281 5878 God.
3318 5824 3454 5882 Cen.

3139 5982 3177 6048 2
