4196 6330
760 421 870 479 205

1580 416 2168 476 DISSERTATIONES
2204 415 2505 471 PRIEVIxE
2543 417 2609 472 IN
2647 417 2903 474 ΙΒΕΝᾸΕΙ
2943 419 3208 477 LIBROS.

3907 418 4014 477 θοι

759 558 876 599 ram
899 539 1133 609 denique
1153 539 1415 594 ambabus
1439 540 1788 604 severiorem,
1813 555 1915 609 qua
1937 538 2095 608 hujus
2125 539 2334 594 hebdo-
2364 546 2406 597 Λ
2436 539 2684 606 gesimam
2721 541 2968 609 jejunare
3001 542 3166 596 aridis
3202 539 3330 594 cibis
3354 546 3633 592 vescentes.
3667 537 3748 593 Ex
3779 551 3887 608 quo
3914 552 4012 610 pa-

761 634 935 689 madae
973 648 1117 703 pars,
1151 633 1257 690 imo
1281 642 1336 688 et
1364 643 1476 687 tota
1517 633 1636 687 sine
1665 631 1788 686 cibo
1839 633 2333 688 transmittebatur.

759 725 941 780 Prima
973 737 1028 781 et
1056 727 1298 781 secunda
1334 727 1427 781 toti
1454 725 1729 793 Ecclesire,
1760 726 1970 797 populis
2003 725 2250 780 omnibus
2283 725 2334 780 in

759 833 908 872 more
939 819 1112 886 posita
1169 817 1306 882 fuit;
1358 834 1419 872 ac
1480 819 1705 888 proinde
1757 819 1864 872 vim
1918 817 2054 887 legis
2095 818 2331 871 habuit:

757 920 1030 980 postrema
1083 912 1149 965 iis
1189 915 1477 976 duntaxat,
1517 913 1607 981 qui
1656 927 1770 982 prae
1815 913 2025 966 caeteris
2076 911 2331 980 pietatem

757 1005 1002 1060 studiose
1034 1005 1323 1070 colebant;
1376 1019 1694 1074 merumque
1719 1006 2027 1066 consilium,
2060 1020 2164 1058 non
2195 1019 2334 1073 prte-

757 1108 972 1166 ceptum
1033 1097 1158 1154 fuit.
1219 1099 1354 1154 Hinc
1406 1100 1544 1153 idem
1595 1099 1934 1169 Epiphanius
1968 1100 2013 1130 ⁷⁰
2069 1099 2330 1168 majorem

756 1191 1173 1259 hebdomadam,
1196 1194 1294 1263 τῆς
1311 1192 1642 1264 ξηροφαγίας
1673 1192 1965 1262 ἑϐδομάδα,
1999 1193 2332 1260 xerophagite

755 1286 1134 1340 hebdomadam
1162 1297 1341 1340 vocat.
1401 1286 1464 1340 Et
1498 1295 1784 1354 eaproptcr
1827 1286 2093 1338 Acrianos
2137 1285 2331 1338 merito

754 1379 1093 1448 perstringit,
1129 1379 1271 1448 quod
1318 1379 1498 1431 diebus
1541 1376 1842 1440 Pascltatis,
1907 1392 2013 1445 quo
2064 1386 2329 1444 tempore,

754 1471 948 1540 inquit,
999 1472 1257 1527 catholici
1293 1472 1436 1525 humi
1471 1472 1742 1533 cubando,
1791 1469 2173 1524 castimoniam
2213 1481 2330 1520 ser-

749 1562 946 1628 vando,
995 1563 1265 1632 precibus,
1295 1562 1518 1630 vigiliis,
1550 1561 1794 1629 jejuniis,
1844 1562 2120 1614 aridorum
2180 1560 2330 1616 cibo-

750 1672 870 1710 rmn
901 1672 1020 1720 usu,
1051 1657 1277 1726 aliisque
1306 1656 1357 1708 id
1385 1669 1555 1723 genus
1587 1652 2034 1708 alllictationibus
2058 1667 2252 1720 corpus
2278 1661 2330 1707 et

751 1751 990 1804 animam
1027 1766 1222 1805 vexare
1257 1749 1540 1815 solebant;
1588 1750 1685 1818 ipsi
1714 1749 1972 1802 carnibus
2010 1748 2181 1811 vesci,
2211 1748 2327 1817 agi-

749 1855 868 1899 tare
925 1845 1194 1911 convivia,
1245 1854 1300 1896 et
1358 1842 1524 1896 elluse
1576 1842 1740 1895 lactari
1773 1857 1876 1895 non
1919 1840 2322 1895 erubescerent.

749 1937 1053 2006 Epiphanio
1071 1936 1419 1990 consentiunt
1440 1934 1865 1989 Coustitutiones
1880 1933 2242 2002 apostolorum
2261 1935 2328 1997 τί,
2360 1901 2402 1956 Β

747 2030 888 2084 falso
947 2029 1165 2098 quidem
1225 2029 1301 2082 ita
1363 2035 1726 2097 nuncupatas,
1788 2026 2090 2096 Epiphanio
2149 2037 2328 2082 tamen

751 2122 1088 2189 antiquiores
1150 2139 1166 2175 :
1231 2121 1318 2173 Ἐν
1374 2124 1492 2183 ταῖς
1548 2120 1780 2191 ἡμέραις
1827 2115 1916 2172 οὖν
1985 2120 2078 2172 τοῦ
2138 2119 2327 2190 Πάσχα

747 2215 1054 2286 νηστεύετε,
1091 2215 1381 2286 ἀρχόμενοι
1414 2214 1519 2267 ἀπὸ
1551 2213 1809 2285 δευτέρας
1840 2215 1999 2285 μέχρι
2023 2215 2121 2284 τῆς
2150 2232 2328 2285 παρα-

748 2308 968 2378 σκευῆς,
1008 2309 1099 2360 καὶ
1155 2307 1454 2369 Σαϐϐάτου,
1486 2305 1544 2370 ἓξ
1595 2307 1804 2379 ἡμέρας
1858 2308 2003 2377 μόνῳ
2061 2306 2328 2378 χρώμενοι

747 2404 918 2473 ἄρτῳ,
956 2404 1047 2454 καὶ
1081 2402 1189 2464 ἁλὶ,
1225 2402 1320 2453 καὶ
1351 2400 1622 2470 λαχάνοις,
1656 2400 1749 2452 καὶ
1779 2399 1926 2470 ποτῷ
1960 2400 2130 2454 ὕδατι.
2169 2401 2326 2453 Οἴνου

747 2493 803 2547 δὲ
839 2495 930 2547 καὶ
959 2493 1136 2565 κρεῶν
1167 2491 1435 2563 ἀπέχεσθε
1469 2494 1525 2544 ὲν
1558 2491 1808 2554 ταύταις·
1848 2493 2051 2562 ἡμέραι
2083 2494 2191 2562 γάρ
2223 2494 2328 2546 εἱσι

748 2587 998 2651 πένθους,
1037 2587 1149 2640 ἀλλ’
1184 2587 1281 2657 οὐχ
1314 2587 1526 2657 ἑορτῆς.
1583 2585 1651 2638 1η
1690 2585 1871 2639 diebus
1911 2587 2074 2655 igitur
2102 2586 2328 2642 Pascha?

740 2683 1003 2751 jejunate,
1031 2681 1334 2750 incipientes
1366 2697 1398 2732 a
1439 2679 1576 2748 feria
1603 2680 1835 2732 secunda
1861 2695 2022 2746 usque
2051 2681 2117 2732 ad
2153 2678 2330 2732 Para-

747 2791 927 2828 sceven
950 2784 998 2828 et
1026 2773 1344 2838 Sabbatum,
1377 2789 1469 2840 per
1501 2788 1593 2826 sea:
1622 2773 1734 2825 dies
1767 2771 1877 2824 solo
1908 2782 2105 2825 utentes
2123 2789 2256 2839 pane
2280 2783 2327 2826 et

747 2867 878 2930 sale,
899 2876 947 2919 et
978 2867 1226 2931 oleribus,
1253 2875 1302 2920 et
1326 2881 1476 2934 aqua:
1494 2877 1642 2934 potu.
1660 2864 1930 2918 Abstinete
1948 2875 2120 2918 autem
2142 2866 2256 2917 vino
2280 2875 2326 2917 et

745 2975 905 3013 carne
926 2961 1039 3014 istis
1061 2960 1289 3013 diebus:
1313 2959 1436 3014 Dies
1468 2960 1604 3012 enim
1633 2968 1751 3012 sunt
1773 2957 1969 3023 luctus,
1997 2968 2042 3012 et
2062 2975 2163 3012 non
2182 2957 2324 3025 festi.

814 3052 906 3108 28.
942 3051 1068 3106 ﬂare
1124 3053 1288 3122 igitur
1331 3061 1588 3106 accurata
1640 3052 1743 3106 fuit
1793 3053 2066 3120 prioribus
2113 3052 2326 3107 saeculis

745 3146 887 3215 apud
940 3147 1232 3200 maximam
1269 3145 1636 3200 Ecclesiarum
1668 3153 1878 3214 partem
1902 3145 2092 3216 jejunii
2127 3145 2323 3209 forma,

2445 630 2547 684 lam
2607 633 2666 685 lit
2711 633 3070 700 quarumdam
3131 631 3499 686 Ecclesiarum
3556 630 4008 686 consuetudinem

2440 722 2609 778 fuisse
2639 741 2744 778 non
2775 727 2931 780 modo
2955 741 3050 794 per
3083 740 3174 779 sex
3215 737 3545 795 postremos,
3582 728 3676 780 sed
3715 735 3769 781 et
3798 742 3893 797 per
3921 737 4007 782 to—

2444 819 2900 889 tosquadragiuta
2931 821 3048 874 dies
3074 820 3242 873 aridis
3273 820 3407 874 cibis
3433 821 3598 874 vesci.
3634 819 3865 874 Aliunde
3881 835 4012 875 vero

2440 921 2695 964 testatum
2734 912 2862 968 facit
2921 913 3176 968 Socrates
3220 913 3299 974 ⁷²,
3340 913 3523 968 ﬁdeles
3565 913 4009 983 ante-paschalia

2431 1002 2634 1072 jejunia
2667 1016 2971 1069 servantes,
3009 1024 3110 1060 non
3139 1009 3194 1061 in
3222 1023 3438 1062 numero
3473 1008 3675 1060 dierum
3721 1008 4008 1068 duntaxat,

2437 1113 2612 1151 verum
2637 1100 2796 1152 etiam
2833 1101 2887 1152 in
2923 1101 3159 1154 ciborum
3189 1101 3511 1155 abstinentia
3541 1104 3680 1155 inter
3707 1118 3762 1155 se
3804 1102 4010 1155 discre-

2435 1205 2605 1257 passe.
2635 1192 2772 1244 Nam
2803 1191 2897 1244 alii
2930 1191 3162 1261 quidem,
3203 1192 3397 1262 inquit,
3431 1194 3493 1246 ab
3522 1194 3770 1247 animatis
3800 1194 4010 1263 penitus

2435 1284 2728 1348 abstinent;
2760 1284 2857 1337 alii
2889 1302 2952 1339 ex
2981 1287 3338 1339 animantibus
3362 1288 3526 1354 pisces
3547 1285 3686 1339 solos
3705 1286 4008 1340 comedunt.

2438 1373 2697 1430 Nonnulli
2729 1395 2845 1431 cum
2897 1379 3128 1447 piscibus
3166 1383 3325 1435 etiam
3358 1381 3540 1434 avibus
3589 1389 3905 1445 vescuntur;
3946 1397 4013 1436 es

2433 1471 2603 1538 aquis,
2631 1482 2687 1523 ut
2716 1483 2792 1523 est
2819 1473 2959 1540 apud
2985 1471 3202 1542 Moysen
3222 1474 3286 1537 ⁷³,
3313 1490 3402 1526 eas
3421 1489 3623 1542 quoque
3640 1475 3876 1528 conditas
3898 1490 4013 1528 esse

2432 1562 2776 1631 afﬁrmantes.
2817 1562 3050 1628 Quidam
3085 1567 3148 1617 ab
3175 1565 3320 1618 omni
3347 1566 3595 1618 arborum
3637 1564 3815 1632 fructu
3853 1574 3900 1618 et
3943 1564 4011 1620 ab

2433 1657 2540 1708 ovis
2569 1655 2850 1713 abstinent.
2884 1657 3115 1723 Quidam
3141 1659 3252 1712 solo
3284 1670 3564 1713 vescuntur
3607 1674 3779 1726 pane;
3810 1659 3904 1710 alii
3949 1674 4013 1711 ne

2434 1751 2530 1803 hoc
2555 1751 2763 1819 quidem
2805 1760 3048 1804 utuntur.
3086 1750 3347 1806 Nonnulli
3383 1768 3542 1822 usque
3584 1752 3653 1805 ad
3699 1753 3884 1804 horam
3916 1765 4014 1804 no-

2433 1860 2553 1895 nam
2582 1843 2904 1912 jejunantes,
2937 1845 3118 1912 quavis
3139 1845 3358 1911 posthac
3383 1843 3618 1897 ciborum
3643 1859 3827 1912 genere
3851 1851 4014 1896 utun-

2433 1945 2520 1986 tur
2543 1937 2738 2003 absque
2771 1935 3095 1988 discrimine.
3130 1938 3235 1988 Alit
3263 1935 3371 1987 alia
3397 1936 3598 1988 ratione
3612 1934 4007 2003 Jejunant,etc.

2433 2027 2645 2094 Quibus
2677 2032 2912 2082 maxime
2940 2028 3285 2083 illustrantur
3327 2029 3515 2084 lreuzei
3559 2030 3748 2092 verba,
3779 2035 3833 2081 et
3873 2039 4006 2080 con-

2432 2120 2720 2176 ﬁrmantur
2745 2135 2864 2190 quae
2893 2120 3002 2188 iam
3050 2121 3303 2184 diximus,
3345 2121 3613 2191 quosdam
3653 2119 3908 2174 videlicet
3941 2117 4012 2173 ab

2432 2224 2693 2269 accurata
2739 2215 2932 2285 iejunii
2962 2215 3136 2270 lorma
3166 2215 3247 2270 sic
3287 2215 3599 2280 recessisse,
3627 2221 3685 2266 ut
3725 2211 3814 2265 alii
3844 2210 4011 2266 unico

2432 2309 2539 2372 die,
2576 2310 2668 2363 alii
2711 2289 2932 2364 duobus
2994 2311 3285 2372 duntaxat,
3319 2316 3449 2371 etc.,
3489 2323 3554 2363 eo
3595 2323 3700 2376 quo
3736 2321 3833 2375 par
3886 2313 4012 2360 erat

2431 2401 2611 2467 modo,
2656 2401 2824 2456 aridis
2852 2402 2990 2457 cibis
3011 2411 3294 2455 vescentes
3316 2400 3646 2470 jejunarent.

2502 2498 2594 2553 29.
2619 2497 2804 2552 Monet
2834 2507 3014 2552 autem
3048 2491 3323 2551 Victorem
3353 2510 3544 2565 papam
3571 2495 3802 2549 Irena'ms
3822 2534 3837 2559 ,
3874 2493 4013 2547 istos

2431 2606 2622 2647 omnes
2651 2606 2841 2660 pacem
2882 2605 3099 2659 semper
3139 2592 3282 2643 inter
3305 2605 3365 2643 se
3389 2589 3648 2643 coluisse.
3681 2585 3751 2640 Et
3777 2604 3891 2653 nos,
3923 2587 4015 2643 in—

2431 2685 2570 2753 quit,
2606 2700 2720 2736 eam
2745 2683 3064 2746 retinemus;
3103 2683 3280 2750 sicque
3317 2680 3624 2750 discrepans
3649 2679 3850 2749 jejunii
3869 2680 4013 2736 ratio

2430 2777 2760 2832 concordiam
2814 2777 2939 2844 ﬁdei
2987 2776 3341 2830 commendat.
3381 2773 3533 2829 Unde
3579 2773 3904 2829 concludere
3954 2772 4011 2830 in

2432 2870 2568 2942 [XC]
2587 2881 2836 2939 promptu
2861 2869 3150 2938 erat,quod
3167 2869 3210 2922 si
3234 2868 3298 2922 iis
3311 2866 3400 2936 qui
3417 2864 3870 2936 prazscriptamab
3896 2863 4002 2919 Ec-

2429 2965 2593 3018 clesia
2627 2965 2871 3020 Romana
2918 2962 3196 3032 jejuuandi
3223 2960 3456 3015 formam
3491 2975 3596 3013 non
3629 2959 3909 3024 tenebant,
3941 2956 4014 3013 lis

2432 3056 2578 3110 nulla
2614 3056 2970 3118 movebatur;
2999 3067 3173 3121 neque
3202 3054 3366 3106 etiam
3406 3050 3615 3105 moveri
3641 3048 3876 3104 debebat
3911 3048 4012 3114 iis,

2430 3150 2522 3220 qui
2566 3165 2686 3203 cum
2732 3163 2794 3201 ea
2852 3147 2915 3201 de
2965 3144 3258 3200 Paschatis
3303 3144 3388 3197 die
3419 3141 3842 3204 dissentiebant;
3875 3140 4012 3208 quia

743 3247 805 3290 ut
843 3238 1018 3307 prima
1076 3237 1517 3308 Quadragesimze
1560 3254 1688 3308 pars
1713 3237 1920 3308 jejunio
1959 3239 2201 3307 quidem.
2230 3238 2324 3293 sed
2354 3242 2399 3303 C
2430 3244 2722 3308 utrumque
2749 3240 2816 3293 ad
2856 3238 3224 3306 disciplinam,
3257 3250 3378 3305 quae
3403 3250 3500 3304 pro
3536 3232 3670 3288 locis
3697 3242 3753 3288 et
3789 3242 4012 3303 tempo-

742 3331 907 3398 paulo
960 3331 1287 3398 remissiori,
1314 3330 1591 3400 posterior
1645 3331 1806 3400 longe
1835 3333 2100 3401 asperiori
2132 3346 2322 3384 conse-

741 3433 1014 3478 oraretur.
1052 3424 1108 3479 Si
1161 3439 1280 3492 qua:
1314 3425 1543 3494 proinde
1590 3425 1776 3478 lremei
1807 3436 1968 3479 aetate
2017 3427 2082 3479 de
2132 3424 2321 3493 jejunii

741 3515 918 3568 forma
980 3518 1357 3572 controversia
1420 3517 1544 3581 fuit,
1576 3518 1620 3572 si
1671 3532 1794 3586 qua:
1844 3519 1991 3572 inter
2047 3517 2324 3572 Ecclesiae

741 3609 1130 3676 discrepantia,
1177 3607 1229 3661 in
1282 3623 1347 3662 eo
1398 3609 1565 3662 fuisse
1612 3610 1848 3675 videtur,
1876 3612 2021 3679 quod
2076 3609 2322 3677 quaedam

739 3699 1033 3768 postremis
1112 3715 1205 3754 sex
1245 3700 1685 3771 Quadragesimm
1709 3701 2128 3758 diebusmollins
2157 3715 2322 3770 quam

739 3806 841 3859 par
872 3804 1036 3857 esset,
1074 3807 1138 3845 ac
1185 3795 1352 3848 ferret
1401 3794 1750 3849 communior
1781 3793 2154 3849 Ecclesiarum
2193 3808 2322 3847 cono

737 3884 1346 3954 suetudo,jejunarent,
1376 3901 1476 3941 nec
1537 3889 1887 3958 xerophagiis
1937 3901 2320 3947 vescerentur.

739 3973 810 4028 Et
839 3975 1071 4045 idipsum
1097 3987 1180 4030 est
1209 3979 1351 4046 quod
1384 3979 1470 4032 hic
1506 3992 1864 4049 repraesentat
1897 3983 2154 4039 Irenasus.
2191 3986 2323 4052 Qui-

739 4067 866 4118 dam
908 4067 1066 4131 enim,
1118 4067 1311 4135 inquit,
1343 4069 1496 4121 unico
1550 4071 1634 4124 die
1678 4072 1775 4124 sibi
1803 4073 2157 4143 jejunum/um
2187 4095 2317 4145 esse,

738 4158 997 4212 vidclicet
1058 4162 1361 4214 secundum
1425 4177 1740 4217 accuratam
1793 4167 1984 4236 jejunii
2043 4170 2317 4238 formam,

740 4252 1083 4316 existimant;
1114 4253 1209 4304 alii
1264 4252 1491 4316 duobus,
1534 4255 1631 4308 alii
1670 4256 1880 4326 insuper
1908 4260 2182 4328 pluribus;
2228 4265 2320 4317 alii

738 4362 882 4410 vero,
912 4360 1140 4414 quorum
1177 4345 1351 4414 pietas
1374 4349 1570 4417 major,
1608 4349 1821 4420 longius
1857 4357 2130 4424 progressi
2179 4368 2320 4414 lotos

737 4440 1102 4508 quadraginta
1162 4438 1279 4492 dies
1332 4441 1384 4492 in
1440 4444 1790 4512 xeropliagiis
1843 4460 2030 4514 agunt.
2057 4448 2320 4506 Omnibus

739 4543 921 4584 autem
967 4532 1068 4585 hoc
1113 4546 1397 4587 commune
1449 4535 1572 4598 fuit,
1603 4545 1662 4589 ut
1694 4537 1838 4591 horis
1869 4541 2080 4595 diurnis
2122 4546 2321 4611 pariter

739 4639 800 4674 ac
834 4623 1105 4675 nocturnis
1151 4626 1487 4692 computatis,
1532 4628 1666 4679 diem
1695 4634 2222 4701 suummetirentur,
2264 4637 2316 4691 id

737 4725 823 4766 est
875 4715 990 4767 dies
1014 4715 1090 4766 illi
1115 4715 1478 4784 quosjejunio
1494 4721 1851 4788 deputabunt,
1877 4740 1980 4778 non
2007 4728 2318 4786 artificiales

739 4819 933 4873 erant;
967 4809 1060 4861 sed
1093 4811 1396 4875 naturales,
1429 4813 1544 4865 sive
1575 4813 1786 4880 civiles,
1814 4818 2011 4886 quibus
2042 4834 2319 4878 nocturna:

735 4901 944 4968 pariter
972 4917 1034 4954 ac
1069 4902 1276 4954 diurna:
1325 4904 1674 4958 continentur
1704 4909 1870 4962 horae.
1905 4911 2057 4976 Quod
2093 4917 2314 4984 quidem

739 5008 844 5046 non
867 4992 1110 5059 frustra;
1147 4994 1237 5047 sed
1271 4997 1561 5062 prudenter
1587 5002 1806 5054 omnitto
1828 5003 2033 5057 addidit
2060 5005 2312 5075 lrcntcus,

738 5102 806 5140 uc
834 5089 956 5154 quis
987 5087 1091 5140 sibi
1124 5086 1351 5156 lingeret
1383 5088 1691 5156 jejunanlcs
1732 5093 1868 5156 illos,
1919 5097 2042 5149 dum
2092 5101 2311 5166 quidem

739 5177 819 5229 sol
845 5177 1070 5240 luceret,
1108 5180 1252 5231 tenui
1294 5178 1416 5230 cibo
1449 5194 1578 5232 usos
1612 5181 1805 5245 fuisse,
1837 5194 1996 5236 noctu
2031 5202 2159 5240 vero
2196 5191 2316 5243 lau-

737 5269 968 5324 tioribus
999 5271 1196 5339 epulis,
1244 5287 1392 5325 more
1438 5270 1772 5338 Judzcorum,
1806 5277 2118 5334 indulsisse.
2143 5282 2317 5341 Porro

735 5363 1022 5416 verissima
1053 5365 1164 5416 haec
1181 5363 1459 5427 omnia,ct
1483 5381 1601 5416 cum
1631 5369 1909 5422 veteribus
1945 5381 2318 5432 monumentis

733 5457 983 5521 apprime
1013 5466 1400 5510 consentanea.
1420 5456 1549 5509 Nam
1584 5462 1876 5514 concilium
1905 5462 2310 5535 Laodicamum,

734 5565 858 5600 can.
924 5547 1010 5612 50,
1074 5550 1282 5612 statuit,
1327 5553 1442 5601 Δεῖν
1504 5554 1679 5602 πᾶσαν
1715 5554 1814 5624 τὴν
1855 5553 2312 5632 Τεσσαρακοστὴν

735 5642 1015 5712 νηστεύειν
1073 5643 1533 5715 ξηροφαγοῦντας,
1574 5645 1821 5711 Operti-re
1865 5661 2024 5701 totum
2059 5655 2314 5716 Quadra-

808 5842 853 5873 "°
884 5844 1018 5894 llzct'.
1052 5863 1174 5905 cxx,
1207 5847 1232 5914 ξ
1269 5847 1352 5908 12,
1393 5858 1446 5898 ct
1484 5848 1609 5900 lner.
1644 5866 1762 5904 ως.
1801 5851 1904 5919 §5.
1982 5852 2024 5881 '”
2066 5851 2126 5906 L.
2159 5869 2206 5908 ν,
2238 5870 2285 5905 c.
2325 5853 2405 5905 18.

1678 5924 1724 5949 7’
1775 5931 1854 5989 ip.
1902 5921 2236 5992 iiltelt-:t'.,p.
2288 5925 2399 5976 Hi.

738 5915 996 5986 Cyprum.
1022 5936 1102 5986 cp.
1142 5919 1228 5982 7-),
1259 5921 1387 5973 edit.
1424 5922 1594 5974 Uxun.

2349 4589 2397 4646 D

2429 3335 2582 3388 ribus
2613 3333 2763 3386 varia
2811 3346 2932 3385 esse
2979 3337 3192 3399 potest;
3244 3337 3496 3381 neutrum
3552 3326 3616 3379 ad
3653 3324 3837 3391 ﬁdem,
3881 3337 4017 3392 qua

2425 3428 2614 3484 eadem
2639 3436 2693 3480 et
2723 3428 3049 3479 inconcussa
3080 3421 3332 3476 manebat
3354 3421 3407 3474 in
3439 3419 3690 3474 omnibus
3717 3415 4015 3481 Ecclesiis,

2427 3519 2727 3588 spectabat.
2763 3514 2979 3568 Maximi
3033 3514 3289 3582 ponderis
3337 3526 3459 3566 esse
3520 3519 3835 3580 argumenta
3886 3509 4018 3563 haec

2426 3611 2632 3673 omnia,
2667 3608 2964 3676 lreuzeique
2997 3607 3220 3676 pietate,
3246 3605 3534 3675 prudentia
3582 3614 3637 3657 et
3693 3603 4017 3658 eruditione

2426 3705 2764 3773 dignissima,
2791 3718 2950 3757 nemo
2974 3701 3280 3770 negaverit.
3302 3698 3534 3751 Tantum
3561 3701 3700 3764 apud
3726 3695 4015 3750 Victorem

2425 3799 2678 3861 valuisse,
2708 3808 2766 3849 ut
2793 3799 2878 3849 bis
2913 3795 3090 3849 victus
3135 3793 3360 3848 nimium
3391 3790 3722 3860 praecipitem
3773 3788 4014 3858 gradum

2426 3887 2790 3952 revocaverit,
2823 3885 3195 3954 Ecclesiisque
3221 3882 3594 3938 Orientalibus
3619 3894 3806 3949 pacem
3841 3882 4017 3934 resti-

2424 3981 2699 4045 tuerit,ex
2754 3993 2818 4033 eo
2862 3978 3157 4048 colligitur,
3186 3976 3329 4044 quod
3379 3971 3796 4028 Firmilianus“
3841 3986 4015 4026 sexa-

2426 4074 2574 4144 ginta
2605 4071 2826 4126 circiter
2851 4081 2972 4139 post
3005 4070 3119 4123 haec
3145 4067 3301 4120 annis
3318 4065 3618 4135 scripserit,
3655 4066 3795 4119 inter
3820 4065 4014 4119 diver-

2424 4183 2512 4222 sas
2543 4166 2800 4219 Romanae
2841 4163 3099 4218 Ecclesia
3157 4160 3496 4228 aliarumque
3539 4158 3822 4225 regionum
3868 4172 4013 4211 con-

2423 4260 2760 4321 suetudines,
2819 4255 3046 4310 illaesam
3092 4267 3303 4321 semper
3359 4249 3674 4305 constitisse
3714 4248 4014 4303 catholica

2422 4351 2682 4406 Ecclesiae
2713 4363 2903 4417 pacem
2959 4355 3012 4400 ct
3068 4345 3357 4397 unitatem.
3393 4341 3496 4394 Sed
3548 4340 3769 4395 disertis
3818 4341 4014 4394 verbis

2426 4448 2625 4501 asserit
2679 4443 2965 4498 Anatolius
2997 4439 3062 4502 ⁷⁵,
3096 4439 3184 4506 qui
3223 4439 3379 4489 annis
3414 4433 3534 4502 plus
3571 4433 3751 4487 minus
3779 4449 3849 4486 xx
3880 4445 4013 4502 post

2424 4540 2806 4596 Firmilianum
2859 4534 3154 4595 scribebat,
3185 4531 3391 4584 Irenaeo
3421 4537 3710 4599 sequestro
3751 4529 3911 4597 pacis
3952 4537 4014 4582 et

2425 4635 2798 4698 conciliatore,
2831 4630 2911 4683 sic
2959 4628 3286 4696 compositas
3333 4623 3738 4677 adversantium
3774 4630 4012 4677 contro-

2420 4729 2646 4794 versias,
2675 4723 3048 4790 utuniculque
3087 4721 3260 4774 avitos
3301 4731 3482 4771 mores
3526 4717 3765 4771 retinere
3822 4726 4009 4769 tutum

2420 4823 2583 4878 luerit
2613 4831 2668 4874 et
2695 4821 2948 4873 liberum.
2983 4816 3048 4869 Et
3073 4829 3279 4875 revera,
3318 4812 3564 4880 quamvis
3599 4811 3666 4864 ab
3710 4824 3796 4872 ea,
3832 4824 4008 4877 quam

2419 4936 2445 4972 a
2478 4915 2776 4985 majoribus
2811 4919 3138 4980 acceperant
3163 4947 3177 4968 ,
3212 4904 3530 4961 celebrandi
3572 4901 3858 4956 Pasclratis
3909 4918 4008 4955 ra-

2424 5013 2572 5065 tione
2603 5024 2706 5062 non
2756 5004 3113 5060 discesserint
3145 5000 3479 5062 Orientales,
3528 5007 3755 5050 vexatos
3813 5003 4038 5072 tamen

2426 5106 2677 5170 deinceps
2712 5117 2739 5153 a
2765 5097 3000 5154 Victoris
3027 5093 3435 5148 successoribus
3463 5105 3568 5143 non
3588 5089 3816 5158 legimus
3850 5106 3864 5142 :
3905 5089 4012 5144 do-

2423 5212 2521 5249 nec
2551 5192 2764 5247 concilii
2797 5190 3001 5244 Nicmui
3026 5189 3245 5240 decreto
3273 5184 3480 5236 sancita
3519 5180 3777 5233 Romana
3806 5178 4015 5238 Ecclee

2417 5283 2512 5335 sia:
2543 5280 2900 5340 consuetudo,
2931 5277 3203 5330 communi
3223 5275 3464 5328 Omnium
3494 5271 3721 5324 aliarum
3746 5270 4014 5333 gentium

2416 5383 2683 5422 consensu
2716 5378 2927 5436 recepta
2952 5378 2996 5420 et
3027 5367 3248 5436 probata
3277 5365 3455 5417 fuerit.
3485 5362 3606 5416 Haec
3630 5361 3856 5431 proinde
3891 5360 4012 5416 [re

2414 5463 2515 5514 naei
2563 5462 2679 5514 laus
2716 5460 2836 5525 fuit,
2874 5463 3018 5528 quod
3060 5460 3386 5513 dissidentes
3420 5455 3711 5512 Ecclesias.
3750 5470 4005 5524 moxque

2413 5554 2602 5607 fractis
2638 5553 2933 5607 fuidcribus
2964 5555 3131 5606 sacris
3161 5549 3566 5610 discindendas,
3603 5546 4003 5600 reconciliave-

2414 5651 2517 5713 rit;
2563 5649 2684 5701 inde
2713 5643 2852 5713 apud
2885 5653 3144 5711 utrasque
3170 5651 3445 5705 nunquam
3477 5635 3612 5687 satis
3647 5647 3746 5700 pro
3795 5633 4008 5686 merito

3141 5847 3181 5858 ww
3473 5843 3498 5858 ιἺ
3602 5841 3629 5866 ι)

3146 5859 3182 5874 ·δ
3222 5844 3355 5898 Gen.
3397 5859 3431 5906 l,
3474 5843 3558 5903 ευ,
3605 5842 3691 5891 .tl.

2486 5855 2528 5882 7’
2564 5853 2620 5905 L.
2662 5868 2685 5903 v
2723 5850 2879 5913 Hist,
2916 5866 2961 5902 ρ.
3007 5847 3095 5899 22.
3141 5847 3182 5874 ⁷⁵
3222 5844 3355 5898 Cen.
3397 5859 3431 5906 l,
3473 5843 3558 5903 ‘30,
3602 5841 3691 5891 “2|.
3762 5841 3805 5869 ⁷³
3834 5842 4008 5911 Apud
