4196 6330
247 413 355 473 208

883 414 1342 472 DlSSERTATlO
1378 415 1438 479 ll,
1474 413 1634 469 ΛΒΤ.
1674 412 1715 476 l,
1755 410 1812 464 Dl

1922 457 1933 466 .
1971 412 2224 470 ΙΒΕΝᾸΞΙ
2262 415 2423 471 VlTA
2459 416 2546 471 ET
2582 417 2849 473 GESTIS.

3387 423 3492 480 206

246 531 735 595 commendandus,
779 533 920 602 quod
972 532 1285 588 schismatis
1332 529 1532 583 malum
1580 528 1824 594 utrisque
1856 525 1899 581 Α
1929 541 1960 577 a
2000 540 2057 580 se
2090 527 2178 580 diu
2215 530 2522 598 conquisita
2565 533 2804 599 reperire
2848 547 2954 586 non
2996 535 3246 602 potuerit.
3295 536 3496 591 Eorum

248 627 520 682 funestum
548 627 835 681 averterit.

316 718 408 774 50.
449 717 720 772 Prmclaro
748 719 871 772 huic
897 717 1122 773 facinori
1145 717 1237 772 ditt
1277 726 1554 786 superstes
1581 731 1686 769 non
1720 714 1823 768 fuit

245 810 499 866 Irenaaus.
558 808 799 864 Vixdum
849 810 1107 864 intestina
1142 850 1158 874 ,
1227 809 1428 879 quibus
1477 806 1823 877 agitabantur

243 902 524 966 Ecclesiae,
559 902 701 958 bella
737 903 1091 967 restinxerat,
1120 918 1242 957 cum
1273 902 1519 956 externis
1569 900 1821 953 acerbius

243 1005 485 1050 vastatas
506 996 792 1066 ingemuit.
823 996 1036 1050 Saevum
1065 996 1192 1049 illud
1218 1010 1281 1050 ac
1309 995 1668 1050 truculentmn
1697 995 1818 1048 dico

241 1087 463 1153 bellum,
503 1089 648 1158 quod
698 1089 773 1142 rei
814 1086 1140 1142 Christiana:
1186 1086 1369 1140 intulit
1403 1084 1639 1140 Severus
1673 1100 1819 1140 anno

239 1181 455 1234 decimo
487 1181 727 1250 imperii,
753 1180 952 1235 Christi
983 1195 1110 1236 vero
1139 1178 1271 1242 202,
1301 1179 1429 1233 nulli
1455 1177 1714 1233 Ecclesia:
1743 1177 1818 1231 iu-

239 1269 431 1325 festius
475 1285 640 1340 quam
686 1270 1056 1340 Lngdunensi.
1086 1269 1261 1338 Quam
1311 1270 1530 1323 immani
1579 1269 1813 1323 ﬁdelium

238 1373 423 1433 strage
471 1378 592 1418 eam
632 1365 947 1428 vastaverit,
981 1364 1324 1434 pastorisque
1356 1379 1478 1416 cum
1507 1378 1671 1434 grege
1719 1379 1817 1432 pro

237 1455 462 1510 Christo
527 1455 742 1510 fortiter
796 1456 1103 1510 dimicantis
1154 1455 1419 1524 sanguine
1464 1457 1813 1523 resperserit,

237 1548 395 1602 docet
418 1547 715 1616 Gregorius
736 1547 1071 1604 Turonensis
1097 1549 1162 1605 ⁷⁸.
1209 1546 1472 1612 Veniente,
1501 1547 1596 1613 ait,
1638 1565 1814 1615 perse-

237 1642 452 1696 cutione
508 1641 639 1694 talia
691 1643 882 1695 ibidem
933 1640 1175 1694 diabolus
1223 1640 1359 1693 bella
1387 1657 1480 1707 per
1527 1652 1813 1710 tyrannum

236 1735 494 1793 exercuit.
529 1744 576 1788 et
628 1745 777 1788 tanta
812 1736 881 1789 ibi
939 1735 1227 1788 multitudo
1282 1733 1707 1788 Christianorum
1749 1738 1812 1788 ob

235 1826 623 1894 confessionem
649 1825 912 1880 Dominici
939 1827 1162 1880 nominis
1195 1835 1272 1880 est
1306 1826 1580 1896 jugulata,
1628 1838 1682 1880 ut
1723 1844 1813 1895 per

234 1921 440 1987 plateas
484 1920 708 1988 ﬂumina
759 1929 1028 1973 currerent
1053 1919 1116 1973 de
1157 1921 1412 1990 sanguine
1465 1920 1812 1986 Christiano;

233 2027 462 2078 quorum
479 2027 569 2064 nec
595 2027 892 2075 numerum,
920 2027 1012 2064 nec
1038 2013 1249 2065 nomina
1269 2012 1514 2080 colligere
1529 2014 1816 2080 potuimus.

234 2101 498 2157 Dominus
537 2103 670 2156 enim
697 2119 784 2156 eos
818 2103 871 2156 in
903 2102 1034 2156 libro
1067 2105 1183 2158 vita:
1212 2103 1544 2174 conscripsit.
1593 2103 1819 2158 Beatum

234 2194 531 2258 Irenwum,
571 2196 796 2250 diversis
832 2197 886 2249 in
921 2212 1018 2250 sua
1072 2196 1311 2265 carnifex
1341 2199 1620 2262 pra'sentia
1659 2199 1818 2265 poenis

233 2285 512 2353 aﬁ'ectum,
540 2285 748 2340 Christo
785 2286 1006 2340 Domino
1049 2303 1141 2354 per
1194 2287 1508 2356 martyrium
1534 2287 1815 2341 dedicavit.

234 2376 507 2448 Gregorio
525 2379 875 2433 cousentiunt
897 2379 1014 2432 Αάο
1041 2389 1096 2432 et
1123 2377 1420 2440 Notkerus,
1441 2380 1568 2432 dum
1588 2389 1820 2433 narrant

233 2471 500 2527 lrenaaum
527 2487 646 2525 cum
685 2473 826 2526 omni
849 2473 960 2541 fere
984 2472 1218 2526 civitatis
1251 2489 1361 2525 sua:
1380 2472 1571 2542 populo
1594 2489 1818 2526 corona-

235 2575 351 2619 tum
381 2580 491 2619 esse
525 2565 752 2634 glorioso
781 2567 1057 2634 martyrio.
1092 2565 1239 2618 Alias
1264 2576 1369 2618 tam
1399 2565 1649 2633 pretiosa:
1675 2581 1819 2620 mor-

237 2659 310 2713 tis
359 2658 807 2718 circumstantias
859 2673 969 2713 non
1030 2658 1301 2712 novimus.
1353 2657 1499 2725 Quas
1545 2658 1690 2712 enim
1752 2674 1817 2713 ex

233 2749 468 2805 vetustis
503 2750 825 2820 quibusdam
851 2749 1106 2806 Ecclesia:
1134 2750 1514 2821 Lugdunensis
1539 2751 1818 2806 codicibus

232 2857 374 2898 mss.
421 2843 637 2898 eruisse
678 2858 739 2899 se
783 2844 970 2900 dicunt
1013 2845 1288 2900 Severtius
1319 2845 1385 2911 ⁷⁷,
1442 2845 1741 2900 llalloixius
1775 2845 1818 2875 ⁷⁸

231 2945 291 2991 et
324 2933 659 3004 Theophilus
699 2938 1014 3008 Raynaldus
1040 2939 1106 3004 ⁷⁸,
1151 2953 1342 3009 parum
1383 2947 1528 2992 tutas
1551 2954 1674 2995 esse
1700 2941 1816 2993 exi—

231 3024 421 3082 stimo.
454 3027 513 3082 in
548 3043 612 3082 eo
665 3031 927 3084 duntaxat
957 3030 1200 3100 antiquis
1251 3031 1402 3086 hisce
1451 3033 1818 3088 monumentis

230 3118 490 3174 habenda
509 3118 661 3183 fides,
689 3120 835 3189 quod
859 3121 1125 3177 Irenaeum
1151 3121 1292 3176 inter
1313 3121 1519 3178 Christi
1552 3132 1818 3194 martyres

1946 617 2316 688 fragmentum
2345 637 2448 677 ase
2480 632 2753 693 repertum
2778 623 2948 687 fuisse
2977 625 3207 680 atIirmat
3231 625 3499 684 Baronius

1927 709 1981 762 in
2013 711 2155 766 notis
2185 712 2250 765 ad
2275 713 2723 787 Martyrologium
2766 714 3098 784 Romanum,
3131 731 3183 774 et
3211 719 3262 773 in
3300 720 3493 774 Annal.

1923 800 2106 854 eccles.
2142 803 2207 857 ad
2238 820 2440 859 annum
2461 802 2668 872 205,11.
2695 806 2783 868 9.8,
2829 807 2968 862 idem
2997 808 3134 864 forte
3170 810 3314 877 quod
3347 825 3377 865 e
3405 826 3498 865 ve-

1925 894 2026 948 teri
2066 896 2252 952 codice
2274 898 2622 967 Lugdunensi
2646 913 2863 957 erutum
2894 901 3186 971 descripsit
3217 905 3495 958 Severtius

1923 984 2177 1040 laudatus
2205 1003 2218 1043 :
2253 1003 2413 1055 quam
2443 989 2590 1044 enim
2614 983 2801 1045 Irenzei
2833 992 3021 1046 mortis
3053 992 3334 1048 historiam
3369 1011 3498 1049 nar-

1923 1087 2008 1131 rat
2059 1077 2351 1143 Baronius.
2400 1083 2468 1136 ad
2507 1083 2884 1139 Sevcrtianam
2929 1085 3066 1140 satis
3123 1086 3355 1148 accedit.
3391 1089 3498 1143 Sed

1919 1169 2055 1224 Acta
2087 1172 2223 1240 ipsa,
2255 1188 2377 1242 qua:
2424 1175 2635 1229 sublata
2670 1191 2780 1232 una
2820 1176 3015 1246 pagina
3079 1177 3266 1232 mutila
3301 1189 3499 1236 nactus

1923 1262 2101 1317 fuerat
2144 1263 2602 1333 Etn.cardinalis,
2639 1269 2849 1339 integra
2891 1269 3102 1326 invenit
3150 1270 3500 1329 doctissimus

1921 1366 2106 1411 noster
2135 1357 2197 1411 D.
2229 1357 2602 1415 Theodericus
2632 1361 2899 1426 Ruinart,
2935 1363 2990 1416 in
3017 1363 3140 1418 cod.
3174 1377 3276 1418 ms.
3313 1365 3499 1420 archi-

1919 1449 2157 1503 cmnobii
2183 1449 2792 1517 Cistercieusis;verum
2822 1470 2944 1508 cum
2978 1455 3044 1509 ad
3067 1455 3250 1512 lrenaai
3281 1465 3498 1514 aetatem

1921 1542 2179 1596 accedere
2211 1557 2316 1596 non
2350 1543 2662 1611 videantur,
2689 1561 2751 1600 ea
2778 1546 3025 1616 proferre
3046 1563 3225 1618 opera:
3264 1550 3499 1618 pretium

1917 1649 2024 1688 non
2048 1633 2219 1690 duxit.
2260 1633 2328 1690 Ut
2362 1644 2421 1688 ut
2441 1646 2526 1690 est
2552 1635 2619 1690 de
2646 1638 2805 1704 actis,
2837 1655 2958 1710 qua:
2985 1655 3053 1694 ex
3077 1641 3352 1698 veteribus
3378 1657 3500 1696 mo-

1917 1727 2191 1781 numentis
2225 1727 2534 1784 testimonia
2569 1729 3012 1800 deprompsimus
3036 1774 3050 1797 ,
3083 1733 3262 1803 palam
3293 1733 3502 1788 faciunt

1918 1818 2028 1888 jam
2063 1819 2251 1874 saltem
2284 1835 2314 1872 a
2354 1820 2546 1890 quinto
2590 1822 2790 1877 sacculo
2826 1837 2948 1877 eam
2980 1823 3033 1876 iu
3074 1839 3266 1879 omnes
3309 1831 3502 1895 gentes

1927 1927 2179 1967 manasse
2248 1914 2616 1978 sententiam,
2683 1913 2947 1968 lreuamm
3002 1915 3270 1986 martyrio
3333 1916 3502 1971 vitam

1927 2003 2154 2058 (iniisse.

1994 2096 2083 2153 51.
2130 2095 2237 2152 Sed
2270 2113 2417 2166 ecce,
2455 2109 2698 2169 nuperus
2729 2100 2965 2171 scriptor
2991 2098 3363 2158 Dodwellus"
3405 2103 3502 2157 ad-

1923 2205 2115 2247 versus
2153 2205 2427 2262 receptam
2470 2193 2733 2250 hactenus
2761 2203 2816 2250 et
2839 2194 3096 2249 traditam
3126 2211 3154 2249 a
3189 2202 3266 2250 tot
3301 2196 3498 2252 veteri-

1924 2283 2024 2339 bus
2058 2288 2384 2340 sententiam
2436 2288 2691 2356 insurgit,
2725 2296 2782 2343 et
2813 2303 2881 2342 ex
2923 2286 3111 2342 lrenaci
3143 2289 3322 2359 capite
3355 2302 3501 2343 mar-

1924 2376 2051 2445 tyrii
2080 2375 2322 2431 lauream
2354 2377 2588 2432 avellere
2610 2378 2825 2435 nititur.
2876 2379 3070 2433 Mirum
3105 2383 3150 2436 si
3196 2391 3500 2454 martyrum

1923 2467 2253 2522 multitudini
2288 2485 2318 2524 a
2356 2470 2557 2526 teneris
2587 2472 2896 2541 unguiculis
2925 2472 3501 2541 infensissimus,Gal-

1897 2559 2119 2614 .liarum
2157 2563 2324 2616 sideri
2369 2563 2725 2632 pepercisset.
2781 2567 2872 2631 At,
2913 2567 3113 2634 quibus
3152 2567 3496 2638 argumentis

1922 2653 2338 2724 Lugdunensem
2363 2657 2678 2726 episcopum
2714 2673 2782 2713 ex
2818 2658 2943 2714 albo
2978 2665 3508 2731 tnartyruchpun-

1921 2749 2041 2817 git?
2081 2747 2152 2803 lis
2177 2749 2452 2814 videlicet,
2484 2751 2686 2818 quibus
2709 2751 2832 2821 plus
2859 2767 3015 2822 teque
3046 2753 3370 2822 delectatur,
3405 2771 3503 2809 va-

1920 2841 2005 2895 nis
2033 2839 2370 2911 inﬁnitisque
2399 2843 2754 2912 conjecturis,
2777 2859 2840 2899 ac
2863 2847 3187 2913 negantibus
3209 2862 3505 2918 argumen-

1923 2932 2029 2999 tis;
2057 2946 2178 3002 qua‘.
2215 2933 2258 2987 si
2289 2934 2421 3003 quid
2459 2935 2550 2990 hic
2587 2936 2828 3003 valeant,
2871 2935 3006 2992 nihil
3039 2939 3092 2992 itt
3127 2947 3235 2994 tota
3265 2941 3505 3008 antiqui—

1924 3036 2030 3082 tate
2061 3027 2433 3084 ecclcsiastica
2468 3029 2606 3086 adeo
2655 3041 2870 3085 certum
2893 3031 3019 3096 erit,
3049 3033 3178 3102 quin
3212 3035 3506 3089 audaculo-

1922 3135 2044 3174 rum
2074 3119 2329 3175 manibus
2365 3120 2528 3177 facile
2573 3124 2938 3178 concutiatur.
2969 3126 3046 3179 Ac
3083 3127 3255 3196 primo
3287 3127 3505 3197 quidem

229 3221 579 3267 recenseam.
627 3210 763 3266 Nam
803 3213 858 3268 in
889 3213 995 3268 hoc
1023 3214 1129 3268 sibi
1161 3215 1567 3270 consentientes
1613 3216 1816 3271 habent
1844 3238 1885 3295 ο
1922 3227 2018 3268 eos
2067 3214 2338 3277 coniutat,
2368 3215 2465 3284 qui
2501 3223 2696 3285 putant
2726 3233 2792 3272 eo
2840 3234 2983 3273 anno
3021 3219 3350 3276 trucidatum
3388 3222 3500 3277 lre-

229 3300 628 3374 Hieronymum
660 3304 729 3368 3°,
779 3311 834 3359 et
883 3314 1164 3359 auctorem
1196 3304 1562 3371 Quwstionum
1605 3309 1673 3360 ad
1707 3307 1813 3362 0r-

232 3394 497 3448 thodoxos
517 3395 585 3459 “,
631 3395 774 3450 inter
804 3410 968 3466 opera
999 3393 1201 3453 Justini
1235 3397 1508 3470 Martyris,
1555 3401 1649 3470 qui
1703 3399 1810 3455 lre-

229 3501 414 3542 meum
443 3486 661 3542 disertis
705 3486 886 3542 verbis
924 3499 1205 3558 martyrem
1235 3489 1526 3559 appellant,
1570 3506 1634 3544 ac
1666 3499 1818 3546 vetu-

232 3579 512 3634 stissimos
567 3594 821 3649 quosque
873 3578 1382 3652 MartyroIOgiorum
1434 3583 1649 3639 codices
1689 3599 1812 3638 cum

228 3670 438 3735 editos,
467 3680 580 3726 tum
619 3673 1272 3746 mss.,llierouymianum
1312 3677 1475 3745 vulgo
1504 3677 1732 3740 dictum,
1783 3693 1814 3730 a

230 3763 577 3820 Flerentinio
601 3766 809 3820 editum
839 3767 906 3830 ⁸²,
932 3767 1108 3830 Bedar,
1140 3765 1397 3832 Usuardi,
1422 3776 1552 3829 etc..
1582 3777 1635 3824 et
1666 3771 1815 3839 ipso-

230 3875 356 3915 rum
396 3857 721 3914 Menaiorum
751 3860 1145 3915 Graecorum”.
1173 3861 1361 3916 Exstat
1387 3863 1440 3915 in
1476 3861 1814 3918 Biblimheca

231 3963 426 4009 nostra
477 3953 524 3985 ⁸⁸
573 3953 1080 4009 San-Germanensi
1138 3956 1598 4010 metuhranaceus
1645 3959 1815 4010 codex

231 4047 406 4108 in-b,
441 4061 494 4099 n.
526 4045 652 4106 264,
686 4045 867 4115 plures
912 4047 1200 4101 continens
1255 4045 1547 4102 Tractalus
1595 4047 1808 4114 lsidori,

231 4146 466 4200 Joannis
512 4141 922 4214 Chrysostomi,
960 4142 1203 4213 Gregorii
1244 4143 1409 4214 Magn,
1456 4155 1598 4210 etc.,
1649 4161 1808 4215 quem

231 4235 680 4305 antiquissimum
716 4249 838 4288 esse
882 4241 936 4286 et
986 4249 1258 4288 annorum
1309 4235 1430 4304 plus
1465 4253 1630 4304 quam
1666 4237 1808 4290 mille

231 4331 431 4400 probat
477 4330 594 4398 ipsa
645 4329 928 4398 scriptura:
966 4326 1159 4382 forma.
1217 4326 1276 4382 lu
1315 4329 1493 4383 medio
1541 4331 1808 4400 siquidem

229 4425 372 4479 duos
405 4423 796 4492 quaterniones
820 4422 1000 4476 videre
1033 4430 1138 4486 est,
1173 4422 1361 4475 eadem
1395 4423 1439 4476 si
1477 4438 1583 4476 non
1621 4439 1806 4488 manu,

229 4517 425 4572 saltem
465 4528 623 4571 mtate
660 4516 994 4585 descriptos,
1031 4531 1261 4584 quorum
1309 4531 1431 4581 pars
1470 4512 1808 4588 vulgaribus,

228 4625 360 4679 pars
387 4609 765 4680 Merovingicis
802 4608 1207 4664 characteribus
1237 4616 1457 4663 exarata
1487 4617 1605 4671 est,
1645 4609 1714 4662 ita
1751 4617 1809 4662 ut

228 4702 283 4756 in
323 4717 432 4755 uno
478 4713 532 4756 et
577 4702 769 4757 eodem
815 4703 1114 4772 opusculo,
1153 4703 1262 4754 imo
1297 4714 1346 4755 et
1384 4700 1512 4755 folio
1546 4710 1807 4769 utrosque

227 4796 576 4849 characteres
608 4795 786 4863 legere
823 4795 891 4848 sit
928 4811 938 4844 :
979 4793 1125 4862 quod
1160 4810 1428 4848 summam
1471 4793 1677 4847 codicis
1710 4809 1805 4846 an-

226 4886 532 4955 tiquitatem
604 4885 961 4939 demonstrat.
1028 4885 1196 4941 Porro
1251 4885 1405 4939 initio
1466 4886 1806 4955 praemittitur

227 4979 608 5033 brevissimum
639 4976 1047 5040 Kalendarium,
1079 4979 1265 5032 eadem
1303 4994 1463 5032 manu
1498 4992 1658 5048 atque
1688 4981 1806 5033 reli-

224 5085 395 5138 quum
429 5085 569 5139 opus
599 5071 957 5139 descriptum,
992 5072 1183 5140 inquo
1210 5072 1278 5126 ita
1310 5071 1503 5141 legitur
1536 5089 1546 5122 :
1590 5090 1638 5125 iv
1668 5073 1802 5127 KAL.

223 5161 349 5216 Jc-L.
385 5161 640 5216 Lucovuo
671 5161 885 5216 GALLEA
915 5163 1038 5218 Pas.
1091 5164 1147 5218 S.
1187 5163 1423 5218 liensum
1471 5165 1565 5218 Ep.
1613 5165 1805 5220 Dolen-

223 5255 356 5307 dum
392 5255 533 5321 quod
564 5254 838 5322 passionis
869 5254 986 5322 ejus
1018 5256 1146 5309 Acta
1175 5257 1384 5311 sincera
1415 5268 1464 5309 et
1497 5273 1627 5310 sana
1659 5257 1803 5310 exci-

219 5348 402 5399 derint
427 5346 491 5398 '".
520 5345 733 5399 Dudum
761 5357 843 5401 est
871 5349 1012 5417 quod
1042 5349 1293 5403 interiere
1320 5367 1331 5400 :
1365 5367 1487 5402 nam
1513 5349 1804 5419 Gregorius

219 5439 364 5510 λιες.
384 5438 432 5470 ⁸⁵
455 5443 808 5511 conqueritur
828 5443 970 5508 quod
996 5443 1134 5497 beati
1161 5442 1345 5496 lrenmi
1370 5454 1511 5513 gesta
1534 5454 1580 5496 et
1605 5447 1802 5512 scripta

306 5603 358 5634 "
391 5602 508 5654 Lih.
543 5618 558 5654 t
595 5601 728 5656 llist.
765 5600 980 5664 Franc.,
1017 5601 1042 5668 ᾗ
1075 5603 1164 5656 9.7.

230 5746 278 5774 ⁸·
318 5743 376 5796 Ρ.
408 5744 531 5802 6'29,
567 5743 689 5795 652.

783 5744 826 5774 ⁸³
859 5743 928 5795 ‘22
954 5745 1091 5808 Aug.
1168 5746 1211 5773 ⁸⁸
1250 5745 1504 5799 Biblioth.
1548 5745 1712 5808 CmS-i

227 5831 282 5882 p.
319 5814 451 5885 gitti.
526 5815 570 5844 ⁸⁸
694 5830 767 5873 χι,
797 5829 879 5880 ep.
914 5815 998 5874 56,
1032 5809 1095 5865 ad
1140 5813 1347 5867 Ether.
1389 5815 1556 5885 Lugd.
1583 5809 1755 5885 episc;
1779 5825 1906 5868 tom.
1937 5815 1977 5868 ll
2007 5832 2127 5870 nov.
2161 5819 2287 5872 edit.

228 5887 274 5918 ⁸⁵
313 5883 561 5953 Thcoph.
601 5884 796 5953 li.tyit.,
827 5895 958 5937 tom.
1000 5885 1125 5945 Vlll,
1163 5901 1213 5952 p.
1255 5886 1339 5938 57.

1847 4583 1892 4639 D
1917 4615 2043 4676 post
2083 4606 2366 4660 suscitavit
2413 4605 2646 4659 Severus
2679 4648 2692 4670 ,

1019 5603 1042 5670 ᾗ
1075 5603 1164 5656 9.7.
1273 5605 1316 5633 ⁷⁷
1345 5603 1415 5656 De
1450 5603 1620 5674 Lugd.
1651 5605 1910 5667 arcltiep.,
1941 5621 1992 5673 p.
2028 5622 2065 5666 ι,
2108 5621 2255 5659 num.
2283 5606 2334 5667 3,
2369 5603 2394 5674 ἑ
2427 5605 2478 5657 ‘2.

230 5674 279 5704 "
413 5671 542 5734 VIII,
579 5690 696 5750 pag.
727 5674 817 5750 ‘22,
1013 5675 1058 5703 ⁸ο
1092 5674 1142 5724 In
1180 5690 1295 5742 cap.
1335 5692 1460 5727 LXIV
1490 5671 1616 5750 lsa_.,
1651 5686 1782 5729 toni.

1919 5671 2040 5750 nov.
2084 5678 2214 5750 edit.
2291 5677 2330 5705 ⁸¹
2366 5671 2505 5750 Resp

1743 5760 1792 5812 p.
1828 5747 1950 5800 ius.
2001 5745 2276 5805 Lambee.,
2308 5756 2434 5800 tom.
2468 5744 2598 5796 Vlll.

1919 3323 2124 3374 meum,
2146 3323 2255 3378 quo
2271 3309 2530 3364 Albinum
2555 3311 2743 3380 prazlio
2775 3314 2842 3367 ad
2873 3313 3062 3368 urbem
3085 3312 3504 3383 Lugdunensem

1920 3401 2213 3456 commisso
2242 3402 2806 3470 superavitSeverus;
2836 3415 2994 3476 capta
3026 3407 3280 3460 nimirum
3310 3408 3502 3463 eodem

1920 3493 2122 3562 impetu
2166 3482 2326 3558 urbe,
2357 3503 2410 3548 et
2449 3495 2502 3550 in
2544 3497 2694 3552 cives
2725 3495 2861 3566 ejus,
2905 3501 3202 3566 praserlim
3241 3500 3503 3556 Christia-

1921 3600 2042 3649 nos,
2075 3586 2220 3639 caede
2251 3587 2396 3640 edita
2425 3587 2841 3645 immanissima.
2860 3592 3050 3645 Aunus
3075 3592 3120 3646 is
3151 3601 3270 3646 erat
3297 3570 3506 3656 Christi

1922 3679 2046 3744 197,
2090 3677 2278 3732 Severi
2311 3679 2364 3733 5.
2401 3678 2505 3734 Sed
2539 3683 2584 3735 si
2631 3683 2873 3752 excipias
2919 3692 3200 3740 auctorem
3234 3686 3503 3740 Actorum

1922 3772 1980 3826 S.
2007 3772 2216 3836 lreumi,
2247 3789 2481 3842 quorum
2515 3775 2680 3830 dubia
2711 3777 2936 3831 omnino
2977 3777 3134 3841 tides,
3176 3780 3496 3847 paucissimi

1918 3874 2044 3918 sunt
2077 3864 2167 3932 qui
2200 3863 2274 3917 ita
2305 3865 2564 3918 sentiant.
2598 3866 2674 3919 Eo
2704 3865 2982 3935 siquidem
3014 3879 3179 3930 anno,
3204 3874 3345 3921 teste
3375 3864 3507 3921 Hie-

1922 3971 2153 4027 ronymo
2197 3955 2252 4010 in
2285 3955 2571 4020 Chronico,
2608 3969 2720 4011 tum
2749 3959 2984 4026 primum
3010 3958 3358 4027 emcrgehat,
3407 3969 3507 4014 aut

1921 4049 2111 4103 saltem
2145 4049 2509 4105 invalescebat
2535 4049 2812 4104 Paschalis
2836 4051 2978 4105 inter
2999 4049 3503 4131 Victoremopapant

1918 4152 1971 4196 et
1998 4142 2230 4197 Asianos
2263 4144 2669 4207 controversia,
2700 4159 2821 4213 quae
2845 4145 3104 4214 deinceps
3133 4144 3338 4202 Irenaeo
3365 4160 3501 4202 con-

1919 4237 2162 4290 ciliatore
2188 4236 2491 4304 composita
2527 4249 2632 4291 est.
2669 4235 2823 4290 Ultro
2855 4236 3022 4306 igitur
3042 4240 3346 4293 concedunt
3377 4255 3502 4294 eru-

1919 4331 2040 4394 diti,
2064 4332 2377 4400 episcopum
2412 4330 2828 4400 Lugdunensem
2878 4331 3062 4386 tandiu
3097 4333 3260 4385 vitam
3308 4349 3503 4401 prore.

1919 4434 2096 4489 gasse,
2129 4421 2300 4475 donec
2327 4421 2534 4474 veniens
2564 4421 2879 4490 persecutio,
2912 4429 2969 4475 ut
3018 4422 3264 4492 loquitur
3297 4423 3501 4495 Grego-

1919 4514 2034 4568 rius
2081 4513 2440 4578 Turonensis,
2481 4529 2543 4566 ea
2579 4512 2841 4566 nimirum
2897 4529 3060 4582 quant
3124 4515 3503 4584 quinquennio

2757 4615 3030 4673 pastorem
3094 4621 3216 4659 cum
3264 4608 3502 4661 maxima

1918 4699 2102 4768 gregis
2129 4711 2284 4766 parte
2320 4699 2702 4754 demessuerit.
2741 4699 2858 4764 Quo
2881 4714 3024 4752 anno
3058 4699 3312 4770 martyrii
3343 4715 3499 4754 coro-

1919 4807 2043 4845 nam
2078 4792 2253 4859 adepti
2281 4790 2631 4854 fuerint,non
2656 4791 2864 4860 liquet;
2897 4807 3002 4844 nou
3025 4791 3130 4844 nisi
3151 4802 3498 4861 postanuum

1911 4883 2019 4938 202
2052 4884 2279 4953 adipisci
2329 4886 2574 4953 potuisse
2604 4894 2842 4947 constat,
2887 4900 2985 4939 nec
3014 4882 3175 4957 [XCI]
3224 4887 3500 4954 improba-

1912 4978 2037 5032 bilis
2063 4975 2328 5047 liaynaldi
2363 4977 2407 5006 ⁸⁸
2434 4975 2772 5044 conjectura,
2803 4974 3158 5031 diﬂerendam
3183 4993 3303 5033 esse
3326 4994 3499 5048 usque

1914 5072 1981 5124 ad
2044 5087 2248 5124 annum
2290 5071 2418 5133 208,
2445 5087 2554 5140 quo
2597 5069 2834 5126 Severus
2859 5068 3050 5126 Galliis
3102 5075 3404 5138 peragratis
3447 5075 3497 5126 in

1923 5163 2179 5231 Majorem
2213 5162 2553 5217 Britanniam
2607 5162 2886 5230 profectus
2919 5171 3022 5216 est.
3054 5161 3175 5214 Haec
3211 5177 3275 5215 ne
3303 5163 3498 5216 leviter

1909 5260 2128 5326 quidem
2158 5259 2380 5326 attingit
2400 5255 2708 5310 Dodwellus
2733 5272 2745 5317 ;
2770 5254 2878 5307 imo
2903 5269 3001 5308 nec
3031 5267 3282 5309 auctores
3306 5257 3498 5326 prim-.e

1908 5351 2199 5404 sententia:
2232 5348 2388 5402 valde
2419 5356 2678 5417 premunt
2707 5361 2770 5400 ea
2803 5362 2924 5414 quae
2951 5345 3160 5414 profert
3202 5348 3254 5400 in
3281 5364 3373 5402 eos
3404 5365 3495 5400 ar-

1905 5454 2181 5514 gumeata.

2602 5605 2645 5634 τ⁸
2674 5602 2794 5656 Not.
2831 5605 2882 5655 in
2914 5619 3032 5673 cap.
3072 5605 3135 5657 l9.
3183 5603 3317 5656 Vita:
3355 5606 3493 5661 lren.

2416 5690 2632 5736 espons.
2665 5678 2726 5727 ad
2772 5675 2973 5739 Quaest.
3019 5676 3119 5727 115
3156 5678 3218 5727 ad
3265 5676 3490 5728 Ol‘lllitti.

2694 5746 2736 5774 ⁸⁵
2765 5746 2885 5797 Art.
2918 5745 3070 5797 Mart.
3104 5748 3238 5798 sine.
3273 5757 3324 5798 et
3371 5749 3490 5805 sel.,

2396 5817 2439 5848 ⁸⁷
2476 5817 2696 5870 Dissert.
2733 5817 2783 5884 5,
2831 5817 2880 5868 iu
2912 5817 3071 5878 il'ttlL,
3106 5816 3130 5886 ξ
3165 5818 3221 5869 51
3257 5828 3308 5869 et
3339 5834 3490 5888 seqq.
