4196 6330
719 322 822 378 207

1524 323 2106 382 DlSSERTATlONES
2140 325 2437 380 PRAEVLE
2473 326 2538 380 IN
2575 327 2828 382 IRENAZI
2863 330 3131 392 LIBROS.

3843 342 3949 400 208

789 442 879 497 ⁸52.
910 461 927 493 ι
957 442 1045 507 At,
1073 442 1264 511 inquit,
1293 449 1440 494 tanta
1469 457 1591 496 cum
1620 441 1782 497 fuerit
1811 452 2106 514 martyrum
2139 441 2277 511 apud
2307 450 2349 502 A
2381 442 2658 510 phanium,
2688 444 3109 512 Theodoretum,
3140 458 3193 502 et
3226 450 3360 504 alios
3387 469 3522 519 quos
3556 453 3605 508 in
3632 470 3806 510 causa:
3835 474 3950 513 sua;

719 548 931 592 veteres
985 538 1318 598 auctoritas,
1377 545 1435 589 ut
1484 545 1784 607 martyrum
1829 551 2104 604 nunquam
2163 537 2283 590 sine

718 632 964 701 martyrii
1011 631 1258 684 encomio
1297 629 1624 685 mentionem
1660 630 1962 684 faciendam
1992 630 2282 684 existima-

719 733 872 789 rent;
903 723 1030 791 quid
1063 732 1145 777 est
1197 723 1342 792 quod
1388 722 1648 776 Irenaeum
1684 736 1842 776 nemo
1899 735 1930 774 e
1976 721 2278 786 veteribus,

715 812 883 867 etiam
906 812 994 867 ubi
1025 813 1178 867 testis
1204 812 1512 876 adducitur,
1537 813 1700 867 etiam
1726 813 1812 867 ubi
1838 827 1959 866 cum
1979 811 2099 866 aliis
2125 816 2280 867 testi-
2329 890 2331 892 _

714 906 817 961 bus
869 904 1194 974 martyribus
1226 904 1452 974 junctus
1489 903 1706 974 legitur,
1751 913 2044 973 martyrem
2098 911 2275 955 tamen

715 995 1077 1067 appellavit?»
1107 995 1160 1049 Id
1179 995 1540 1051 conﬁdentius
1564 997 1757 1054 asserit
1777 994 2104 1051 Dodwellus.
2134 997 2218 1050 An
2245 1010 2276 1049 e

712 1097 953 1142 veterum
977 1086 1217 1156 catalogo
1241 1094 1513 1156 expunget
1543 1085 1956 1157 Hieronymum,
1992 1095 2270 1141 auctorem

712 1182 1073 1247 Quaestionum
1113 1176 1162 1234 et
1216 1180 1628 1247 Responsionum
1681 1181 1749 1232 ad
1787 1179 2123 1236 Orthodoxos
2154 1223 2169 1246 ,
2217 1190 2274 1235 et

709 1277 1028 1346 Gregorium
1083 1275 1450 1328 Turoneusem
1475 1274 1498 1327 ?
1525 1275 1683 1344 Atqui
1730 1274 1804 1328 illi
1841 1274 2061 1330 disertis
2092 1276 2272 1330 verbis

708 1371 969 1424 Irenaeum
1017 1379 1308 1438 martyrem
1344 1367 1616 1437 appellant
1646 1408 1661 1431 ,
1715 1382 1778 1422 ac
1811 1369 2017 1436 priores
2049 1369 2269 1437 quidem

709 1461 819 1513 duo
846 1460 936 1513 ubi
977 1469 1169 1513 testem
1202 1459 1492 1511 adducunt.
1523 1458 1718 1512 Eorum
1750 1460 1973 1527 quidem
2000 1461 2081 1514 vel
2111 1461 2271 1514 ﬁdem

707 1553 943 1616 elevare,
968 1554 1049 1604 vel
1075 1550 1442 1604 testimonium
1469 1549 1748 1605 inﬁrmare
1768 1552 1975 1611 nititur,
1997 1552 2090 1605 sed
2116 1553 2270 1606 vanis

707 1645 1161 1705 cavillationibus,
1191 1657 1325 1714 quas
1355 1653 1538 1712 postea
1559 1644 1935 1699 discutiemus.
1958 1644 2051 1698 His
2076 1645 2268 1713 adjun-

698 1737 861 1805 gendi
897 1735 1250 1791 vetustissimi
1281 1735 1786 1805 Martyrologiorum
1817 1745 1870 1791 et
1901 1737 2266 1792 Kalendario-

707 1843 826 1881 rum
857 1829 1150 1897 scriptores
1175 1826 1240 1892 °’,
1273 1826 1362 1893 qui
1398 1825 1656 1880 Irenaeum
1682 1826 1734 1880 in
1766 1834 2060 1897 martyrum
2096 1828 2264 1882 fastos

702 1919 1147 1973 constantissime
1179 1918 1515 1982 retulerunt;
1561 1919 1723 1989 idque
1781 1933 1887 1972 non
1923 1919 2136 1987 propria
2167 1935 2267 1973 au-

702 2012 975 2075 ctoritate,
1003 2026 1106 2063 non
1130 2009 1374 2064 futilibus
1403 2009 1759 2077 conjecturis,
1783 2020 1875 2064 aut
1895 2020 2098 2066 temere
2129 2011 2268 2066 divi-

701 2102 901 2164 nando,
937 2102 1030 2156 sed
1058 2117 1121 2155 ex
1159 2100 1436 2155 veteribus
1483 2100 1845 2156 Ecclesiarum
1900 2103 2265 2159 monumentis

700 2208 820 2264 qua:
847 2192 1226 2256 consulebant,
1282 2203 1337 2248 et
1389 2209 1498 2264 prae
1528 2193 1701 2247 oculis
1735 2194 2026 2248 habebant.
2062 2193 2169 2248 llos
2215 2194 2262 2248 si

698 2285 1036 2340 fabulatores
1069 2286 1264 2340 iterum
1299 2286 1534 2355 appellet
1563 2285 1890 2352 Dodwellus,
1928 2288 2259 2351 meminerit,

701 2379 768 2433 iis
797 2379 979 2435 verbis
1007 2379 1274 2449 ejusmodi
1307 2379 1718 2438 criminationes
1751 2380 1952 2432 dudum
1980 2379 2261 2446 excepisse

694 2468 1072 2523 doctissimum
1107 2479 1350 2522 nostrum
1385 2483 1448 2522 ac
1474 2468 1576 2536 pia:
1608 2467 1884 2520 memoria:
1913 2465 1976 2522 D.
2007 2465 2260 2520 Theode-

696 2561 871 2616 ricum
912 2559 1164 2623 Ruinart,
1197 2570 1255 2614 ut
1287 2560 1355 2615 ad
1403 2558 1598 2614 incitas
1632 2557 1884 2612 redactus
1919 2557 2259 2626 desperatam

693 2669 914 2708 causam
951 2654 1094 2708 tueri
1136 2652 1406 2708 hactenus
1445 2669 1549 2709 non
1582 2651 1838 2722 pctuerit.
1885 2668 1903 2702 ι
1935 2649 2050 2706 Etsi
2086 2651 2254 2714 enim,

691 2747 868 2816 inquit
903 2746 1014 2810 ille,
1044 2746 1310 2817 ejusmodi
1335 2746 1506 2802 libros
1541 2745 1608 2800 ab
1639 2746 1786 2801 omni
1817 2746 2035 2815 penitus
2061 2744 2255 2798 mendo

689 2839 957 2893 immunes
978 2853 1099 2893 esse
1117 2837 1390 2892 aﬂirmare
1413 2854 1572 2893 nemo
1593 2839 1760 2906 possit
1777 2839 1914 2903 (lucc
1940 2839 2141 2908 quippe
2170 2846 2254 2892 est

690 2931 994 3002 singularis
1027 2947 1311 2986 sacrorum
1361 2932 1612 3008 codicum
1650 2933 2001 3001 prrerogativa
2028 2933 2045 3002 )
2073 2971 2088 2996 ,
2142 2946 2250 2986 non

683 3032 866 3078 tamen
903 3024 1030 3080 hinc
1053 3022 1257 3080 inferre
1280 3024 1429 3090 licet,
1457 3039 1549 3078 eos
1581 3024 1719 3078 mala
1747 3025 1873 3088 ﬁde,
1907 3033 1998 3078 aut
2029 3034 2249 3090 temere,

2384 533 2749 589 defensionem
2779 538 2912 591 citat
2941 539 3264 608 Dodwellus,
3291 545 3478 610 pedem
3511 548 3830 614 referamus;
3867 549 3946 604 illi

2382 627 2597 694 quidem
2655 628 2910 682 ireuazum
2969 646 3233 700 nusquam
3292 633 3562 702 appellant
3613 648 3941 707 martyrem;

2381 719 2474 772 sed
2507 720 2643 773 nihil
2676 721 2819 774 aliud
2854 722 2919 775 ad
2955 737 3225 777 summum
3253 740 3320 778 ex
3344 739 3530 787 eorum
3568 728 3782 784 silentio
3828 730 3943 786 col-

2380 810 2471 882 ligi
2506 822 2705 882 potest,
2741 814 2841 868 nisi
2872 816 3012 883 quod
3037 816 3102 869 ad
3134 830 3318 870 eorum
3356 818 3602 871 notitiam
3629 819 3760 874 Acta
3794 837 3942 874 mar-

2379 902 2502 971 tyrii
2545 917 2648 956 non
2679 905 3044 972 pervenerint,
3076 915 3165 959 aut
3193 919 3487 978 martyrem
3524 909 3689 965 fuisse
3723 913 3940 968 nescie-

2379 994 2503 1048 rint.
2537 993 2615 1046 Ex
2641 1007 2705 1048 eo
2735 1008 2866 1050 vero
2896 996 3044 1064 quod'
3065 999 3134 1051 ad
3165 997 3504 1063 Tertulliani,
3538 1000 3774 1067 Eusebii,
3808 1003 3938 1072 Epi-

2376 1084 2560 1153 phanii
2588 1094 2642 1139 et
2666 1085 2894 1142 aliorum
2915 1089 3267 1157 quorumdam
3303 1089 3655 1146 Orientalium
3698 1096 3938 1164 scripto-

2375 1192 2492 1229 rum
2540 1178 2789 1232 notitiam
2832 1181 3091 1250 martyris
3120 1181 3350 1252 alicujus
3376 1183 3745 1241 Occidentalis
3793 1189 3936 1242 Acta

2375 1283 2478 1322 non
2495 1271 2860 1338 pervenerint,
2881 1282 3177 1342 martyrem
3199 1272 3369 1329 fuisse
3384 1275 3718 1330 conﬁdenter
3735 1293 3940 1348 negare

2372 1375 2399 1412 a
2432 1362 2638 1416 ratione
2675 1376 2902 1431 prorsus
2924 1363 3160 1419 alienum
3193 1367 3426 1420 videtur.
3460 1367 3528 1422 Ut
3565 1369 3706 1422 enim
3735 1371 3814 1424 sic
3846 1371 3937 1423 in-

2373 1451 2506 1505 ferri
2541 1453 2662 1523 jure
2692 1455 2882 1523 possit,
2936 1466 3272 1525 supponatur
3301 1475 3524 1515 necesse
3550 1471 3633 1516 est
3663 1472 3936 1534 martyres

2369 1560 2556 1600 omnes
2584 1546 2959 1603 Occidentales
2990 1550 3056 1604 iis
3080 1552 3324 1621 apprime
3352 1556 3604 1623 cognitos
3632 1556 3802 1611 fuisse
3831 1572 3935 1613 nec

2371 1638 2530 1691 ullam
2562 1653 2655 1693 eos
2685 1638 2855 1694 latere
2882 1643 3119 1709 potuisse
3151 1646 3398 1714 martyrii
3431 1645 3753 1714 historiam;
3787 1651 3934 1717 quod

2371 1746 2526 1799 quam
2552 1733 2842 1789 absurdum
2875 1735 2968 1800 sit,
3001 1750 3163 1791 nemo
3195 1752 3299 1792 non
3333 1739 3502 1793 videt.
3536 1740 3600 1793 Et
3633 1742 3676 1795 si
3711 1743 3935 1810 quidem

2369 1821 2432 1877 iis
2458 1823 2511 1876 in
2546 1825 2876 1893 regionibus,
2915 1826 3000 1881 vel
3032 1843 3137 1884 non
3170 1829 3356 1899 procul
3390 1829 3458 1884 ab
3486 1830 3552 1885 iis
3581 1845 3776 1900 passus
3804 1833 3937 1888 fuis-

2365 1925 2448 1971 set
2476 1915 2728 1981 lrenaeus,
2763 1918 2816 1972 in
2841 1919 3038 1988 quibus
3068 1921 3233 1976 vitam
3278 1935 3438 1993 egere
3480 1926 3774 1994 scriptores
3807 1927 3933 1981 lau-

2365 2011 2495 2076 dati,
2519 2010 2798 2081 quidpiam
2833 2012 3089 2082 ponderis
3156 2015 3358 2070 habere
3399 2029 3583 2085 posset
3635 2034 3935 2089 argumen-

2359 2108 2473 2158 tum
2519 2105 2806 2173 abeorum
2848 2105 3066 2161 silentio
3106 2107 3415 2176 repetitum.
3455 2106 3557 2162 Sed
3603 2108 3747 2177 quod
3784 2124 3937 2162 mar-

2356 2201 2526 2260 tyrem
2587 2195 2758 2252 fuisse
2809 2197 3122 2252 nescierunt
3175 2200 3532 2269 episcopum,
3584 2199 3675 2268 qui
3731 2199 3785 2253 in
3842 2215 3936 2254 re.

2362 2283 2677 2337 niotissimis
2729 2284 3046 2342 Occidentis
3115 2289 3398 2357 partibus,
3459 2296 3515 2343 et
3569 2288 3624 2343 in
3681 2289 3929 2346 Ecclesia

2362 2385 2640 2442 nascente,
2664 2377 2892 2431 necdum
2918 2378 3097 2448 magni
3128 2379 3387 2447 nominis,
3412 2389 3506 2435 aut
3527 2380 3685 2449 longe
3710 2381 3930 2449 lateque

2359 2465 2575 2533 diﬁ‘usa,
2623 2470 2941 2538 sanguinem
2971 2471 3193 2536 fuderit,
3220 2487 3325 2527 non
3357 2481 3440 2527 est
3466 2474 3613 2542 quod
3642 2475 3777 2528 adeo
3821 2475 3931 2529 mi-

2361 2573 2564 2617 remur.
2604 2559 2766 2615 Certe
2823 2575 3086 2634 martyres
3119 2565 3286 2620 fuisse
3309 2564 3662 2621 Saturninum
3695 2566 3927 2624 Tolosa-

2357 2668 2506 2721 num,
2541 2653 2855 2726 Dionysium
2887 2654 3191 2710 Parisinum
3229 2657 3566 2726 episcopum,
3604 2676 3726 2715 cum
3757 2661 3926 2715 sociis

2355 2745 2580 2802 Rustico
2611 2760 2665 2803 et
2689 2749 3025 2816 Eleutherio,
3063 2749 3371 2804 Patroclum
3405 2751 3754 2821 Trecensem,
3781 2754 3922 2809 Fru-

2355 2853 2602 2895 ctuosum
2641 2843 3128 2907 Tarraconensetu,
3164 2855 3216 2898 et
3249 2845 3380 2899 alios
3420 2847 3729 2915 complures
3756 2888 3771 2912 ,
3824 2851 3920 2918 qui

2353 2935 2534 2987 varias
2558 2934 2868 2989 Occidentis
2897 2945 3080 3004 partes
3113 2937 3374 3006 sanguine
3403 2953 3501 2992 suo
3527 2953 3919 3009 purpurarum,

2353 3027 2488 3082 adeo
2545 3036 2760 3082 constat
2799 3036 2857 3082 ut
2890 3043 2954 3082 ne
2983 3028 3019 3082 ii
3065 3028 3283 3098 quidem
3326 3029 3538 3084 inficias
3593 3031 3756 3085 ierint
3783 3047 3922 3100 quos

687 3126 782 3171 aut
809 3116 1004 3170 leviter
1030 3117 1365 3186 conscriptos
1399 3115 1595 3179 fuisse;
1631 3116 1739 3170 imo
1763 3131 1893 3172 vero
1926 3126 2135 3172 certum
2166 3129 2251 3174 est
2278 3131 2317 3187 ί]
2349 3119 2534 3173 'acrius
2573 3121 2814 3188 exagitat
2856 3130 3158 3192 martyrum
3223 3136 3508 3176 numerum
3558 3126 3915 3179 contrahendi

684 3207 1070 3279 Martyrologia
1103 3224 1133 3263 a
1167 3210 1298 3263 viris
1321 3209 1595 3276 gravibus,
1623 3226 1691 3265 ex
1717 3211 2116 3280 antiquioribus
2137 3227 2250 3267 mo-

683 3304 980 3370 numentis,
1013 3309 1066 3356 et
1100 3304 1453 3372 peculiarium
1489 3303 1857 3360 Ecclesiarum
1909 3305 2250 3362 Kalendariis

681 3394 908 3448 collecta
964 3395 1166 3449 fuisse:
1204 3411 1326 3464 quae
1376 3412 1499 3450 cum
1550 3397 1618 3452 ab
1653 3397 1921 3466 episc0pis
1952 3399 2248 3468 approbata

679 3486 930 3552 fuissent,
957 3486 1169 3556 publice
1213 3488 1266 3541 in
1290 3487 1681 3550 ecclesiasticis
1723 3489 2078 3544 conventibus
2109 3490 2245 3546 lecta

677 3579 930 3644 fuerunt;
971 3587 1028 3632 ut
1065 3578 1107 3631 si
1139 3578 1380 3632 omnium
1413 3587 1728 3633 sanctorum
1755 3578 2074 3635 festivitates
2108 3579 2248 3635 cele-

677 3671 827 3724 brari
856 3686 961 3723 non
1004 3680 1245 3746 possent,
1301 3685 1490 3724 eorum
1544 3671 1737 3725 saltem
1789 3671 1970 3742 aliqua
1999 3688 2244 3728 comme—

679 3764 911 3818 moratio
938 3762 1088 3819 ﬁeret
1109 3804 1124 3830 ,
1150 3773 1263 3818 tum
1296 3766 1346 3818 in
1380 3774 1638 3820 tesseram
1672 3766 2093 3831 communionis,
2126 3782 2244 3836 quae

677 3861 823 3910 inter
854 3855 1132 3911 Ecclesias
1163 3857 1461 3913 catholicas
1491 3857 1680 3912 haberi
1708 3858 1899 3923 debet;
1946 3868 2056 3912 tum
2090 3867 2149 3911 ut
2180 3873 2242 3912 ea

676 3949 886 4002 ratione
908 3947 1099 4018 aliquis
1118 3949 1306 4004 saltem
1326 3948 1503 4003 cultus
1521 3951 1727 4004 exteris
1746 3949 2074 4020 martyribus
2091 3949 2244 4004 exhi-

674 4043 918 4096 beretur.
946 4041 1211 4095 Caeterum
1265 4040 1402 4096 falso
1439 4042 1697 4097 conﬁctas
1728 4052 2025 4111 martyrum
2068 4043 2242 4095 histo-

677 4134 790 4187 rias
850 4134 956 4202 igni
1036 4134 1172 4187 tradi
1219 4133 1412 4200 jubent
1465 4133 1708 4188 Trullani
1767 4134 1979 4191 concilii
2049 4133 2240 4189 Patres

658 4225 924 4290 vcau.65,
979 4235 1266 4294 velantque
1321 4240 1387 4281 ne
1436 4227 1490 4280 in
1521 4227 1760 4281 Ecclesia
1815 4227 2098 4298 legantur;
2145 4242 2239 4282 eos

671 4330 853 4373 autem
884 4319 978 4387 qui
1007 4334 1099 4373 eos
1117 4320 1486 4383 admitterent,
1518 4319 1852 4374 anathemati
1883 4320 2228 4390 subjiciunt.»

671 4412 824 4478 Quod
852 4412 1092 4466 ostendit
1116 4421 1316 4480 quanta
1343 4412 1597 4467 cautione
1638 4427 1700 4467 ac
1746 4412 2010 4481 religione
2039 4427 2231 4466 nomen

669 4503 899 4571 alicujus
951 4502 1314 4570 a,majoribus
1359 4504 1558 4559 nostris
1603 4503 1657 4557 in
1711 4504 1892 4558 album
1929 4517 2228 4574 martyrum

683 4594 1002 4659 referretur,
1033 4611 1128 4648 nec
1156 4596 1327 4648 cuivis
1363 4595 1433 4649 ita
1467 4594 1675 4651 referre
1701 4611 1798 4665 pro
1822 4595 1973 4650 libito
1996 4596 2233 4651 licuisse.

669 4687 860 4739 Editus
887 4695 969 4738 est
1000 4701 1062 4739 ea
1099 4687 1164 4740 de
1198 4703 1253 4739 re
1285 4702 1458 4740 canon
1491 4687 1760 4742 secundus
1807 4688 2021 4741 concilii
2059 4702 2071 4739 ι
2102 4685 2234 4740 Car-

672 4777 1008 4848 thaginensis
1026 4777 1126 4831 sub
1145 4776 1338 4843 Grato,
1367 4787 1608 4847 tempore
1633 4777 1756 4831 Julii
1781 4793 1953 4847 papm.
1973 4776 2082 4831 Nec
2103 4777 2234 4830 latet

667 4869 1000 4939 quempiam,
1031 4867 1292 4922 Lucillam
1321 4870 1604 4924 factiosum
1632 4871 1776 4923 illam
1800 4870 2076 4933 feminam,
2113 4885 2232 4937 quae

664 4962 946 5015 schismati
974 4959 1388 5029 Donatistarum
1416 4961 1625 5014 initium
1656 4961 1908 5030 praebuit,
1953 4963 2095 5029 quod
2128 4962 2226 5014 ho-

666 5054 796 5105 mini
835 5053 1048 5105 cuidam
1076 5063 1309 5117 mortuo,
1349 5052 1446 5106 etsi
1468 5054 1712 5122 martyri,
1738 5053 1830 5106 sed
1861 5052 2080 5106 necdum
2108 5053 2227 5105 vin-

665 5144 836 5194 dicato
868 5141 932 5205 9°,
966 5142 1176 5210 aliquos
1205 5142 1438 5196 honores
1470 5142 1825 5199 exhibuisset.
1856 5143 1922 5196 ab
1965 5141 2222 5196 Ecclesiae

664 5234 927 5288 ministris
959 5249 1245 5303 correptam
1272 5232 1458 5288 fuisse.
1491 5235 1639 5289 Adeo
1669 5243 1877 5288 certum
1901 5246 2001 5297 est,
2029 5245 2085 5289 ut
2119 5235 2222 5288 alia

665 5328 852 5392 multa,
878 5342 996 5396 qua:
1027 5327 1255 5394 proferri
1290 5336 1529 5396 possent,
1554 5337 1870 5396 argumenta
1901 5329 2227 5396 prretermit-

665 5429 793 5478 tam,
825 5418 1089 5470 sollicitos
1120 5432 1328 5486 semper
1360 5417 1527 5470 fuisse
1549 5417 1913 5473 Ecclesiarum
1960 5431 2221 5486 rectores,

665 5527 730 5563 ue
752 5511 870 5577 quis
903 5521 1100 5563 temere
1135 5520 1430 5578 martyrum
1485 5525 1709 5564 numero
1741 5512 2122 5569 ascriberctur.

732 5601 821 5656 55.
856 5602 1050 5654 Verum
1088 5610 1144 5652 ut
1176 5601 1240 5653 ad
1280 5599 1699 5664 Tertullianum,
1735 5601 2052 5666 Eusebium,
2087 5604 2222 5670 Epi-

727 5717 918 5787 “?7Act.
953 5717 1105 5771 Mart.
1147 5718 1282 5771 sine.
1327 5726 1380 5771 et
1420 5719 1516 5772 sci.
1565 5717 1744 5781 Prmf.,
1778 5717 1802 5787 §
1851 5719 1882 5771 ’5
1912 5718 2002 5772 ﬁn.

2079 5719 2124 5748 9°
2153 5719 2355 5781 Ontat.,
2409 5720 2502 5774 lii).
2547 5738 2581 5775 t.

2351 3213 2594 3282 prurigo.
2629 3213 2848 3267 lllorum
2875 3222 3056 3267 autem
3082 3217 3411 3270 mentionem
3441 3213 3640 3270 frustra
3669 3218 3922 3286 requiras

2352 3305 2494 3374 apud
2522 3305 2841 3370 Eusebium,
2865 3304 3248 3374 Epiphanium,
3271 3304 3669 3361 Theodoretum
3697 3317 3751 3363 et
3776 3308 3919 3364 alios

2352 3410 2531 3448 rerum
2551 3394 2903 3453 Orientalium
2930 3395 3240 3464 scriptores.
3269 3395 3376 3451 Sed
3402 3407 3459 3450 ut
3481 3398 3914 3470 causaajugulum

2348 3487 2567 3556 propius
2596 3488 2772 3542 adlmc
2822 3496 3023 3555 petam,
3062 3485 3323 3545 Eusebius
3347 3489 3417 3554 9‘,
3447 3489 3600 3559 cujus
3633 3491 3912 3546 silentium

2346 3579 2481 3633 adeo
2512 3590 2665 3649 urget
2694 3579 3021 3647 Dodwellus,
3067 3578 3338 3651 Hippolyti
3372 3597 3476 3636 non
3506 3582 3675 3636 semel
3711 3586 3908 3638 memi-

2347 3672 2447 3738 nit,
2479 3671 2783 3742 catalogum
2812 3672 2928 3741 ejus
2951 3688 3173 3743 operum
3213 3675 3366 3738 texit,
3396 3675 3707 3744 episcopum
3736 3675 3913 3734 fuisse

2345 3763 2515 3829 dicit;
2565 3772 2864 3833 martyrem
2897 3766 3166 3834 nuSpiam.
3218 3764 3478 3837 Martyrio
3521 3777 3701 3822 tamen
3738 3757 3909 3825 vitam

2348 3853 2556 3908 ﬁniisse
2581 3855 2946 3909 certissimum
2989 3870 3109 3910 esse
3132 3857 3292 3922 debet
3335 3858 3418 3912 vel
3467 3859 3567 3928 ipsi
3597 3861 3906 3926 Dodweilo;

2345 3960 2467 4000 nam
2494 3947 2546 4000 in
2572 3946 2640 4000 iis
2668 3946 2802 4017 ipsis
2822 3962 2939 4017 quae
2967 3948 3174 4017 profert
3197 3949 3520 4005 Theodoreti
3547 3953 3614 4016 ⁸³,
3641 3952 3910 4011 adversus

2341 4043 2523 4098 lrenaai
2564 4047 2884 4117 martyrium
2928 4047 3083 4113 locis,
3115 4053 3322 4116 martyr
3352 4045 3672 4115 appellatur.
3712 4046 3912 4116 Appel-

2336 4135 2480 4189 latur
2510 4147 2562 4192 et
2594 4141 2662 4194 ab
2690 4138 3023 4210 Hieronymo
3057 4154 3165 4192 non
3199 4138 3363 4192 semel
3405 4138 3493 4192 9".
3521 4137 3658 4204 Quid
3681 4139 3797 4214 jam
3825 4156 3912 4194 re-

2340 4225 2606 4293 spondere
2633 4233 2814 4292 posset
2839 4224 3164 4289 Dodwellus,
3198 4226 3241 4279 si
3271 4226 3390 4294 quis
3415 4237 3710 4297 martyrem
3737 4229 3906 4285 fuisse

2340 4315 2686 4386 Hippolytum
2720 4329 2944 4386 negans,
2969 4318 3133 4370 verba
3161 4315 3277 4384 ejus
3305 4320 3357 4370 in
3387 4317 3560 4387 ipsum
3582 4328 3904 4390 retorquens

2340 4410 2581 4462 diceret:
2617 4423 2722 4462 non
2755 4409 2804 4461 id
2854 4409 3042 4476 procul
3074 4408 3236 4463 dubio
3262 4409 3549 4464 taciturum
3585 4410 3900 4477 Eusebium,

2335 4501 2382 4553 si
2419 4515 2546 4555 vere
2576 4509 2802 4563 nosset;
2837 4514 2937 4554 nec
2976 4501 3370 4570 ignoraturum,
3405 4502 3447 4556 si
3478 4518 3582 4571 qua
3607 4506 3902 4573 rcperisset

2331 4594 2471 4648 illius
2503 4593 2751 4661 martyrii
2802 4603 3174 4657 monumenta,
3201 4593 3252 4648 in
3277 4609 3374 4648 sua
3405 4604 3708 4664 martyrum
3733 4598 3900 4652 colle—

2333 4686 2511 4739 ctione
2555 4683 2876 4736 iufereuda?
2906 4681 3052 4737 Nihil
3081 4684 3250 4749 aliud,
3282 4686 3326 4738 si
3368 4698 3611 4756 saperet,
3664 4703 3892 4759 respon-

2333 4778 2567 4830 dendum
2610 4784 2948 4840 occurreret,
2980 4776 3083 4830 nisi
3133 4777 3315 4830 ist-nd:
3350 4774 3644 4834 Eusebium
3677 4782 3898 4850 quidem

2331 4884 2440 4922 non
2465 4883 2625 4924 nosse
2655 4867 3004 4938 Hippolytum
3057 4881 3354 4942 martyrem
3391 4871 3583 4939 fuisse,
3618 4888 3716 4929 nec
3748 4891 3889 4946 repe.

2329 4960 2468 5013 risse
2497 4959 2638 5015 illius
2678 4960 2925 5029 martyrii
2973 4972 3350 5030 monumenta;
3388 4964 3558 5033 ipsius
3591 4976 3770 5021 tamen
3817 4970 3895 5024 si-

2327 5051 2552 5104 lentium
2585 5051 3006 5120 praeponderare
3035 5067 3132 5107 nec
3157 5067 3336 5122 posse,
3365 5068 3462 5108 nec
3496 5055 3691 5109 debere
3721 5057 3898 5115 diser—

2329 5143 2397 5196 tis
2449 5144 2678 5200 aliorum
2731 5157 2976 5197 veterum
3033 5146 3393 5213 testimoniis,
3448 5146 3539 5216 qui
3591 5158 3893 5218 martyrem

2326 5232 2499 5285 fuisse
2544 5241 2876 5286 asseverant.
2923 5231 3054 5288 Boni
3114 5248 3246 5304 ergo
3278 5237 3564 5301 consulat,
3605 5239 3651 5292 si
3704 5242 3896 5294 eadem

2326 5334 2644 5392 reponentes
2659 5325 3069 5389 contendamus,
3085 5325 3284 5379 diserta
3303 5324 3637 5396 Hieronymi,
3659 5325 3897 5382 Eusebio

2323 5415 2596 5484 supparis,
2630 5414 2935 5483 Epiphanio
2963 5416 3149 5480 coazvi,
3197 5415 3542 5470 Theodoreto
3590 5427 3647 5471 et
3686 5418 3896 5489 Cyriilo

2323 5508 2691 5562 Alexandrino
2728 5508 3087 5576 antiquioris;
3132 5510 3372 5562 auctoris
3417 5507 3783 5572 Qua’stionum
3843 5521 3894 5565 et

2328 5602 2741 5666 Iiesponsionum
2775 5603 2839 5652 ad
2884 5601 3242 5666 Orlhodoxos,
3293 5602 3386 5669 qui
3426 5601 3492 5654 ad
3530 5602 3898 5669 posteriorum

2660 5724 2699 5753 9‘
2734 5721 2848 5778 Lib.
2883 5740 2957 5792 vr,
2991 5739 3108 5797 cap.
3146 5725 3234 5792 20,
3258 5726 3347 5782 ‘22.
3421 5728 3464 5759 ⁹²
3501 5727 3634 5782 Dial.
3673 5728 3721 5792 l,
3751 5728 3808 5794 9,
3847 5730 3903 5785 '5.

656 5789 721 5819 9"
752 5786 896 5842 llicr.
933 5788 1072 5842 Prol.
1109 5789 1161 5842 in
1200 5787 1386 5844 Matth.
1421 5798 1470 5845 et
1507 5789 1605 5858 Ep.
1639 5790 1721 5855 ll,
1760 5786 1825 5842 al.
1865 5789 1982 5854 lilii,
2015 5799 2143 5842 tom.
2181 5790 2218 5842 ll
2254 5807 2378 5846 nov.
2421 5793 2548 5846 edit.
