4196 6330
256 422 359 481 209

902 418 1358 475 DYSSERTATLO
1394 419 1455 483 ll,
1492 420 1649 476 ΛΒΤ.
1690 420 1728 484 Ι,
1768 420 1854 474 DE
1889 420 1945 476 S.
1983 419 2240 475 IRENIEI
2273 414 2437 474 VlTA
2469 414 2556 471 ET
2590 414 2854 476 GESTIS.

3388 411 3501 466 210

261 547 471 593 aetatem
501 539 737 594 accessit
765 555 779 599 ;
817 537 1066 610 Gregorii
1096 540 1454 605 Turonensis,
1487 541 1822 610 aliorumque
1852 546 1897 601 Α
1930 549 2236 610 repugnant
2272 536 2721 593 antecedentibus
2769 544 2823 590 et
2849 530 3335 602 consequentibus,
3368 542 3493 583 sen-

263 644 436 683 rerum
462 629 901 687 Occidentalium
934 631 1263 699 scriptorum
1291 633 1600 688 testimonia
1622 675 1637 699 ,
1666 635 1823 702 longe

263 720 482 788 majoris
506 734 626 777 esse
642 722 921 792 ponderis,
945 708 1160 779 Eusebii
1182 733 1614 794 casterorumque
1632 725 1825 781 Orien-

263 815 441 869 talium
477 814 720 870 silentio.
747 816 905 871 Certe
930 818 976 871 si
1002 818 1186 886 regula
1215 827 1296 872 est
1317 816 1563 872 omnium
1583 818 1823 888 gentium

258 908 625 965 consensione
682 910 918 975 ﬁrmata,
958 910 1010 964 in
1071 912 1232 965 rebus
1279 911 1564 967 historicis
1616 912 1825 980 patrios

261 1008 424 1055 testes
456 1015 568 1069 pra:
590 1002 794 1059 exteris
818 1002 1118 1057 audiendos
1142 1018 1285 1069 esse;
1316 1012 1427 1056 tum
1452 1004 1821 1072 potissimum,

257 1098 350 1144 aut
384 1091 636 1159 nuspiam
664 1090 845 1147 valere
875 1092 1056 1152 debet.
1090 1108 1209 1147 cum
1262 1092 1337 1146 illi
1389 1092 1704 1162 loquontur,
1736 1093 1822 1148 isti

256 1190 459 1237 tacent.
501 1182 702 1253 Ecquis
730 1184 871 1237 enim
899 1184 1124 1241 sobrius.
1147 1185 1249 1247 sibi
1281 1188 1624 1254 persuadeat,
1652 1186 1825 1242 histo-

256 1272 368 1327 rica
397 1272 642 1340 regionis
673 1274 902 1342 alicujus
951 1286 1327 1343 monumenta,
1362 1277 1568 1331 exteris
1611 1278 1821 1333 notiora

252 1374 374 1417 esse
406 1376 590 1429 posse,
619 1378 784 1432 quam
822 1364 1017 1419 incolis
1057 1365 1231 1434 ipsis?
1276 1366 1355 1420 An
1388 1366 1556 1421 ferret
1602 1368 1686 1423 vir
1713 1369 1825 1424 cla-

252 1452 376 1505 riss.
410 1451 603 1509 italum
648 1451 741 1521 qui
810 1464 1009 1510 tantam
1043 1457 1144 1511 sibi
1177 1472 1355 1513 rerum
1386 1458 1821 1519 Britannicarum

252 1545 539 1599 scientiam
574 1546 790 1619 [XCII]
824 1560 1125 1619 arrogaret,
1175 1561 1435 1621 quantam
1466 1556 1619 1626 Angli
1656 1556 1777 1625 ipsi
1806 1576 1820 1624 ;

253 1637 339 1692 vel
372 1640 732 1694 contenderet
773 1641 871 1696 hos
897 1640 1017 1697 aliis
1057 1659 1162 1697 non
1206 1644 1506 1702 instructos
1559 1663 1678 1703 esse
1709 1666 1825 1705 mo-

251 1730 557 1793 numentis,
586 1731 638 1785 in
676 1731 742 1786 iis
771 1747 891 1802 quae
942 1734 1008 1788 ad
1044 1750 1227 1790 rerum
1258 1736 1610 1794 Attalicarum
1649 1740 1823 1797 histo-

252 1816 387 1871 riam
415 1820 675 1889 attinent,
721 1836 883 1891 quam
914 1822 1115 1879 Italos?

320 1909 410 1965 54.
441 1911 764 1979 Argumenti
801 1916 906 1969 vim
936 1918 1111 1972 sensit
1164 1919 1506 1988 Dodwellus;
1544 1939 1609 1978 ne
1642 1936 1820 1980 tamen

252 2001 431 2059 victus
456 2007 859 2073 succumberet,
886 2012 1127 2068 auctoris
1146 2013 1512 2079 Qurestiouum
1530 2017 1598 2070 ad
1621 2016 1823 2073 Ortho-

251 2096 439 2161 ἄθεοι,
462 2095 792 2169 .Hieronymi
819 2109 871 2154 et
898 2099 1152 2173 Gregorii
1192 2105 1529 2164 Turonensis
1582 2111 1823 2165 testimo-

252 2185 467 2240 niorum
523 2187 684 2243 iidem
736 2190 1017 2249 inﬁrmare
1056 2196 1272 2251 nititur.
1328 2199 1540 2255 Certum
1575 2211 1675 2265 est,
1725 2203 1820 2267 ait,

252 2288 522 2333 auctorem
570 2278 943 2348 Quaestionum
995 2288 1059 2340 ad
1095 2288 1479 2357 Ortbodoxos,
1528 2295 1823 2366 quicunque

250 2372 463 2425 tandem
510 2372 555 2427 is
580 2373 761 2442 fuerit,
814 2381 1003 2444 recepti
1048 2382 1103 2435 in
1152 2383 1372 2450 imperio
1430 2386 1823 2445 Christianismi

249 2465 572 2532 temporibus
606 2483 719 2522 esse
738 2468 1056 2538 «iuniorem;
1088 2482 1145 2526 ut
1189 2477 1409 2540 proinde
1436 2476 1492 2532 in
1534 2480 1708 2535 causis
1738 2481 1824 2535 Iti-

249 2553 483 2619 storicis,
516 2555 673 2609 etiam
702 2560 881 2628 quarti
905 2560 1132 2629 quintiue
1166 2564 1384 2628 steculi,
1428 2582 1532 2620 non
1573 2568 1642 2620 sit
1666 2605 1680 2631 ,
1722 2568 1824 2623 nisi

249 2641 566 2710 interposito
585 2648 931 2713 genuinorum
953 2658 1230 2705 auctorum
1250 2654 1567 2723 testimonio,
1586 2667 1694 2712 tuto
1722 2675 1823 2712 au-

249 2734 504 2790 diendus.
556 2736 840 2809 Egregiam
888 2752 1040 2799 certe
1094 2747 1535 2815 responsionem!
1596 2764 1714 2819 quin
1771 2750 1821 2807 id

253 2826 419 2881 habet
442 2831 736 2896 commodi,
764 2840 823 2886 ut
848 2833 1131 2891 molestam
1165 2848 1406 2894 veterum
1436 2842 1821 2909 quorumlibet,

253 2918 303 2973 si
339 2921 406 2975 de
436 2920 601 2976 trium
637 2923 880 2993 priorum
910 2927 1236 2983 saeculorum
1270 2930 1430 2986 rebus
1456 2933 1821 2989 testimonium

252 3013 459 3079 ferant,
492 3017 879 3072 auctoritatem
904 3018 972 3075 ab
994 3020 1117 3077 imis
1147 3022 1512 3083 fundamentis
1530 3025 1691 3083 facile
1708 3044 1825 3085 suc-

249 3104 450 3161 cutiat.
481 3106 695 3177 Ergone
727 3109 762 3165 ii
794 3112 1063 3168 duntaxat
1110 3124 1226 3171 tuto
1266 3119 1542 3189 audiendi,
1592 3122 1683 3189 qui
1737 3138 1824 3177 re-

1925 650 2043 688 sum
2089 649 2196 687 non
2224 632 2564 702 perturbant,
2597 644 2695 683 nec
2721 626 2989 682 orationis
3017 626 3215 679 seriem
3264 622 3495 676 abrum-

1924 733 2092 792 punt;
2124 723 2425 779 certissima
2456 730 2633 775 textus
2659 719 2861 774 sinceri
2891 732 2988 771 nec
3039 713 3349 784 interpolati
3402 725 3494 764 ar-

1925 826 2198 885 gumenta.
2230 815 2460 871 Veretur
2501 823 2679 868 tamen
2712 809 3011 868 Dodwellus
3060 823 3129 862 ne
3158 806 3319 861 verba
3346 805 3489 869 hac,

1929 908 1993 961 Et
2022 919 2244 978 martyr,
2297 921 2328 962 e
2354 906 2601 978 margine
2651 906 2703 959 in
2734 912 2943 959 textum
2972 898 3324 970 irrepserint:
3378 897 3491 950 imo

1928 1016 2115 1071 parum
2145 1001 2297 1055 abest
2321 1000 2451 1067 quin
2482 1012 2712 1053 excusso
2728 1005 2874 1050 metu
2897 994 3122 1048 fidenter
3148 988 3486 1061 pronuntiet,

1925 1094 2056 1145 adeo
2084 1090 2195 1146 hare
2222 1106 2324 1145 non
2354 1090 2627 1160 scripsisse
2660 1088 3059 1156 Hieronymum,
3100 1093 3157 1137 ut
3192 1100 3253 1138 ne
3279 1083 3492 1153 quidem

1925 1184 2154 1237 scribere
2187 1182 2440 1252 potuerit.
2485 1180 2596 1234 Cur
2642 1179 2755 1234 ita?
2799 1178 2935 1244 Quia
2966 1177 3011 1231 si
3055 1186 3341 1246 martyrem
3369 1172 3489 1227 Ire-

1928 1291 2097 1328 nwum
2127 1285 2296 1327 nosset
2333 1272 2706 1341 Hieronymus,
2734 1286 2848 1336 cur,
2877 1286 3075 1340 qumso,
3098 1269 3296 1323 nullam
3330 1268 3490 1321 Imbe-

1925 1384 2038 1420 mus
2065 1368 2118 1420 in
2148 1365 2421 1436 Catalogo,
2452 1366 2540 1419 ubi
2576 1362 2927 1435 exspectanda
2961 1371 3071 1416 erat
3097 1402 3112 1426 ,
3148 1362 3388 1430 martyrii
3417 1361 3493 1413 vel

1925 1460 2242 1514 {artissimam
2268 1458 2615 1513 mentionem?
2646 1456 2754 1511 Cur
2781 1456 2927 1518 aliis,
2954 1456 3157 1525 quoties
3190 1464 3368 1508 testem
3397 1454 3495 1506 ado'

1925 1551 2092 1615 ducit,
2127 1562 2281 1604 ornat
2309 1552 2583 1615 encomiis,
2621 1549 2973 1619 pra'termisso
2996 1548 3089 1601 illo
3114 1546 3350 1617 martyrii
3382 1562 3495 1599 om-

1926 1644 2071 1696 nium
2106 1643 2453 1711 dignissimo?
2487 1641 2597 1697 lloc
2628 1640 2883 1696 Dodwelli
2916 1647 3317 1711 argumentum,
3347 1639 3494 1709 qttod

1926 1736 1979 1789 in
2011 1735 2186 1805 ipsum
2215 1736 2457 1795 auctoris
2484 1739 2645 1803 caput
2672 1732 2832 1787 facile
2862 1731 3145 1787 retorserit
3171 1730 3312 1785 alius
3341 1729 3494 1799 quis-

1927 1829 2070 1895 piam
2102 1826 2471 1882 Dodwelliano
2520 1842 2669 1881 more
2711 1825 2960 1895 pavidus.
2993 1821 3232 1890 Vereor,
3287 1821 3496 1893 inquiet

1925 1920 2039 1982 ille,
2072 1930 2131 1973 ut
2159 1920 2344 1975 Irenazi
2375 1920 2693 1990 martyrium
2723 1934 2753 1973 e
2780 1916 3017 1986 Catalogi
3063 1924 3211 1971 textu
3241 1914 3495 1973 librariu-

1925 2028 2042 2066 rum
2073 2013 2418 2083 negligentia,
2449 1991 2600 2081 quod
2628 2025 2770 2079 saepe
2796 2009 3017 2064 evenire
3043 2008 3288 2074 solebat,
3336 2007 3494 2062 exci-

1924 2106 2098 2171 derit;
2130 2114 2256 2159 sunt
2282 2105 2427 2160 enim
2457 2104 2560 2158 alia
2590 2119 2710 2170 qua:
2759 2103 2957 2156 merito
2986 2100 3190 2155 faciant
3218 2108 3277 2153 ut
3309 2097 3492 2167 suspi-

1924 2209 2111 2248 cemur
2139 2196 2299 2249 verba
2328 2194 2417 2249 illa
2444 2202 2492 2247 et
2521 2205 2745 2263 martyr,
2778 2176 2912 2247 adeo
2955 2208 3059 2246 non
3088 2188 3341 2245 omisisse
3368 2188 3496 2243 Hie-

1928 2303 2232 2359 ronymum,
2263 2297 2320 2342 ut
2360 2302 2427 2342 ne
2454 2286 2671 2357 quidem
2706 2284 2961 2340 omittere
3000 2284 3259 2354 potuerit.
3297 2282 3495 2351 Ecquis

1924 2381 2027 2436 sibi
2057 2380 2384 2449 persuadeat
2406 2394 2556 2443 eum,
2598 2378 2684 2435 cui
2709 2388 3002 2449 martyrem
3035 2375 3202 2432 fuisse
3227 2375 3493 2431 lrenaum

1926 2470 2230 2526 certissime
2285 2469 2599 2524 constitisse
2650 2477 2801 2537 patet
2855 2483 2923 2521 ex
2973 2467 3397 2523 Commentariis
3438 2469 3491 2522 in

1925 2561 2145 2627 lsaiam,
2178 2562 2377 2616 nullam
2410 2562 2460 2615 in
2490 2560 2748 2631 Catalogo
2772 2600 2787 2625 ,
2819 2559 2909 2615 ubi
2943 2563 3306 2628 exspectanda
3352 2570 3497 2623 erat,

1928 2654 2173 2726 martyrii
2215 2654 2299 2708 vel
2341 2653 2672 2708 levissimam
2725 2651 2922 2708 fecisse
2971 2653 3340 2709 mentionem?
3386 2662 3490 2708 etc.

1930 2748 2099 2804 Pares
2126 2748 2385 2816 utrinque
2416 2747 2639 2802 timendi
2675 2747 2916 2803 rationes
2944 2762 3068 2802 cum
3089 2746 3221 2811 sint,
3250 2746 3333 2802 vel
3376 2761 3492 2802 me-

1928 2849 2038 2896 tum
2064 2856 2218 2896 suum
2246 2840 2485 2905 inanem,
2510 2839 2590 2894 vel
2614 2838 2839 2893 alterius
2862 2854 3081 2909 gravem
3109 2852 3232 2893 esse
3258 2838 3494 2892 fateatur

1928 2931 2233 2987 Dodvvellus
2258 2945 2483 2984 necesse
2507 2940 2610 2984 est.
2630 2930 2792 2985 Certe
2817 2929 3166 3000 Hippolytum
3195 2940 3491 2999 martyrem

1928 3025 2115 3089 fuisse,
2153 3030 2208 3077 et
2234 3023 2303 3077 ab
2334 3020 2663 3094 Hieronymo
2712 3030 3004 3094 martyrem
3040 3022 3287 3091 agnitum
3317 3030 3373 3078 et
3399 3037 3497 3090 ap-

1928 3116 2183 3188 pellatum
2213 3115 2406 3179 fuisse,
2442 3129 2642 3184 negare
2670 3128 2769 3169 nec
2797 3123 2996 3185 potest,
3027 3128 3127 3169 nec
3151 3114 3338 3168 audet.
3372 3112 3498 3168 Hie-

249 3196 396 3263 cepti
450 3197 502 3253 in
538 3199 767 3271 imperio
791 3201 1195 3261 Cltristianismi
1233 3212 1565 3280 temporibus
1602 3223 1696 3269 aut
1726 3230 1819 3269 an-
1851 3225 1897 3287 c
1931 3220 2189 3278 I‘OIlmeS
2217 3214 2425 3271 lamen.
2481 3204 2573 3274 qui
2623 3204 2675 3258 ίη
2704 3218 2800 3259 811³
2830 3204 2899 3259 ad
2926 3204 3216 3259 Damasum
3264 3202 3491 3274 ερίειο¹²

251 3285 538 3356 tiquiores,
558 3299 653 3346 aut
676 3291 868 3348 saltem
888 3294 1125 3365 mquales
1140 3298 1416 3366 exstitere;
1444 3310 1497 3356 et
1522 3302 1611 3357 alii
1640 3318 1826 3363 omnes

249 3380 441 3446 quarti
482 3382 783 3439 desinentis
808 3426 825 3451 ,
856 3386 942 3441 vel
993 3390 1168 3458 quinti
1210 3393 1393 3447 saeculi
1422 3404 1671 3452 auctores
1698 3397 1828 3468 reji-

251 3471 475 3526 ciendii
505 3471 561 3528 Si
607 3475 683 3528 ita
732 3476 835 3542 sit,
867 3492 963 3532 cur
1004 3479 1058 3534 in
1087 3496 1263 3537 causae
1308 3498 1419 3539 sua:
1463 3488 1824 3555 patrocinium

250 3563 477 3618 adducit
506 3563 818 3622 Dodwellus
845 3567 1231 3639 Epiphaniam,
1263 3573 1685 3646 Tbeodoretum,
1713 3579 1824 3634 Au-

250 3656 534 3724 gustinum
555 3668 611 3714 et
632 3658 895 3731 Cyrillum
921 3662 1390 3723 Alexandrinum?
1416 3667 1615 3726 Omnes
1631 3672 1827 3743 quippe

253 3750 462 3819 recepti
504 3751 556 3805 in
611 3752 843 3823 imperio
892 3755 1299 3816 Christianismi
1368 3764 1700 3832 temporibus
1729 3766 1823 3834 jn-

251 3843 441 3897 niores
470 3842 710 3901 fuerunt.
738 3846 884 3915 Quas
911 3850 1031 3905 aliis
1060 3852 1336 3921 imponere
1363 3856 1477 3911 vult
1503 3858 1669 3931 leges,
1690 3863 1825 3918 adeo

251 3936 441 3989 sensui
471 3939 749 3994 communi
778 3941 1159 4013 adversantur,
1186 3956 1245 4001 ut
1270 3962 1335 4001 ne
1362 3950 1477 4017 ipse
1503 3952 1718 4021 quidem
1733 3952 1824 4021 ju-

252 4043 383 4097 gum
411 4026 557 4085 terre
604 4034 797 4100 possit.
832 4034 887 4089 Si
917 4037 1134 4105 quidem
1164 4049 1352 4093 auctor
1380 4041 1561 4096 saeculi
1608 4044 1822 4113 quinti,

250 4120 618 4189 scriptoribus
636 4126 812 4193 quarti
842 4129 1187 4198 negantibus,
1213 4131 1490 4202 quidpiam
1512 4133 1823 4203 afﬁrmaret;

252 4210 370 4272 ille.
389 4211 584 4280 fateor,
613 4224 727 4270 tuto
747 4218 1049 4275 audiendus
1072 4235 1175 4275 non
1203 4232 1382 4296 esset;
1406 4226 1501 4279 sed
1525 4226 1569 4280 si
1594 4225 1681 4280 ille
1711 4237 1825 4285 tuto

250 4305 562 4360 audiendus
591 4322 695 4361 non
725 4308 817 4374 sit,
847 4309 973 4363 dum
1008 4311 1093 4365 Itis
1123 4315 1433 4368 tacentibus
1451 4315 1654 4384 aliquid
1684 4316 1825 4371 aﬂir-

252 4406 371 4449 mat
397 4436 413 4461 ,
442 4396 587 4464 quod
616 4395 708 4451 alii
735 4407 863 4451 ante
889 4407 943 4452 et
981 4409 1103 4468 post
1149 4414 1271 4454 eum
1312 4401 1671 4469 aﬂirmarnnt,
1700 4414 1753 4458 et
1788 4406 1821 4463 ii

249 4486 473 4557 quidem
501 4486 701 4556 quibus
749 4500 1027 4559 perspecta
1079 4500 1133 4546 et
1173 4493 1451 4561 explorata
1504 4495 1675 4566 magis
1702 4511 1822 4552 esse

1928 3299 2132 3368 scripta
2160 3307 2285 3353 ante
2312 3311 2515 3351 annum
2543 3294 2671 3360 584,
2699 3305 2758 3349 ut
2784 3295 2976 3364 probat
3004 3295 3254 3351 eruditus
3271 3293 3495 3350 Martia-

1927 3405 2077 3445 naeus
2102 3398 2292 3445 noster
2318 3389 2370 3443 in
2399 3388 2513 3443 suis
2539 3389 2592 3443 in
2615 3397 2817 3442 tomum
2849 3387 2890 3442 ll
2920 3386 3358 3459 Hieronymiante
3376 3388 3492 3444 edi-

1930 3482 2094 3537 tionis
2146 3480 2590 3551 Prolegomenis,
2622 3480 2827 3535 dudum
2878 3488 3170 3548 antequam
3198 3477 3492 3550 Catalogus

1928 3575 2203 3642 ederetur,
2236 3570 2582 3644 Hippolytum
2630 3582 2925 3641 martyrem
2962 3570 3347 3640 appellaverat,
3403 3586 3492 3640 ap-

1926 3665 2150 3738 pellavit
2175 3674 2229 3721 et
2280 3675 2469 3735 postea
2496 3679 2619 3718 cum
2678 3663 2733 3717 in
2784 3662 3094 3717 Hatthaaum
3144 3662 3493 3730 prefaretur;

1926 3757 2127 3813 nullam
2156 3756 2208 3811 in
2239 3756 2525 3827 Catalogo,
2556 3756 2646 3811 ubi
2675 3756 3039 3829 exspectanda
3066 3766 3219 3821 erat,
3248 3757 3495 3829 martyrii

1924 3850 2009 3905 vel
2037 3850 2367 3905 levissimam
2397 3850 2569 3920 injicit
2598 3850 2952 3904 mentionem.
2986 3848 3066 3902 An
3095 3862 3224 3919 ergo
3256 3849 3382 3903 hinc
3411 3850 3494 3903 in-

1926 3941 2072 3998 ferre
2105 3942 2289 4009 liceat,
2317 3943 2370 3998 id
2398 3943 2550 4012 quod
2586 3942 2650 3995 de
2678 3939 2951 4012 Hippolyti
3008 3941 3267 4012 martyrio
3298 3941 3498 4013 legitur

1928 4045 2037 4091 tum
2067 4036 2121 4090 in
2148 4036 2309 4090 citata
2344 4038 2408 4091 ad
2441 4036 2726 4089 Damasum
2757 4034 3006 4104 epistola,
3048 4043 3157 4089 tum
3187 4034 3239 4089 in
3266 4034 3497 4106 Prologo

1925 4130 1979 4185 in
2025 4127 2340 4184 Matthaaum
2371 4168 2387 4191 ,
2437 4144 2467 4183 e
2514 4127 2761 4198 margine
2808 4129 2862 4180 in
2907 4138 3116 4182 textum
3168 4128 3493 4198 irrepsisse,

1926 4220 2150 4289 haecque
2176 4221 2309 4275 adeo
2337 4235 2440 4274 non
2471 4218 2757 4287 scripsisse
2773 4216 3184 4289 Hieronymum,
3204 4229 3350 4275 utne
3375 4222 3506 4289 quin

1925 4315 2045 4370 dem
2074 4312 2310 4368 scribere
2338 4312 2613 4382 potuerit!
2637 4311 2841 4369 lnferat
2877 4309 3206 4376 Dodweilus,
3235 4313 3279 4367 si
3325 4313 3495 4380 lubet,

1925 4408 2019 4461 sed
2046 4405 2183 4459 alius
2209 4419 2386 4460 nemo.
2419 4402 2633 4473 Scripta
2668 4420 2793 4475 qua:
2833 4403 2901 4457 ab
2930 4402 3231 4460 illustribus
3260 4405 3392 4459 viris
3442 4406 3513 4459 in.

1926 4495 2098 4551 lucem
2134 4495 2330 4550 emissa
2368 4492 2628 4559 fuissent,
2656 4504 2907 4550 accurate
2965 4509 3254 4549 recensere
3303 4494 3498 4549 Hiero-

251 4578 561 4634 debuerunt
614 4581 687 4634 rei
740 4592 1109 4649 monumenta,
1152 4586 1496 4654 antiquandas
1522 4598 1649 4643 sunt
1676 4604 1826 4645 com-
1861 4576 2098 4655 Dnymo
2140 4584 2353 4637 animus
2393 4593 2534 4647 erat,
2589 4584 2683 4637 sed
2738 4598 2843 4637 non
2882 4600 3067 4638 eorum
3123 4594 3296 4655 gesta.
3351 4584 3499 4639 Nihil

252 4685 453 4726 mones
482 4672 724 4727 historiae
751 4679 917 4745 leges.

329 4764 421 4819 35.
453 4762 563 4819 Nec
592 4764 801 4821 felicius
833 4766 1105 4824 Dodwello
1132 4769 1332 4823 cedunt
1361 4770 1419 4837 ii,
1472 4772 1667 4841 quibus
1696 4772 1822 4828 Hie-

251 4871 548 4927 ronymum
577 4868 872 4913 concutere
914 4860 1152 4923 molitur,
1182 4870 1426 4918 conatus.
1467 4862 1678 4929 Vereor,
1724 4865 1820 4931 ait,

249 4966 321 5004 ne
358 4949 498 5016 quod
548 4948 688 5018 apud
723 4964 847 5003 eum
909 4950 977 5004 de
1010 4952 1270 5022 martyrio
1302 4950 1489 5008 lrenmi
1545 4954 1761 5026 legitur,
1797 4974 1822 5010 e

252 5039 497 5109 margine
534 5039 695 5107 (quod
724 5056 863 5111 srepe
894 5043 1097 5097 evenire
1125 5044 1347 5115 solebat)
1384 5061 1415 5098 a
1444 5049 1681 5101 studioso
1718 5051 1820 5102 ali-

248 5148 361 5202 qua
390 5134 674 5186 recentiore
706 5142 966 5199 notatum,
992 5134 1045 5190 in
1075 5145 1275 5190 teatum
1302 5138 1591 5208 irrepserit.
1627 5139 1717 5197 Sic
1743 5157 1822 5196 sa-

251 5226 537 5292 gacissimi
569 5224 669 5280 viri
699 5226 753 5280 in
784 5228 995 5282 salebra
1025 5244 1299 5299 nunquam
1330 5232 1558 5287 haerent.
1610 5233 1665 5289 Si
1696 5237 1821 5306 quid

250 5319 402 5386 apud
438 5332 693 5375 auctores
734 5321 1019 5389 molestum
1047 5335 1322 5390 occurrat,
1351 5326 1492 5396 quod
1542 5328 1699 5383 facile
1727 5330 1821 5384 de-

250 5414 503 5480 torqueri
534 5430 639 5469 non
673 5416 879 5485 possit;
911 5417 964 5473 in
991 5419 1208 5474 creteris
1236 5420 1532 5485 lidentiori,
1563 5420 1650 5476 hic
1680 5422 1823 5476 timi-

249 5506 399 5561 diori
427 5506 641 5571 animo,
683 5518 939 5563 verentur
966 5525 1031 5565 ne
1056 5525 1088 5566 e
1140 5513 1384 5582 margine
1429 5514 1483 5566 in
1514 5521 1717 5568 textum
1748 5516 1823 5568 ir-

251 5598 509 5668 repserit.
539 5596 644 5654 Sed
697 5602 821 5671 quis
849 5600 938 5655 hic
981 5603 1403 5671 pertimescendi
1447 5603 1634 5659 locus?
1684 5604 1822 5659 Ecce

246 5690 424 5755 enim,
454 5690 506 5745 in
533 5692 788 5747 omnibus
816 5708 935 5748 cum
964 5694 1145 5763 editis,
1177 5705 1287 5749 tum
1309 5711 1435 5749 mss.
1456 5695 1611 5750 codd.
1632 5694 1820 5749 Hiero-

249 5798 452 5855 nymus
480 5784 531 5837 in
562 5799 683 5854 cap.
726 5801 854 5839 thv
882 5786 1054 5852 Isaiae,
1074 5784 1334 5843 Irenaeum
1364 5789 1564 5841 diserte
1591 5787 1820 5857 appellat

246 5876 567 5947 episcopum
594 5886 651 5932 et
680 5889 1009 5947 martyrem:
1042 5879 1155 5935 haec
1196 5895 1260 5935 ne
1289 5879 1568 5935 minimum
1598 5878 1814 5949 quidem

1927 4673 2157 4743 proinde
2182 4688 2249 4727 ex
2288 4673 2505 4729 silentio
2536 4671 2777 4742 Catalogi
2821 4684 3009 4728 contra
3059 4674 3243 4730 lrenaei
3284 4687 3492 4748 marty-

1928 4765 2068 4818 rium
2097 4762 2277 4834 colligi
2308 4773 2504 4833 potest,
2554 4764 2697 4833 quod
2725 4778 2829 4817 non
2890 4774 2945 4817 et
2975 4775 3164 4818 contra
3218 4764 3493 4837 Hippolyti

1926 4856 2248 4927 martyrium
2283 4856 2492 4911 meliori
2517 4857 2641 4925 jure
2678 4855 2991 4926 colligatur.
3023 4856 3128 4913 Sed
3159 4858 3263 4912 etsi
3292 4868 3494 4928 marty-

1925 4951 2066 5005 rium
2118 4947 2329 5012 lrenaii,
2361 4948 2487 5003 dum
2538 4949 2858 5018 Catalogum
2907 4949 3173 5004 scriberet
3222 4950 3489 5021 Hierony-

1925 5056 2067 5108 mus,
2098 5045 2335 5113 prudens
2371 5043 2638 5105 omiserit,
2671 5044 2754 5097 vel
2786 5051 2911 5095 tunc
2952 5042 3242 5107 nescierit;
3276 5044 3496 5112 dispen-

1928 5134 2075 5189 dium
2107 5136 2521 5207 resarcivitjam
2553 5138 2694 5191 forte
2722 5136 2934 5191 doctior
2964 5136 3159 5204 factus,
3186 5154 3307 5193 cum
3338 5140 3493 5194 lectis

1930 5229 2174 5299 martyrii
2214 5230 2598 5292 monumentis,
2626 5228 2780 5287 Isaia:
2838 5233 3180 5301 prophetiam
3211 5234 3489 5302 exposuit.

1928 5321 2074 5389 Quos
2104 5324 2245 5377 enim
2277 5323 2325 5376 in
2354 5338 2470 5378 eam
2499 5324 2668 5377 edidit
2694 5326 3136 5388 commentarios,
3164 5324 3356 5395 viginti
3380 5326 3491 5379 cir-

1926 5416 2063 5469 citer
2090 5416 2246 5469 annis
2281 5426 2399 5483 post
2422 5418 2684 5485 scriptum
2705 5416 3022 5485 Catalogum
3051 5416 3179 5472 editi
3213 5427 3360 5473 sunt.
3393 5416 3490 5471 llic

1924 5508 2121 5584 quippe
2153 5508 2388 5575 scriptus
2426 5519 2504 5563 est
2531 5551 2544 5575 ,
2597 5510 2639 5561 si
2679 5508 3011 5579 Hieronymo
3048 5510 3145 5578 ipsi
3177 5511 3491 5573 credimus,

1923 5617 2060 5653 anno
2089 5599 2363 5655 Theodosii
2393 5603 2642 5669 principis
2669 5603 2869 5656 decimo
2894 5615 3103 5672 quarto,
3130 5602 3330 5657 Christi
3361 5602 3492 5665 392,

1924 5691 2001 5745 illi
2038 5707 2165 5746 vero
2212 5694 2366 5746 anuis
2422 5695 2642 5762 triginta
2684 5705 2969 5765 postquam
3028 5694 3489 5762 Constantinopoli

1924 5784 2061 5851 apud
2119 5784 2286 5835 uirum
2343 5786 2822 5853 eloquentissimum
2864 5785 3173 5855 Gregorium
3244 5784 3489 5838 Nazian-

1925 5889 2133 5941 zeuum,
2181 5885 2301 5929 tunc
2343 5873 2571 5943 ejusdem
2630 5877 2771 5931 urbis
2822 5879 3139 5947 episcopum,
3181 5886 3480 5931 sanctarum
