4196 6330
749 358 848 415 ΞΗ

1558 354 2147 413 DISSERTATIONES
2178 352 2481 411 PREVI/E
2515 352 2582 410 IN
2622 351 2874 411 IRENEI
2906 351 3171 409 LIBROS.

3874 349 3977 407 ιιε

753 472 1151 541 Scripturarum
1197 472 1388 525 studiis
1415 472 1663 525 eruditus
1687 473 1913 541 luisset;
1969 488 2031 528 ac
2088 468 2643 541 proindeAliberior
2698 470 2768 524 sit
2822 468 3108 524 Ruﬁniana
3165 468 3574 539 interpretatio;
3630 469 3731 525 alia
3795 481 3975 529 tamen

750 563 973 618 circiter
997 578 1198 617 annum
1228 562 1426 617 Christi
1451 562 1572 617 MO.
1600 562 1733 618 Nam
1759 563 2054 633 Gregorius
2082 561 2315 615 Nazian-

753 665 917 710 zenus
944 653 1594 712 Constantinooolitanam
1617 655 1835 725 regebat
1856 655 2155 712 Ecclesiam
2174 668 2315 709 anno

752 744 855 803 580
886 753 942 799 et
968 743 1092 805 38L

818 839 907 895 56.
938 838 1250 895 Postremus
1283 856 1314 895 e
1360 840 1534 896 tribus
1576 841 1767 898 Irenaai
1798 841 2045 913 martyrii
2084 840 2316 897 testibus

751 947 780 985 a
832 932 1105 987 Dodwello
1145 934 1439 1002 exagitatis
1490 944 1741 1005 superest
1794 933 2089 1004 Gregorius
2136 933 2315 988 Ture-

749 1028 971 1097 uensis;
1006 1029 1117 1095 cui,
1156 1031 1281 1098 quia
1309 1030 1525 1085 caneris
1551 1044 1615 1084 eo
1644 1028 1923 1083 molestior
1945 1029 2181 1095 videtur,
2207 1043 2315 1098 quo

750 1120 879 1175 trita
926 1121 992 1175 de
1022 1121 1205 1177 verbis
1247 1137 1277 1177 e
1326 1120 1571 1192 margine
1604 1121 1658 1176 in
1701 1130 1907 1176 textum
1938 1129 2143 1176 temere
2182 1135 2314 1175 con-

742 1211 905 1285 jectis
936 1211 1117 1269 fabula
1150 1213 1429 1269 decantari
1473 1212 1559 1266 hic
1580 1227 1698 1268 non
1732 1219 1927 1281 potest,
1968 1221 2027 1264 ut
2072 1210 2315 1265 auctori-

744 1310 909 1356 tatem
933 1316 1150 1359 onmem
1194 1318 1258 1358 ac
1290 1302 1448 1358 ﬁdem
1479 1304 1707 1372 deroget
1756 1317 1908 1357 suam
1938 1316 2152 1357 onmem
2181 1315 2313 1356 con-

737 1394 1057 1469 jecturalem
1087 1395 1404 1453 industriam
1421 1396 1652 1452 confert.
1677 1396 1968 1452 Contendit
1991 1394 2310 1465 Gregorium

742 1488 1116 1551 Turonensem
1145 1488 1221 1544 ita
1249 1489 1515 1544 Irenaeum
1565 1499 1860 1560 martyrem
1909 1487 2223 1555 credidisse,
2253 1498 2314 1544 ut

742 1596 851 1637 non
883 1580 986 1637 alia
1017 1597 1177 1655 quam
1202 1581 1656 1653 Lugdunensium
1680 1581 2176 1651 Viennensiumque
2197 1596 2313 1650 per-

740 1675 1024 1729 secutione
1046 1712 1063 1739 ,
1109 1688 1215 1746 qua
1266 1682 1563 1728 coronatus
1597 1681 1681 1729 est
1710 1672 1978 1729 Pothinus
2006 1714 2021 1739 ,
2068 1683 2123 1729 et
2156 1673 2309 1728 illum

739 1779 957 1843 quoque
1006 1770 1330 1822 coronatum
1369 1766 1686 1821 crediderit.
1727 1764 1881 1822 Unde
1912 1780 2040 1822 vero
2068 1775 2178 1820 tam
2213 1764 2311 1822 im-

738 1871 956 1911 manem
987 1864 1233 1912 errorem
1254 1857 1505 1914 hauserit
1532 1857 1852 1927 Gregorius,
1904 1874 1932 1911 a
1965 1857 2240 1915 Dodwello
2265 1860 2310 1913 si

740 1960 992 2013 quieras;
1027 1945 1395 2015 respondebit,
1436 1960 1499 2002 ex
1553 1947 1745 2003 eodem
1774 1944 1922 2001 fonte
1948 1946 2215 2015 hausisse,
2244 1960 2309 2002 ex

738 2057 850 2111 quo
879 2032 1127 2112 imperite
1161 2040 1205 2099 e‘
1224 2043 1435 2099 Latinis
1462 2043 1678 2099 Eusebii
1708 2042 1977 2097 Ruﬁniani
2006 2043 2186 2099 verbis
2212 2060 2311 2097 nu-

736 2150 949 2189 merum
998 2150 1163 2189 sum
1200 2133 1543 2205 martyrum,
1580 2150 1718 2207 quos
1749 2136 2059 2204 persecutio
2089 2135 2311 2205 Lugdu-

735 2228 921 2294 nensis
979 2229 1121 2285 coelo
1167 2228 1570 2294 transmiserit,
1641 2229 1983 2299 collegerunt
2041 2228 2310 2283 recentio-

734 2331 824 2373 res
880 2318 1288 2389 martyrologi;
1366 2318 1628 2397 conjectis
1709 2330 1912 2375 temere
1972 2322 2025 2376 in
2085 2335 2307 2377 censum

734 2414 1073 2480 quaecunque
1136 2411 1503 2475 occurrebant
1553 2412 1605 2465 in
1666 2411 2053 2467 Viennensium
2092 2411 2309 2482 Lugdu-

733 2505 1094 2575 uensiutnque
1121 2504 1387 2574 epistolis,
1441 2504 1774 2560 nominibus.
1819 2504 1932 2575 Qua
1972 2505 2191 2574 quidem
2226 2512 2308 2559 te-

736 2599 987 2658 meritate
1017 2596 1219 2652 factum
1253 2604 1360 2661 est,
1394 2595 1493 2661 ait,
1522 2606 1582 2649 ut
1613 2594 1908 2650 Zacharias
1936 2594 2225 2667 presbyter
2253 2593 2305 2648 in

734 2700 1041 2761 martyrum
1072 2704 1359 2744 numerum
1404 2689 1612 2745 relatus
1638 2690 1727 2743 sit.
1764 2688 2083 2761 Πρεσϐύτην
2118 2702 2309 2757 nempe

732 2783 1027 2854 Ζαχαρίαν,
1053 2782 1410 2866 presbyterum
1438 2776 1751 2834 Zachariam
1789 2789 2029 2835 verterat
2057 2778 2303 2843 Rufinus,

734 2889 842 2928 non
902 2874 1347 2929 animadverteris
1379 2874 1443 2927 de
1482 2871 1746 2926 Zacharia
1774 2869 1998 2926 Joannis
2052 2870 2306 2942 Baptista:

736 2966 947 3039 [XCIII]
979 2978 1156 3036 patre,
1206 2981 1313 3020 non
1342 2965 1408 3018 de
1440 2963 1548 3019 alio
1595 2963 1793 3018 nescio
1819 2977 1947 3032 quo,
1980 2964 2069 3031 qui
2100 2972 2304 3034 martyr

732 3048 918 3121 I'ue'rit,
987 3057 1252 3111 Zacharia
1322 3057 1643 3127 presbytero
1690 3053 1922 3120 ,Iocntos
1969 3053 2303 3109 Viennenses

2421 561 2859 632 Lugdunensium
2897 570 3199 633 martyrum
3249 562 3494 629 nomina,
3529 561 3761 619 aliumve
3788 578 3977 619 nume-

2417 670 2538 709 rum
2572 670 2679 711 non
2715 655 2955 718 exhibet,
2989 669 3149 724 quam
3180 653 3782 723 Christophorsoniana,
3812 655 3976 714 Vale-

2416 749 2570 802 siana
2601 756 2656 803 et
2686 747 2827 802 aliae.
2862 745 2941 800 Ex
2964 746 3053 800 illa
3084 746 3330 817 proinde,
3362 761 3721 819 quascunque
3738 750 3981 808 rationes

2418 840 2581 894 ducat
2603 838 2929 905 Dodwellus,
2969 847 3063 892 aut
3098 837 3236 893 alius
3270 834 3473 907 quivis,
3506 843 3783 909 geminato
3812 844 3976 899 etiam

2416 944 2663 995 numero,
2706 939 2800 985 aut
2846 939 3053 985 temere
3083 931 3346 1001 conjectis
3383 930 3434 985 in
3469 946 3692 987 censum
3727 948 3979 1005 quatcun-

2417 1039 2523 1092 que
2542 1024 2884 1079 occurrerint
2928 1023 3269 1087 nominibus,
3301 1040 3470 1079 nvm
3496 1041 3769 1096 nunquam
3799 1036 3977 1083 eruet.

2424 1115 2796 1172 Hallucinalus
2831 1118 3046 1186 quidem
3103 1117 3333 1173 Ruﬁnus
3366 1118 3711 1185 Zachariam,
3759 1119 3983 1176 Joannis

2416 1210 2676 1279 Baptistae
2708 1220 2940 1280 patrem,
2977 1212 3355 1283 presbyterum
3378 1211 3746 1268 Christianum
3789 1228 3983 1284 perpe-

2420 1320 2534 1357 ram
2565 1305 2862 1359 arbitratus
2894 1314 3015 1371 est;
3072 1305 3165 1360 sed
3204 1304 3349 1361 hunc
3384 1316 3680 1377 martyrem
3712 1307 3877 1362 fuisse
3908 1321 3979 1363 ne

2416 1396 2579 1450 verbo
2621 1398 2836 1466 quidem
2872 1397 3029 1452 dixit.
3075 1398 3175 1465 Qui
3210 1413 3342 1466 ergo
3372 1398 3658 1467 designato
3695 1398 3979 1456 Zachariae

2413 1488 2710 1558 presbyteri
2750 1487 3017 1558 supplicio
3056 1488 3237 1544 securi
3272 1502 3588 1557 percussum
3615 1500 3889 1553 asserunt,
3923 1498 3981 1546 et

2415 1597 2558 1636 van
2592 1580 3045 1652 Lugdunensibus
3096 1583 3434 1652 martyribus
3481 1582 3802 1654 adiungunt,
3837 1583 3980 1640 Gre-

2413 1676 2601 1747 gorius
2628 1675 2985 1741 Turonensis,
3022 1676 3159 1739 Ado,
3188 1674 3485 1740 Notkerrus,
3510 1686 3567 1730 et
3595 1676 3721 1742 alii;
3758 1690 3983 1732 necesse

2413 1776 2572 1824 estet
2604 1766 2884 1823 Zacharias
2918 1767 3084 1831 illius,
3132 1783 3292 1837 quem
3343 1768 3723 1839 presbyterum
3770 1782 3981 1822 nuncu-

2413 1870 2564 1932 pant,
2600 1861 2944 1931 martyrium,
2976 1871 3031 1915 et
3063 1875 3205 1915 XLVII
3233 1861 3506 1915 sociorum
3546 1861 3763 1913 nomina
3794 1875 3857 1915 ac
3885 1876 3984 1914 nu-

2412 1968 2620 2007 merum
2673 1952 2891 2009 aliunde
2949 1952 3304 2023 collegerint,
3364 1967 3525 2023 quam
3573 1966 3636 2007 ex
3691 1950 3979 2006 Ruﬁniana

2411 2045 2856 2117 Lugdunensium
2902 2054 2958 2098 et
2989 2043 3377 2101 Viennensium
3414 2044 3762 2112 episrolarnm
3797 2046 3979 2097 inter-

2411 2134 2929 2211 pretatione.1U‘nde
2956 2155 3106 2203 vero,
3138 2138 3243 2193 nisi
3281 2152 3346 2192 ex
3384 2139 3513 2207 ipsis
3549 2135 3817 2208 epistolis,
3842 2152 3984 2205 qua-

2412 2247 2528 2286 rum
2565 2235 2671 2286 non
2718 2230 3023 2286 Eusebiana
3068 2230 3226 2284 modo
3258 2227 3582 2299 fragmenta,
3618 2228 3711 2282 sed
3735 2236 3790 2283 et
3829 2228 3979 2281 inte-

2410 2338 2507 2393 gra
2553 2324 2886 2393 exemplaria
2943 2323 3230 2393 legerant?
3275 2321 3330 2375 lu
3387 2321 3454 2375 iis
3492 2320 3693 2390 quippe
3717 2329 3982 2374 accurate

2411 2416 2681 2472 recensita
2744 2414 2913 2471 fuisse
2968 2426 3023 2468 et
3079 2425 3379 2485 martyrum
3436 2412 3678 2478 nomina,
3728 2419 3781 2465 et
3821 2411 3983 2463 varia

2409 2513 2604 2581 quibus
2625 2512 2881 2566 interiere
2902 2509 3292 2580 suppliciorum
3319 2522 3521 2579 genera
3559 2516 3765 2561 certum
3795 2512 3877 2559 est
3909 2518 3983 2559 ex

2410 2606 2663 2662 Eusebio.
2699 2591 2841 2669 Quid
2874 2620 3003 2673 opus
3034 2615 3131 2667 est,
3166 2602 3366 2671 inquit,
3388 2614 3688 2669 expressum
3710 2600 3763 2651 in
3789 2612 3987 2664 supra-

2408 2700 2549 2753 dicta
2600 2698 2821 2766 epistola
2876 2696 3179 2765 catalogum
3220 2702 3512 2763 martyrum
3554 2692 3639 2744 hic
3689 2702 3983 2749 recensere,

2408 2807 2631 2862 quorum
2677 2790 2772 2844 alii
2798 2789 2969 2842 securi
2992 2788 3246 2857 percussi,
3273 2785 3370 2838 alii
3397 2784 3524 2853 feris
3553 2782 3767 2852 objecti,
3798 2781 3890 2835 alii
3926 2781 3988 2834 in

2407 2900 2617 2937 carcere
2644 2883 2935 2938 exanimati
2962 2889 3082 2934 sunt
3108 2880 3131 2932 ?
3162 2878 3320 2947 Atqui
3347 2876 3548 2930 laudati
3579 2885 3831 2929 auctores
3867 2886 3984 2926 non

2409 2986 2618 3029 tantum
2653 2983 2951 3044 martyrum
2990 2970 3297 3039 catalogum
3331 2975 3637 3025 recensent,
3683 2963 3774 3018 sed
3809 2961 3986 3016 etiam

2405 3070 2494 3139 qui
2531 3067 2705 3122 securi
2731 3065 2995 3136 percussi,
3024 3063 3262 3132 quileris
3288 3059 3512 3129 objecti,
3540 3057 3631 3127 qui
3658 3058 3707 3109 in
3742 3069 3985 3109 carcere

734 3156 900 3218 atque
928 3146 1343 3217 Lugdunenses.
1366 3145 1767 3208 Similierrore,
1790 3146 1940 3200 addit
1969 3145 2299 3209 Dodwellus,
2334 3176 2374 3233 ρ
2409 3177 2453 3217 ει

2409 3162 2705 3217 exanimati
2753 3166 2900 3220 sunt,
2950 3165 3211 3210 accurate
3262 3153 3626 3222 distinguunt,
3670 3159 3723 3203 et
3782 3147 3989 3202 eodem

734 3240 997 3295 Irenaeum
1036 3239 1367 3309 martyribus
1394 3238 1676 3292 accensuit
1718 3237 2035 3307 Gregorius,
2080 3237 2219 3306 quod
2251 3237 2304 3289 in

732 3338 925 3392 eadem
967 3335 1367 3405 persecutionis
1432 3335 1667 3389 historia
1728 3332 1920 3387 Irenazi
1974 3333 2302 3387 mentionem

732 3429 1030 3501 reperissct
1072 3430 1125 3481 in
1173 3426 1401 3496 epistola
1458 3435 1755 3497 martyrum
1810 3427 1875 3481 ad
1928 3425 2302 3481 Eleutherum.

736 3503 908 3575 Erant
930 3520 1073 3585 enim
1094 3531 1356 3590 praeterea
1386 3521 1440 3571 in
1458 3520 1648 3573 eadem
1678 3519 1928 3587 epistola,
1950 3532 2069 3587 quae
2085 3532 2113 3571 a
2137 3518 2306 3576 lecto-

734 3614 907 3683 ribus,
948 3613 1136 3681 quales
1172 3611 1247 3665 illi
1292 3619 1448 3665 erant
1480 3612 1827 3682 impostores,
1858 3625 2047 3679 parum
2084 3613 2305 3667 attentis

732 3717 957 3776 possent
984 3708 1035 3760 in
1073 3721 1191 3763 eam
1228 3705 1554 3759 sententiam
1584 3705 1830 3775 intelligi.
1869 3707 2126 3763 lrenmum
2162 3720 2304 3758 mar-

735 3812 886 3870 tyres
918 3797 1147 3868 ἀδελφὺν
1178 3798 1268 3851 καὶ
1300 3798 1552 3850 κοινωνὸν
1584 3798 1873 3867 appellant.
1912 3797 2155 3852 I’roclive
2186 3806 2305 3851 erat

735 3901 795 3951 ut
829 3907 948 3945 eam
984 3890 1267 3943 κοινωνίαν
1298 3890 1361 3943 de
1392 3889 1705 3953 tolerandis,
1732 3889 1933 3943 Christi
1969 3904 2152 3955 causa,
2189 3903 2305 3957 pas-

732 3984 977 4039 sionibus
1010 3983 1371 4053 intelligerent
1394 4020 1409 4047 ,
1443 3982 1533 4050 qui
1576 3996 1743 4035 novos
1781 3982 2004 4035 eruendi
2039 3992 2302 4053 martyres

732 4076 1007 4147 quaslibet
1024 4076 1340 4130 occasiones
1360 4074 1514 4128 avide
1532 4074 2167 4143 captarent.thuamvis
2185 4089 2303 4127 san-

732 4172 947 4241 guinem
969 4183 1065 4238 pro
1096 4168 1314 4222 Christo
1343 4183 1447 4219 non
1480 4167 1924 4220 l'uderitlremeus
1948 4206 1962 4229 ,
2007 4179 2069 4218 ea
2116 4174 2295 4220 tamen

732 4266 1070 4337 παθημάτων
1106 4264 1378 4325 κοινωνία,
1405 4263 1713 4331 passionum
1733 4259 2299 4317 communio.suﬂicere

734 4363 912 4428 potuit
936 4362 1003 4414 ad
1036 4358 1251 4410 titulum
1306 4356 1573 4426 martyrii,
1608 4369 1714 4429 quo
1740 4369 1901 4409 sensu
1930 4368 2121 4407 vocem
2152 4352 2297 4405 illam

732 4453 1107 4523 intelligebaut
1137 4452 1280 4505 illius
1328 4450 1425 4503 ξηνὶ
1482 4460 1714 4503 veteres.
1770 4446 1861 4500 Sic
1893 4446 2117 4500 omnino
2156 4443 2297 4499 Dod-

2410 3269 2635 3326 prorsus
2685 3251 2845 3306 modo
2893 3258 2951 3303 et
3004 3246 3217 3310 ordine,
3260 3254 3423 3313 atque
3469 3242 3729 3309 epistolas
3779 3237 3989 3295 fecisse

2408 3356 2598 3401 narrat
2639 3343 2926 3399 Eusebius.
2956 3340 3026 3395 Ut
3069 3337 3149 3392 vel
3178 3338 3337 3391 cmcis
3374 3334 3502 3403 ipsis
3529 3333 3654 3385 hinc
3691 3340 3986 3399 appareat,

2408 3457 2471 3494 ex
2528 3454 2593 3491 eo
2637 3437 2753 3491 solo
2794 3432 2973 3497 fonte,
3010 3446 3115 3484 non
3152 3444 3217 3483 ex
3251 3426 3467 3489 Ruﬁno,
3518 3424 3657 3493 apud
3710 3436 3868 3490 quem
3916 3434 3989 3473 ea

2410 3536 2613 3587 frustra
2650 3530 2923 3598 requiras,
2958 3536 3185 3577 manare
3230 3520 3472 3588 potuisse
3507 3530 3623 3586 qua:
3652 3514 3718 3567 de
3765 3522 3990 3583 marty-

2408 3644 2523 3680 rum
2552 3623 2860 3680 nominibus
2897 3630 2951 3674 et
2977 3616 3257 3687 suppliciis
3284 3614 3525 3669 referunt
3561 3612 3659 3666 illi.

2477 3720 2564 3772 58.
2623 3716 2877 3772 Graviter
2924 3714 3141 3781 quidem
3205 3711 3257 3763 in
3309 3710 3374 3761 iis
3433 3705 3685 3759 omnibus
3750 3700 3992 3753 oliendit

2407 3808 2751 3871 Dodwellus;
2788 3808 2880 3859 sed
2910 3804 3073 3873 longe
3104 3802 3325 3871 gravius
3352 3800 3406 3854 in
3431 3813 3495 3851 eo
3525 3797 3664 3867 quod
3697 3794 3993 3873 conliden-

2412 3910 2490 3951 ter
2558 3904 2866 3955 asseverat.
2923 3894 3241 3963 Gregorium
3298 3891 3671 3945 Turonensem
3729 3869 3826 3938 non
3866 3888 3995 3940 alia

2410 4005 2567 4057 quam
2608 3987 3034 4056 Lugdunensium
3084 3985 3177 4037 illa
3232 3984 3692 4047 Viennensittmqtte
3740 3996 3995 4047 persecu-

2413 4080 2569 4139 tione,
2602 4094 2701 4145 qua
2730 4086 3009 4129 coronatus
3038 4086 3111 4127 est
3146 4074 3418 4133 Pot/tinus,
3448 4083 3496 4125 et
3526 4084 3757 4124 nostrum
3779 4084 3995 4139 quoque

2410 4179 2717 4221 coronatum
2762 4165 3044 4217 credidisse
3085 4163 3361 4217 lrcna’um.
3415 4160 3469 4214 Si
3518 4160 3833 4229 Gregorium
3892 4176 3997 4214 us-

2408 4275 2569 4329 quam
2628 4258 2836 4325 legerit,
2875 4256 3231 4325 caligantibus
3282 4254 3453 4307 oculis
3504 4253 3709 4321 legerit.
3746 4251 3791 4304 Is
3834 4255 3991 4306 enim

2410 4366 2526 4405 eam
2554 4348 2979 4420 persecutionem
3009 4363 3126 4417 quze
3160 4347 3447 4401 Pothinum
3477 4345 3795 4413 absumpsit,
3824 4345 3892 4399 ab
3924 4360 3993 4399 ea

2411 4458 2515 4513 qua
2552 4450 2842 4495 coronatus
2890 4452 2971 4495 est
3017 4441 3285 4505 Irenaaus,
3320 4440 3520 4493 clarius
3556 4453 3837 4493 secernere
3873 4454 3994 4499 non

726 4548 943 4612 wellus,
969 4559 1182 4614 semper
1226 4542 1328 4597 sibi
1382 4541 1594 4607 similis,
1642 4540 2041 4607 ingentemque,
2068 4552 2175 4606 quo
2204 4552 2299 4591 ca-
2334 4516 2375 4569 ἶ)
2414 4543 2643 4603 poterat.
2676 4531 2741 4585 In
2788 4533 3000 4599 Galliis,
3031 4534 3101 4586 ait
3130 4535 3195 4596 ³³,
3226 4536 3377 4586 multi
3407 4552 3499 4603 pro
3536 4533 3733 4585 Christi
3771 4532 3997 4583 nomine

732 4638 935 4694 tholica
991 4636 1261 4707 gloriatur
1308 4632 1593 4697 Ecclesia,
1650 4641 1947 4701 martyrum
2010 4644 2295 4682 numerum

731 4732 966 4785 arietare
1009 4728 1216 4782 frivolis
1255 4726 1585 4793 coniecturis
1621 4724 1885 4787 studens;
1927 4721 2053 4776 licet
2082 4735 2199 4775 eam
2230 4721 2297 4774 ob

731 4838 844 4878 rem
875 4828 952 4877 sic
980 4839 1006 4875 a
1032 4822 1314 4875 Ruinartio
1345 4830 1531 4873 nostro
1582 4819 1782 4872 dudum
1816 4825 2074 4884 exceptus
2111 4816 2291 4879 fuerit,

730 4917 986 4985 utprimo
1028 4928 1320 4982 congressu
1366 4910 1569 4965 fractus
1596 4910 1882 4977 victusque
1917 4906 2170 4960 cesserit.

803 5010 891 5065 57.
932 5007 1022 5060 Ille
1057 5021 1185 5059 vero
1211 5007 1361 5074 plura
1403 5005 1491 5058 hic
1522 5002 1789 5071 supponit,
1824 5016 1942 5068 qua:
1977 5014 2097 5051 cum
2144 5008 2290 5052 recta

729 5104 941 5167 ratione
984 5116 1015 5154 e
1066 5100 1332 5156 diametro
1401 5105 1661 5166 pugnant.
1718 5095 1794 5147 Ac
1847 5094 2022 5162 primo
2073 5092 2292 5159 quidem

731 5197 894 5249 inane
968 5200 1334 5249 commentum
1390 5199 1492 5249 est.
1548 5187 1691 5256 quod
1744 5186 1961 5245 asserit,
2011 5197 2293 5236 numerum

728 5303 900 5353 xum,
974 5296 1274 5357 martyrum
1355 5298 1384 5337 e
1462 5281 1674 5335 Latinis
1750 5278 1965 5331 Eusebii
2025 5276 2293 5329 Ruliuiani

729 5382 1014 5437 collectum
1057 5395 1083 5431 a
1124 5376 1545 5437 recentioribus,
1584 5383 1640 5426 ut
1677 5383 1857 5435 vocat,
1914 5366 2296 5439 martyrologis

729 5475 916 5530 fuisse.
944 5473 1045 5547 Qui
1080 5473 1222 5525 enim
1270 5471 1303 5522 ii
1336 5484 1401 5523 ex
1437 5467 1722 5525 Ruﬁniana
1761 5465 1977 5519 Eusebii
2030 5465 2294 5529 interpre-

732 5569 933 5623 tatione
984 5582 1105 5619 eum
1150 5577 1431 5615 numerum
1494 5560 1745 5629 colligere
1781 5565 2099 5625 potuerunt,
2138 5552 2292 5619 cuius

732 5676 827 5713 nec
873 5657 1015 5721 vola,
1063 5673 1162 5711 nec
1212 5654 1496 5722 vestigium
1551 5654 1747 5706 ibidem
1808 5650 2078 5719 apparet?
2126 5646 2290 5701 Paulo

838 5842 882 5873 ”
912 5842 1032 5907 Lib.
1076 5858 1089 5895 t
1154 5839 1293 5897 Hist.
1326 5838 1439 5904 Fr.,
1472 5856 1519 5894 (ι.
1558 5837 1647 5903 26,
1674 5838 1759 5893 Ξῖ.
1790 5837 1919 5891 edit.

2404 4646 2525 4691 sunt
2582 4651 2672 4704 per
2722 4629 3032 4698 martyrium
3080 4623 3294 4694 gemmis
3352 4618 3641 4672 coelestibus
3688 4617 3984 4678 coronati;

2404 4747 2628 4801 quorum
2661 4726 2965 4795 passionum
2997 4718 3234 4772 historice
3264 4715 3405 4782 apud
3441 4730 3532 4764 nos
3556 4710 3781 4778 ﬁdeliter
3813 4726 3989 4779 usque

2404 4800 2557 4877 hodie
2589 4822 2904 4873 retinentur.
2966 4812 3045 4865 Ea;
3086 4811 3274 4880 quibus
3303 4817 3351 4860 et
3384 4806 3472 4859 ille
3514 4806 3719 4871 primus
3752 4800 3987 4870 Lugdu-

2404 4917 2574 4972 nensis
2606 4911 2853 4965 Ecclesia:
2885 4906 3143 4958 Photinus
3175 4902 3275 4969 (sic
3300 4899 3515 4966 scribit)
3546 4896 3817 4963 episcOpus
3846 4894 3985 4963 fuit,

2400 5012 2488 5079 qui
2530 5006 2709 5073 plenus
2752 5004 2959 5055 dierum
3009 4998 3227 5049 diversis
3276 4993 3497 5060 affectus
3548 4986 3846 5055 suppliciis,
3878 5005 3988 5055 pro

2406 5088 2603 5155 Christi
2632 5097 2837 5149 nomine
2860 5106 3047 5162 passus
3080 5100 3174 5143 est.
3208 5087 3552 5141 Beatissimus
3576 5100 3693 5135 vero
3728 5080 3985 5137 Ircncr'us

2405 5195 2561 5262 hujus
2588 5203 2853 5245 successor
2898 5184 3168 5253 martyris,
3205 5180 3291 5247 qui
3324 5196 3353 5229 a
3378 5179 3523 5229 beato
3570 5172 3872 5243 l’olycnrpo
3910 5174 3988 5226 ad

2406 5290 2539 5339 hanc
2567 5284 2745 5336 urbem
2786 5280 3013 5331 directus
3046 5286 3142 5335 est,
3175 5268 3481 5325 admirabili
3527 5268 3713 5319 virtute
3743 5265 3987 5330 enituit;

2405 5380 2493 5445 qui
2520 5379 2575 5429 in
2606 5374 2797 5429 modici
2829 5370 3072 5437 temporis
3098 5367 3290 5436 spatio,
3315 5360 3693 5432 praedicatione
3722 5376 3821 5411 sua
3856 5376 3988 5411 ma-

2405 5468 2542 5518 xime
2570 5467 2621 5517 in
2648 5465 2849 5531 integro
2883 5461 3142 5512 civitatem
3177 5455 3405 5509 reddidit
3438 5451 3822 5505 Christianam.
3868 5449 3989 5503 Sed

2407 5558 2635 5611 veniente
2676 5554 3035 5622 persecutione
3099 5550 3228 5601 talia
3277 5546 3466 5599 ibidem
3524 5542 3768 5595 diabolus
3837 5542 3988 5597 bella

2406 5668 2495 5719 per
2523 5661 2803 5719 tyrannum
2828 5644 3080 5706 exercuit,
3117 5651 3163 5695 et
3200 5650 3344 5694 tanta
3377 5637 3449 5691 ibi
3478 5635 3757 5689 muititudo
3819 5632 3991 5689 Cirris
