4196 6330
236 325 350 385 215

881 327 1331 385 DISSERTATIO
1367 330 1429 394 11,
1467 329 1622 384 ART.
1666 328 1706 391 Ι,
1749 326 1833 383 DE
1869 326 1925 382 S.
1964 325 2225 382 ΙΗΕΝιΕΙ
2261 323 2419 380 VITA
2453 323 2538 378 ET

1178 327 1331 385 ΑΤΙΟ
1367 330 1429 394 li,
1467 329 1622 384 ΛΒΤ.
1666 328 1706 391 l,
1749 326 1833 383 DE
1869 326 1925 382 S.
1964 325 2225 382 IRENIEI
2261 323 2419 380 VITA
2453 323 2541 378 ET
2575 321 2835 379 GESTIS.

3355 319 3461 374 ειη

244 447 532 499 stianorum
564 444 628 498 ob
657 443 1033 513 confessionem
1054 445 1313 499 Dominici
1344 445 1566 498 nominis
1594 452 1667 496 est
1705 442 1801 510 ju-
1836 445 1880 501 Α
1909 440 2200 510 reperisset
2231 441 2286 494 in
2320 439 2546 511 epistola
2570 450 2872 510 martyrum
2895 437 2961 493 ad
2991 437 3339 494 Eleutherum
3362 451 3459 502 μὲι

243 539 446 606 gulam,
473 548 529 590 ut
553 553 647 606 per
669 536 873 607 plateas
900 538 1120 606 [lumina
1153 550 1419 593 currerent
1453 541 1516 592 de
1546 541 1802 608 sanguine

244 626 578 693 Christiano;
610 644 831 698 quorum
864 644 954 682 nec
985 614 1279 691 numerum,
1300 646 1390 682 nec
1418 629 1629 682 nomina
1651 627 1802 682 colli-

240 734 362 788 gere
418 720 706 786 potuimus.
783 717 1040 772 Dominus
1081 720 1218 772 enim
1266 735 1352 772 eos
1403 720 1456 770 in
1503 718 1640 771 libro
1685 719 1801 772 vita:

239 809 574 876 conscripsit.
610 808 834 864 Beatum
860 809 1123 866 Irenteum
1157 811 1372 864 diversis
1403 812 1457 863 in
1489 828 1586 864 sua
1622 813 1798 864 carni-

241 904 333 970 fex
362 903 646 970 praesentia
686 906 848 970 panis
880 904 1143 971 affectum,
1186 903 1393 957 Christo
1443 903 1662 956 Domino
1707 921 1797 970 per

237 996 558 1065 martyrium
596 995 877 1049 dedicavit.
921 995 1034 1056 Nec
1068 1009 1131 1048 eo
1178 995 1279 1049 loci
1311 995 1571 1049 duntaxat
1596 996 1666 1049 ita
1722 994 1797 1048 lo-

238 1085 430 1152 quitur
473 1082 789 1155 Gregorius,
834 1085 928 1138 sed
961 1093 1015 1138 et
1059 1086 1209 1148 alibi,
1251 1101 1464 1155 semper
1505 1086 1606 1139 sibi
1660 1101 1796 1139 con-

232 1182 410 1237 stans,
446 1183 564 1241 post
593 1178 859 1230 recensita
896 1192 1061 1234 sum
1116 1186 1410 1246 martyrum
1461 1177 1700 1242 nomina,
1743 1185 1796 1230 et

233 1263 503 1333 supplicia
536 1275 974 1338 postremumque
1005 1269 1244 1323 ontnium
1277 1279 1636 1322 memoratum
1688 1267 1790 1321 Po-

233 1355 472 1421 thinum,
536 1359 724 1424 paucis
774 1359 1072 1426 interiectis
1117 1361 1183 1422 de
1230 1375 1422 1414 eorum
1473 1359 1718 1428 reliquiis
1740 1370 1793 1414 et

232 1447 534 1516 sepultura,
555 1448 829 1519 subjungit
858 1454 903 1486 νδ
937 1467 951 1503 :
986 1451 1159 1519 Igitur
1187 1452 1439 1521 martyrio
1462 1467 1792 1505 consumma-

231 1549 319 1592 tus
343 1539 602 1609 gloriosus
629 1540 909 1606 Photinus,
944 1545 1032 1613 qui
1062 1543 1393 1612 Lugdunensi
1432 1544 1643 1613 prazfuit
1675 1543 1791 1597 urbi

226 1629 500 1693 sacerdos,
526 1645 615 1692 per
639 1633 939 1686 certaminis
970 1634 1154 1688 nobilis
1183 1637 1424 1687 meritum
1459 1636 1684 1689 invectus
1714 1645 1789 1688 est

225 1719 380 1774 cado.
407 1703 506 1775 Cui
546 1732 595 1775 et
641 1724 825 1777 merito
856 1734 904 1778 et
931 1728 1207 1779 sanctitate
1239 1728 1525 1796 condignas
1553 1726 1788 1782 Irena'us

1902 532 2115 600 quidem
2153 546 2218 587 eo
2245 532 2438 602 magis,
2482 546 2591 602 quo
2625 532 2883 586 Irenaeum
2936 540 3204 602 martyres
3233 529 3460 600 ἀδελφὺν

1902 632 1957 677 et
2005 624 2253 677 κοινωνὸν
2302 623 2594 694 appellant.
2635 623 3040 694 ltane,qu:eso,
3095 622 3376 691 plumbeus
3402 630 3456 677 et

1901 715 2065 769 hebes
2116 716 2394 769 exstiterit
2437 714 2758 786 Gregorius,
2791 724 2849 770 ιιι
2902 716 2955 768 in
3010 714 3458 785 Lugdunensium

1898 818 1952 863 et
2012 808 2392 864 Viennensium
2450 821 2752 882 martyrum
2810 811 3068 872 historiis,
3128 825 3263 880 quas
3315 810 3456 878 apud

1903 916 2056 956 suam
2113 910 2448 971 exterasque
2519 901 2828 959 Gallicanos
2901 903 3169 958 Ecelesias
3225 903 3458 973 ﬁdeliter

1897 1012 2058 1066 usque
2080 996 2232 1051 hodie
2263 999 2473 1051 retineri
2510 999 2678 1064 dicit;
2709 1007 2763 1070 et
2790 998 2842 1052 in
2874 998 2941 1052 iis
2973 1007 3079 1051 tum
3134 997 3292 1060 eleri,
3338 1008 3452 1054 tum

1896 1085 2334 1155 Lugdunensium
2361 1097 2412 1144 et
2441 1088 2825 1144 Viennensium
2859 1099 3156 1160 martyrum
3185 1089 3451 1160 epistolis,

1896 1195 2031 1248 quas
2061 1179 2258 1250 legisse
2288 1196 2409 1236 cum
2438 1181 2634 1236 fatetur
2664 1182 2990 1247 Dodwellus,
3020 1197 3081 1236 ea
3119 1184 3452 1254 distinguere

1896 1287 1999 1325 non
2032 1274 2288 1341 potuerit,
2315 1289 2432 1341 qua:
2458 1274 2538 1328 vel
2571 1273 2994 1329 Londinensium
3032 1276 3332 1345 bajulorum
3362 1284 3452 1328 aut

1894 1372 2182 1415 nautarum
2220 1364 2621 1432 stupidissimus
2656 1365 2886 1434 quisque
2932 1383 3207 1436 nunquam
3253 1368 3452 1437 permi-

1893 1457 2102 1511 sceret?
2139 1456 2300 1522 Ecce,
2328 1468 2597 1529 martyres
2629 1459 2678 1512 in
2714 1475 2808 1514 sua
2841 1465 2906 1516 ad
2938 1460 3286 1516 Eleutherum
3332 1462 3448 1532 cpi-

1891 1546 2028 1600 stola
2082 1549 2329 1605 scribunt
2368 1549 2628 1604 Irenaeum
2665 1550 2890 1605 Romam
2947 1568 3007 1607 se
3058 1551 3295 1616 mittere,
3352 1555 3444 1623 qui

1890 1637 2098 1692 litteras
2127 1654 2313 1693 eorum
2361 1642 2624 1709 perferat;
2663 1644 2805 1700 hunc
2856 1647 3224 1713 prolecmrum
3265 1648 3444 1714 ponti-

1890 1727 1978 1783 ﬁci
2005 1731 2406 1797 commendant,
2436 1732 2738 1807 debilisque
2763 1744 2963 1790 ornant
2985 1737 3274 1798 encomiis;
3306 1736 3447 1791 hunc

224 1811 474 1863 successit
524 1812 815 1880 episcopus,
857 1832 950 1881 per
985 1817 1293 1885 martyrium
1335 1827 1382 1870 ct
1435 1819 1546 1886 ipse
1581 1819 1780 1884 ﬁnitus.
1816 1801 1858 1855 Β
1887 1819 2110 1876 fratrem
2187 1804 2569 1892 laborumque
2615 1834 2924 1889 consortem
2983 1835 3212 1891 vocant,
3283 1843 3442 1895 quem

223 1899 541 1956 Clarissima
579 1909 711 1966 haec,
745 1920 842 1960 nec
877 1906 1128 1960 Dodwelli
1159 1909 1589 1976 conjecturarnm
1622 1910 1786 1965 nebu-

222 1987 296 2043 lis
355 2005 579 2058 usquam
621 1991 980 2049 obscuranda.
1029 1994 1088 2049 Iri
1137 2013 1197 2051 ea
1248 2001 1639 2066 persecutione,
1679 2017 1782 2070 qua

221 2083 381 2135 multi
423 2085 475 2135 in
507 2083 696 2138 Galliis
723 2102 819 2154 pro
857 2087 1054 2141 Christi
1099 2091 1303 2144 nomine
1327 2101 1452 2144 sunt
1477 2108 1568 2158 per
1590 2103 1785 2163 marty-

218 2173 367 2227 rium
393 2177 656 2240 coronati,
684 2175 1050 2247 Lugdunensis
1087 2182 1355 2248 episcopus
1381 2181 1637 2236 Photinus
1662 2200 1782 2251 pas-

215 2279 308 2318 sus
335 2275 432 2320 est.
470 2266 841 2322 Beatissimum
874 2287 991 2323 vero
1037 2269 1295 2326 [renatum
1329 2273 1485 2342 hujus
1515 2291 1780 2328 successo-

215 2370 330 2409 rem
367 2360 614 2427 martyris
647 2358 846 2414 factum
893 2360 1064 2415 fuisse
1116 2365 1281 2416 tradit
1324 2364 1638 2434 Gregorius.
1678 2366 1778 2432 Qui

217 2446 388 2517 igitur
417 2450 637 2504 credere
667 2453 843 2518 p0tuit
889 2453 1077 2507 eadem
1130 2456 1526 2522 persecutione,
1569 2475 1687 2527 quae
1734 2459 1776 2512 si

213 2535 469 2606 Lugduni
518 2542 717 2598 multos
775 2546 910 2611 dies,
953 2562 1055 2600 non
1085 2557 1231 2602 certe
1263 2563 1478 2605 menses
1505 2549 1773 2616 efferbuit,

213 2641 541 2684 coronatum
571 2641 860 2705 utrumque
888 2635 1097 2692 fuisse?
1124 2639 1234 2692 Nisi
1268 2640 1408 2695 lorte
1440 2641 1607 2711 lingat
1637 2643 1778 2699 Dod-

210 2721 429 2788 wellus,
464 2739 584 2778 eam
637 2727 806 2782 fuisse
855 2728 1098 2798 Gregorii
1141 2735 1484 2798 sententiam,
1521 2735 1775 2790 Irenazum

206 2835 398 2903 paucis
440 2837 726 2892 admodum
774 2840 963 2894 diebus
1006 2841 1421 2912 Lugdunensem
1471 2846 1772 2900 Ecclesium

208 2919 438 2974 rexisse.
492 2922 560 2975 At
609 2925 679 2978 ita
711 2928 916 2982 sentire
962 2945 1064 2983 non
1115 2935 1286 2999 potuit
1336 2931 1772 3005 Gregorius,qui

207 3007 466 3066 Irenaeum
529 3017 722 3070 asserit
780 3026 889 3071 tam
956 3021 1169 3075 naviter
1215 3026 1473 3091 pastorali
1527 3026 1769 3082 functum

204 3099 401 3169 oﬂicio,
427 3112 482 3158 ut
501 3109 552 3158 in
569 3110 759 3161 modici
795 3115 1041 3179 temporis
1065 3116 1259 3181 spatio,
1277 3119 1648 3185 prmdicatione
1672 3139 1767 3175 sua
1796 3139 1840 3200 ρ

203 3194 262 3247 in
291 3195 490 3264 integro
541 3198 797 3254 civitatem
841 3204 1126 3258 reddiderit
1173 3206 1573 3264 Christianam?
1624 3212 1771 3267 Tan-

203 3294 323 3340 tum
360 3287 527 3356 igitur
573 3294 828 3360 temporis
862 3296 1092 3363 spatium
1144 3298 1375 3355 Pothino
1419 3307 1767 3371 superstitem

200 3377 375 3433 fuisse
407 3380 667 3436 Irenaeum
718 3385 1077 3452 existimavit,
1117 3401 1377 3457 quantum
1427 3395 1616 3449 saltem
1674 3414 1766 3452 ne-

201 3474 503 3528 cessarium
529 3485 649 3529 erat
675 3487 732 3531 ut
763 3478 909 3533 illata
941 3496 1035 3549 per
1061 3483 1293 3549 primam
1326 3489 1762 3553 persecutionem

200 3563 458 3621 Ecclesia:
519 3567 866 3638 Lugdunensi
917 3573 1193 3642 dispendia
1255 3580 1562 3634 resarciret.
1625 3581 1760 3636 Dum

199 3671 332 3709 vero
365 3659 478 3711 hme
513 3670 695 3727 ageret
739 3660 1002 3728 lrenmus,
1037 3667 1241 3720 veniens
1271 3673 1584 3736 persecutio,
1614 3675 1761 3726 addit

195 3745 517 3815 Gregorius,
566 3768 686 3816 quae
721 3763 797 3806 tot
852 3765 904 3808 et
959 3766 1230 3810 tantorum
1293 3773 1588 3833 martyrum
1637 3780 1759 3818 san-

195 3841 360 3907 guine
390 3838 633 3912 Lugduni
669 3845 872 3913 plateas
928 3849 1234 3915 inundavit.
1275 3863 1332 3906 ut
1383 3872 1481 3910 nec
1516 3859 1756 3923 nomina,

195 3947 299 3986 nec
351 3951 608 3990 numerus
639 3939 814 4007 colligi
852 3943 1112 4008 potuerit,
1166 3947 1567 4002 sanctissimum
1596 3965 1759 4005 occu-

195 4033 290 4090 pat
320 4027 650 4096 episcopum,
684 4047 746 4081 at:
793 4030 1001 4085 Christo
1052 4035 1278 4090 Domino
1320 4056 1411 4104 per
1441 4046 1754 4110 martyrium

193 4116 426 4172 dedicat.
466 4121 543 4173 An
590 4120 790 4175 clarius
821 4125 1048 4191 exprimi
1088 4137 1142 4180 et
1175 4128 1446 4196 designari
1493 4136 1755 4201 potuisset

192 4223 332 4261 nova
389 4214 716 4278 persecutio,
752 4230 777 4264 a
813 4217 977 4283 priori
1035 4228 1087 4271 et
1143 4229 1384 4287 tempore
1412 4233 1467 4274 et
1511 4224 1752 4277 circum-

190 4301 408 4353 stantiis
450 4304 634 4367 procul
661 4305 909 4360 diversa?
958 4308 1010 4360 ln
1063 4309 1234 4377 priori
1278 4323 1475 4364 tantam
1517 4317 1750 4367 multitu-

188 4391 360 4443 dinem
391 4389 812 4448 Christianorum
843 4400 903 4450 ob
941 4400 1316 4468 confessionem
1349 4403 1610 4458 Dominici
1657 4424 1748 4460 no-

1885 1913 2248 1967 Christianum
2291 1925 2343 1969 et
2372 1917 2743 1988 presbyterum
2784 1933 2925 1985 esse,
2981 1930 3356 1989 martyresque
3390 1920 3442 1974 in

1886 2021 2106 2062 carcere
2148 2008 2397 2063 detentos
2447 2009 2696 2078 consilio,
2759 2011 3002 2077 monitis,
3058 2012 3441 2083 eleemosynis,

1885 2116 1985 2170 pro
2023 2101 2166 2156 virili
2194 2117 2309 2164 sna,
2347 2118 2450 2157 non
2506 2113 2653 2159 certe
2696 2106 2832 2160 citra
2890 2107 3085 2175 capitis
3124 2108 3438 2171 discrimen,

1885 2194 2223 2263 sublevasse,
2279 2199 2610 2265 constabat;
2651 2210 2705 2254 et
2768 2191 3442 2269 Gregoriusimprudens

1883 2287 2008 2341 hinc
2035 2295 2255 2357 arrepta
2291 2290 2615 2359 turpissima}
2651 2291 3092 2346 hallucinationis
3124 2293 3438 2356 occasione,

1879 2392 1999 2432 eum
2050 2378 2226 2447 ipsum
2255 2395 2416 2449 quem
2465 2382 2646 2436 itineri
2692 2398 2812 2438 sese
2855 2385 3312 2452 committentem,
3350 2396 3442 2440 aut

1881 2485 2001 2524 mox
2031 2473 2445 2527 commissurum
2491 2475 2721 2544 legebat,
2758 2475 2899 2529 inter
2929 2475 3050 2531 illos
3077 2477 3438 2540 recensuerit,

1879 2561 1964 2628 qui
2019 2562 2071 2614 in
2122 2577 2185 2616 ea
2243 2565 2646 2632 persecutione,
2701 2582 2820 2635 qua:
2870 2565 3197 2635 delegationi
3250 2583 3443 2624 ansam

1878 2653 2132 2718 prahuit,
2188 2656 2354 2708 vitam
2420 2670 2515 2719 pro
2587 2657 2802 2713 Christo
2858 2658 3236 2728 profuderint?
3304 2660 3437 2728 Quis

1875 2745 2092 2798 credat?

1942 2833 2029 2890 39.
2056 2835 2183 2901 Sed,
2212 2839 2388 2908 inquit
2412 2840 2743 2908 Dodwellus,
2776 2843 3046 2913 descripto
3072 2843 3262 2899 lrentei
3295 2860 3436 2900 mar-

1876 2928 2013 2996 tyrio
2049 2930 2230 2982 statim
2257 2931 2406 2984 addit
2441 2931 2737 3004 Gregorius
2765 2952 2778 2987 :
2807 2934 2930 2988 Post
2958 2937 3095 2989 hunc
3122 2946 3169 2990 et
3203 2938 3434 3006 quadra-

1873 3019 2015 3087 ginta
2061 3031 2174 3074 octo
2216 3033 2468 3092 martyres
2495 3026 2638 3092 passi
2682 3037 2826 3092 sunt,
2877 3043 2941 3079 ea:
2975 3028 3159 3095 quibus
3203 3032 3432 3097 primum

1872 3110 2034 3178 fuisse
2091 3113 2311 3181 legimus
2354 3114 2577 3169 Vettium
2617 3116 2932 3186 Epagatum.
2988 3121 3215 3174 Constat
3250 3132 3433 3175 autem

1870 3201 1991 3257 illos
2045 3219 2209 3258 vam
2259 3217 2546 3278 martyres,
2582 3224 2812 3278 quorum
2863 3211 3074 3280 primus
3108 3213 3273 3277 fuerit
3306 3213 3433 3268 Vct-

1871 3294 1974 3349 tius
2029 3294 2322 3367 Epagatus,
2387 3316 2490 3354 non
2549 3301 2600 3353 in
2653 3302 2760 3355 alia
2814 3305 3188 3370 persecutione
3244 3322 3430 3375 passos

1865 3384 2056 3450 fuisse,
2107 3403 2267 3457 quam
2313 3391 2402 3450 illa
2434 3391 2872 3461 Lugdunensium
2907 3394 3426 3464 Viennensiumqne,

1864 3493 1967 3546 qua
1993 3491 2280 3536 coronatus
2315 3494 2396 3536 est
2423 3483 2705 3538 Pothinus.
2747 3485 2800 3538 Si
2849 3502 2977 3556 ergo
3008 3499 3127 3555 post
3165 3489 3423 3543 Irenaeum

1863 3586 2048 3639 passos
2074 3572 2241 3628 fuisse
2266 3576 2556 3631 crediderit
2581 3577 2875 3647 Gregorius
2902 3625 2917 3648 ,
2957 3582 3104 3635 illum
3141 3584 3190 3636 in
3234 3585 3424 3638 eadem

1863 3670 2240 3730 persecutione
2288 3681 2606 3726 coronatum
2658 3672 2825 3728 fuisse
2877 3675 3272 3730 existimaverit
3331 3691 3425 3729 ne-

1861 3769 2010 3810 cesse
2042 3769 2139 3814 est.
2193 3760 2267 3812 lta
2310 3764 2526 3830 quidem
2578 3766 2838 3833 scriptum
2896 3767 2998 3837 legi
3048 3770 3100 3821 in
3160 3769 3422 3824 hodierno

1859 3848 2102 3919 Gregorii
2132 3862 2277 3908 textu
2304 3870 2408 3910 non
2448 3856 2698 3912 difﬁteor.
2739 3859 2842 3913 Sed
2878 3861 3134 3915 ﬁdentior
3166 3862 3254 3916 hic
3293 3877 3421 3916 eva-

1859 3944 1931 3996 sit
1957 3943 2281 4001 Dodwellus.
2318 3948 2454 4013 Quin
2492 3950 2578 4004 hic
2621 3953 2922 4023 contigisse
2971 3965 3242 4020 vereatur,
3274 3959 3419 4024 quod

1859 4050 2021 4104 supra
2051 4037 2469 4108 Hieronymiano
2509 4044 2676 4096 textui
2712 4045 2978 4099 accidisse
3011 4047 3188 4100 inanis
3224 4050 3418 4101 suade-

1855 4127 1945 4181 bat
1978 4130 2172 4194 timor;
2210 4146 2276 4183 ne
2300 4133 2554 4187 videlicet
2581 4149 2700 4188 mox
2738 4137 2898 4189 citata
2925 4140 3085 4192 verba
3118 4155 3147 4193 e
3174 4142 3415 4210 margine

1854 4218 2019 4286 (quod
2059 4235 2199 4288 saepe
2236 4223 2455 4277 evenire
2485 4224 2642 4292 solet)
2673 4240 2697 4276 a
2733 4227 2974 4281 studioso
3007 4229 3186 4297 aliquo
3234 4246 3418 4284 recen-

1853 4309 1990 4364 tiore
2022 4326 2050 4366 e
2086 4313 2220 4367 libro
2247 4330 2260 4366 ι
2294 4314 2366 4368 De
2389 4315 2557 4382 gloria
2588 4327 2884 4386 martyrum
2931 4319 3177 4385 collecta,
3207 4322 3259 4374 in
3295 4335 3411 4376 tex-

1855 4413 1984 4471 tum,
2021 4406 2114 4459 sed
2145 4406 2484 4461 incommodo
2512 4407 2630 4462 loco
2664 4410 3005 4478 irrepserint,
3033 4414 3115 4467 vel
3150 4416 3215 4467 ab
3251 4416 3409 4484 impe-

187 4483 346 4535 minis
385 4482 628 4554 Lugduni
659 4490 960 4554 jugulntam
993 4508 1122 4556 esse,
1175 4504 1230 4544 ut
1277 4510 1367 4560 per
1411 4496 1612 4561 plateas
1640 4499 1742 4565 ﬂu-
1778 4481 1819 4534 θ
1851 4499 1954 4551 rito
2007 4497 2188 4566 aliquo
2230 4508 2322 4551 aut
2369 4497 2666 4557 festinante
2723 4505 2897 4556 scriba
2954 4505 3071 4559 loco
3123 4523 3407 4576 perperam

185 4575 329 4626 mina
357 4589 623 4631 currerent
653 4579 714 4631 de
744 4582 997 4648 sanguine
1025 4582 1351 4649 Christiano,
1398 4587 1584 4640 nttllibi
1621 4589 1746 4655 legi-

188 4681 342 4730 mus;
381 4668 473 4720 scd
502 4684 598 4723 nec
625 4672 865 4725 scribere
896 4688 1128 4739 unquam
1155 4680 1327 4742 potuit
1350 4676 1742 4746 Gregorius,'se

187 4774 277 4811 nec
314 4775 607 4820 numerum,
637 4780 727 4814 nec
755 4766 964 4817 nomina
1010 4779 1322 4837 martyrum,
1374 4773 1463 4839 qui
1495 4773 1545 4825 in
1574 4775 1739 4843 priori

182 4851 327 4915 passi
360 4861 485 4903 sunt
525 4850 792 4920 Lugduni,
832 4857 1068 4926 colligere
1100 4863 1371 4927 potuisse;
1415 4866 1503 4931 qui
1529 4865 1652 4918 alibi
1686 4877 1738 4920 et

182 4955 466 4994 uttmerum
499 4943 704 5015 [XCIV]
732 4955 784 4998 et
825 4951 1038 5003 nomina
1071 4961 1179 5003 tam
1213 4966 1469 5010 accurate
1497 4957 1732 5025 collegit,

181 5040 235 5084 ut
265 5045 566 5101 recenseat,
603 5046 653 5088 et
680 5052 784 5104 quo
819 5039 1047 5108 quisque
1085 5044 1330 5111 supplicii
1367 5061 1564 5114 genere
1610 5049 1733 5104 alle-

179 5127 299 5172 ctus
326 5120 394 5172 sit
424 5123 635 5177 referre
669 5140 772 5176 non
803 5127 1041 5181 omittat.
1069 5131 1190 5186 llznc
1214 5133 1478 5188 Dodwcllo
1510 5137 1731 5206 legenda

174 5219 358 5275 erant,
389 5223 479 5265 aut
509 5217 549 5267 si
580 5231 698 5284 quae
733 5218 883 5286 ﬁdes,
919 5220 1314 5277 dissimulanda
1351 5241 1453 5279 non
1494 5228 1727 5283 fuerant.

173 5299 226 5355 ld
247 5300 296 5354 si
330 5301 568 5370 fecisset,
597 5320 869 5373 nunquam
898 5320 1046 5364 certe
1080 5314 1459 5381 commisisset,
1495 5328 1550 5369 ut
1582 5319 1723 5372 scri-

173 5395 388 5462 psisset,
436 5397 678 5463 proclive
726 5398 987 5468 Gregorio
1036 5404 1339 5458 Turonensi
1395 5408 1559 5462 fuisse
1613 5410 1726 5463 Ire-

171 5501 344 5541 ueum
373 5487 517 5542 inter
543 5500 814 5560 martyres
845 5491 1228 5563 Lugdunenses
1249 5515 1552 5561 recensere,
1584 5505 1723 5570 quod

169 5580 216 5633 in
253 5580 445 5635 eadem
476 5586 872 5650 persecutionis
913 5587 1135 5642 historia
1177 5591 1358 5646 lrenaai
1399 5596 1723 5648 mentionem

1849 4598 2014 4651 mota,
2043 4589 2096 4641 in
2126 4589 2318 4656 capitis
2348 4590 2507 4644 ﬁnem
2539 4592 2675 4645 male
2708 4595 2962 4648 translata
3000 4595 3237 4650 fuerint?
3266 4601 3404 4666 Quin

1846 4681 2028 4744 addat,
2086 4695 2205 4735 esse
2255 4682 2454 4750 alioqui
2520 4684 2623 4737 alia
2675 4701 2794 4754 qua:
2846 4691 3041 4742 merito
3097 4690 3300 4745 faciant
3349 4705 3406 4747 ut

1845 4773 2199 4841 suSpieemur,
2231 4775 2392 4827 verba
2449 4774 2537 4828 illa
2587 4777 2720 4831 adeo
2750 4795 2852 4834 non
2878 4782 3164 4848 scripsisse
3199 4781 3402 4854 Grego-

1843 4864 2004 4927 rium,
2030 4874 2171 4917 utne
2192 4867 2405 4931 quidem
2439 4869 2683 4923 scribere
2707 4874 2983 4937 potuerit?
3011 4875 3260 4930 Fortasse
3293 4893 3395 4930 non

1842 4957 1939 5009 abs
1967 4971 2022 5010 re
2054 4959 2277 5023 veritus,
2310 4960 2683 5027 suspicatusve
2713 4962 2923 5018 fuisset.
2945 4965 3223 5031 Quomodo
3253 4971 3398 5022 enim

1844 5048 1958 5101 ﬁeri
1993 5052 2182 5118 potuit,
2231 5061 2287 5104 ut
2329 5052 2372 5105 is
2415 5054 2506 5121 qui
2564 5053 3000 5123 Lugdunensium
3034 5074 3096 5112 ac
3124 5059 3400 5114 Viennen-

1839 5141 1975 5192 sium
2017 5141 2306 5210 Martyrum
2359 5144 2665 5210 passionum
2707 5145 2952 5199 historias
2988 5150 3038 5201 in
3072 5149 3200 5217 ipsis
3234 5151 3398 5203 fonti-

1838 5233 1936 5286 bus
1969 5233 2186 5302 legerat,
2216 5243 2266 5286 et
2302 5235 2439 5302 apud
2467 5234 2649 5289 Gallos
2681 5238 2910 5291 fideliter
2938 5240 3009 5293 ad
3041 5256 3192 5294 suam
3228 5259 3400 5310 usque

1835 5334 2046 5377 tetatem
2085 5327 2302 5378 retineri
2344 5327 2506 5389 dicit;
2539 5329 2625 5395 qui
2661 5329 2918 5382 lrenzeum
2950 5330 3203 5397 Pothino,
3231 5348 3392 5400 quem

1832 5433 1994 5470 vattt
2031 5419 2359 5486 martyribus
2376 5419 2499 5472 alibi
2535 5433 2879 5484 annumerat,
2903 5426 3230 5479 successisse
3257 5430 3397 5480 seri-

1833 5507 1930 5568 bit,
1961 5509 2156 5576 diuque
2185 5519 2301 5577 post
2334 5525 2474 5574 eum,
2510 5521 2559 5564 et
2608 5514 2656 5565 in
2691 5515 2793 5566 alia
2832 5514 2986 5584 longe
3013 5517 3222 5570 diversa
3267 5536 3388 5587 per--

1831 5598 2104 5652 secutiouc
2155 5603 2467 5670 martyrium
2507 5604 2734 5658 subiisse
2789 5607 2989 5662 diserte
3030 5611 3262 5676 asserit;
3307 5610 3387 5665 sui

255 5761 303 5792 ”
334 5761 507 5833 Grcg.
545 5764 699 5832 Tur.,
734 5766 767 5820 l.
803 5783 818 5821 ι
877 5768 948 5824 De
992 5771 1124 5843 glor.
1164 5785 1345 5843 tnart.,
1382 5793 1424 5833 c.
1464 5779 1549 5843 49,
1592 5778 1677 5845 50,
1717 5794 1763 5849 p.
1800 5779 1919 5845 770,
1967 5781 2092 5838 780.
