4196 6330
794 339 902 394 215

1606 331 2204 392 DISSERTATIONES
2233 332 2534 391 Pii/EVM:
2568 336 2637 392 ΙΝ
2670 338 2922 397 [BENE]
2954 342 3218 400 LIBROS.

3910 341 4013 400 Ilii

793 454 968 524 ipsius
1006 467 1071 508 eo
1097 458 1271 523 usque
1295 450 1518 508 oblitum
1551 450 1743 516 fuisse,
1768 460 1826 505 ut
1848 453 1993 520 ipsos
2025 465 2193 505 sum
2222 465 2359 505 mar-
2385 454 2433 512 Α
2463 455 2715 521 cesserit,
2772 455 3151 513 Praefationem
3204 471 3358 512 novae
3407 455 3653 529 Gregorii
3682 454 4012 515 Turonensis

795 556 966 617 tyres,
992 559 1021 599 e
1052 560 1278 615 quorum
1308 560 1537 600 numero
1565 542 1829 599 Pothinus
1867 542 2055 599 ἰτεηωί
2102 544 2354 599 decessor

792 648 936 702 erat,
972 649 1095 708 post
1152 639 1298 693 hunc
1335 647 1627 694 coronatos
1657 652 1776 693 esse
1806 637 1975 693 velit?
2028 637 2141 692 Hoc
2194 645 2355 691 recta:

794 730 990 784 rationi
1028 739 1137 785 tam
1189 729 1503 785 immaniter
1533 730 1875 793 advers‘atur,
1904 739 1963 783 ut
2007 730 2349 801 gravissimo,

791 820 966 890 qualis
1012 812 1132 877 erat
1179 821 1494 892 Gregorius,
1532 821 1789 892 scriptori
1821 821 1984 877 tribui
2016 821 2163 876 nullo
2193 822 2353 876 modo

791 915 980 981 possit.
1001 912 1161 969 Certe
1201 912 1337 967 male
1360 912 1736 982 interpolatum
1770 912 1934 969 fuisse
1955 921 2158 968 textum
2187 912 2359 984 legiti-

790 1019 898 1071 ma,
919 1005 961 1060 si
979 1017 1376 1075 quamnquam,
1396 1006 1630 1075 suspicio
1646 1014 1751 1071 est,
1773 1008 1973 1061 dumea
2003 1007 2141 1075 apud
2166 1015 2354 1061 aucto-

792 1111 907 1151 rem
920 1098 1153 1167 aliquem
1181 1099 1453 1169 leguntur,
1472 1113 1592 1168 quae
1619 1099 1686 1153 ab
1705 1098 1821 1167 ejus
1846 1099 2113 1154 sententia
2134 1097 2352 1152 aliunde

789 1200 916 1244 ηοω
946 1190 1265 1257 abhorrent,
1310 1190 1747 1261 clarissimisque
1776 1206 1839 1245 ac
1882 1191 2183 1260 perspicuis
2208 1188 2353 1259 ejus—

790 1277 914 1333 dem
953 1278 1133 1335 verbis
1171 1289 1360 1350 aperte
1389 1291 1739 1352 repugnant;
1792 1281 1935 1349 quod
1980 1280 2069 1334 hic
2093 1280 2347 1335 occurrit.

790 1368 1046 1439 Quisquis
1096 1372 1239 1425 enim
1283 1386 1468 1443 aequus
1514 1388 1699 1427 rerum
1750 1358 2067 1438 aestimator,
2096 1371 2351 1441 sepositis

791 1460 1058 1530 tantisper
1084 1461 1339 1518 omnibus
1385 1464 1735 1535 praajudiciis.
1777 1464 2084 1531 posteriora
2113 1462 2229 1517 haec
2258 1476 2350 1516 ca-

787 1552 916 1624 pitis
943 1553 1010 1606 27
1039 1554 1187 1624 (nov.
1240 1554 1399 1625 edit.)
1443 1555 1633 1621 verba,
1674 1554 1802 1613 Post
1845 1559 1981 1609 hunc
2026 1565 2072 1609 et
2115 1554 2349 1623 quadra-

785 1647 931 1715 ginta
992 1656 1106 1700 octo
1153 1658 1426 1717 martyres,
1483 1657 1618 1714 etc.,
1670 1662 1792 1702 cum
1847 1646 2146 1716 prioribus,
2192 1653 2245 1700 et
2286 1646 2350 1702 iis

785 1752 905 1809 quae
930 1738 1027 1794 lib.
1057 1754 1072 1793 ι
1100 1736 1176 1792 De
1203 1740 1372 1808 gloria
1401 1751 1582 1805 mare,
1610 1756 1731 1810 cap.
1770 1739 1841 1794 49
1870 1749 1926 1794 et
1950 1738 2041 1805 50,
2073 1739 2345 1806 leguntur,

783 1827 1037 1886 conferre
1068 1829 1315 1894 voluerit,
1358 1830 1504 1887 nulla
1558 1830 1773 1885 ratione
1802 1830 2096 1885 conciliare
2124 1829 2343 1898 poterit.

783 1917 940 1976 Haud
966 1921 1272 1992 spernenda
1308 1921 1537 1991 proinde
1563 1936 1752 1977 eorum
1779 1920 2116 1989 conjectura,
2166 1920 2255 1988 qui
2282 1932 2345 1972 ea

780 2027 906 2082 qua:
931 2013 1000 2068 de
1028 2013 1429 2081 posterioribus
1456 2014 1583 2069 istis
1606 2012 1937 2084 martyribus
1976 2012 2117 2083 apud
2144 2012 2347 2080 Grego-

782 2106 927 2160 rium
976 2106 1249 2178 legnntur,
1279 2119 1569 2177 perperam
1600 2107 1929 2163 trauslocata
1957 2122 2078 2162 esse
2111 2121 2346 2161 censen-

780 2205 884 2260 tes,
909 2195 1185 2266 jungenda
1215 2197 1655 2268 essevopinantur
1680 2212 1803 2252 cum
1834 2197 1900 2252 iis
1930 2212 2050 2267 quae
2081 2196 2235 2252 initio
2263 2212 2348 2250 ca-

780 2288 912 2357 pitis
937 2278 1253 2343 scribuntur
1281 2288 1347 2343 de
1371 2288 1628 2351 Pothino,
1680 2289 1735 2343 in
1762 2288 1907 2343 hunc
1934 2290 2151 2360 modum
2198 2308 2211 2343 :
2262 2288 2346 2343 Ea:

781 2380 977 2449 quibus
1000 2390 1048 2434 et
1071 2379 1159 2434 ille
1184 2381 1385 2450 primus
1418 2379 1783 2451 Lugdunensis
1813 2379 2061 2435 Ecclesia:
2078 2378 2343 2439 Photinus

778 2464 1049 2547 episcopus
1103 2471 1227 2541 fuit,
1254 2473 1343 2543 qui
1378 2472 1562 2541 plenus
1599 2473 1826 2537 dierum,
1869 2473 2087 2527 diuersis
2125 2474 2345 2543 affectus

777 2563 1073 2637 suppliciis,
1102 2583 1198 2635 pro
1224 2564 1420 2622 Christi
1446 2570 1654 2641 nomine
1679 2582 1866 2638 passus
1894 2579 1993 2623 est.
2044 2568 2175 2623 Post
2208 2569 2344 2623 hunc

777 2666 826 2709 et
858 2656 1214 2726 quadraginta
1245 2669 1362 2711 octo
1408 2669 1666 2728 martyres
1713 2661 1853 2728 passi
1882 2671 2026 2728 sunt,
2062 2677 2124 2715 ea:
2155 2661 2342 2731 quibus

776 2746 1002 2816 primum
1035 2747 1202 2814 fuisse
1228 2747 1447 2817 legimus
1484 2749 1710 2805 Vettium
1742 2750 2060 2821 Epagatum.
2093 2752 2345 2807 Beatissi-

776 2850 893 2891 mus
928 2852 1049 2890 uero
1088 2836 1326 2891 [renisus
1375 2839 1535 2907 hujus
1574 2856 1846 2896 successor
1891 2842 2140 2912 martyris
2167 2883 2182 2905 ,
2234 2852 2341 2898 etc.

778 2927 869 2983 Sic
916 2929 1136 2997 conjicit
1168 2918 1231 2985 ‘ls
1281 2931 1373 2999 qui
1418 2947 1614 2987 novam
1661 2932 1856 2989 Leonis
1904 2933 2079 3004 Magni
2117 2948 2342 3001 operum

776 3020 1069 3075 editionem
1098 3021 1386 3075 adornavit
1412 3022 1497 3077 vir
1524 3023 1891 3088 clarissimus;
1935 3033 1992 3077 at
2031 3025 2170 3093 quod
2199 3026 2339 3080 idem

2453 546 2678 607 editioni
2707 547 3008 616 praelixam,
3030 556 3135 602 art.
3166 548 3220 610 5.
3253 548 3305 603 in
3334 563 3435 616 qua
3464 547 3767 615 hujusmodi
3797 562 3993 618 scrupu

2454 636 2535 689 los
2565 636 2744 702 facile,
2777 654 2876 708 pro
2902 655 2964 694 ea
2996 655 3102 710 qua
3133 640 3427 709 praestabat
3465 638 3786 705 eruditione,
3814 639 4008 695 exemit

2454 740 2645 784 noster
2678 731 2779 802 piae
2807 732 3487 788 memoriae'Theodericus
3527 730 3771 787 Rulnart.
3813 728 3921 785 Sed
3954 739 4015 787 ut

2454 829 2512 874 ut
2542 820 2610 875 sit
2648 819 2714 875 de
2756 821 3035 892 proposita
3078 822 3239 877 modo
3282 820 3624 891 conjectura,
3670 829 3789 876 esto
3813 819 4015 891 Grego-

2454 915 2567 970 rius
2616 928 2679 968 ea
2727 914 3018 985 scripserit
3073 930 3194 986 qua:
3223 918 3288 971 de
3336 929 3503 971 xtvnt
3540 913 3871 986 martyribus
3895 922 4015 986 post

2450 1002 2640 1059 lrenaei
2668 1005 2990 1075 martyrium
3027 1005 3324 1073 leguntur,
3367 1006 3647 1059 memoriae
3679 1003 3863 1074 lapsus
3889 1002 4012 1068 erit,

2451 1104 2507 1151 et
2532 1096 2621 1153 hic
2646 1097 2827 1167 gravis
2853 1097 3097 1169 quidem.
3128 1098 3209 1154 Au
3238 1113 3369 1154 vero
3390 1098 3514 1167 quia
3544 1098 3804 1151 memoria
3831 1094 4015 1165 lapsus

2450 1198 2532 1245 est
2559 1191 2611 1244 in
2639 1190 2823 1261 aliquo
2846 1192 3082 1261 scriptor
3111 1191 3326 1260 aliquis,
3353 1191 3481 1246 huic
3507 1189 3804 1261 aﬂingenda
3828 1186 4013 1244 statim

2452 1281 2627 1336 aliena
2652 1282 2929 1337 sententia
2947 1297 3110 1351 quam
3138 1280 3253 1351 ipse
3279 1281 3481 1337 diserte
3509 1281 3742 1351 respuit?
3772 1281 3853 1335 An
3881 1281 4013 1350 quia

2453 1374 2507 1428 in
2536 1373 2726 1443 capitis
2753 1374 2857 1429 line
2882 1373 3118 1442 paucula
3164 1373 3431 1441 quaedam
3463 1381 3517 1429 et
3560 1371 3811 1428 intricata
3844 1374 4012 1428 verba

2450 1462 2728 1519 subtexuit
2776 1462 3097 1533 Gregorius,
3145 1462 3251 1517 alia
3284 1477 3406 1532 quae
3453 1463 3733 1533 perspicua
3783 1471 3913 1517 sunt
3959 1470 4016 1517 et

2452 1563 2662 1623 aperta,
2691 1570 2758 1609 ex
2799 1553 3051 1609 obscuris
3094 1552 3203 1608 illis
3250 1552 3591 1623 explicanda,
3622 1560 3679 1608 et
3704 1552 3770 1605 ad
3801 1568 3892 1616 ea,
3931 1552 4019 1607 in-‘

2450 1644 2561 1699 vito
2596 1660 2660 1699 ac
2695 1645 3002 1699 reluctante
3029 1653 3277 1709 auctore,
3312 1643 3577 1699 violenter
3606 1641 4013 1712 detorquendai

2451 1736 2506 1791 Si
2536 1736 2609 1791 ita
2637 1737 2731 1803 sit,
2760 1750 2928 1791 novas
2948 1736 3174 1793 critices
3197 1734 3432 1806 regulas,
3458 1733 3736 1791 veteribus
3768 1737 4016 1807 antiqua-

2450 1829 2519 1883 tis
2547 1836 2753 1884 statuat
2779 1827 3107 1884 Dodwellus.

2519 1920 2611 1975 40.
2644 1919 2919 1975 llautenus
2945 1920 3086 1975 dicta
3114 1918 3513 1983 demonstrant,
3547 1932 3666 1976 eam
3710 1920 3822 1990 jam
3857 1935 3886 1975 s
3914 1935 4016 1977 sas-

2448 2010 2570 2067 culo
2603 2010 2793 2081 quinto
2822 2018 2936 2064 toto
2967 2010 3102 2065 orbe
3158 2009 3458 2066 invaluisse
3509 2012 3862 2078 sententiam,
3907 2012 4019 2068 lre-

2449 2117 2633 2157 nteum
2675 2116 2778 2171 pro
2825 2100 3143 2157 Christiana
3198 2101 3301 2157 ﬁde
3352 2101 3701 2157 dimicantem
3757 2112 4014 2160 necatum

2448 2192 2639 2258 fuisse,
2669 2180 2904 2261 eamque
2932 2190 3075 2244 haud
3104 2206 3295 2260 parum
3324 2192 3456 2245 tutis
3486 2191 3585 2246 niti
3625 2191 4015 2261 fundamentis,

2449 2299 2570 2356 quae
2629 2299 2736 2340 non
2805 2284 2910 2339 nisi
2955 2282 3208 2339 futilibus
3264 2285 3627 2354 argumentis,
3693 2285 4019 2356 frivolisque

2444 2377 2774 2449 coniecturis
2824 2377 2935 2448 peti
2984 2376 3175 2448 possit.
3230 2374 3478 2449 Martyrii
3528 2375 3693 2446 hujus
3724 2377 4015 2435 memoriae

2444 2473 2587 2529 diem
2628 2471 2697 2527 38
2730 2469 2874 2525 Junii
2902 2471 3197 2527 solemnem
3237 2479 3559 2526 consecrant
3585 2469 3766 2527 Latini
3793 2485 4017 2542 omnes,

2444 2564 2621 2620 Graeci
2652 2577 2782 2619 vero
2812 2562 2883 2617 25
2904 2562 3153 2633 Augusti.
3178 2560 3389 2631 Corpus
3419 2560 3537 2630 ejus
3564 2560 3811 2635 Gregorii
3839 2562 4020 2621 Turo-

2444 2658 2632 2714 nensis
2657 2656 2705 2689 "
2740 2664 2903 2712 aetate
2954 2653 3241 2709 miraculis
3267 2654 3683 2710 celeberrimum
3730 2657 3784 2710 in
3824 2666 4018 2727 crypta

2449 2748 2682 2801 basilica:
2715 2745 2867 2801 Beati
2901 2745 3125 2801 Joannis
3151 2744 3245 2798 sub
3274 2742 3434 2799 altari
3473 2746 3730 2814 sepultum
3757 2748 4017 2816 quiesce.-

2445 2840 2537 2894 hat
2560 2855 2576 2904 ;
2624 2840 2687 2893 ab
2724 2854 2827 2893 uno
2854 2840 3063 2908 quidem
3091 2840 3255 2896 latere
3282 2840 3624 2911 Epipodium,
3651 2841 3717 2894 ab
3746 2840 3855 2894 alio
3884 2856 4017 2897 vero

2449 2931 2808 2985 Alexandrum
2839 2942 3119 3001 martyrem
3147 2933 3462 2987 tumulatum
3491 2932 3704 2987 habens.
3738 2932 3843 2987 Sed
3862 2956 3863 2960 η
3884 2931 4018 2988 Cal-

2452 3022 2670 3076 vinistaa
2699 3038 2843 3077 anno
2868 3022 3034 3090 1562,
3066 3033 3226 3094 capto
3276 3023 3563 3096 Lugdune,
3595 3026 3797 3079 amenti
3823 3025 4020 3083 furore

776 3113 1135 3167 resecandum
1163 3113 1325 3169 vellet
1353 3123 1524 3170 totum
1566 3114 1765 3185 capitis
1792 3114 1975 3179 (inerit,
2007 3116 2184 3171 abhis
2215 3132 2337 3171 ver-
2364 3129 2407 3188 ο
2439 3116 2630 3189 perciti
2674 3114 2732 3171 S.
2787 3118 3045 3189 martyris
3089 3118 3392 3190 sepulcrum
3440 3117 3582 3174 l'cede
3632 3118 4017 3183 violaverunt;

773 3202 878 3265 bis,
912 3200 1258 3279 Beatissimae
1285 3220 1403 3259 vero
1431 3204 1459 3260 I
1469 3220 1691 3271 remeas,
1718 3216 1850 3274 etc.,
1900 3218 1967 3262 eo
1992 3209 2135 3277 quod
2166 3217 2335 3263 totum

774 3292 952 3361 ipsum
979 3305 1144 3366 caput
1168 3297 1222 3351 in
1250 3312 1384 3353 mss.
1417 3298 1740 3367 quibusdam
1763 3299 2045 3355 codicibus
2073 3300 2251 3367 desit;
2282 3302 2334 3357 in

776 3374 1252 3454 ejussentimtiam
1285 3386 1593 3444 concedere
1619 3402 1727 3443 non
1754 3403 1999 3457 possum.
2057 3387 2132 3443 Ne
2159 3400 2337 3447 tamen

774 3484 954 3533 actum
994 3492 1175 3551 agam,
1207 3479 1352 3553 legat
1380 3481 1426 3538 is
1465 3472 1622 3552 quem
1650 3497 1711 3538 ea
1739 3482 1806 3537 de
1834 3497 1892 3537 re
1933 3482 2222 3553 scrupulus
2250 3482 2335 3537 in-

2445 3209 2767 3281 ossihusque
2812 3210 3115 3282 dissipatis,
3164 3213 3359 3283 capitis
3397 3211 3664 3274 cranium,
3715 3221 4018 3280 postquam

2446 3300 2650 3356 diutius
2703 3300 2942 3357 ludibrio
2990 3301 3113 3369 fuit,
3167 3302 3221 3357 in
3291 3303 3470 3358 media
3538 3301 3713 3373 platea
3780 3302 4021 3371 turpiter

2445 3392 2742 3462 projectum
2774 3395 2959 3449 tandiu
2979 3394 3172 3465 jacuit,
3201 3395 3373 3451 donec
3414 3394 3545 3451 hinc
3571 3403 3818 3466 ereptum
3846 3396 4018 3453 hodie

2444 3484 2690 3557 Lugduni
2719 3488 2972 3560 religiose
2994 3499 3334 3545 asservatur.

1962 3791 2626 3885 ARTICULUS
2700 3794 2834 3883 II.

1384 3980 1491 4042 DE
1532 3982 1823 4043 [BEN/EI
1870 3984 2119 4045 LIBRIS
2163 3983 2512 4058 QUINQUE
2553 3985 2960 4049 ADVERSUS
2999 3985 3376 4050 HERESES

850 4307 1034 4383 βίον]
1074 4310 1161 4364 ll.
1206 4307 1295 4375 iis,
1331 4324 1437 4379 quo
1470 4313 1744 4376 potuimus
1775 4310 1974 4375 studio,
2004 4310 2249 4365 collectis
2280 4320 2333 4364 et
2365 4316 2411 4377 D
2438 4310 2614 4366 adhuc
2642 4310 2905 4365 emiserit.
2946 4309 3137 4379 Colligi
3183 4318 3361 4366 tamen
3406 4327 3528 4367 cum
3572 4310 3653 4367 Cl.
3689 4312 3923 4379 Grabio,
3958 4317 4018 4372 in

780 4401 1067 4471 explicatis
1088 4415 1207 4470 quae
1237 4400 1306 4454 ad
1338 4399 1524 4455 lrena:i
1556 4402 1729 4456 nostri
1759 4402 1926 4456 vitam
1954 4413 2006 4456 et
2033 4412 2183 4471 gesta
2216 4417 2337 4472 per-

777 4490 971 4554 tinent,
1018 4502 1196 4558 operaa
1245 4490 1475 4558 pretium
1520 4502 1602 4547 est
1647 4494 1714 4549 de
1752 4495 1870 4563 ejus
1910 4494 2144 4563 scriptis,
2179 4509 2340 4564 quam

779 4590 1034 4636 accurate
1088 4580 1202 4635 fieri
1250 4582 1461 4651 poterit,
1494 4583 1780 4640 disserere.
1818 4584 1979 4639 Plura
2016 4586 2232 4654 reliquit
2258 4588 2341 4639 vir

772 4677 1107 4745 apostolicus
1141 4676 1361 4744 ingenii,
1390 4678 1601 4744 pietatis
1634 4695 1696 4732 ac
1722 4680 1840 4742 zeli,
1868 4695 1975 4749 quo
2011 4694 2107 4747 pro
2146 4678 2338 4731 tuenda

775 4763 1049 4819 catholica
1107 4763 1211 4819 ﬁde
1256 4764 1500 4820 fervebat
1560 4767 1912 4822 monimenta.
1972 4768 2078 4822 Sed
2130 4766 2333 4821 nullum

773 4857 1016 4926 antiquis
1049 4857 1302 4912 omnibus
1347 4859 1535 4929 majori
1586 4859 1641 4913 in
1675 4863 1873 4928 pretio,
1906 4861 2212 4930 smpiusque
2268 4862 2336 4916 ab

770 4949 842 5004 iis
871 4950 1097 5005 citatum
1122 4950 1245 5015 fuit,
1276 4967 1437 5021 quam
1476 4953 1735 5007 eximium
1772 4955 1900 5008 illud
1924 4972 2057 5023 opus
2086 4956 2137 5009 in
2171 4957 2329 5025 quin-

770 5053 875 5104 que
914 5039 1079 5097 libros
1130 5041 1383 5107 divisum,
1436 5044 1579 5113 quod
1629 5045 1890 5099 adversus
1940 5044 2331 5099 Guosticorum

764 5129 1006 5187 haereses
1051 5132 1411 5199 elucubravit,
1443 5136 1695 5205 quodque
1727 5135 1900 5191 solum
1950 5153 1977 5190 a
2024 5146 2331 5208 temporum

769 5221 1041 5278 edacitate
1088 5235 1261 5281 tutum
1302 5228 1564 5281 hactenus
1614 5230 1838 5283 mansit.
1886 5228 2125 5282 Primum
2187 5229 2328 5282 hunc

766 5317 955 5371 lrentei
987 5316 1153 5372 fetum
1186 5333 1306 5374 esse
1341 5320 1553 5389 vulgata
1596 5321 1781 5389 Opinio
1808 5329 1924 5384 est;
1962 5336 2085 5373 nam
2131 5323 2244 5389 ipse
2274 5320 2326 5375 in

768 5408 1092 5466 Praefatione
1128 5412 1245 5465 libri
1288 5412 1447 5479 primi
1504 5421 1752 5478 testatur,
1800 5427 1857 5467 se
1902 5414 2176 5467 scribendi
2227 5429 2325 5468 usu

765 5504 1125 5557 exercitatum
1156 5520 1259 5559 non
1292 5520 1429 5566 esse.
1471 5522 1567 5559 nec
1594 5506 1808 5560 dicendi
1843 5517 2015 5559 artem
2060 5506 2327 5570 coluisse;

766 5596 907 5664 quod
941 5595 1213 5651 hominem
1250 5598 1427 5666 arguit
1454 5599 1542 5666 qui
1570 5598 1724 5662 nihil,
1753 5607 1839 5651 aut
1871 5613 2038 5666 pauca
2066 5600 2115 5652 in
2153 5600 2327 5652 lucem

843 5777 888 5807 "
930 5776 1050 5832 Lib.
1100 5785 1116 5833 i
1180 5777 1252 5833 De
1296 5778 1435 5849 glor.
1476 5789 1660 5839 mart..
1693 5794 1739 5835 c.
1777 5779 1867 5835 50.

2443 4401 2871 4470 Prolegomeuis,
2905 4412 3062 4468 posse
3104 4400 3319 4456 videtur
3350 4416 3416 4455 ex
3462 4402 3559 4459 lib.
3590 4419 3675 4471 tu,
3706 4418 3833 4474 cap.
3864 4405 3915 4470 7,
3956 4423 4016 4460 n.

2444 4495 2497 4561 1,
2540 4495 2815 4564 quidpiam
2868 4494 3014 4549 aliud
3061 4505 3219 4549 antea
3256 4497 3542 4565 scripsisse
3582 4497 3871 4554 Irenaeum.
3921 4498 4021 4555 Ait

2439 4590 2582 4645 enim
2616 4604 2673 4643 se
2704 4604 2772 4643 ex
2801 4590 2980 4642 multis
3014 4601 3061 4643 et
3098 4589 3224 4643 alibi
3254 4590 3543 4644 ostendisse
3573 4590 3727 4645 Pauli
3774 4606 4020 4647 consue-

2443 4682 2680 4736 tudinem
2727 4695 2846 4736 esse
2890 4680 3205 4751 hyperbatis
3268 4681 3364 4737 uti.
3421 4682 3496 4737 De
3542 4696 3609 4738 eo
3653 4691 3836 4737 autem
3896 4682 4019 4738 fre-

2442 4773 2627 4842 quenti
2673 4772 3018 4826 Paulinorum
3074 4772 3500 4843 hyperbatorum
3554 4788 3653 4828 usu
3707 4789 3776 4828 ne
3839 4776 4021 4831 verbo

2442 4866 2656 4934 quidem
2688 4873 2882 4919 tractat
2903 4866 2955 4919 in
2988 4865 3196 4920 duobus
3222 4865 3654 4935 praecedentibus
3687 4864 3866 4934 libris,
3894 4867 4021 4923 imo

2440 4972 2539 5013 nec
2570 4958 2622 5012 in
2654 4957 3026 5027 sequentibus.
3061 4957 3377 5028 Quempiam
3414 4956 3582 5027 igitur
3605 4956 3771 5012 alium
3802 4965 4020 5015 tracta-

2440 5064 2550 5107 tum
2593 5055 2739 5121 prius
2766 5051 2998 5107 edidisse
3031 5052 3267 5117 videtur,
3318 5052 3371 5105 in
3415 5066 3524 5122 quo
3555 5050 3621 5106 de
3652 5052 3737 5106 his
3766 5066 3833 5107 ex
3874 5068 4016 5114 pro-

2440 5147 2585 5198 fesso
2613 5144 2805 5212 egerit.

2512 5235 2602 5288 42.
2633 5236 2679 5267 ⁸⁸
2710 5234 2993 5291 Scrihendi
3028 5251 3157 5290 vero
3184 5235 3311 5290 dicti
3338 5236 3519 5305 Operis
3547 5246 3734 5290 contra
3764 5234 4018 5293 haereses

2440 5328 2634 5397 duplex
2668 5344 2833 5383 causa
2878 5328 2995 5383 fuit.
3029 5328 3214 5382 Altera
3242 5339 3297 5382 ut
3339 5344 3546 5383 morem
3577 5337 3793 5399 gereret
3819 5331 4018 5387 amico

2440 5421 2677 5485 cuidam,
2716 5420 2809 5490 qui
2846 5421 3099 5489 precibus
3130 5435 3249 5474 eum
3299 5435 3364 5474 eo
3406 5430 3610 5489 egerat,
3640 5430 3699 5474 ut
3742 5420 4017 5477 abstrusa

2445 5511 2712 5567 Valentini
2766 5513 3151 5583 discipulorum
3188 5496 3465 5582 mysteria,
3502 5512 3731 5567 necdum
3782 5527 3811 5565 a
3858 5529 4013 5583 quo-

2439 5618 2600 5670 quam
2647 5603 2777 5658 satis
2824 5602 3114 5674 explicata,
3171 5601 3461 5659 manifesta
3514 5602 3614 5658 sibi
3657 5602 3894 5671 faceret,
3946 5620 4017 5661 ac

1958 5781 2000 5812 "
2044 5780 2208 5848 lren.,
2240 5780 2396 5837 Praef.
2429 5782 2519 5835 lib.
2556 5795 2593 5834 ι.
