4196 6330
213 368 301 425 217

765 366 1221 430 DISSERTATIO
1253 366 1319 435 ll,
1358 364 1521 426 ΛΒΤ.
1557 364 1621 433 ΙΙ,
1658 366 1747 421 DE
1778 364 2036 423 18b3le
2067 364 2291 422 LlBBlS
2324 364 2481 423 ADV.
2522 360 2884 422 HERESES.

3346 360 3452 419 218

217 488 359 544 simul
383 502 540 543 arma
572 488 941 555 ministraret,
987 486 1183 557 quibus
1216 484 1330 540 haec
1376 499 1621 541 errorum
1651 498 1778 554 por—
1806 491 1853 544 Α
1881 494 1939 539 ut
1988 491 2188 538 retecta
2238 480 2419 550 lupina
2469 479 2643 535 facies
2671 480 2952 535 horrorem
2986 478 3130 533 veris
3158 477 3445 533 incuteret.

219 588 351 635 tenta
393 578 838 636 confoderentur.
886 579 1019 646 Quis
1060 576 1227 631 fuerit
1268 576 1478 632 amicus
1526 575 1638 641 ille,
1687 584 1775 629 ta-

223 680 362 726 cente
401 670 637 738 lreumo,
671 668 781 725 dici
822 684 929 726 non
958 676 1153 739 potest.
1186 668 1433 723 Graecum
1468 676 1645 722 tamen
1678 669 1780 723 ho-

222 763 411 818 minem
443 761 617 816 fuisse
638 774 707 816 ex
741 775 806 815 eo
831 761 1081 830 coniicio,
1116 760 1258 828 quod
1285 759 1473 814 Graece
1497 758 1780 818 scripserit
1808 803 1819 812 .

220 855 469 918 lrenzens,
499 862 561 907 ut
593 853 822 909 inferius
846 853 1119 922 probabo;
1152 852 1289 911 alias
1317 851 1508 906 Latine
1542 851 1780 921 scriptu-

222 959 330 1007 rus,
370 945 419 999 si
452 945 506 1004 in
549 945 731 1004 Latini
779 945 1012 1017 gratiam
1051 944 1389 1021 scripsisset.
1444 943 1597 999 Adde
1630 943 1779 1014 quod

220 1032 421 1088 Graecis
472 1034 786 1105 regionibus
829 1034 987 1104 longe
1038 1034 1307 1102 infestior,
1352 1048 1517 1104 quam
1567 1034 1779 1092 Latinis

220 1139 429 1195 semper
468 1125 640 1181 fuerit
677 1124 971 1191 Valentini,
1014 1136 1442 1196 caaterorumque
1491 1125 1781 1183 Gnostico-

222 1235 338 1275 rum
373 1218 508 1283 lues.
552 1219 876 1289 Episcopum
917 1222 1081 1275 etiam
1142 1220 1309 1275 fuisse
1360 1221 1635 1291 suspicor,
1688 1229 1783 1276 aut

222 1309 450 1378 aliquem
479 1310 530 1364 in
560 1309 711 1366 clero
740 1311 1231 1383 conspicuum,_qui
1264 1309 1472 1380 plebem
1504 1328 1649 1368 curae
1672 1328 1782 1371 suae

220 1400 588 1456 concreditum
618 1400 863 1457 haberet.
900 1400 1015 1456 Huc
1049 1402 1236 1457 saltem
1274 1402 1412 1456 trahi
1444 1416 1602 1470 posse
1636 1402 1784 1477 vide-

222 1500 307 1545 tur
333 1492 476 1560 quod
508 1495 585 1546 ait
615 1492 848 1547 Irenaus
872 1494 942 1559 ”,
974 1492 1095 1547 ideo
1132 1507 1189 1547 se
1222 1508 1426 1547 morem
1467 1493 1641 1547 amico
1662 1508 1786 1560 ges-

220 1581 451 1645 sisse.ut
476 1594 528 1636 et
552 1581 667 1651 ipse
694 1598 908 1654 quoque
925 1584 1413 1653 portentuosissima
1441 1594 1489 1637 et
1519 1584 1781 1639 altissima

221 1674 469 1743 mysteria
516 1688 850 1742 cognoscens.
889 1690 949 1729 ea
1000 1674 1240 1729 omnibus
1289 1676 1371 1730 Itis
1425 1676 1516 1746 qui
1562 1693 1679 1731 cum
1724 1693 1784 1731 eo

219 1774 385 1825 erant,
411 1765 548 1818 πᾶσι
567 1766 682 1828 τοῖς
716 1765 851 1836 μετὰ
887 1764 1003 1831 σοῦ,
1030 1766 1313 1834 manifesta
1337 1766 1551 1835 faceret,
1574 1777 1623 1821 et
1651 1783 1786 1835 prae-

221 1857 413 1921 eiperet
431 1854 507 1907 eis
544 1833 819 1909 obiereare
862 1872 913 1909 se
942 1872 974 1907 a
1003 1833 1269 1923 profundo
1312 1833 1712 1922 insensationis,
1737 1868 1785 1911 et
1817 1833 1860 1889 Β

219 1944 331 2013 ejus
363 1961 481 2015 quae
521 1956 597 2000 est
627 1948 682 2002 in
713 1946 877 2001 Deum
912 1946 1399 2015 blasphemationis.
1433 1947 1569 2003 Hinc
1600 1959 1788 2018 postea

220 2035 474 2091 eumdem
524 2046 731 2104 monet,
774 2048 834 2091 ut
875 2053 975 2102 pro
1018 2053 1080 2092 ea
1133 2054 1237 2107 qua
1272 2038 1415 2092 valet
1452 2039 1786 2106 eruditione,

219 2143 335 2196 quce
365 2126 598 2183 invalide
621 2128 789 2184 relata
819 2139 965 2196 sunt,
984 2139 1218 2200 potenter
1256 2141 1457 2184 asserat
1485 2131 1551 2185 iis
1583 2132 1673 2201 qui
1702 2149 1788 2187 se-

220 2238 337 2275 cum
368 2231 533 2287 sunt;
568 2222 1214 2295 subministrationemque
1254 2225 1358 2278 sibi
1386 2225 1567 2281 datam
1617 2227 1790 2297 efﬁca-

219 2314 349 2368 citer
378 2315 597 2386 reliquis
627 2318 913 2383 ministret,
950 2325 1238 2374 secundum
1269 2322 1497 2392 gratiam
1524 2338 1643 2391 qum
1690 2322 1791 2391 ipsi

219 2425 253 2460 a
284 2407 511 2462 Domino
546 2410 676 2461 data
700 2420 809 2473 est;
837 2421 894 2463 ut
929 2411 1048 2479 jam
1076 2428 1179 2466 non
1210 2412 1591 2466 abstrahamur
1618 2413 1793 2466 Itami-

222 2512 315 2550 κα
360 2514 393 2551 a
438 2496 929 2554 Valentinianorum
986 2502 1231 2558 suadela.
1274 2504 1341 2559 Et
1376 2504 1429 2558 in
1465 2502 1792 2559 Praefatione

220 2586 346 2642 libri
394 2603 470 2653 tv,
507 2591 736 2659 spondet
776 2607 836 2645 se
864 2591 1042 2647 amico
1078 2594 1313 2664 undique
1350 2595 1782 2650 ministraturum

222 2681 524 2745 occasiones
555 2683 624 2735 ad
669 2682 1022 2752 confutandos
1065 2700 1241 2739 omnes
1279 2686 1570 2751 htereticos,
1612 2697 1669 2740 ut
1704 2703 1793 2741 eos

220 2771 525 2827 omnimodo
558 2782 757 2829 retusos
793 2790 895 2829 non
912 2775 1132 2846 longius
1174 2779 1327 2839 sinat,
1351 2778 1405 2832 in
1443 2760 1641 2834 erroris
1666 2795 1793 2847 pro-

220 2863 396 2916 cidere
408 2864 755 2933 profundum,
775 2884 939 2937 neque
955 2868 1272 2938 ignorantia
1289 2869 1573 2939 prtefocari
1588 2871 1791 2941 pelago,

219 2956 313 3006 sed
329 2964 631 3009 consertens
654 2972 741 3009 eos
759 2957 813 3010 in
838 2959 1069 3011 ueritatis
1086 2969 1317 3027 portum,
1336 2959 1500 3026 faciat
1518 2977 1667 3014 suam
1685 2977 1796 3031 per-

219 3044 396 3110 cipere
422 3047 667 3101 salutem.
694 3046 822 3115 Quze
842 3050 933 3115 vix
961 3050 1013 3105 in
1038 3050 1205 3107 alium
1228 3066 1391 3119 quam
1412 3051 1464 3107 in
1482 3052 1794 3123 episcopum

1947 572 2038 628 45.
2069 572 2310 626 Arduum
2332 573 2552 644 quidem
2581 586 2719 641 opus
2744 572 2812 625 ah
2841 568 3046 625 lrenzeo
3070 573 3090 602 ²
3113 578 3447 636 susceptum.

1879 665 2018 735 quod
2051 674 2393 719 tentaverant
2425 665 2689 719 hactenus
2735 663 2941 732 plures,
2981 666 3076 717 sed
3106 678 3296 731 parum
3330 662 3451 716 feli-

1879 755 2038 810 citer.
2086 755 2183 810 Vel
2231 756 2376 810 enim
2426 754 2803 822 indiligentius
2846 754 2895 808 ei
2928 752 3330 817 incumbentes,
3366 751 3449 808 vel

1880 847 2065 903 labore
2106 846 2290 911 fracti,
2341 847 2424 902 vel
2477 846 2678 915 ingenii
2723 845 2841 901 acie
2868 844 3450 913 destituti,portentuo.

1880 941 2090 995 sissima
2114 949 2160 994 et
2191 940 2451 995 altissima
2500 937 2803 1008 iniquitatis
2844 938 3098 1006 mysteria
3155 936 3452 1005 pervadere

1880 1047 1987 1088 non
2018 1040 2342 1099 potuerant,
2376 1031 2649 1085 haeserant
2678 1030 2791 1085 fere
2816 1028 2869 1084 in
2896 1032 3012 1100 ipso
3050 1026 3257 1081 limine.
3289 1024 3449 1089 Eum,

1882 1124 2060 1193 inquit
2099 1123 2189 1179 ille
2219 1122 2263 1189 ³,
2293 1125 2385 1193 qui
2426 1122 2545 1177 velit
2577 1122 2865 1177 haereticos
2893 1127 3216 1183 convertere,
3249 1128 3452 1187 oportet

1881 1216 2155 1286 diligenter
2204 1217 2338 1270 scire
2389 1215 2635 1286 regulas,
2687 1215 2793 1269 sive
2834 1221 3145 1284 argumenta
3192 1212 3449 1280 ipsorum.

1886 1304 1995 1361 Nec
2021 1307 2159 1360 enim
2194 1305 2440 1377 possibile
2477 1315 2553 1360 est
2581 1305 2745 1363 alicui
2790 1321 2979 1360 curare
3008 1307 3267 1374 quosdam
3312 1303 3451 1358 male

1882 1399 2151 1464 habentes,
2183 1399 2273 1467 qui
2306 1398 2513 1468 ignorat
2536 1397 2832 1465 passionem
2864 1411 3044 1449 eorum
3068 1396 3159 1464 qui
3192 1394 3329 1449 male
3358 1409 3452 1448 ua-

1883 1491 2011 1545 lent.
2046 1491 2381 1560 Quapropter
2405 1490 2461 1544 lii
2495 1490 2585 1557 qui
2625 1497 2747 1542 ante
2770 1504 2862 1542 nos
2898 1487 3138 1557 fuerunt.
3174 1486 3457 1555 etquidem

1885 1582 2048 1637 multo
2074 1583 2219 1638 nobis
2244 1580 2501 1646 meliores,
2530 1597 2633 1635 non
2656 1589 2829 1634 tamen
2860 1579 2989 1633 satis
3020 1587 3301 1647 potuerunt
3332 1593 3458 1631 con-

1886 1676 2141 1730 tradicere
2176 1674 2257 1728 his
2288 1674 2377 1743 qui
2411 1683 2528 1727 sunt
2572 1689 2605 1725 a
2655 1670 2950 1734 Valentino,
2991 1671 3115 1741 quia
3146 1670 3457 1739 ignorabant

1887 1766 2123 1837 regulam
2157 1767 2419 1834 ipsorum.
2461 1764 2571 1820 Nec
2609 1764 2846 1819 mirum:
2885 1761 3276 1817 obscurissima
3317 1770 3457 1830 erat,

1890 1859 2061 1931 iisque
2085 1857 2213 1913 solis
2248 1856 2454 1927 pervia,
2494 1857 2692 1926 quibus
2716 1868 2777 1909 ea
2819 1854 3020 1927 ingenii
3051 1855 3221 1916 acies,
3256 1861 3311 1907 ut
3356 1868 3459 1909 au-

1889 1951 2042 2021 ciplti
2075 1954 2369 2006 verborum
2404 1950 2613 2005 cortice
2648 1959 2848 2004 tectum
2877 1962 3139 2023 errorem
3163 1946 3462 2017 deprehen-

1890 2044 2023 2099 dere
2051 2052 2295 2113 possent.
2329 2042 2564 2098 lrenaens
2594 2040 2614 2072 δ
2646 2056 2779 2097 vero
2809 2040 2875 2095 ad
2920 2040 2972 2095 id
3017 2040 3199 2110 operis
3226 2038 3463 2096 accessit

1889 2152 1950 2192 ea
1988 2135 2292 2205 diligentia,
2328 2135 2654 2205 sagacitate,
2702 2132 3018 2199 dogmatum
3071 2131 3459 2187 haereticorum

1892 2228 2113 2292 notitia,
2143 2228 2467 2295 ceterisque
2498 2224 2713 2280 dotibus
2743 2224 3066 2287 instructus,
3100 2223 3299 2292 quibus
3329 2220 3463 2278 illud

1892 2319 1957 2373 ad
1984 2320 2189 2374 exitum
2216 2318 2446 2374 feliciter
2471 2319 2814 2389 perduceret.
2843 2315 3001 2382 Nam,
3025 2316 3342 2387 perquisitis
3362 2314 3466 2373 Vs-

1893 2410 2079 2466 lentinl
2126 2410 2516 2478 discipulorum
2565 2408 2972 2464 commentariis
3016 2423 3082 2462 ac
3123 2406 3315 2474 libris,
3364 2421 3465 2464 eos

1893 2511 2146 2556 accurate
2185 2500 2405 2564 evolvit,
2450 2509 2505 2555 et
2552 2515 2675 2558 cum
2720 2498 2997 2554 nonnullis
3041 2514 3228 2555 eorum
3272 2498 3462 2568 pedem

1892 2592 2144 2655 contulit,
2192 2601 2514 2662 tantumque
2565 2591 2813 2662 improbo
2858 2590 3045 2647 labore
3096 2600 3151 2646 et
3191 2589 3466 2647 indefesso

1894 2685 2072 2739 studio
2112 2682 2313 2748 effecit,
2346 2692 2427 2748 ut,
2474 2683 2751 2754 dissipatis
2777 2683 3039 2749 tenebris,
3072 2698 3207 2753 quas
3229 2683 3466 2739 artiﬁcio

1894 2777 2259 2848 simulationis
2303 2775 2503 2833 eruditi
2554 2776 2824 2841 homines,
2853 2774 3129 2847 pestiferae
3172 2775 3463 2841 sententiae

1892 2871 2233 2938 effuderant,
2287 2879 2347 2926 ut
2380 2872 2629 2927 incautos
2658 2870 2953 2939 deciperet,
2985 2885 3105 2925 eam
3136 2871 3465 2942 perceperit,

1894 2974 2318 3035 perceptamque
2365 2966 2586 3020 demum.
2628 2965 2681 3019 in
2736 2965 2914 3020 lucem
2965 2963 3273 3033 protulerit.
3316 2963 3468 3031 Satis

1896 3066 2017 3112 erat
2046 3058 2113 3112 ad
2161 3058 2309 3112 illam
2357 3056 2601 3112 funditus
2646 3056 3019 3113 evertendam.
3057 3056 3231 3120 Nam,‘
3262 3066 3321 3110 ut
3347 3056 3468 3130 ipse

223 3138 582 3203 conveniunt,
626 3140 719 3209 qui
765 3142 1036 3197 scribendi
1083 3142 1545 3213 prOcurationem,
1592 3152 1653 3198 ut
1696 3143 1789 3199 lib.
1822 3165 1864 3222 α
1899 3151 1976 3204 ait
2005 3151 2051 3216 ⁸,
2097 3150 2332 3205 amicum
2385 3149 2685 3219 alloquens,
2719 3149 2971 3204 adversus
3005 3166 3093 3203 eos
3129 3149 3349 3205 victoria
3389 3156 3469 3204 est

221 3245 290 3296 ιι,
316 3246 439 3300 cap.
475 3230 565 3296 i7,
588 3247 644 3286 η.
673 3234 728 3297 l,
760 3232 1001 3302 loquitur
1028 3242 1216 3289 auctor
1238 3247 1444 3301 noster,
1479 3235 1654 3290 amico
1693 3251 1794 3291 suo

218 3321 435 3377 Irenaeo
470 3323 791 3379 crediderit.
827 3322 963 3378 Sunt
1006 3326 1099 3395 qui
1132 3327 1366 3381 amicum
1412 3326 1562 3392 illum
1605 3336 1797 3396 putent

221 3411 398 3470 fuisse
450 3414 733 3471 Turibium
781 3414 1101 3472 Toletanum
1150 3419 1488 3490 episcopum,
1545 3418 1794 3474 Patruini

220 3504 511 3574 cujusdam
553 3522 960 3575 successorem;
1017 3511 1344 3566 auctoritate
1384 3510 1506 3565 freti
1552 3510 1793 3566 Pseudo-

222 3603 442 3667 Dextri,
479 3604 548 3658 ad
581 3619 672 3657 an.
704 3602 903 3658 Christi
938 3604 1063 3669 185,
1094 3606 1236 3660 istud
1268 3606 1671 3671 asseverantis;
1702 3604 1793 3661 sed

222 3692 373 3746 nulla
418 3692 546 3747 huic
576 3693 868 3749 fabulatori
904 3694 1060 3749 fides.
1098 3696 1284 3750 Altera
1318 3694 1594 3751 scribendi
1629 3711 1793 3752 causa

222 3781 351 3845 fuit,
381 3792 439 3837 ut
458 3783 855 3839 Mareosiorum
883 3785 1101 3850 haeresi,
1122 3786 1517 3843 Valentinianus
1536 3788 1794 3857 germini,

223 3888 353 3945 quae
402 3874 454 3927 in
501 3873 787 3937 Celticam,
818 3889 911 3929 seu
961 3874 1331 3931 thodanenses
1373 3880 1608 3948 regiones
1655 3879 1794 3934 clam

224 3966 503 4034 irruperat
548 3965 618 4027 ’³.
667 3976 1005 4031 occurreret,
1048 3967 1358 4036 malumque
1407 3971 1461 4024 in
1512 3970 1632 4039 ipso
1674 3981 1797 4025 ortu

225 4055 544 4112 suﬂ‘ocaret.
574 4057 654 4114 Eo
682 4058 1044 4125 periculosius
1071 4069 1211 4126 erat,
1253 4076 1364 4131 quo
1411 4061 1646 4130 majores
1677 4078 1798 4118 mu-

224 4147 427 4203 lierum
456 4151 761 4219 praesertim
788 4151 1069 4220 cupiditati
1098 4162 1151 4206 et
1174 4153 1475 4208 curiositati
1514 4154 1798 4210 illecebras

224 4241 552 4311 objiciebat,
580 4242 957 4312 difﬁciliusque
989 4245 1258 4313 imperitis
1298 4257 1417 4300 erat
1446 4261 1574 4301 oves
1603 4261 1632 4301 a
1659 4247 1800 4315 lupis

224 4334 581 4399 discernere;
616 4350 740 4388 cum
782 4336 993 4390 illarum
1026 4351 1215 4390 vocem
1259 4346 1311 4392 et
1358 4338 1550 4407 pellem
1597 4341 1797 4409 passim

224 4426 642 4481 aemularentur.
675 4428 720 4459 ”
753 4426 987 4483 Maxime
1017 4430 1156 4483 enim
1188 4429 1327 4483 circa
1357 4431 1604 4485 mulieres
1643 4448 1799 4488 vaca-

1894 3244 2167 3299 sententic
2232 3259 2413 3297 eorum
2463 3242 2843 3311 manifestatio.
2900 3242 3229 3309 Quapmpter
3290 3242 3470 3299 conati

1894 3349 2074 3387 sumus
2100 3349 2193 3388 nos
2218 3334 2518 3387 universum
2546 3334 2684 3387 male
2723 3334 3027 3403 composita:
3056 3333 3342 3402 vulpecula!
3367 3334 3472 3388 Itu-

1888 3416 1977 3486 jus
2001 3419 2371 3487 corpusculum
2408 3420 2464 3473 in
2492 3420 2733 3475 medium
2760 3422 3069 3490 producere,
3103 3430 3153 3475 et
3182 3438 3275 3491 per
3302 3432 3351 3478 te
3381 3422 3470 3492 fu-

1895 3524 2011 3562 cere
2053 3510 2418 3579 manifestum.
2458 3510 2584 3566 1am
2630 3513 2769 3566 enim
2816 3529 2919 3567 non
2966 3512 3146 3568 multis
3194 3530 3323 3583 opus
3368 3516 3471 3571 erit

1895 3601 2221 3654 sermonibus
2254 3601 2321 3654 ad
2364 3600 2694 3655 evertendam
2726 3602 3024 3657 doctrinam
3058 3588 3261 3671 eorum,
3297 3606 3472 3660 mani-

1898 3688 2086 3757 festam
2118 3690 2357 3752 omnibus
2399 3690 2620 3760 factam.
2655 3691 2808 3759 Quod
2856 3694 3072 3763 egregia
3115 3694 3471 3750 similitudine

1899 3779 2135 3835 illustrat
2162 3780 2263 3850 (α).
2292 3778 2745 3849 Quemadmodum
2778 3782 2957 3838 bestia:
2986 3784 3217 3854 alicujus
3261 3785 3315 3841 in
3340 3785 3471 3841 silua

1900 3870 2245 3936 abscondita,
2292 3882 2340 3926 et
2390 3873 2513 3927 inde
2561 3876 2810 3939 impetum
2864 3875 3131 3944 facientis,
3179 3886 3228 3932 et
3277 3877 3472 3934 multos

1899 3964 2177 4027 vastantis,
2203 3965 2293 4033 qui
2325 3975 2560 4035 segregat
2602 3974 2648 4019 et
2680 3966 2911 4020 denudat
2948 3968 3156 4032 silvam,
3189 3979 3237 4023 et
3283 3970 3352 4024 ad
3396 3971 3475 4025 ui-

1898 4041 2096 4108 sionem
2124 4056 2350 4109 adduxit
2383 4058 2551 4123 ipsam
2581 4056 2772 4127 feram,
2796 4058 2913 4128 jam
2942 4076 3045 4114 non
3081 4060 3370 4117 elaboravit
3402 4064 3473 4119 ad

1899 4146 2234 4214 capiendam,
2266 4149 2498 4203 videntes
2523 4152 2767 4221 quoniam
2792 4169 2853 4206 ea
2887 4154 3001 4223 fera
3040 4153 3156 4223 fera
3192 4164 3308 4221 est;
3346 4156 3473 4227 ipsis

1900 4238 2033 4291 enim
2063 4239 2210 4294 adest
2240 4240 2410 4294 uidere
2446 4250 2493 4295 et
2523 4258 2702 4296 cavere
2734 4244 2955 4311 impetus
2996 4244 3133 4313 ejus,
3165 4256 3211 4301 et
3234 4248 3473 4321 jaculari

1866 4328 2171 4397 'undique,
2232 4339 2281 4383 et
2339 4330 2617 4386 vulnerare
2668 4344 2714 4387 et
2778 4335 3072 4404 interﬁcere
3131 4340 3473 4397 vastatricem

1904 4416 2111 4491 [XCVI]
2144 4420 2292 4475 illam
2323 4423 2560 4480 bestiam.
2599 4424 2690 4480 Sic
2733 4436 2780 4481 et
2825 4428 2998 4495 nobis,
3032 4446 3151 4485 cum
3199 4434 3255 4486 in
3296 4436 3472 4503 mani-

226 4518 358 4573 bant
390 4526 730 4573 veteratores
762 4518 857 4584 illi,
893 4520 1041 4575 circa
1088 4520 1380 4575 ditissimus
1428 4524 1796 4591 potissimum,

1904 4510 2090 4581 festum
2115 4513 2462 4584 redegerimus
2480 4532 2661 4571 eorum
2678 4518 2985 4574 abscondita
3009 4531 3057 4575 et
3079 4524 3220 4591 apud
3236 4541 3290 4578 se
3308 4526 3473 4583 tacita

225 4624 464 4679 quarum
496 4624 602 4663 non
636 4624 835 4678 paucas
859 4607 973 4678 jam
1008 4610 1359 4675 seduxerant,
1389 4628 1525 4667 vana
1567 4616 1798 4684 prophe-

227 4701 326 4754 tiae
368 4698 811 4769 sublimiorisqne
857 4701 1099 4756 scientiae
1130 4714 1225 4772 spe
1257 4704 1495 4759 delusas.
1534 4704 1550 4735 ⁸
1585 4704 1801 4763 Veritus

224 4805 366 4859 ergo
393 4791 775 4845 sanctissimus
801 4793 903 4858 vir,
937 4808 1000 4847 ne
1041 4792 1178 4863 forte
1217 4804 1267 4848 et
1322 4812 1439 4848 cum
1475 4812 1570 4851 suo
1606 4799 1798 4853 delicto

226 4882 566 4949 abriperetur
596 4896 759 4936 sexus
794 4894 986 4952 suapte
1015 4893 1209 4939 natura
1254 4869 1607 4955 imbecillior,
1627 4906 1690 4947 ac
1719 4891 1803 4945 in-

226 4979 360 5023 nata
391 4968 495 5023 sibi
530 4970 713 5025 indole
757 4972 1046 5037 curiosior,
1078 4984 1135 5029 et
1180 4990 1303 5030 cum
1337 4991 1401 5031 eo
1447 4986 1501 5032 et
1542 4994 1641 5048 per
1675 4997 1798 5036 eum

225 5062 579 5130 simpliciores
620 5064 836 5131 quidam
867 5067 1017 5137 quasi
1058 5084 1176 5124 oves
1215 5086 1247 5123 a
1277 5068 1452 5139 lupis;
1502 5073 1801 5143 ignorantes

226 5170 347 5217 eos,
381 5164 589 5222 prapter
622 5156 851 5210 exterius
883 5157 1033 5211 ovilis
1072 5160 1223 5228 pellis
1260 5165 1797 5235 superindumentum,

226 5264 260 5299 a
311 5246 502 5314 quibus
550 5263 729 5301 cavere
757 5250 1087 5304 denuntiavit
1125 5254 1272 5307 nobis
1302 5255 1576 5318 Dominus,
1605 5260 1798 5313 similia

222 5338 448 5407 quidem
467 5338 611 5392 nobis
637 5340 925 5409 loquentes,
940 5342 1222 5398 dissimilia
1244 5362 1362 5400 vero
1387 5348 1693 5415 sentientes;
1712 5368 1800 5405 ne-

224 5430 526 5485 cessarium
545 5432 695 5484 duxit
718 5430 922 5485 larvam
948 5435 1253 5503 personatis
1276 5437 1467 5493 ovibus
1488 5439 1796 5511 detrahere,

341 5586 384 5617 ”
416 5585 519 5653 Id.,
552 5586 685 5642 ibid.

769 5587 815 5619 "
849 5587 965 5643 Lib.
1001 5605 1041 5655 ι,
1075 5603 1129 5644 c.
1164 5589 1253 5654 15,
1284 5608 1340 5645 n.
1370 5591 1424 5646 5.

222 5656 334 5711 Μ).
370 5673 452 5713 tv.

544 5656 567 5689 ι
609 5658 713 5722 ld.,
753 5658 907 5726 nam,
941 5658 1035 5713 lib.
1071 5675 1109 5713 ι.

301 5815 385 5886 (α)
431 5814 565 5873 Vide
594 5832 715 5889 quae
747 5820 1052 5878 amavimus
1089 5819 1142 5876 in
1175 5821 1317 5881 hunc
1345 5824 1542 5884 locum.

1532 5594 1577 5627 θ’
1605 5594 1706 5661 ld.,
1741 5597 1899 5665 ibid.,
1930 5615 1985 5656 η.
2017 5599 2073 5655 5.

1200 5662 1221 5693 ⁸
1258 5660 1361 5729 ld.,
1393 5664 1487 5718 lib.
1531 5682 1570 5731 ι,
1608 5660 1727 5738 cap.
1767 5660 1897 5737 ult.,'
1934 5687 1987 5725 n.
2020 5671 2073 5726 4.

1903 4605 2288 4677 ηιυειενὶαήαηι
2319 4624 2422 4661 non
2448 4610 2547 4663 erit
2580 4614 2931 4666 necessarium
2978 4614 3158 4670 multis
3202 4617 3473 4677 destruere

1904 4711 2081 4750 eorum
2104 4700 2433 4755 sententiam.
2456 4701 2548 4756 His
2573 4711 2749 4757 tamen
2776 4719 2878 4759 non
2895 4716 3183 4763 contentus
3202 4707 3260 4764 S.
3282 4709 3474 4768 doctor

1902 4802 2022 4842 eam
2066 4788 2253 4845 fusiori
2285 4791 2426 4864 stylo
2455 4794 2786 4863 exagitavit,
2818 4797 3143 4867 penitusque
3174 4799 3467 4857 subvertit.

1904 4881 2185 4953 Oppressit
2211 4898 2342 4939 vero
2373 4885 2713 4955 argumentis
2741 4882 3100 4958 undequaque
3124 4890 3469 4960 conquisitis,

1905 4992 1970 5032 ac
1992 4978 2186 5047 petitis
2202 4978 2360 5032 sivea
2387 4978 2599 5033 ratione
2625 4978 2764 5049 ipsa,
2788 4982 2903 5037 sive
2942 4998 2971 5037 a
3015 4983 3200 5040 divina
3232 4988 3474 5043 auctori-

1907 5079 2057 5125 tate:
2093 5085 2158 5124 eo
2190 5084 2442 5125 successu
2472 5072 2557 5126 cui
2584 5073 2718 5127 satis
2762 5087 2859 5141 pro
2896 5076 3093 5132 merito
3129 5076 3386 5146 plaudere
3409 5094 3471 5137 se

1909 5176 2015 5215 non
2046 5176 2203 5232 posse
2238 5171 2498 5231 putarunt
2535 5173 2769 5231 veteres,
2803 5176 2996 5234 putant
3026 5176 3083 5223 et
3115 5168 3469 5232 recentiores.

1909 5256 2217 5325 quicunque
2237 5256 2496 5312 Irenaeum
2520 5273 2583 5312 ea
2601 5274 2705 5329 qna
2727 5275 2825 5330 par
2852 5262 3112 5316 estanimi
3142 5262 3471 5331 attentione,

1908 5354 2073 5417 atque
2104 5348 2362 5419 aequitate
2389 5349 2594 5421 legunt.
2621 5349 2831 5421 Ubique
2863 5354 3008 5407 enim
3039 5354 3338 5424 suspiciunt
3372 5357 3472 5411 bo-

1907 5441 2107 5497 minem
2136 5442 2351 5514 ingenio
2372 5443 2671 5513 praestanti,
2693 5454 2853 5513 atque
2874 5444 3181 5502 eruditione
3206 5446 3466 5516 perfecta.

2167 5600 2183 5633 ³
2211 5601 2366 5661 Praef.
2403 5602 2498 5659 lib.
2532 5619 2569 5657 ι.
2670 5604 2689 5633 ’
2720 5601 2819 5667 ld.,
2857 5601 2985 5660 ibid.
3082 5602 3102 5635 ³
3130 5600 3233 5671 Id.,
3283 5601 3467 5671 Prtef.,
