4196 6330
765 317 872 375 219

1571 314 2164 377 DISSERTATIONES
2196 320 2496 377 ΡΒᾸΞἮΑΞ
2538 321 2602 378 ΙΝ
2640 318 2896 378 ΙΒΕΝᾹΕΙ
2928 322 3192 383 LIBROS.

3892 324 3997 386 220

767 438 1177 510 Scripturarum
1204 451 1483 494 sacrarum
1510 438 1767 506 scientia,
1794 454 1857 494 ac
1881 441 2197 495 venerandae
2224 452 2329 497 tra-i
2353 450 2400 505 Α
2430 451 2752 514 argumento
2782 443 3082 513 peregrinis
3106 444 3409 499 videantur.
3446 442 3706 515 Quisquis
3729 444 3988 504 irenaeum

765 529 990 584 ditionis
1021 528 1217 583 notitia
1249 528 1381 583 nulli
1428 530 1750 593 secundum,
1779 531 1969 597 virum,
2010 543 2066 586 ut
2095 533 2170 587 ait
2198 535 2327 604 Epi-

767 621 1001 691 phanius
1022 620 1065 688 ⁸,
1096 621 1308 675 omnino
1341 622 1574 691 Spiritus
1600 624 1770 677 sancti
1799 623 1950 679 donis
1978 626 2329 681 instructissi-

767 729 929 779 mum,
963 731 1025 769 ac
1054 714 1345 769 aetatibus
1389 718 1730 783 ornamentis,
1764 732 1816 772 ut
1845 719 1919 773 ita
1967 720 2214 786 dixerim,
2256 721 2326 776 ad

762 814 1030 859 certamen
1066 814 1394 875 perunctum,
1439 808 1531 878 qui
1575 809 1793 864 sincera:
1828 812 1953 879 ﬁdei
1996 828 2055 866 ac
2094 812 2326 879 scientia:

763 895 1027 964 praesidiis
1069 897 1249 951 omnia
1285 898 1648 955 Ita'reticorum
1694 903 2006 970 prostravit,
2044 905 2326 975 evertitque

774 988 1083 1055 mendacia;
1115 1005 1223 1045 uno
1250 992 1438 1058 verbo,
1471 994 1648 1049 virum
1682 997 2062 1065 apostolicum,
2104 1005 2325 1066 aposto-

762 1077 940 1134 iorum
978 1082 1193 1151 spiritu,
1237 1082 1340 1139 fide
1382 1094 1438 1139 et
1475 1087 1743 1143 cbaritate
1793 1090 2034 1159 plenum,
2059 1090 2148 1159 qui
2189 1104 2325 1159 quos

763 1187 831 1228 ex
855 1172 986 1241 ipsis
1009 1188 1146 1243 pene
1168 1172 1404 1229 fontibus
1426 1175 1685 1232 hauserat
1706 1194 1864 1248 puros
1886 1194 2052 1235 sacrae
2068 1181 2326 1235 doctrina:

764 1261 976 1331 latices,
1003 1281 1168 1336 puros
1197 1266 1253 1321 in
1285 1267 1507 1336 scriptis
1548 1267 1764 1336 effudit;
1800 1280 1856 1324 et
1891 1271 2109 1343 quidem
2143 1287 2204 1325 ea
2234 1287 2325 1327 co-

765 1356 879 1427 pla,
926 1365 983 1412 ut
1023 1358 1223 1413 mirum
1272 1359 1344 1414 sit
1372 1368 1450 1416 tot
1477 1371 1534 1416 et
1577 1371 1745 1428 tanta,
1777 1371 1996 1433 tamque
2040 1363 2324 1433 multiplici

762 1450 1067 1508 eruditione
1104 1467 1418 1524 conspersa,
1471 1471 1575 1510 non
1624 1457 1762 1512 adeo
1808 1471 2003 1527 magno
2051 1454 2326 1512 volumine

749 1531 1157 1615 Comprehendi
1194 1548 1459 1618 potuisse.

833 1657 925 1715 ιι.
946 1659 1161 1717 Accidit
1180 1670 1383 1727 tamen,
1410 1662 1603 1729 fateor,
1626 1672 1703 1729 ut,
1732 1664 1856 1720 dum
1882 1672 2181 1723 sententias
2200 1683 2326 1738 pre-

758 1751 861 1806 mit
895 1750 1155 1818 lrenaeus,
1190 1751 1455 1810 obscurus
1494 1755 1763 1811 interdum
1790 1759 2007 1813 evadat.
2049 1761 2154 1815 Sed
2185 1762 2264 1816 sic
2293 1776 2321 1815 a

759 1852 954 1899 natura
990 1857 1303 1916 comparata
1345 1858 1473 1901 sunt
1514 1847 1726 1918 ingenia
1762 1849 1989 1905 fecunda
2020 1869 2033 1905 :
2069 1867 2188 1906 cum
2224 1868 2321 1923 pa-

760 1950 887 1992 rere
908 1933 1168 1993 festinant
1185 1939 1326 2007 quod
1351 1941 1580 1995 ubertim
1607 1943 1788 1997 animo
1811 1958 2128 2013 concepere,
2158 1946 2322 2000 verba

762 2031 1116 2101 conceptibus
1163 2047 1306 2102 saepe
1350 2049 1454 2089 non
1501 2035 1851 2104 respondent.
1900 2036 2124 2092 Accedit
2154 2038 2325 2095 altera

757 2121 1107 2179 obscuritatis
1161 2140 1358 2189 causa,
1407 2141 1577 2197 eaque
1614 2126 1731 2183 fere
1784 2129 2088 2199 praecipua,
2140 2144 2323 2186 rerum

760 2214 1033 2281 videlicet,
1053 2217 1119 2271 de
1137 2219 1333 2288 quibus
1350 2220 1675 2283 disserebat,
1694 2220 1983 2278 difficultas
2003 2231 2056 2277 et
2073 2222 2323 2278 sublimi-

760 2315 864 2364 tas.
900 2306 1070 2363 Totus
1112 2317 1198 2364 est
1249 2310 1302 2365 in
1350 2311 1616 2367 rimandis
1662 2313 2046 2369 Gnosticorum
2079 2314 2322 2381 arcanis,

756 2398 1319 2469 reconditioribusque
1354 2415 1542 2455 eorum
1573 2405 1826 2458 sensibus
1855 2404 2145 2469 eruendis;
2179 2412 2324 2461 totus

756 2498 842 2545 est
889 2491 942 2546 in
984 2490 1308 2562 dissipandis
1339 2493 1649 2551 vanissimis
1687 2497 1990 2566 quibusque
2035 2498 2324 2553 luxurian-

759 2576 894 2632 tium
956 2590 1008 2634 et
1062 2582 1587 2651 captiosissimorum
1646 2584 1989 2652 ingeniorum
2056 2587 2321 2655 argutiis,

756 2669 1028 2740 rebusque
1062 2673 1264 2727 divinis
1302 2674 1671 2743 explicandis;
1711 2690 1818 2744 quo
1849 2676 1984 2731 nihil
2013 2678 2323 2734 abstrusius

754 2770 814 2817 et
837 2764 1123 2819 sublimius
1147 2767 1373 2835 cogitari
1396 2777 1593 2838 potest.
1617 2760 1716 2824 Vix
1744 2780 1919 2824 autem
1950 2768 2065 2824 ﬁeri
2085 2777 2321 2839 poterat,

760 2862 821 2909 ut
847 2857 934 2927 qui
964 2861 1281 2931 versabatur
1309 2863 1359 2914 iu
1400 2863 1659 2928 ejusmodi
1705 2862 1997 2917 salebrosis
2040 2878 2323 2934 argumen-

759 2950 849 3016 tis,
882 2965 909 3004 a
949 2952 1097 3006 nullo
1138 2954 1397 3009 hactenus
1450 2955 1551 3009 nisi
1583 2970 1771 3023 parum
1804 2954 2037 3009 feliciter
2075 2956 2320 3026 tentatis,

752 3056 817 3096 ea
858 3043 936 3098 sic
979 3055 1359 3113 pertractaret,
1391 3048 1520 3115 quin
1574 3046 1866 3101 lectoribus
1912 3049 2139 3102 insuetis
2182 3047 2323 3103 labo-

2428 533 2640 603 assequi
2666 533 2833 604 cupit,
2853 532 3037 589 lrenaei
3062 534 3290 599 vestigia
3314 542 3547 603 premat,
3565 532 3789 605 ejusque
3819 535 3989 593 libros

2426 639 2492 681 eo
2546 625 2737 680 ordine
2770 640 2878 696 quo
2907 626 3202 697 conscripti
3248 633 3398 691 sunt,
3435 624 3580 697 legat
3611 640 3837 683 necesse
3881 636 3988 683 est.

2493 736 2585 792 45.
2627 735 2697 792 Ut
2730 739 2877 795 enim
2926 738 2980 794 in
3026 736 3361 795 debellandis
3390 738 3688 806 haereticis,
3715 740 3984 796 adversus

2428 842 2565 897 quos
2599 844 2750 884 arma
2792 831 3112 900 capessebat
3153 828 3213 884 S.
3260 830 3471 895 doctor,
3506 829 3694 886 ordine
3725 831 3986 901 procede-

2415 930 2534 984 -ret,
2584 922 2949 977 necessarium
2994 921 3099 977 sibi
3146 923 3379 993 putavit,
3416 932 3471 978 et
3514 923 3710 979 merito
3743 923 3986 993 quidem.

2427 1012 2754 1068 sententiam
2810 1028 2996 1068 eorum
3046 1016 3358 1070 accuratius
3386 1031 3548 1087 quam
3596 1025 3756 1071 antea
3782 1014 3985 1080 fuerat,

2425 1117 2714 1174 exponere.
2737 1104 2782 1158 A
2800 1103 3193 1161 Valentiniauis
3216 1118 3396 1163 autem
3423 1107 3705 1163 exordium
3730 1107 3984 1177 sumpsit,

2423 1203 2477 1249 et
2502 1196 2554 1250 in
2583 1194 2635 1250 id
2668 1195 3005 1265 potissimum
3037 1196 3299 1262 incubuit,
3333 1206 3389 1251 ut
3415 1213 3602 1254 eorum
3635 1197 3984 1270 hypothesitn

2423 1288 2615 1357 majori
2642 1290 2854 1343 caneris
2880 1302 3011 1343 cura
3052 1288 3382 1351 explicatam
3411 1288 3588 1356 daret,
3619 1297 3732 1343 tum
3762 1287 3893 1359 quia
3916 1299 3983 1342 ea

2424 1386 2580 1431 erant
2607 1378 2766 1433 amici
2811 1377 2894 1431 sui
2934 1387 3081 1443 vota,
3133 1386 3243 1431 tum
3272 1380 3401 1448 quia
3448 1378 3500 1433 in
3550 1393 3668 1433 eam
3710 1377 3986 1441 haeresim,

2423 1468 2573 1522 velut
2609 1468 2662 1522 in
2698 1468 2994 1534 sentinam,
3038 1468 3414 1525 conﬂuxerant
3465 1469 3697 1525 aliarum
3739 1469 3985 1525 omnium

2423 1559 2645 1627 sordes;
2673 1570 2730 1617 et
2753 1561 2874 1615 ideo
2902 1560 2953 1615 in
2983 1561 3123 1618 hanc
3148 1577 3337 1618 omnes
3364 1562 3479 1618 fere
3504 1562 3649 1619 vires
3684 1562 3981 1628 convertit,

2425 1659 2577 1704 ratus
2617 1664 2678 1704 ea
2726 1650 2893 1705 semel
2928 1650 3096 1721 probe
3127 1660 3253 1708 nota
3305 1662 3360 1707 et
3409 1660 3704 1723 prostrata.
3757 1661 3989 1708 caeteras

2425 1750 2573 1797 stare
2621 1756 2725 1796 non
2778 1755 2957 1812 posse.
3015 1742 3147 1798 Cum
3201 1758 3329 1800 vero
3382 1744 3525 1799 inter
3579 1742 3989 1799 Valentinianos

2424 1846 2614 1888 omnes
2650 1833 2855 1902 primas
2905 1834 3063 1889 facile
3110 1844 3358 1892 tenerent
3407 1844 3464 1891 et
3508 1836 3839 1892 asseclarum
3888 1851 3988 1890 ntr-

2425 1936 2607 1986 mero,
2661 1935 2716 1978 et
2762 1924 3031 1995 indigesta
3084 1926 3398 1995 dogmatum
3447 1928 3795 2000 omnigenum
3845 1926 3991 1983 male

2425 2016 2527 2071 sibi
2554 2015 2943 2071 cohaerentium
2971 2015 3264 2088 farragine,
3298 2028 3352 2074 et
3378 2020 3619 2090 projecta
3647 2034 3992 2090 propugnan-

2425 2106 2559 2162 tium
2587 2107 2811 2162 audacia
2841 2116 2893 2163 et
2916 2111 3224 2165 temeritate
3250 2110 3585 2167 Ptolemaitte
3622 2122 3676 2168 et
3703 2112 3989 2179 Marcosii,

2424 2198 2590 2268 hique
2616 2198 3027 2270 Lugdunensem
3064 2210 3315 2269 tractum,
3347 2200 3435 2256 cui
3464 2212 3694 2271 praeerat
3726 2201 3991 2270 fremens,

2426 2290 2688 2346 infestare
2735 2292 3065 2361 coepissent;
3112 2292 3165 2347 in
3213 2307 3403 2349 eorum
3455 2293 3776 2363 explicanda
3812 2295 3992 2365 hypo-

2428 2383 2566 2439 thesi
2615 2384 2819 2439 diutius
2852 2384 3173 2440 immoratus
3200 2393 3305 2451 est,
3342 2394 3527 2455 utpote
3576 2386 3630 2439 in
3677 2400 3838 2454 quam
3868 2394 3988 2440 tota

2423 2476 2547 2531 belli
2579 2475 2751 2531 moles
2794 2476 3111 2532 incumbere
3157 2476 3409 2533 debebat.
3437 2476 3547 2533 Sed
3575 2477 3700 2546 quia
3738 2476 3991 2533 Valenti-

2428 2568 2576 2623 niani
2606 2582 2798 2624 omnes
2826 2568 3021 2623 callide
3053 2567 3407 2623 dissimulatis
3447 2568 3726 2638 probrosis
3750 2583 3993 2624 avorum

2426 2661 2758 2727 nominibus,
2791 2660 2920 2715 illud
2953 2662 3335 2717 Gnosticorum
3364 2661 3466 2715 sibi
3505 2662 3789 2730 superbius
3829 2676 3997 2717 arro-

2377 2750 2381 2755 ’
2424 2753 2655 2822 gabant;
2686 2763 2743 2807 ut
2768 2768 2953 2807 eorum
2984 2753 3371 2823 impudentiam
3400 2754 3699 2821 castigaret
3721 2753 3991 2818 fremens,

2424 2861 2486 2898 ac
2537 2846 2695 2899 simul
2748 2846 2995 2900 haeresim
3045 2859 3075 2900 a
3126 2844 3403 2900 radicibus
3460 2846 3583 2901 imis
3629 2846 3993 2913 convelleret,

2424 2938 2669 2993 ostendit
2697 2953 3038 2994 communem
3065 2940 3308 2992 omnium
3337 2948 3615 3010 parentem
3646 2953 3767 2996 esse
3800 2939 3992 2995 Simo-

2423 3046 2545 3086 nem
2566 3025 2944 3100 Magum,illud
2974 3030 3264 3101 impietatis
3287 3042 3592 3086 monstrum
3616 3033 3797 3102 potius
3819 3047 3993 3101 quam

756 3148 869 3188 rem
899 3147 1109 3190 crearet
1149 3137 1263 3205 ipsa
1298 3140 1603 3209 argumenti
1643 3141 1877 3205 novitas,
1913 3141 2099 3208 reique
2126 3140 2315 3195 innata
2348 3151 2388 3207 ρ
2426 3121 2937 3190 bomincm,acujus
2962 3121 3045 3176 vel
3067 3124 3285 3177 nomine
3301 3123 3994 3180 abborrebantChristiani

755 3223 1064 3281 difficultas.
1123 3226 1193 3282 Ut
1244 3230 1374 3283 nihil
1413 3230 1502 3284 hic
1553 3232 1728 3285 dicam
1761 3232 1825 3285 de
1864 3232 2096 3287 barbara
2125 3232 2315 3286 Latina

757 3318 1230 3386 interpretatione,
1284 3335 1405 3390 quae
1456 3324 1759 3391 perSpieuis
1809 3340 1875 3378 ex
1930 3339 1987 3378 se
2037 3326 2321 3378 sententiis

754 3410 1111 3465 densissimas
1139 3427 1283 3482 szepe
1310 3413 1507 3482 sat-pius
1534 3413 1760 3469 offundit
1792 3418 2059 3482 tenebras,
2086 3418 2318 3485 imperiti

756 3503 1098 3572 interpretis,
1130 3521 1234 3559 non
1280 3510 1522 3563 auctoris
1562 3501 1754 3577 ipsius,
1785 3508 1936 3562 vitio.
1992 3509 2048 3563 Si
2102 3509 2222 3576 quis
2253 3519 2322 3561 ta-

757 3608 880 3649 men
927 3595 1047 3649 libri
1101 3598 1259 3665 primi
1295 3600 1465 3665 spinis
1545 3600 1958 3667 haudquaquam
1996 3600 2318 3665 deterritus,

754 3696 881 3739 etim
909 3694 1163 3739 accurate
1194 3686 1403 3755 legerit,
1440 3689 1620 3757 ibique
1650 3693 1891 3755 exposita
1933 3691 2317 3744 Gnosticorum

755 3776 1005 3846 dogmata
1083 3786 1290 3832 attente
1342 3782 1634 3834 meditatus
1688 3780 1849 3833 fuerit
1922 3781 2318 3851 (diliicultatem

754 3865 899 3922 forte
942 3868 1194 3923 levabunt
1245 3879 1356 3923 tum
1410 3880 1609 3925 nostra:
1657 3873 1707 3923 in
1744 3872 1886 3925 hunc
1926 3872 2123 3925 librum
2161 3884 2320 3939 notrc,

756 3969 868 4011 turn
897 3972 957 4013 ea
989 3976 1148 4029 quam
1190 3962 1241 4015 in
1272 3961 1443 4016 lucem
1496 3963 1799 4018 emittimus
1827 3965 1892 4017 de
1937 3964 2318 4021 Gnosticorum

756 4050 1039 4119 hypothesi
1069 4054 1439 4121 dissertatio),
1496 4056 1539 4108 is
1605 4056 1730 4109 huic
1782 4058 2055 4111 constabit
2118 4057 2321 4111 laboris

753 4140 989 4206 fructus,
1046 4155 1102 4197 ut
1154 4143 1267 4199 fere
1318 4148 1555 4209 nullum,
1618 4161 1705 4203 aut
1744 4151 1899 4219 longe
1951 4151 2212 4203 minorem
2268 4151 2319 4201 in

754 4234 1064 4289 evolvendis
1090 4247 1142 4290 et
1172 4237 1529 4305 iutelligendis
1556 4242 1767 4295 caeteris
1818 4240 2129 4309 experiatur
2168 4256 2180 4291 :
2214 4239 2321 4291 imo

759 4341 830 4381 ex
885 4330 1276 4382 sententiarum
1325 4332 1625 4399 gravitate,
1678 4342 2119 4402 argumentorum
2163 4332 2214 4385 vi
2267 4340 2319 4384 ct

760 4417 1020 4485 eliicacia,
1054 4429 1237 4489 totque
1287 4432 1503 4491 tamque
1552 4426 1808 4491 praeclare
1849 4426 2113 4479 dictorum
2160 4425 2322 4479 subli-

2422 3229 2611 3269 omnes
2636 3233 2650 3281 ;
2680 3216 2842 3284 idque
2877 3215 3077 3269 invicte
3104 3216 3442 3271 demonstrat
3469 3231 3537 3272 ex
3569 3218 3821 3272 continua
3842 3216 3994 3289 Magi

2419 3305 2564 3359 illius
2591 3306 2981 3375 discipulorum
3010 3308 3075 3361 ad
3112 3304 3522 3364 Valentinianos
3555 3323 3724 3378 usque
3752 3323 3996 3367 succee-

2421 3400 2598 3463 sione,
2626 3400 2977 3468 omniumque
3005 3399 3056 3453 in
3088 3399 3278 3453 iisdem
3308 3400 3652 3471 dogmatibus
3686 3403 3998 3472 corruptis-

2423 3492 2681 3560 simisque
2731 3493 2972 3547 moribus
3011 3492 3416 3547 consensione:
3449 3507 3571 3548 cum
3619 3494 3722 3549 hoc
3771 3478 3994 3550 'tantum

2423 3584 2755 3645 discrimine,
2789 3584 2929 3653 quod
2966 3584 3030 3637 ad
3060 3582 3377 3651 explicanda
3408 3593 3647 3639 veterum
3676 3597 3997 3642 commenta

2423 3693 2607 3733 secum
2650 3686 2956 3746 pugnantes
2982 3675 3335 3745 posteriores,
3366 3676 3471 3729 alia
3500 3677 3619 3732 aliis
3658 3680 3997 3736 absurdiora

2424 3772 2723 3826 finxisseut.
2754 3771 2885 3826 Cum
2909 3773 2973 3825 sit
3021 3771 3203 3839 igitur,
3238 3766 3414 3836 inquit
3443 3771 3485 3836 ⁷,
3525 3774 3772 3835 adversus
3805 3790 3997 3829 omnes

2424 3867 2695 3920 haereticos
2719 3866 2935 3921 detectio
2961 3875 3113 3935 atque
3135 3868 3396 3922 convictio
3422 3867 3569 3920 varia
3591 3877 3639 3921 et
3666 3866 3999 3935 multifaria,

2423 3969 2470 4013 et
2500 3960 2645 4013 nobis
2676 3960 3001 4027 propositum
3041 3968 3116 4014 est
3158 3961 3396 4014 omnibus
3423 3961 3491 4014 iis
3524 3960 3809 4021 secundum
3838 3962 4001 4028 ipso-

2426 4069 2539 4104 rum
2576 4052 2880 4105 charactere
2917 4053 3307 4118 contradicere;
3339 4055 3690 4107 necessarium
3724 4053 3979 4107 arbitrati

2424 4159 2601 4197 sumus
2652 4144 2796 4211 prius
2834 4142 3027 4209 referre
3061 4143 3253 4211 fontem
3297 4154 3343 4196 et
3385 4144 3616 4197 radicem
3666 4159 3868 4210 eorum,
3908 4149 3997 4200 uti

2424 4236 2853 4289 sublimissimum
2894 4236 3125 4303 ipsorum
3174 4231 3400 4303 Bythum
3463 4250 3792 4303 cognoscens,
3831 4235 4000 4289 intel-

2423 4328 2555 4397 ligas
2602 4329 2861 4388 arborem,
2914 4326 2975 4378 de
3030 4341 3133 4394 qua
3182 4325 3512 4393 deﬂuxerunt
3576 4328 3703 4379 tales
3756 4326 3996 4395 fructus.

2424 4418 2559 4473 Tum
2590 4419 2854 4488 explicata
2889 4416 3124 4472 Simonis
3156 4418 3348 4471 haeresi
3378 4418 3649 4472 concludit
3674 4418 3714 4483 ⁸,
3751 4434 3781 4469 a
3814 4417 4000 4471 Simo—

763 4522 953 4567 mttale
990 4524 1041 4567 et
1082 4517 1284 4583 pietate
1312 4517 1643 4584 voluptatem
1676 4534 1779 4570 non
1816 4518 2106 4582 modicam,
2144 4532 2318 4585 Opera:
2353 4494 2397 4552 ί)
2426 4513 2596 4566 niani:
2638 4510 2759 4579 falsi
2792 4510 3014 4562 nominis
3040 4509 3314 4562 scientiam
3349 4510 3611 4577 accepisse
3642 4509 3818 4572 initia,
3849 4509 4000 4562 sicut

762 4608 992 4677 pretium
1039 4610 1249 4661 habeat.
1292 4609 1343 4661 ld
1382 4610 1527 4660 enim
1570 4611 1749 4678 plures
1804 4608 1960 4673 fallit,
2003 4610 2143 4679 quod
2195 4609 2319 4663 libri

761 4699 919 4767 primi
962 4700 1216 4765 lectione,
1258 4702 1399 4770 quod
1434 4704 1641 4755 taedium
1679 4704 1855 4771 pariat
1890 4702 2317 4757 totabsurdissi-

761 4806 971 4847 morum
1010 4794 1320 4861 dogmatum
1352 4798 1639 4861 expositio,
1668 4794 1829 4849 facile
1859 4795 2132 4848 abstinere
2160 4810 2319 4863 posse

759 4893 1053 4953 putantes,
1096 4886 1230 4939 alios
1272 4886 1373 4941 hoc
1430 4888 1629 4941 omisso
1678 4887 1851 4956 legere
1903 4888 2317 4955 prtefestinent:

760 4975 931 5029 sicubi
965 4990 1119 5039 vero,
1155 4977 1297 5046 quod
1328 4992 1467 5045 saepe
1500 4980 1703 5043 evenit,
1736 4980 1993 5044 hzereant,
2025 4978 2235 5047 culpam
2266 4979 2318 5032 in

760 5076 1039 5123 auctorem
1091 5069 1410 5135 conferunt,
1466 5086 1586 5124 cum
1643 5080 1751 5125 tota
1810 5087 1974 5143 penes
2029 5072 2172 5139 ipsos
2226 5071 2317 5127 sit.

761 5164 930 5232 Ecqui
960 5164 1079 5218 libri
1114 5164 1364 5234 polemici
1420 5182 1612 5222 sensus
1638 5167 1829 5234 planus
1872 5184 1935 5222 ac
1977 5166 2152 5221 facilis
2192 5182 2319 5222 eva-

761 5255 891 5312 dere
918 5256 1087 5326 possit
1114 5250 1182 5323 ei,
1214 5271 1372 5325 queui
1412 5272 1623 5322 eorum,
1653 5273 1787 5328 quos
1821 5256 2183 5313 confutandos
2216 5259 2317 5313 sibi

765 5346 1006 5415 suscepit
1034 5356 1242 5412 auctor,
1274 5350 1594 5403 sententiam
1629 5360 1681 5403 et
1716 5350 2050 5417 bypothesim
2080 5348 2320 5404 delibare

766 5439 1002 5510 piguerit
1035 5438 1057 5491 ’ἶ
1095 5440 1225 5493 Cum
1277 5441 1419 5495 enim
1474 5442 1539 5495 ad
1593 5456 1709 5496 eam
1766 5453 2026 5509 perpetuo
2083 5441 2322 5503 alludat,

763 5530 983 5599 jamque
1022 5539 1203 5586 notam
1246 5542 1551 5602 supponat;
1582 5548 1689 5588 non
1724 5534 1919 5587 mirum
1960 5534 2004 5587 si
2046 5534 2162 5602 ipsa
2203 5530 2325 5585 luce

766 5621 1002 5679 clariora
1036 5623 1202 5679 verba
1234 5625 1455 5679 totidem
1490 5626 1778 5697 aznigmata
1807 5626 2100 5681 lectoribus
2136 5625 2189 5679 in
2226 5623 2328 5679 hoc

2423 4622 2486 4658 ea:
2520 4606 2644 4672 ipsis
2674 4603 3041 4657 assertionibus
3070 4620 3248 4657 eorum
3278 4605 3426 4656 adest
3454 4604 3669 4655 discere.
3701 4602 3765 4655 Et
3794 4602 3847 4656 in
3883 4602 4001 4657 line

2424 4696 2546 4749 libri
2595 4694 2778 4763 primi,
2826 4701 2948 4763 post
2996 4696 3263 4747 recensita
3306 4704 3548 4747 veterum
3602 4690 4000 4747 Gnosticorum

2425 4789 2702 4858 dogmata,
2729 4788 2875 4843 addit
2901 4790 2921 4819 ⁹
2942 4804 2955 4840 :
2976 4787 3016 4839 A
3052 4786 3245 4839 talibus
3272 4787 3547 4849 matribus,
3570 4794 3616 4837 et
3647 4786 3909 4853 patribus,
3943 4797 4001 4839 et

2425 4878 2632 4947 proavis
2684 4894 2767 4931 eos
2809 4877 2895 4946 qui
2945 4894 2975 4929 a
3023 4875 3301 4929 Valentino
3354 4875 3476 4941 sint,
3533 4876 3665 4927 sicut
3703 4875 3833 4942 ipsae
3871 4890 4004 4930 sen-

2427 4968 2601 5022 tentia:
2647 4976 2695 5021 et
2749 4966 2943 5036 regula:
2989 4968 3263 5019 ostendunt
3321 4981 3431 5029 eos,
3486 4965 3837 5017 necessarium
3882 4963 4000 5033 fuit

2427 5061 2701 5129 manifeste
2748 5072 2984 5127 arguere,
3028 5067 3075 5111 et
3123 5059 3178 5111 in
3224 5056 3455 5112 medium
3502 5055 3690 5133 aﬂ'erre
3739 5054 4004 5126 dogmata

2425 5153 2672 5223 ipsorum.

2495 5269 2585 5323 46.
2638 5269 2938 5336 Eapropter
2984 5280 3107 5321 cum
3143 5280 3243 5335 per
3290 5252 3796 5319 Valentinianorum
3842 5261 4002 5319 latus

2426 5361 2711 5418 Gnosticos
2760 5373 2947 5413 omnes
2986 5359 3308 5427 transﬁgere
3349 5356 3530 5418 vellet,
3564 5354 3713 5424 aperi
3768 5352 4000 5409 titulum

2428 5454 2725 5522 inscripsit,
2775 5450 3034 5521 Ἔλεγχος
3070 5448 3161 5501 καὶ
3188 5447 3465 5521 ἀνατροπὴ
3502 5448 3598 5518 τῆς
3632 5444 4004 5517 ψευδωνύμου

2430 5545 2699 5615 γνώσεως,
2722 5542 2946 5597 Detectio
2974 5552 3019 5594 et
3050 5542 3243 5595 eversio
3270 5540 3405 5609 falso
3430 5540 3814 5609 cognominatae
3840 5538 4007 5606 agni-

2430 5640 2605 5693 tionis.
2654 5635 2708 5690 id
2751 5635 2862 5705 ipse
2903 5633 3180 5702 conceptis
3212 5633 3391 5688 verbis
3422 5628 3729 5702 testaturjn
3777 5625 4004 5684 Praefa-

855 5806 879 5841 ⁸
920 5804 1063 5863 Her.
1099 5823 1251 5875 xm,
1290 5806 1432 5880 §55.
1506 5806 1525 5837 ⁷
1555 5804 1720 5874 lren.,
1755 5805 1848 5863 lib.
1880 5821 1921 5874 ι,
1953 5820 2003 5861 e.
2036 5803 2129 5873 22,
2161 5820 2216 5859 n.
2256 5802 2311 5859 2.
2386 5802 2405 5834 ⁸
2435 5800 2564 5871 Cap.
2597 5798 2685 5853 ‘23.
2767 5796 2785 5828 ⁸
2819 5794 2946 5865 Cap.
2980 5794 3067 5860 3i,
3100 5807 3154 5846 ιι.
3186 5790 3192 5841 1

2435 5800 2564 5871 Cap.
2597 5798 2685 5853 ‘23.
2767 5796 2785 5828 ⁸
2819 5794 2946 5865 Cap.
2980 5794 3067 5860 3i,
3100 5807 3154 5846 ιι.
3186 5790 3238 5846 5.
