4196 6330
198 342 292 400 '22!

765 347 1219 406 DlSSERTATIO
1253 348 1317 415 ll,
1353 350 1513 408 ART.
1550 352 1614 412 ll.
1653 351 1740 406 DE
1769 348 2022 407 ΙΒΕΝΑΞΙ
2058 348 2280 404 LIBRIS
2317 347 2475 404 ADV.
2514 346 2852 404 llERESES

3328 345 3434 401 222

199 461 338 515 tione
371 459 494 517 libri
527 464 798 520 secundi:
835 463 898 518 In
921 467 1090 533 primo
1120 468 1323 535 quidem
1355 469 1508 534 libro,
1535 451 1765 537 quiante
1795 471 1839 528 Α
1869 482 2017 534 vero,
2080 481 2238 537 quem
2297 467 2498 521 imitari
2547 466 2719 520 satius
2765 478 2886 521 esse
2947 465 3221 527 duximus,
3280 465 3424 534 quod

197 553 332 605 hunc
361 561 460 615 est,
496 567 777 622 arguentes
809 556 934 624 falsi
967 561 1192 612 nominis
1217 562 1554 629 agnitionem,
1592 572 1760 614 osten-

197 644 366 698 dimus
383 645 498 708 tibi,
523 646 883 711 dilectissime,
901 631 1051 702 omne
1073 650 1236 703 abhis
1256 653 1344 719 qui
1369 663 1487 704 sunt
1503 670 1534 704 a
1575 651 1761 705 Valen-

198 738 330 802 tino,
358 753 450 807 per
474 739 671 792 multos
699 747 748 792 et
777 742 1066 794 contrarios
1089 744 1270 796 modos
1298 744 1631 796 adinventum
1653 761 1762 799 esse

195 833 591 903 falsiloquium;
618 837 775 889 etiam
805 839 1083 890 sententias
1107 840 1438 908 exposuimus
1470 857 1645 893 eorum
1670 843 1760 910 qui

193 928 389 993 priores
429 928 765 990 exstiterunt,
793 940 896 983 etc.
932 930 986 982 In
1023 931 1123 985 hoc
1152 941 1333 986 autem
1364 934 1497 987 libro
1526 935 1758 989 instrue-

193 1034 307 1070 mus
339 1035 454 1087 qua:
483 1021 632 1074 nobis
661 1032 784 1088 apta
815 1032 958 1085 sunt,
978 1033 1025 1074 et
1047 1039 1163 1090 quae
1186 1026 1439 1090 permittit
1472 1036 1692 1095 tempus,
1711 1039 1760 1083 et

193 1107 424 1180 [XCVII]
465 1121 747 1164 euertemus
771 1128 860 1180 per
883 1128 1069 1182 magna
1089 1114 1324 1180 capituia
1346 1116 1564 1180 fomitem
1597 1134 1751 1188 regu-

190 1203 296 1256 lam
323 1204 577 1271 ipsorum.
617 1203 945 1272 Quam-apter
988 1206 1126 1274 quod
1162 1207 1229 1258 sit
1274 1207 1494 1261 detectio
1525 1220 1570 1262 et
1611 1227 1756 1263 ever-

189 1295 266 1346 sio
292 1296 563 1347 sententia:
605 1295 836 1361 ipsorum
858 1335 873 1358 ,
907 1297 1077 1361 operis
1131 1297 1287 1366 hujus
1325 1299 1757 1368 conscriptionem

186 1386 260 1438 ita
315 1387 664 1439 titulavimus.
706 1387 771 1440 Et
825 1387 876 1440 in
907 1386 1230 1442 Prtefatione
1289 1388 1410 1443 libri
1466 1404 1519 1443 tv
1551 1405 1562 1437 :
1600 1390 1758 1444 lltmc

184 1489 429 1544 quartum
455 1478 671 1541 librum,
714 1479 1078 1545 dilectissime,
1115 1483 1473 1536 transmittens
1515 1484 1608 1536 tibi
1638 1501 1756 1550 ope-

185 1568 259 1620 ris
296 1567 437 1636 quod
473 1567 640 1620 estde
677 1567 967 1621 detectione
1007 1575 1055 1620 et
1095 1569 1363 1621 eversione
1390 1568 1543 1636 falsa:
1576 1573 1754 1640 cogni-

182 1659 361 1721 tionis,
395 1668 503 1712 etc.
543 1658 606 1710 Et
633 1659 682 1710 in
715 1657 955 1724 ejusdem
990 1660 1110 1712 libri
1146 1659 1252 1714 ﬁne
1282 1659 1565 1730 :Reliquos
1598 1663 1757 1730 igitur

179 1765 449 1802 sermones
496 1750 857 1819 Dontiniquos
911 1753 1118 1818 quidem
1169 1768 1271 1804 non
1319 1768 1410 1818 per
1445 1752 1751 1820 parabolas,

179 1841 268 1892 sed
301 1840 614 1907 simpliciter
657 1842 784 1906 ipsis
823 1843 1143 1894 dictionibus
1177 1842 1355 1895 docuit
1397 1843 1460 1895 de
1493 1840 1674 1906 Patre,
1705 1853 1750 1896 et

177 1931 554 1994 expositionem
573 1930 924 1997 Epistolarum
965 1932 1101 1982 beati
1135 1932 1374 1999 Apostoli
1414 1932 1466 1984 in
1492 1933 1661 1986 altero
1687 1933 1753 1985 li-

178 2025 270 2075 bro
308 2026 666 2090 disponentes,
699 2024 957 2092 integrum
981 2024 1076 2076 tibi
1103 2041 1228 2090 opus
1252 2025 1675 2091 exprobrationis
1705 2037 1754 2080 et

175 2116 462 2169 eversionis
512 2115 651 2182 [also
691 2117 1070 2185 cognominata:
1114 2118 1421 2185 agnitionis,
1465 2128 1754 2184 prwstante

174 2205 306 2263 Deo.
328 2209 700 2272 prtebebimus.
723 2209 963 2277 Denique
987 2209 1036 2261 in
1055 2208 1379 2264 Prtelatione
1407 2211 1526 2264 libri
1555 2213 1748 2280 quinti,

174 2297 372 2353 librum
410 2300 548 2352 hunc
579 2299 940 2352 vocatlibrum
979 2303 1221 2370 quintum
1269 2303 1440 2371 operis
1499 2305 1750 2367 universi,

173 2393 317 2459 quod
353 2400 433 2445 est
470 2392 546 2446 De
578 2393 915 2448 traductione
938 2404 984 2446 et
1023 2395 1286 2448 eversione
1317 2396 1452 2464 falso
1489 2399 1751 2465 cognomi-

172 2495 314 2539 nata:
349 2485 658 2552 agnitionis.
707 2481 803 2537 Hic
841 2485 1222 2539 traductionem
1277 2487 1412 2539 dixit
1457 2486 1746 2557 interpres,

176 2580 316 2644 quod
364 2577 529 2644 paulo
571 2585 697 2629 ante
737 2576 1210 2644 exprobrationem,
1256 2578 1382 2632 alibi
1416 2595 1547 2634 vero
1604 2586 1746 2634 dete-

170 2674 398 2726 ctionem
423 2671 611 2730 vertit.
647 2672 773 2739 quia
806 2686 904 2724 vox
929 2671 1170 2741 ἔλεγχος,
1207 2688 1309 2739 qua
1344 2690 1470 2728 usus
1517 2684 1598 2728 est
1636 2676 1741 2730 Ire-

169 2776 340 2824 nzcns,
375 2761 441 2814 iis
468 2759 721 2814 omnibus
761 2761 1086 2828 signiﬁcatis
1118 2764 1347 2830 gaudet;
1384 2765 1475 2837 sed
1505 2768 1746 2820 auctoris

167 2869 333 2923 scopo
362 2854 534 2920 magis
566 2855 841 2923 congruit,
869 2853 1120 2918 Deiectio,
1155 2865 1210 2907 ut
1242 2870 1304 2907 cx
1335 2856 1400 2908 iis
1444 2865 1590 2924 patet
1625 2874 1745 2924 quas

162 2945 275 3013 jam
299 2946 702 3011 diximus.Quin
736 2946 899 3012 igitur
931 2948 972 2999 is
996 2949 1063 3000 sit
1082 2949 1340 3016 genuinus
1362 2949 1620 3003 librorum
1639 2950 1745 3004 lrc-

169 3035 270 3086 mei
301 3035 510 3100 titulus,
535 3051 694 3104 quem
742 3037 899 3088 modo
922 3036 1259 3102 dicebamus,
1285 3054 1557 3106 quemque
1589 3043 1740 3097 initio

1867 571 2160 628 utramque
2188 560 2600 629 inscriptionem
2631 558 2834 626 passim
2891 555 3145 610 usitatam
3184 555 3430 609 animad-

1863 661 2136 714 verteret,
2190 661 2476 719 utramqne
2520 650 2796 719 proposuit
2837 647 3184 716 retinuitque.
3241 646 3432 701 Poste-

1862 740 1992 796 riori
2026 742 2366 796 occasionem
2393 741 2557 796 etiam
2603 740 2817 795 dedisse
2849 739 3101 794 videntur
3141 753 3202 793 ea
3240 736 3428 792 Irenaal

1862 834 2045 898 verba,
2084 848 2204 903 qua:
2237 847 2357 886 mox
2390 831 2703 886 retulimus:
2733 831 2866 885 Cum
2891 832 2960 883 sit
2987 830 3151 901 igitur
3173 831 3425 882 adversus

1860 942 2035 980 omnes
2057 922 2326 979 hwreticos
2355 924 2570 977 detectio
2600 933 2754 992 atque
2773 922 3021 975 convictio
3053 923 3200 976 varia
3222 931 3269 974 et
3291 919 3430 974 mtil-

1859 1019 2064 1082 tifaria,
2100 1027 2145 1070 et
2162 1017 2305 1069 nobis
2331 1016 2652 1085 propositum
2684 1024 2758 1067 est
2780 1014 2847 1067 iis
2881 1014 3120 1067 omnibus
3143 1014 3428 1067 secundum

1857 1111 2090 1178 ipsorum
2137 1108 2440 1160 charactera
2471 1107 2850 1170 contradicere,
2894 1114 2999 1160 etc.
3038 1103 3101 1158 Et
3139 1117 3202 1158 ea
3230 1105 3427 1172 quibus

1860 1200 2057 1254 librum
2086 1215 2138 1252 tv
2163 1197 2412 1253 claudit:
2478 1195 2547 1250 Et
2581 1213 2673 1250 nos
2712 1198 2870 1264 ipsos,
2915 1205 2963 1250 et
2995 1204 3042 1248 te
3096 1194 3165 1249 ad
3215 1202 3428 1247 contra-

1857 1291 2139 1344 dictionem
2179 1290 2413 1344 omnium
2453 1289 2824 1343 haereticorum
2848 1289 2902 1340 in
2933 1286 3156 1356 quinque
3183 1301 3427 1340 exercen-

1859 1389 1932 1435 tes
1962 1381 2129 1435 libris.
2160 1380 2227 1434 Et
2253 1382 2381 1434 hinc
2411 1381 2462 1432 in
2495 1395 2627 1434 mss.
2662 1380 2986 1448 quibusdam
3011 1378 3264 1441 codd.,ut
3292 1377 3429 1432 Vos-

1855 1476 1920 1530 sii
1951 1488 2006 1531 et
2037 1477 2403 1539 Feuardentii,
2442 1475 2696 1544 prteﬁxns
2720 1475 2905 1530 lrenaei
2937 1473 3092 1528 libris
3118 1473 3312 1543 legitur
3338 1472 3428 1527 hic

1857 1567 2078 1621 titulus:
2132 1566 2327 1620 Contra
2367 1583 2542 1620 omnes
2584 1567 2877 1630 htcreticos,
2913 1565 2995 1621 vel
3048 1566 3288 1620 licereses.
3320 1563 3428 1620 Sed

1856 1660 1998 1714 hunc
2034 1660 2266 1720 titulum,
2298 1660 2386 1727 qui
2421 1659 2559 1728 apud
2606 1660 2939 1712 recentiores
2979 1657 3239 1723 obtinuit,
3264 1654 3421 1710 libris

1861 1751 1973 1804 suis
1996 1764 2266 1818 nunquam
2287 1747 2514 1817 pra'ﬁxit
2533 1748 2785 1812 lrenzeus;
2807 1747 2956 1800 illum
2971 1749 3256 1810 duntaxat,
3279 1745 3428 1814 ὲλέγ-

1786 1821 1829 1880 Β
1858 1859 1951 1911 χον
1978 1841 2072 1894 καὶ
2102 1839 2418 1912 ἀνατροπῆς
2454 1841 2553 1910 τῆς
2591 1839 2943 1910 ψευδωνύμου
2987 1839 3259 1907 γνώσεως,
3292 1839 3427 1892 scri-

1857 1933 1995 2002 psit:
2024 1933 2176 2001 isque
2208 1930 2274 1986 ad
2312 1932 2552 1986 auctoris
2592 1946 2814 2000 scopum
2848 1930 3007 2000 longe
3063 1929 3262 1984 melius
3286 1943 3423 1998 qua-

1856 2028 1995 2078 drat.
2030 2024 2141 2077 Duo
2176 2025 2345 2089 enim,
2367 2034 2424 2077 ut
2457 2025 2568 2092 ipse
2604 2034 2788 2078 monet
2817 2023 2868 2076 in
2901 2023 3166 2076 librorum
3201 2035 3421 2076 suorum

1853 2118 2284 2187 pra-rationibus,
2311 2117 2611 2188 praestanda
2654 2119 2755 2172 sibi
2787 2117 3160 2186 proponebat:
3184 2117 3424 2171 alterum

1860 2208 2367 2265 Valcntinianorum
2428 2208 2924 2278 Gnosticorumque
2994 2209 3237 2263 omnium
3296 2223 3424 2263 sen—

1855 2303 2052 2355 tentias
2066 2302 2326 2357 hactenus
2349 2301 2558 2354 abditas
2589 2299 2851 2370 ἐλέγχειν,
2889 2301 3164 2370 detegere;
3195 2299 3422 2353 alterum

1851 2407 1942 2446 eas
1962 2392 2316 2464 ἀνατρέπειν,
2351 2401 2596 2446 evertere.
2639 2389 2798 2445 Prius
2833 2391 3049 2460 quidem
3085 2390 3223 2446 libro
3250 2392 3423 2460 primo

1850 2485 2124 2551 praestitit,
2168 2484 2222 2538 in
2285 2499 2394 2552 quo
2456 2485 2957 2538 Valentinianorum
2998 2483 3420 2538 Gnosticorum-

1851 2591 1956 2644 que
1981 2577 2217 2629 omnium
2243 2577 2491 2647 dogmata
2517 2587 2774 2630 accurate
2817 2587 3061 2630 recenset
3089 2595 3100 2642 ;
3141 2576 3417 2646 posterius

1849 2667 2005 2723 libris
2037 2671 2413 2738 sequentibus.
2451 2670 2516 2723 Et
2549 2670 2765 2738 quidem
2793 2669 2932 2722 libro
2971 2670 3209 2724 secundo
3237 2686 3297 2723 ea
3330 2685 3420 2722 ra—

1851 2759 2091 2814 tionibus
2124 2760 2430 2822 subvertit;
2479 2761 2657 2824 tertio,
2687 2760 2998 2828 Scripturas
3043 2770 3096 2814 et
3142 2759 3419 2814 Traditio-

1847 2864 1968 2902 nem
2003 2851 2285 2914 adhibuit;
2325 2861 2524 2920 quarto
2570 2865 2636 2906 ex
2679 2851 2861 2904 Veteri
2900 2851 3248 2904 Testamento
3277 2867 3415 2920 prte-

1845 2942 2000 3010 cipue
2034 2941 2368 3010 disputavit;
2400 2943 2587 3011 quinto
2628 2958 2694 2996 ex
2737 2942 2955 3012 reliquis
3009 2943 3272 2996 doctrinis
3313 2943 3415 2997 Do-

1848 3035 1977 3088 mini
2036 3036 2231 3096 nos'ri,
2280 3045 2333 3090 et
2389 3052 2455 3090 ex
2505 3037 2816 3106 apostolicis
2847 3036 3332 3108 epistolis,utipse
3363 3040 3415 3094 in

164 3128 350 3194 operis
381 3117 1004 3193 restituimus,-dubitari
1067 3147 1168 3183 non
1207 3142 1400 3200 potest.
1470 3131 1579 3186 Sub
1639 3136 1738 3188 hoc
1768 3162 1806 3218 Ο
1845 3128 2253 3183 Prtefationibus
2282 3129 2547 3183 facturum
2577 3144 2632 3183 sc
2654 3131 2900 3198 spondet.

166 3221 325 3275 titulo
361 3222 529 3294 libros
572 3224 754 3277 lrcnzei
784 3226 914 3278 citat
945 3227 1228 3287 Eusebius,
1265 3226 1355 3278 lib.
1390 3241 1422 3275 v
1465 3225 1734 3285 Historia.

165 3333 287 3384 cap.
343 3318 396 3380 '7,
457 3319 679 3388 ἐλέγχου
740 3321 830 3372 καὶ
885 3321 1191 3391 ἀνατροπῆς
1241 3321 1335 3390 τῆς
1387 3319 1734 3387 ψευδωνύμου

163 3411 459 3479 γνώσεως;
490 3415 660 3465 citant
685 3427 738 3466 et
776 3415 1019 3468 Andreas
1066 3416 1420 3469 Ciesariensis
1448 3416 1499 3468 in
1525 3418 1735 3484 Apoca-

163 3501 337 3573 lypsin
363 3519 524 3556 serm.
555 3503 606 3566 6,
635 3519 755 3571 cap.
785 3505 880 3566 l8;
919 3507 987 3558 Da
1003 3522 1288 3559 masrcnns
1343 3508 1393 3558 in
1452 3507 1735 3558 Parallelis

163 3610 297 3648 mss.
325 3597 553 3663 passim;
585 3595 806 3649 Photius
840 3597 887 3649 in
918 3596 1242 3651 Bibliotheca
1269 3605 1388 3652 cod.
1413 3599 1736 3660 120;Οῐῖριι-

163 3690 400 3750 menius,
455 3689 504 3741 in
540 3688 581 3741 ll
606 3691 774 3756 Epist.
808 3689 951 3743 Petri
982 3706 1065 3754 ιιι,
1097 3701 1148 3744 et
1176 3692 1222 3743 in
1255 3691 1535 3760 epistolam
1560 3691 1728 3745 Judze.

165 3781 308 3846 Quin
336 3791 391 3833 et
416 3782 739 3836 vetustiores
768 3797 901 3835 mss.
929 3784 1178 3841 codd..ut
1213 3784 1732 3844 Clarmnont.,vetus

161 3872 247 3925 ille
273 3873 732 3937 Fettaril.,Vossii,
756 3884 809 3926 et
837 3875 1120 3938 Aruttdel.,
1144 3876 1265 3928 licet
1303 3877 1354 3926 in
1388 3876 1562 3928 fronte
1593 3892 1728 3944 prte—

161 3965 323 4017 ﬁxam
387 3965 560 4016 ferant
608 3966 964 4018 recentiorem
1037 3967 1472 4033 inscriptionem,
1537 3967 1730 4021 Contra

157 4055 454 4112 lia-reticos,
506 4055 586 4106 vel
634 4055 896 4114 ha'reses;
955 4065 1192 4108 veterem
1247 4068 1426 4108 tamen
1477 4060 1728 4122 retinent,

156 4149 283 4199 dum
324 4150 580 4200 exhibent
611 4160 926 4216 argumenta
962 4152 1202 4217 capitum
1238 4153 1456 4204 secundi
1492 4164 1544 4204 et
1572 4171 1729 4219 quar-

157 4241 193 4291 ti
223 4240 366 4294 libri.
415 4241 502 4294 Sic
531 4241 674 4292 enim
704 4243 940 4295 habent:
977 4242 1102 4293 Ila‘c
1128 4245 1302 4294 insunt
1333 4245 1383 4296 in
1417 4247 1639 4296 secundo
1669 4245 1731 4295 li»

158 4334 249 4385 bro
293 4336 681 4401 rcdargtttinuis
729 4347 775 4385 et
824 4337 1109 4388 ercrsionis
1157 4337 1290 4398 lii/so
1351 4340 1730 4402 cognominant:

155 4429 462 4494 agnitionis.
488 4426 612 4479 "(re
631 4441 748 4478 sunt
775 4431 825 4480 in
851 4444 900 4480 tv
920 4428 1050 4479 libro
1076 4432 1498 4495 eaiprobrationis
1525 4440 1570 4482 ct
1591 4448 1730 4482 crer-

1907 3243 1995 3297 47.
2031 3244 2289 3310 Quamvis
2317 3259 2423 3312 quo
2454 3254 2701 3312 tempore
2741 3243 2926 3310 scripti
2957 3243 3062 3296 sint
3093 3243 3220 3297 dicti
3255 3241 3415 3312 quin-

1838 3349 1942 3403 que
1971 3336 2116 3400 libri,
2149 3346 2401 3389 accurate
2429 3337 2653 3389 delinirc
2684 3334 3052 3387 difﬁcillimum
3087 3335 3174 3394 sit;
3211 3351 3237 3386 τι
3286 3348 3416 3388 vero

1840 3437 2020 3480 tamen
2048 3429 2185 3482 haud
2221 3428 2406 3496 procul
2431 3428 2761 3489 discesserit,
2803 3427 2896 3494 qui
2933 3427 3030 3479 sub
3061 3427 3222 3480 ﬁnem
3253 3427 3412 3480 Eleu-

1840 3521 1978 3574 theri
2011 3522 2378 3588 pontiﬁcatus,
2410 3521 2489 3574 vel
2520 3521 2716 3589 partim
2762 3521 2862 3575 sub
2912 3520 3226 3584 Eleuthero,
3287 3535 3411 3588 par-

1841 3613 1937 3663 tim
1974 3613 2072 3665 sub
2109 3612 2324 3666 Victore
2357 3612 2533 3664 editos
2581 3613 2898 3666 asscrucrit.
2949 3613 3012 3665 Et
3057 3613 3278 3681 quidem
3337 3612 3404 3664 li—

1836 3704 1995 3756 brum
2033 3704 2270 3770 primum
2309 3714 2432 3755 ante
2477 3717 2674 3755 annum
2711 3701 2809 3753 17?.
2838 3703 3001 3753 scribi
3034 3719 3136 3753 non
3176 3702 3414 3770 potuisse

1837 3795 2183 3848 manifestum
2217 3805 2338 3859 est;
2374 3811 2494 3848 nam
2516 3796 2566 3846 in
2596 3809 2658 3847 eo
2684 3794 2893 3846 Tatiani
2925 3803 2977 3846 et
3008 3794 3404 3846 Encratitarum

1837 3889 1894 3938 tit
1942 3889 2146 3940 mentio
2177 3905 2190 3951 ;
2223 3888 2335 3956 qui,
2396 3889 2438 3941 si
2489 3887 2702 3941 Eusebii
2754 3889 3021 3942 Chronico
3068 3887 3219 3950 ﬁdes,
3261 3902 3404 3939 anno

1837 3996 1912 4033 xu
1990 3981 2056 4032 Μ.
2121 3981 2364 4045 Aurelii,
2431 3980 2631 4034 Christi
2685 3998 2810 4036 vero
2865 3981 2966 4034 17:2
3013 3993 3401 4035 emerserunt:

1837 4072 2091 4138 quamvis
2152 4074 2314 4140 paulo
2379 4073 2538 4127 citius
2597 4076 2838 4142 erupisse
2889 4075 3286 4143 probabilesit.
3319 4074 3406 4127 Li-

1835 4163 1995 4217 brum
2055 4167 2276 4216 tertium
2324 4163 2615 4220 Eleuthero
2665 4167 2773 4234 jam
2830 4166 3126 4220 Ecclesium
3186 4177 3406 4228 regente

1836 4257 2100 4322 pt‘odiisse
2129 4267 2343 4308 constat
2375 4275 2387 4310 ;
2440 4257 2491 4308 in
2532 4274 2594 4310 eo
2641 4259 2912 4325 siquidem
2959 4259 3191 4310 Irenarus
3224 4259 3265 4286 ¹⁰
3301 4259 3405 4310 Βο-

1835 4363 2114 4400 tnanorum
2171 4348 2484 4416 pontificum
2541 4351 2842 4417 catalognm
2901 4359 3107 4409 texens,
3157 4348 3298 4399 hunc
3330 4349 3393 4398 ad

1835 4441 2184 4493 [Eleutherum
2214 4457 2381 4509 usque,
2412 4442 2678 4504 perducit,
2735 4457 2887 4508 quem
2940 4453 3049 4493 tum
3100 4440 3283 4492 Roma:
3318 4455 3398 4493 δρα

155 4522 320 4571 sionis
387 4520 534 4586 {alsia
582 4522 884 4586 agnitionis.
937 4523 1012 4573 Ex
1052 4524 1246 4588 quibus
1294 4523 1570 4576 evidenter
1633 4526 1726 4577 de-

1833 4532 1973 4583 disse
2033 4532 2311 4599 pcrspicuc
2366 4533 2513 4594 dicit,
2573 4533 2680 4582 Νὖν
2749 4533 3036 4598 δωδεκάτῳ
3095 4533 3242 4600 τόπῳ
3312 4531 3400 4582 τὸν

157 4620 495 4664 monstratur
525 4626 642 4662 eam
677 4626 793 4664 esse
830 4615 1234 4678 inscriptionem
1273 4631 1391 4682 qua:
1444 4617 1728 4682 legebatur

157 4707 207 4756 in
237 4706 366 4770 ipsis
400 4707 773 4774 autographis,
808 4709 889 4759 vel
933 4709 982 4760 iii
1019 4709 1286 4772 prioribus
1336 4707 1634 4769 codicibus,
1661 4725 1726 4762 ex

158 4799 360 4860 quibus
400 4797 653 4864 descripti
681 4809 806 4850 sunt
833 4800 1190 4866 pesti-riores;
1223 4803 1314 4853 sed
1349 4819 1373 4853 a
1411 4805 1728 4857 recentiori-

153 4890 255 4942 bus
303 4891 499 4942 scribis
558 4891 806 4942 brevitati
857 4894 1194 4946 studentibus
1245 4894 1382 4946 malc
1447 4897 1722 4951 omissam.

153 4981 444 5036 OmiSslmtl
488 4998 612 5033 vero
657 4984 1000 5037 occasionem
1051 4986 1264 5039 dedisse
1319 4988 1528 5041 videtur
1559 4992 1726 5044 Euse-

151 5076 270 5128 bius
297 5075 433 5141 ipse,
461 5077 549 5143 qui
598 5076 780 5129 lrentei
817 5078 982 5131 libros
1012 5082 1314 5146 compendii
1345 5098 1508 5135 causa
1549 5085 1719 5138 inter-

151 5170 276 5221 dum
309 5178 487 5230 vocat,
525 5171 705 5222 Libros
745 5173 991 5225 adversus
1019 5175 1274 5237 licerescs;
1304 5191 1461 5245 quem
1495 5179 1571 5231 sic
1600 5179 1722 5232 imi-

151 5259 243 5311 tati
267 5270 398 5311 sunt
419 5261 651 5330 Cyrillus
685 5263 1229 5334 llicrosolyt'nitanus,
1262 5268 1645 5339 Hieronymus,
1668 5281 1720 5324 et

147 5353 234 5404 alii
262 5353 447 5419 plures
468 5370 588 5406 cum
623 5367 855 5421 veteres,
898 5368 1007 5412 tum
1038 5364 1390 5427 recentiores,
1427 5375 1484 5416 ut
1515 5366 1718 5420 omisso

146 5461 374 5510 prOt‘Sth
412 5450 643 5514 genuino
674 5449 830 5500 titulo
888 5452 1000 5518 (qui
1031 5463 1175 5508 certe
1202 5459 1518 5525 neutiquam
1554 5460 1715 5512 omit-

143 5541 337 5591 tendus
374 5536 588 5601 fuerat',
620 5539 1060 5606 compendiosum
1088 5545 1244 5595 istum
1275 5546 1445 5599 solum
1475 5549 1710 5603 retinue-

140 5635 272 5693 rint,
307 5641 359 5684 ct
393 5633 510 5684 aliis
543 5632 808 5684 retinendi
842 5649 1028 5686 ansam
1083 5639 1432 5704 lll‘iIBltllCl‘llli.
1486 5639 1708 5694 Pltotius

249 5831 290 5862 "
326 5828 492 5896 lren.,
537 5827 632 5883 lib.
671 5842 708 5890 t,
742 5843 795 5884 c.
821 5828 912 5887 28.
1002 5831 1039 5862 “
1070 5832 1128 5886 L.
1169 5851 1246 5898 ut,
1275 5853 1320 5890 c.
1349 5836 1440 5904 21,
1474 5855 1526 5892 n.
1563 5840 1607 5894 l.

1697 5840 1736 5872 η
1766 5841 1833 5894 ορ
1860 5841 2025 5896 pum].
2063 5850 2112 5895 et
2143 5840 2336 5905 Mens,
2377 5838 2400 5910 ἕ

1823 4623 1921 4690 τῆς
1960 4623 2266 4692 ἐπισκοπῆς
2312 4623 2417 4676 ἀπὸ
2466 4623 2569 4674 τῶν
2609 4624 2920 4674 ἀποστόλων
2952 4624 3164 4691 κατέχει
3204 4618 3401 4689 κλῆρον

1841 4715 2172 4784 Ἐλεύθερος,
2209 4713 2362 4768 Nunc
2416 4715 2720 4766 duodecimo
2770 4716 2879 4765 [om
2920 4716 3275 4779 episwpatunt
3327 4712 3390 4762 ab

1825 4809 2079 4873 apostolis
2130 4809 2280 4858 habet
2334 4808 2669 4860 [Stetit/ierim.
2721 4806 2968 4872 Ejusdem
2999 4807 3117 4858 libri
3155 4821 3270 4871 cap.
3309 4804 3392 4867 ll,

1826 4915 1879 4954 η.
1914 4902 1964 4966 8,
2001 4901 2131 4953 satis
2171 4910 2377 4968 aperte,
2413 4901 2574 4953 tacito
2606 4902 2729 4954 licet
2759 4902 3002 4963 nomine,
3039 4898 3396 4950 Montanistas

1825 4992 2183 5060 perstringit,
2225 4995 2313 5061 qui
2346 4993 2544 5047 Irenaeo
2597 4995 2684 5044 vix
2726 5004 2849 5046 ante
2902 5009 3100 5046 annum
3148 4993 3244 5044 177
3281 4995 3390 5045 noti

1824 5102 1945 5140 esse
1975 5097 2287 5156 potuerunt.
2322 5086 2426 5141 Sed
2451 5087 2590 5156 quod
2622 5101 2743 5138 eum
2774 5085 2992 5138 Librum
3025 5102 3127 5138 non
3161 5086 3257 5138 nisi
3294 5087 3392 5139 sub

1819 5181 2092 5234 Eleuthcri
2121 5180 2468 5249 pontiﬁcatus
2517 5179 2675 5231 ﬁnem
2715 5178 2974 5243 scriptum
3006 5192 3125 5229 esse
3159 5178 3381 5229 demon-

1820 5284 1998 5324 strare
2023 5272 2260 5334 videtur,
2289 5270 2414 5322 illud
2447 5279 2552 5330 est,
2585 5270 2726 5336 quod
2763 5268 2816 5320 in
2849 5285 2910 5319 eo
2945 5270 3254 5321 meminerit
3285 5267 3389 5321 Ire-

1815 5368 2034 5424 nmus”
2093 5362 2483 5416 Theodotionis
2519 5361 3006 5428 interpretationis.
3060 5359 3155 5410 llic
3211 5361 3382 5418 enim,

1815 5457 2044 5509 testibus
2093 5455 2397 5523 Epiphanio
2423 5456 2464 5483 ¹²
2504 5463 2556 5505 et
2599 5462 2819 5506 auctore.
2864 5452 3114 5506 (lbronici
3151 5451 3385 5503 Alexan-

1819 5547 1982 5609 drini,
2017 5562 2166 5600 sacra
2195 5546 2359 5598 Biblia
2385 5531 2542 5598 vertit
2575 5524 2868 5597 Commodo
2897 5544 3002 5610 jam
3028 5544 3380 5608 imperatore,

1825 5637 2046 5691 Marullo
2079 5637 2179 5707 (sic
2213 5641 2354 5691 enim
2410 5636 2693 5703 legendum
2749 5623 2897 5703 puto,
2935 5651 3035 5686 non
3081 5631 3380 5700 Marcello).

2439 5843 2516 5896 17.
