4196 6330
690 363 789 419 ΞΗ

1498 359 2086 418 DlSSERTATlONES
2119 357 2420 416 PRAEVLE
2455 357 2522 414 ΙΝ
2562 356 2814 416 ΙΒΕΝᾸΞΙ
2845 356 3111 414 LIBROS.

3815 354 3919 413 Ili

694 476 1092 546 Scripturarum
1138 476 1329 529 studiis
1356 477 1603 530 eruditus
1628 478 1853 546 luisset;
1909 492 1972 532 ac
2029 473 2583 546 proindeAliberior
2638 475 2708 529 sit
2761 473 3049 528 Ruﬁniana
3106 472 3515 543 interpretatio;
3571 474 3672 530 alia
3736 485 3915 533 tamen

691 568 914 623 circiter
938 583 1138 621 annum
1168 568 1368 622 Christi
1392 566 1514 622 410.
1540 567 1674 623 Nam
1700 568 1995 639 Gregorius
2023 566 2256 621 Nazian-

693 670 858 715 zenus
885 658 1535 717 Constantinooolitanam
1558 660 1777 730 regebat
1798 660 2095 717 Ecclesiam
2115 672 2255 714 anno

692 749 796 807 580
828 758 883 805 et
908 748 1033 810 381.

758 844 848 899 56.
879 844 1191 900 Postremus
1225 860 1255 900 e
1302 845 1475 901 tribus
1517 846 1707 902 lrenmi
1738 845 1986 917 martyrii
2025 845 2256 901 testibus

692 952 721 991 a
773 936 1046 992 Dodwello
1086 939 1380 1006 exagitatis
1432 948 1683 1010 superest
1736 938 2030 1008 Gregorius
2077 938 2256 992 Turoa-

690 1034 912 1102 nensis;
948 1034 1058 1100 cui,
1098 1035 1223 1103 quia
1250 1035 1466 1090 caneris
1492 1049 1557 1089 eo
1586 1033 1864 1088 molestior
1886 1034 2122 1099 videtur,
2148 1047 2255 1102 quo

692 1125 820 1180 trita
866 1124 933 1181 de
963 1126 1146 1182 verbis
1189 1142 1219 1182 e
1268 1125 1513 1197 margine
1546 1126 1599 1181 in
1642 1135 1847 1180 textum
1878 1134 2083 1180 temere
2122 1139 2254 1178 con-

683 1216 847 1291 jectis
877 1216 1058 1274 fabula
1092 1218 1371 1275 decantari
1414 1217 1501 1272 hic
1529 1232 1639 1273 non
1673 1224 1868 1286 potest,
1909 1225 1967 1269 ut
2012 1214 2256 1269 auctori-

686 1316 850 1362 tatem
874 1322 1092 1364 ontnem
1136 1324 1199 1364 ac
1232 1307 1390 1364 tidem
1421 1309 1648 1377 deroget
1697 1322 1849 1362 suam
1879 1320 2093 1361 omnem
2122 1319 2254 1360 con-

678 1400 998 1473 jecturalem
1029 1401 1347 1458 industriam
1363 1401 1593 1457 confert.
1618 1400 1908 1457 Contendit
1931 1399 2251 1470 Gregorium

683 1493 1057 1557 Turonensem
1086 1493 1163 1549 ita
1190 1494 1456 1550 lrenteum
1506 1503 1801 1566 martyrem
1849 1492 2164 1559 credidisse,
2193 1503 2254 1548 ut

684 1601 792 1643 non
824 1585 928 1641 alia
959 1602 1119 1658 quam
1146 1587 1596 1659 Lugdunensium
1622 1586 2117 1655 Viennensiumque
2136 1601 2254 1655 per-

682 1680 966 1734 secutione
988 1717 1005 1743 ,
1052 1693 1157 1751 qua
1208 1688 1504 1733 coronatus
1537 1686 1621 1734 est
1650 1677 1919 1733 Pothinus
1947 1719 1962 1744 ,
2009 1688 2064 1734 et
2096 1679 2249 1734 illum

680 1784 899 1848 quoque
948 1774 1271 1827 c‘oronatum
1310 1771 1627 1826 crediderit.
1668 1769 1821 1827 Unde
1853 1786 1981 1826 vero
2009 1780 2119 1825 tam
2154 1770 2252 1827 im-

680 1876 897 1917 manem
928 1875 1175 1916 errorem
1196 1862 1445 1919 hauserit
1472 1862 1793 1931 Gregorius,
1844 1878 1873 1915 a
1905 1862 2181 1920 Dodwello
2205 1865 2250 1918 si

682 1964 933 2017 quaeras;
968 1949 1336 2020 respondebit,
1377 1964 1440 2006 ex
1493 1952 1685 2008 eodem
1714 1949 1862 2006 fonte
1888 1950 2155 2019 hausisse,
2185 1965 2249 2006 ex

680 2062 792 2116 quo
821 2047 1069 2117 imperite
1102 2044 1147 2103 e'
1166 2047 1376 2103 Latinis
1402 2048 1618 2104 Eusebii
1648 2047 1917 2102 Ruﬁniani
1946 2049 2126 2103 verbis
2153 2064 2252 2102 nu-

678 2155 891 2194 merum
940 2154 1105 2194 xum
1141 2138 1483 2210 martyrum,
1520 2154 1658 2211 quos
1690 2140 1999 2209 persecutio
2030 2139 2251 2209 Lugdu-

677 2233 863 2297 nensis
920 2234 1063 2289 creto.
1108 2233 1511 2299 transmiserit,
1582 2234 1924 2304 collegerunt
1982 2233 2251 2288 recentio-

677 2336 766 2377 res
822 2314 1177 2394 martyrologi
1213 2338 1235 2393 ἶ⁵
1307 2322 1568 2399 conjectis
1649 2334 1852 2380 temere
1912 2327 1965 2380 in
2025 2340 2247 2382 censum

676 2417 1015 2485 quacunque
1078 2416 1444 2479 occurrebant
1494 2417 1546 2470 in
1606 2415 1993 2472 Viennensium
2032 2415 2250 2486 Lugdu-

675 2509 1035 2579 nensiumqne
1062 2508 1327 2579 epistolis,
1381 2509 1715 2564 nominibus.
1760 2509 1872 2580 Qua
1912 2510 2131 2579 quidem
2166 2517 2249 2563 te-

677 2603 929 2662 meritate
958 2600 1159 2656 factum
1193 2608 1300 2665 est,
1334 2600 1433 2665 ait,
1463 2610 1522 2654 ut
1553 2599 1849 2656 Zacharias
1876 2598 2165 2671 presbyter
2193 2598 2246 2653 in

676 2704 983 2766 martyrttm
1012 2709 1299 2749 numerum
1344 2694 1553 2750 relatus
1578 2694 1667 2748 sit.
1704 2692 2024 2765 Πρεσϐύτην
2058 2707 2249 2761 nempe

674 2788 967 2859 Ζαχαρίαν,
994 2788 1350 2870 ρνεδὺρμενωη
1378 2783 1691 2839 Zachariam
1730 2794 1969 2840 verterat
1996 2783 2244 2847 Ruﬁnus,

676 2893 783 2933 non
843 2880 1287 2934 animadvertens
1319 2879 1384 2933 de
1422 2876 1687 2931 Zacharia
1714 2874 1939 2931 Joannis
1991 2874 2247 2946 Baptista:

676 2970 887 3044 [XCIII]
919 2983 1096 3041 patre,
1146 2987 1253 3025 non
1282 2971 1348 3024 de
1380 2968 1488 3024 alio
1535 2968 1731 3023 nescio
1760 2982 1886 3037 quo,
1920 2968 2010 3035 qui
2040 2977 2245 3038 martyr

673 3053 859 3127 fuerit,
928 3062 1193 3117 Zacharia
1261 3062 1583 3132 presbytero
1631 3058 1862 3125 ,locutos
1909 3058 2245 3113 Viennenses

2360 566 2799 637 Lugdunensium
2837 576 3139 637 martyrum
3189 567 3435 632 nomina,
3469 566 3702 624 aliumve
3729 582 3917 623 nume-

2358 675 2477 714 rum
2512 674 2620 716 non
2655 660 2896 723 exhibet,
2929 673 3090 729 quam
3121 658 3723 728 Christopborsoniana,
3753 659 3914 719 Vale-

2356 754 2511 807 siana
2541 761 2596 807 et
2618 752 2768 807 alite.
2803 750 2880 805 Ex
2904 751 2993 806 illa
3024 750 3269 821 proinde,
3303 765 3661 823 quascunque
3678 754 3921 813 rationes

2358 846 2521 899 ducat
2543 842 2870 909 Dodwellus,
2910 852 3003 897 aut
3038 842 3177 898 alius
3211 838 3413 913 qui'vis,
3447 848 3724 913 geminato
3753 848 3915 903 etiam

2356 949 2603 999 numero,
2646 944 2741 990 aut
2786 944 2993 990 temere
3024 936 3287 1005 conjectis
3324 935 3375 990 in
3409 950 3633 993 censum
3668 953 3920 1009 quaecun-

2357 1043 2463 1097 que
2483 1029 2825 1083 occurrerint
2869 1028 3209 1093 nominibus,
3241 1045 3411 1085 xum
3437 1045 3710 1100 nunquam
3741 1040 3918 1087 eruet.

2365 1120 2737 1177 Hallucinatus
2772 1122 2987 1191 quidem
3043 1122 3273 1177 Ruﬁnus
3306 1122 3651 1189 Zachariam,
3700 1123 3925 1180 Joannis

2357 1215 2617 1283 Baptista:
2648 1225 2881 1285 patrem,
2918 1216 3295 1288 presbyterum
3318 1216 3686 1273 Christianum
3730 1233 3924 1288 perpe-

2360 1324 2475 1362 ram
2506 1310 2803 1364 arbitratus
2835 1319 2955 1376 est;
3013 1309 3105 1365 sed
3146 1309 3289 1366 hunc
3325 1322 3620 1382 martyrem
3652 1311 3818 1367 fuisse
3848 1326 3918 1367 ne

2357 1401 2520 1455 verbo
2562 1402 2777 1471 quidem
2813 1402 2969 1456 dixit.
3015 1402 3117 1470 Qui
3151 1418 3282 1471 ergo
3314 1402 3599 1472 designato
3635 1403 3918 1461 Zacharite

2354 1493 2652 1562 presbyteri
2690 1492 2958 1562 supplicio
2998 1492 3176 1549 securi
3212 1507 3528 1562 percussum
3556 1504 3832 1558 asserunt,
3863 1502 3921 1551 et

2356 1602 2499 1641 xsvn
2532 1585 2986 1657 Lugdunensibus
3037 1587 3374 1657 martyribus
3421 1587 3743 1659 adiungunt,
3777 1588 3919 1645 Gre-

2354 1682 2541 1753 gorius
2569 1680 2926 1746 Turonensis,
2963 1680 3099 1743 Ado,
3129 1679 3425 1745 Notkerus,
3451 1690 3508 1735 et
3536 1680 3661 1748 alii;
3698 1695 3922 1736 necesse

2354 1781 2513 1828 estet
2545 1771 2825 1827 Zachariae
2859 1772 3025 1836 illius,
3073 1787 3231 1842 quem
3284 1772 3664 1844 presbyterum
3711 1787 3920 1827 nuncu-

2353 1874 2504 1937 pant,
2541 1866 2884 1935 martyrium,
2917 1876 2972 1919 et
3004 1879 3145 1919 xum
3174 1866 3446 1920 sociorum
3487 1865 3704 1918 nomina
3736 1880 3798 1919 ac
3828 1880 3922 1918 nu-

2352 1973 2561 2011 merum
2614 1957 2831 2013 aliunde
2890 1956 3245 2028 collegerint,
3304 1972 3465 2028 quam
3514 1971 3577 2011 ex
3631 1955 3916 2010 Rufinian:

2352 2049 2797 2121 Lugdunensium
2843 2059 2898 2102 et
2930 2048 3317 2105 Viennensium
3355 2048 3703 2116 epiStolarnm
3739 2050 3915 2102 inter-

2352 2139 2870 2215 pretatione.:U'ttde
2896 2158 3047 2208 vero,
3079 2142 3184 2197 nisi
3222 2157 3286 2196 ex
3324 2143 3454 2211 ipsis
3490 2140 3758 2212 epistolis,
3784 2156 3920 2210 qna-

2352 2251 2469 2290 rum
2506 2239 2612 2290 non
2659 2234 2963 2290 Eusebiana
3009 2235 3167 2288 modo
3199 2231 3522 2303 fragmenta,
3558 2234 3651 2287 sed
3675 2241 3731 2287 et
3771 2232 3913 2285 inte-

2350 2342 2448 2397 gra
2495 2328 2827 2397 exemplaria
2885 2326 3171 2397 legerant?
3217 2325 3271 2379 ln
3326 2324 3393 2379 iis
3433 2324 3634 2394 quippe
3658 2333 3917 2378 accurato

2352 2421 2623 2477 recensita
2684 2418 2854 2475 fuisse
2908 2430 2964 2472 et
3020 2429 3321 2489 martyrum
3376 2416 3619 2482 nomina,
3669 2423 3722 2470 et
3763 2415 3917 2467 varia

2350 2518 2545 2586 quibus
2566 2516 2822 2570 interiere
2843 2512 3233 2583 suppliciorum
3260 2526 3462 2583 genera
3499 2519 3706 2565 certum
3737 2516 3819 2563 est
3848 2521 3916 2562 ex

2350 2610 2604 2666 Eusebio.
2640 2595 2782 2673 Quid
2815 2624 2943 2676 Opus
2975 2618 3072 2671 est,
3107 2606 3307 2675 inquit,
3330 2618 3629 2673 expressum
3652 2604 3705 2654 in
3730 2616 3920 2668 supra-

2348 2705 2490 2757 dirta
2540 2701 2762 2770 epistola
2817 2700 3121 2769 catalogum
3162 2705 3453 2766 martyrum
3495 2696 3579 2748 hic
3630 2706 3915 2753 recensere,

2349 2811 2571 2866 quorum
2618 2794 2713 2847 alii
2739 2793 2909 2846 securi
2932 2792 3187 2861 percussi,
3213 2788 3311 2842 alii
3338 2787 3465 2856 feris
3494 2786 3708 2855 objecti,
3740 2785 3832 2838 alii
3863 2784 3920 2837 in

2348 2904 2559 2941 carcere
2585 2887 2875 2942 exanimati
2903 2893 3023 2938 sunt
3048 2884 3072 2935 ?
3102 2882 3261 2950 Atqui
3289 2880 3489 2933 laudati
3520 2889 3772 2932 auctores
3809 2890 3914 2929 non

2350 2990 2559 3033 tantum
2593 2988 2891 3049 martyrum
2930 2974 3238 3043 catalogum
3272 2978 3578 3029 recensent,
3624 2967 3716 3022 sed
3751 2966 3915 3020 etiam

2347 3074 2435 3143 qui
2472 3072 2645 3126 securi
2672 3069 2935 3141 percussi,
2964 3067 3202 3136 qttileris
3229 3062 3453 3133 objecti,
3482 3060 3572 3131 qui
3599 3062 3649 3113 in
3684 3072 3914 3113 carcere

675 3162 840 3222 atque
869 3152 1283 3222 Lugdunenses.
1306 3150 1484 3206 Simili
1501 3165 1708 3213 errore,
1731 3150 1881 3204 addit
1909 3149 2240 3213 Dodwellus,
2276 3180 2315 3236 ε
2350 3182 2465 3221 em,

2350 3166 2647 3221 exanimati
2694 3170 2841 3225 sunt,
2891 3170 3151 3215 accurate
3203 3157 3568 3226 distinguunt,
3611 3165 3665 3207 et
3724 3150 3918 3205 eodem

675 3245 937 3300 Irenaeum
976 3244 1307 3314 martyribus
1334 3243 1617 3297 accensuit
1658 3242 1975 3311 Gregorius,
2021 3242 2161 3310 quod
2193 3241 2245 3293 in

672 3344 865 3397 eadem
907 3340 1306 3411 persecutionis
1372 3340 1607 3394 historia
1669 3337 1862 3392 lrenmi
1915 3338 2243 3392 mentionem

672 3434 971 3506 reperisset
1012 3435 1064 3487 in
1113 3431 1341 3502 epistola
1398 3440 1696 3503 martyrum
1751 3431 1816 3485 ad
1870 3430 2243 3485 Eleutherum.

676 3508 848 3580 Erant
870 3526 1013 3592 enim
1034 3536 1297 3596 praeterea
1327 3526 1381 3577 in
1398 3525 1589 3577 eadem
1619 3523 1869 3592 epistula,
1891 3537 2054 3592 qusea
2078 3523 2247 3580 lecto-

674 3619 847 3683 ribus,
888 3618 1076 3687 quales
1112 3616 1187 3671 illi
1232 3624 1389 3671 erant
1420 3617 1768 3687 impostores,
1799 3630 1988 3684 parum
2025 3617 2247 3671 attentis

672 3723 897 3781 possent
923 3714 976 3765 in
1014 3726 1131 3768 eam
1168 3710 1495 3765 sententiam
1525 3711 1771 3779 intelligi.
1810 3711 2067 3767 lrenmnm
2104 3725 2245 3763 mar-

675 3817 826 3875 tyres
860 3803 1087 3874 ἀδελφὸν
1118 3804 1209 3856 καὶ
1240 3803 1493 3856 κοινωνὸν
1524 3803 1815 3872 appellant.
1854 3802 2097 3856 Proclive
2127 3810 2246 3857 erat

674 3886 735 3957 ut
769 3913 890 3951 eam
925 3896 1207 3949 κοινωνίαν
1239 3896 1302 3949 de
1332 3894 1645 3959 tolerandis,
1673 3894 1874 3947 Christi
1911 3909 2094 3959 causa,
2130 3907 2246 3961 pas-

673 3990 918 4045 sionibus
950 3988 1351 4059 intelligerent,
1384 3986 1475 4055 qui
1517 4001 1683 4040 novos
1721 3987 1945 4040 eruendi
1980 3996 2243 4058 martyres

673 4082 947 4153 quaslibet
964 4083 1281 4135 occasiones
1301 4079 1455 4133 avide
1473 4078 2109 4147 captarent.thuamvis
2126 4093 2244 4133 sau-

672 4177 888 4246 guinem
910 4189 1005 4243 pro
1037 4174 1255 4227 Christo
1284 4188 1388 4225 non
1421 4171 1865 4225 lnderitlrenaeus
1889 4210 1903 4234 ,
1949 4184 2011 4223 ea
2058 4179 2237 4225 tamen

672 4272 1011 4343 παθημάτων
1047 4270 1319 4329 κοινωνία,
1346 4268 1654 4335 passionum
1674 4264 2241 4321 communio.sullicere

674 4368 852 4434 potuit
877 4367 944 4419 ad
977 4363 1192 4416 titulum
1248 4361 1515 4430 martyrii,
1549 4374 1654 4435 quo
1680 4373 1843 4413 sensu
1871 4372 2062 4411 vocem
2093 4357 2239 4409 illam

673 4459 1047 4529 intelligebant
1078 4458 1221 4510 illius
1269 4456 1367 4508 :evi
1424 4465 1655 4508 veteres.
1712 4451 1802 4505 Sic
1834 4451 2059 4505 omnino
2098 4448 2238 4503 Dod-

2352 3273 2577 3331 prorsus
2626 3255 2786 3310 modo
2834 3262 2892 3308 et
2945 3251 3157 3314 ordine,
3201 3258 3364 3316 atque
3410 3246 3670 3313 epistolas
3721 3242 3919 3297 fecisse

2350 3360 2540 3406 narrat
2581 3347 2867 3403 Eusebius.
2897 3344 2967 3400 Ut
3010 3341 3089 3396 vel
3118 3342 3278 3395 cmcis
3315 3337 3443 3406 ipsis
3469 3336 3595 3389 hinc
3632 3343 3915 3403 appareat,

2350 3462 2413 3500 ex
2469 3458 2534 3496 eo
2579 3442 2694 3496 solo
2743 3437 2914 3501 fonte,
2951 3450 3055 3488 non
3092 3448 3157 3487 ex
3192 3430 3409 3493 Ruﬁno,
3459 3428 3598 3497 apud
3652 3439 3811 3494 quem
3852 3437 3918 3476 ea

2351 3540 2555 3593 frustra
2592 3534 2863 3602 requiras,
2898 3540 3126 3580 manare
3170 3524 3413 3592 potuisse
3449 3535 3565 3590 qua:
3594 3519 3659 3572 de
3706 3526 3917 3585 marty-

2350 3648 2464 3685 rnm
2494 3627 2800 3684 nominibus
2838 3634 2891 3678 et
2918 3620 3197 3690 suppliciis
3225 3619 3466 3673 referunt
3503 3617 3601 3670 illi.

2418 3724 2505 3776 38.
2564 3720 2819 3776 Graviter
2865 3717 3082 3785 quidem
3146 3714 3197 3766 in
3250 3714 3315 3765 iis
3375 3708 3627 3763 omnibus
3692 3704 3919 3758 offendit

2347 3813 2693 3875 Dodwellus;
2729 3812 2821 3863 scd
2851 3808 3013 3877 longe
3044 3806 3266 3875 gravius
3293 3804 3347 3858 in
3372 3817 3436 3855 eo
3466 3801 3606 3871 quod
3639 3798 3921 3877 conﬁden-

2354 3914 2431 3956 ter
2498 3908 2807 3961 asseverat,
2864 3899 3182 3966 Gregorium
3239 3895 3612 3949 Turonensem
3671 3873 3769 3942 non
3809 3891 3921 3943 alia

2352 4009 2508 4062 quam
2550 3991 2975 4059 Lugdunensium
3025 3989 3119 4041 illa
3172 3988 3634 4051 Viennensiumque
3681 4000 3921 4051 persecu-

2354 4084 2510 4143 tione,
2543 4099 2643 4148 qua
2672 4090 2950 4133 coronatus
2980 4090 3052 4132 est
3088 4078 3359 4137 Pot/tinus,
3390 4087 3437 4129 et
3467 4089 3698 4128 nostrum
3720 4086 3921 4143 quoque

2352 4183 2659 4225 coronatum
2704 4169 2985 4222 credidisse
3026 4167 3303 4222 Irena'um.
3356 4164 3410 4219 Si
3459 4164 3774 4231 Gregorium
3828 4178 3922 4217 us-

2350 4280 2510 4333 quam
2569 4263 2777 4331 legerit,
2816 4260 3172 4329 caligantibus
3222 4259 3394 4311 oculis
3446 4258 3651 4325 legerit.
3687 4256 3733 4309 ls
3772 4258 3918 4308 enim

2352 4372 2468 4409 eam
2496 4353 2920 4425 persecutionem
2951 4368 3068 4420 quae
3101 4351 3387 4405 Pothinum
3418 4349 3735 4417 absumpsit,
3762 4347 3827 4402 ab
3855 4362 3918 4402 ea

2352 4462 2457 4517 qua
2493 4453 2783 4499 coronatus
2830 4456 2913 4499 est
2959 4446 3226 4509 lrenazus,
3262 4445 3461 4497 clarius
3496 4457 3775 4497 secernere
3809 4456 3920 4503 non

665 4554 884 4617 wellus,
910 4565 1123 4619 semper
1168 4548 1269 4602 sibi
1323 4546 1535 4609 similis,
1584 4546 1983 4612 ingentemque,
2009 4557 2117 4611 quo
2147 4557 2241 4595 ca-
2275 4520 2316 4572 D
2355 4547 2585 4608 poterat.
2617 4535 2681 4590 In
2728 4537 2942 4603 Galliis,
2972 4538 3042 4590 ait
3072 4539 3137 4599 ³³,
3168 4540 3318 4591 multi
3348 4557 3440 4606 pro
3478 4538 3675 4589 Cltrislt
3711 4535 3922 4585 nomine

673 4645 875 4700 tltolica
932 4642 1202 4713 gloriatur
1249 4637 1535 4701 Ecclesia,
1592 4646 1888 4707 martyrum
1952 4648 2237 4687 numerum

672 4739 907 4791 arietare
950 4734 1157 4787 frivolis
1196 4731 1527 4799 coniecturis
1563 4728 1827 4791 studens;
1868 4726 1995 4781 licet
2024 4740 2141 4779 eam
2172 4725 2239 4778 ob

671 4845 785 4883 rem
816 4834 893 4883 sic
920 4845 947 4881 a
972 4827 1255 4881 Rninartio
1286 4836 1473 4878 nostro
1524 4824 1724 4877 dudum
1758 4830 2016 4888 exceptus
2053 4820 2233 4884 fuerit,

670 4923 927 4991 ntprimo
969 4933 1261 4987 congressu
1307 4915 1511 4969 fractus
1538 4914 1823 4980 victusque
1858 4911 2113 4965 cesserit.

743 5016 831 5070 57.
871 5012 963 5066 llle
998 5026 1126 5065 vero
1152 5011 1303 5079 plura
1346 5010 1432 5063 hic
1462 5006 1731 5074 supponit,
1766 5020 1883 5072 qua:
1918 5019 2039 5055 cmn
2087 5012 2233 5056 recta

670 5110 883 5173 ratione
925 5122 955 5159 e
1006 5105 1273 5161 diametro
1342 5109 1603 5171 pugnant.
1661 5098 1736 5152 Ac
1789 5099 1963 5166 primo
2015 5096 2235 5163 quidem

672 5203 835 5255 inane
909 5206 1275 5254 commentum
1331 5204 1433 5255 est,
1490 5192 1633 5261 quod
1686 5190 1902 5250 asserit,
1952 5202 2235 5241 numerum

668 5308 841 5357 XLvut
914 5302 1215 5363 martyrum
1296 5303 1325 5342 e
1404 5286 1616 5340 Latinis
1691 5283 1907 5336 Eusebii
1966 5280 2236 5333 Rttlitiiani

669 5388 955 5443 collectum
999 5401 1023 5436 a
1066 5381 1487 5439 recentioribus,
1525 5388 1582 5430 ιιι
1619 5387 1799 5440 vocat,
1856 5371 2239 5443 martyrologis

670 5481 858 5536 fuisse.
885 5478 985 5544 Qui
1022 5478 1163 5530 enim
1211 5476 1245 5527 ii
1277 5490 1343 5528 ex
1378 5472 1664 5528 Ruﬁniana
1703 5469 1919 5523 Eusebii
1974 5470 2236 5535 interpre—

673 5575 875 5629 tatione
910 5548 1046 5625 eum
1092 5582 1373 5621 numermn
1435 5565 1687 5634 colligere
1723 5569 2041 5630 potuerunt,
2080 5557 2233 5624 cuius

673 5682 767 5719 nec
815 5663 956 5727 vola,
1004 5678 1103 5716 nec
1153 5660 1437 5727 vestigium
1492 5659 1689 5711 ibidem
1751 5655 2020 5724 apparet?
2067 5651 2231 5705 Paulo

779 5848 823 5880 ”
855 5847 973 5913 Lib.
1017 5864 1031 5901 t
1096 5844 1234 5902 llist.
1268 5844 1381 5910 Fr.,
1414 5861 1461 5900 c.
1500 5842 1590 5909 26,
1616 5844 1701 5899 27.
1731 5841 1861 5897 cdit.

2347 4652 2467 4695 sunt
2523 4655 2613 4708 per
2662 4634 2974 4702 martyrium
3022 4627 3235 4698 gemmis
3292 4623 3583 4676 caelestibus
3630 4619 3907 4679 coronati;

2346 4751 2570 4805 quorum
2602 4730 2907 4800 passionum
2938 4723 3176 4777 historia'
3205 4719 3346 4787 apud
3382 4734 3473 4768 nos
3498 4715 3721 4782 ﬁdeliter
3752 4728 3911 4781 usque

2345 4804 2499 4881 hodie
2530 4826 2845 4878 retinentur.
2908 4817 2987 4869 Ea;
3028 4815 3215 4883 quibus
3245 4822 3292 4864 et
3327 4810 3413 4863 ille
3455 4810 3654 4876 primus
3692 4804 3908 4873 Lugdu-

2344 4922 2516 4976 nensis
2546 4916 2795 4970 Ecclesia:
2826 4910 3085 4962 Photinus
3116 4906 3216 4973 (sic
3242 4904 3456 4969 scribit)
3487 4901 3755 4967 episcopus
3782 4897 3907 4965 fuit,

2342 5016 2430 5084 qui
2472 5011 2651 5077 plenus
2694 5008 2901 5059 dierum
2951 5002 3169 5053 diversis
3218 4998 3438 5065 affectus
3490 4990 3782 5059 suppliciis,
3811 5006 3909 5057 pro

2347 5105 2544 5161 Christi
2574 5102 2780 5154 nomine
2802 5110 2989 5166 passus
3021 5104 3115 5146 est.
3150 5091 3493 5145 Beatissimus
3517 5103 3635 5139 vero
3668 5084 3906 5137 Irena’us

2347 5199 2503 5266 hujus
2529 5207 2795 5249 successor
2840 5188 3109 5257 martyris,
3146 5186 3233 5251 qui
3266 5199 3295 5233 a
3320 5183 3465 5233 beato
3512 5176 3806 5247 I’olycarpo
3838 5174 3909 5226 ad

2348 5294 2481 5343 hunc
2509 5288 2686 5340 urbem
2728 5284 2954 5336 dirccms
2987 5289 3083 5339 est,
3117 5273 3422 5328 admirabili
3469 5273 3653 5323 virtute
3683 5267 3907 5330 enituit;

2348 5384 2435 5449 qui
2462 5384 2517 5434 in
2547 5378 2739 5433 modici
2770 5374 3014 5441 temporis
3039 5372 3231 5439 spatio,
3256 5364 3633 5436 praedicatione
3663 5379 3757 5413 sua
3792 5376 3908 5411 ma-

2346 5473 2484 5523 xime
2511 5472 2563 5521 in
2590 5469 2790 5535 integro
2825 5465 3084 5516 civitatem
3119 5459 3347 5513 reddidit
3380 5455 3759 5509 Christianam.
3801 5449 3908 5504 Sed

2348 5563 2577 5615 veniente
2618 5558 2977 5626 persecutione
3041 5554 3170 5605 talia
3219 5552 3407 5604 ibidem
3465 5544 3707 5599 diabolus
3773 5541 3907 5598 bella

2348 5673 2437 5724 per
2466 5666 2744 5723 tyrannum
2770 5648 3022 5710 exercuit,
3058 5655 3105 5698 et
3142 5654 3286 5697 tanta
3319 5640 3390 5695 ibi
3420 5638 3695 5693 innitituth
3756 5634 3910 5689 Chris
