4196 6330
271 324 388 384 915

910 322 1362 381 DlSSERTATlO
1398 324 1461 388 ll,
1498 322 1654 377 ΛΒΤ.
1697 321 1737 384 l,
1780 319 1865 376 DE
1901 319 1956 375 S.
1995 315 2257 373 IRENEI
2291 313 2450 370 VITA
2484 312 2572 368 ET
2606 310 2868 369 GESTlS.

3386 305 3492 360 214

278 445 570 498 stianorum
601 441 662 496 ob
691 439 1064 509 confessionem
1085 440 1345 494 Dominici
1376 439 1598 493 nominis
1626 445 1699 490 est
1737 435 1833 502 ju-
1868 437 1911 494 Α
1941 432 2232 501 reperisset
2263 432 2318 485 in
2352 429 2577 502 epistola
2602 439 2904 498 martyrum
2927 425 2992 481 ad
3023 425 3370 481 Eleutherum
3394 437 3491 489 μαι

275 537 484 605 σαίρω,
512 545 567 588 ut
590 549 680 604 per
702 532 904 604 plateas
932 534 1152 602 ﬂumina
1185 544 1451 588 currerent
1486 534 1549 586 de
1578 534 1834 601 sanguine

275 625 612 690 Christiano;
644 641 862 695 quorum
896 640 987 678 nec
1017 640 1312 686 numerum,
1333 640 1423 677 nec
1450 623 1662 676 nomina
1684 620 1836 674 colli-

271 732 396 788 gere
453 717 739 784 potuimus.
813 713 1073 768 Dominus
1113 715 1252 767 enim
1299 730 1384 766 eos
1436 714 1488 764 in
1536 711 1673 764 libro
1719 712 1834 765 vitw

268 807 609 875 conscripsit.
645 805 867 860 Beatum
893 805 1156 864 Irenaeum
1190 806 1405 858 diversis
1437 806 1490 856 in
1523 821 1619 857 sua
1656 805 1830 857 carui-

272 903 364 968 fea:
396 899 680 968 prasentia
719 902 882 967 plenis
913 900 1176 967 affectum,
1220 898 1427 952 Christo
1477 897 1696 950 Domino
1740 914 1831 963 per

267 993 592 1063 martyrium
631 991 911 1045 dedicavit.
955 991 1067 1046 Nec
1102 1005 1165 1044 eo
1212 990 1313 1044 loci
1345 990 1700 1043 duutaxatita
1755 987 1831 1041 lo-

269 1082 464 1150 quitur
508 1079 822 1152 Gregorius,
868 1081 963 1134 sed
995 1088 1050 1134 et
1093 1081 1243 1144 alibi,
1285 1095 1498 1149 semper
1539 1080 1639 1132 sibi
1695 1093 1830 1132 cou-

265 1180 444 1235 stans,
479 1181 599 1238 post
627 1175 894 1226 recensita
932 1187 1096 1228 sum
1150 1181 1444 1240 martyrum
1496 1170 1734 1235 nomina,
1777 1177 1830 1222 et

265 1261 538 1331 snpplicla
571 1272 1010 1333 postremumque
1040 1264 1279 1318 onmium
1311 1272 1670 1316 memoratum
1724 1260 1825 1314 Po-

267 1353 507 1418 thinum,
571 1356 758 1422 paucis
808 1355 1107 1422 interiectis
1152 1357 1218 1416 de
1265 1369 1457 1408 corum
1508 1352 1754 1421 reliquiis
1776 1362 1828 1407 et

265 1445 568 1515 sepultura,
591 1445 864 1516 subiungit
893 1450 938 1484 ’δ
973 1463 987 1498 :
1022 1445 1194 1515 Igitur
1223 1446 1474 1515 martyrio
1498 1459 1828 1498 consumma-

265 1547 353 1591 tus
377 1537 637 1606 gloriosus
663 1537 945 1602 Photinus,
981 1539 1068 1608 qui
1097 1538 1428 1606 Lugdunensi
1468 1537 1679 1606 prtcfuit
1711 1535 1827 1589 urbi

261 1627 535 1691 sacerdos,
560 1634 651 1689 per
675 1629 975 1682 certaminis
1006 1629 1190 1683 nobilis
1219 1630 1460 1682 meritum
1495 1630 1720 1682 invectus
1751 1638 1825 1680 est

260 1717 416 1772 catlo.
443 1701 542 1773 Cui
583 1729 631 1772 et
677 1720 861 1773 merito
893 1730 941 1774 et
967 1723 1244 1774 sanctitate
1275 1722 1561 1790 condignas
1589 1719 1824 1774 Irenwus

1934 524 2147 592 quidem
2185 538 2250 578 eo
2276 523 2470 592 magis,
2514 535 2623 591 quo
2657 521 2915 575 Irenaeum
2967 527 3235 589 martyres
3265 516 3493 586 ἀδελφὺν

1935 624 1989 669 et
2037 615 2285 668 κοινωνὸν
2335 613 2626 684 appellant.
2667 613 3072 682 ltane,qua:so,
3127 609 3408 679 plumbeus
3435 617 3488 663 et

1934 707 2098 761 hebes
2149 706 2426 760 exstiterit
2469 705 2792 775 Gregorius,
2823 712 2881 759 ut
2934 705 2987 757 in
3042 701 3491 778 Lugdunensium

1932 811 1986 855 et
2044 800 2425 855 Viennensium
2483 810 2785 871 martyrum
2843 798 3102 858 historiis,
3160 813 3296 867 quas
3348 797 3489 864 apud

1937 908 2088 948 suam
2147 901 2481 961 eceterasque
2553 891 2861 948 Gallicanas
2934 891 3202 946 Ecclesias
3259 891 3490 960 ﬁdeliter

1931 1004 2092 1058 usque
2113 988 2266 1042 hodie
2297 989 2506 1041 retineri
2544 988 2712 1053 dicit;
2743 996 2797 1058 et
2824 987 2876 1040 in
2908 986 2974 1041 iis
3006 995 3112 1039 tum
3167 984 3325 1048 cleri,
3372 995 3485 1041 tum

1930 1078 2368 1147 Lugdunensium
2394 1088 2446 1135 et
2474 1078 2859 1133 Viennensium
2893 1087 3189 1148 martyrum
3219 1076 3485 1147 epistolis.

1930 1187 2065 1240 quas
2095 1170 2292 1240 legisse
2322 1187 2443 1226 cum
2472 1172 2668 1226 fatetur
2699 1171 3025 1236 Dodwellus.
3054 1185 3115 1224 ea
3153 1171 3487 1241 distinguere

1931 1279 2033 1318 non
2067 1265 2323 1332 potuerit,
2350 1279 2468 1331 quae
2493 1263 2573 1317 vel
2605 1263 3028 1319 Londinensium
3067 1263 3366 1333 bajnlorum
3397 1271 3487 1314 ant

1930 1364 2217 1407 nautarum
2255 1355 2656 1423 stupidissimns
2691 1353 2920 1424 quisque
2967 1370 3242 1423 nunquam
3288 1354 3487 1424 permi-

1928 1449 2138 1503 sceret?
2173 1448 2335 1512 Ecce,
2363 1458 2632 1519 martyres
2664 1449 2713 1501 in
2750 1464 2842 1502 sua
2877 1454 2942 1504 ad
2974 1448 3321 1503 Eleutherum
3367 1449 3484 1518 epi-

1927 1537 2065 1592 stola
2118 1540 2365 1595 scribunt
2404 1539 2664 1593 Iren:eunt
2701 1539 2926 1594 Romam
2983 1556 3042 1595 se
3094 1539 3331 1603 mittere,
3388 1542 3480 1609 qui

1926 1629 2134 1684 litteras
2163 1644 2349 1684 eorum
2397 1632 2660 1700 perferat;
2698 1634 2842 1689 hunc
2893 1634 3260 1702 protecturum
3301 1635 3480 1700 ponti-

1927 1719 2015 1774 ﬁci
2042 1721 2443 1787 commendant,
2472 1721 2774 1790 debilisque
2800 1732 2999 1778 ornant
3021 1724 3311 1784 encomiis;
3342 1722 3483 1778 hunc

259 1809 510 1860 successit
560 1810 852 1877 episcopus,
895 1827 987 1877 per
1022 1811 1330 1880 martyrium
1372 1821 1419 1864 ct
1471 1812 1582 1880 ipse
1617 1812 1818 1877 ﬁnitus.
1853 1793 1895 1847 Β
1923 1810 2147 1867 fratrem
2223 1812 2580 1882 laborumque
2652 1823 2960 1870 consortem
3020 1822 3248 1878 vocant,
3321 1829 3479 1882 quem

258 1898 577 1954 Clarissima
615 1905 748 1964 haec,
781 1917 880 1956 nec
914 1902 1165 1956 Dodwelli
1196 1903 1627 1970 conjecturarnm
1659 1903 1823 1958 nebu-

262 1985 335 2041 lis
393 2003 616 2056 usquam
657 1989 1017 2044 obscuranda.
1065 1989 1126 2045 lii
1175 2007 1234 2049 ea
1285 1994 1676 2061 persecutione,
1716 2010 1820 2062 qua

261 2081 419 2133 ntulti
460 2083 512 2134 in
544 2081 733 2136 Galliis
761 2099 856 2151 pro
895 2083 1092 2137 Christi
1137 2086 1340 2139 nomine
1364 2094 1489 2138 sunt
1514 2102 1605 2152 per
1627 2095 1822 2156 marty-

258 2172 406 2224 rium
431 2174 695 2236 coronati,
723 2172 1088 2243 Lugdunensis
1125 2177 1393 2243 episcopus
1419 2175 1674 2230 Photinus
1700 2194 1820 2244 pas-

255 2277 348 2317 ω
375 2273 470 2317 est.
508 2262 880 2319 Beatissimum
912 2282 1029 2320 vero
1075 2265 1333 2321 Irenaeum
1367 2267 1523 2337 hujus
1553 2284 1818 2321 successo-

256 2369 370 2406 rem
406 2357 652 2424 martyris
686 2354 885 2410 l’actum
932 2356 1103 2411 fuisse
1155 2359 1319 2412 tradit
1362 2359 1676 2428 Gregorius.
1716 2359 1816 2426 Qui

259 2444 428 2514 igitur
455 2447 677 2501 credere
707 2449 882 2515 potuit
928 2449 1116 2502 eadem
1169 2450 1565 2517 persecutione,
1608 2469 1726 2521 qua:
1773 2452 1815 2505 si

254 2533 508 2605 Lugduni
558 2539 756 2595 multos
814 2542 949 2606 dies,
993 2557 1094 2596 non
1125 2552 1270 2596 certe
1302 2557 1517 2598 menses
1544 2543 1812 2609 eﬁ‘erbuit,

254 2633 588 2682 coronatum
610 2638 899 2701 utrumque
928 2631 1136 2688 fuisse?
1164 2633 1273 2687 Nisi
1308 2634 1447 2689 torte
1480 2635 1646 2705 ﬁngat
1677 2636 1818 2692 Dod-

252 2719 469 2786 wellus,
505 2736 625 2776 eam
677 2724 846 2778 fuisse
894 2723 1138 2794 Gregorii
1181 2729 1524 2792 sententiam,
1560 2729 1815 2783 lrenamm

249 2832 439 2902 partcis
481 2834 767 2888 admodum
815 2836 1004 2890 diebus
1047 2836 1461 2907 Lugdunensem
1512 2839 1812 2894 Ecclesium

250 2917 480 2972 rexisse.
535 2919 601 2972 At
650 2922 720 2974 ita
752 2924 957 2978 sentire
1003 2940 1106 2978 non
1156 2929 1326 2994 potuit
1377 2925 1693 2997 Gregorius,
1720 2931 1812 2998 qui

249 3006 509 3064 lreuazum
570 3014 764 3067 asserit
821 3024 930 3067 tam
997 3016 1210 3071 naviter
1256 3020 1514 3086 pastorali
1569 3019 1810 3074 tunctum

1922 1904 2286 1959 Christianum
2328 1915 2381 1959 et
2409 1906 2779 1977 presbyterum
2821 1922 2961 1973 esse,
3018 1918 3393 1976 martyresque
3427 1907 3479 1961 in

1923 2013 2143 2053 carcere
2185 1999 2435 2053 delentes
2485 1999 2733 2067 consilio,
2797 1999 3040 2064 monitis,
3096 2000 3478 2069 eleemosynis,

1923 2107 2022 2162 pro
2061 2092 2204 2147 virili
2231 2108 2348 2152 sua.
2385 2107 2487 2147 non
2543 2103 2691 2149 certe
2734 2094 2870 2148 citra
2927 2094 3122 2163 capitis
3162 2094 3476 2157 discrimen,

1923 2185 2262 2254 sublevasse,
2317 2188 2648 2254 constabat;
2689 2199 2743 2242 et
2805 2178 3480 2257 Gregorius'imprudens

1921 2279 2047 2333 hinc
2073 2286 2293 2349 arrepta
2329 2279 2654 2350 turpissima:
2689 2279 3131 2334 hallucinationis
3162 2280 3477 2342 occasione,

1917 2384 2038 2424 eum
2089 2369 2265 2439 ipsum
2294 2386 2454 2440 quem
2503 2371 2684 2425 itineri
2731 2387 2851 2427 sese
2893 2373 3351 2438 committentem,
3389 2382 3481 2425 aut

1919 2477 2040 2517 mox
2069 2463 2484 2518 commissurum
2530 2465 2760 2534 legebat,
2797 2464 2938 2518 inter
2967 2464 3089 2518 illos
3116 2463 3476 2526 reconsuerit,

1917 2553 2004 2619 qui
2058 2554 2110 2605 in
2161 2568 2224 2606 ea
2282 2556 2686 2622 persecutione,
2740 2570 2858 2624 qua:
2909 2554 3236 2623 delegationi
3289 2569 3482 2610 ansam

1917 2644 2172 2711 praebuit,
2227 2647 2394 2699 vitam
2459 2660 2555 2708 pm
2627 2646 2842 2702 Christo
2898 2646 3276 2716 profuderint?
3343 2647 3476 2715 Quis

1915 2737 2132 2790 credat?

1983 2825 2069 2881 39.
2096 2827 2224 2892 Sed,
2253 2830 2428 2899 inquit
2452 2830 2784 2898 Dodwellus,
2817 2831 3086 2901 descripto
3112 2831 3302 2886 lrenaei
3336 2846 3476 2886 mar-

1917 2920 2053 2988 tyrio
2089 2921 2270 2973 statim
2298 2922 2447 2975 addit
2481 2921 2778 2993 Gregorius
2806 2941 2818 2975 :
2846 2923 2970 2976 Post
2999 2925 3136 2976 hunc
3163 2933 3210 2977 et
3244 2925 3475 2994 quadra-

1914 3011 2057 3079 ginta
2101 3021 2214 3065 octo
2257 3024 2508 3083 martyres
2536 3015 2679 3082 passi
2723 3025 2867 3081 sunt,
2918 3030 2982 3067 ex
3016 3016 3200 3083 quibus
3244 3018 3473 3083 primum

247 3097 444 3167 oﬂicio,
469 3109 525 3156 ut
542 3107 594 3155 in
611 3107 800 3157 modici
836 3110 1082 3174 temporis
1106 3111 1300 3176 spatio,
1319 3112 1689 3179 praedicatione
1713 3131 1808 3168 sua
1837 3131 1881 3193 ο

1837 3131 1881 3193 C
1913 3102 2076 3170 fuisse
2132 3104 2352 3173 legimus
2395 3104 2619 3159 Vettium
2658 3105 2974 3175 Epagatum.
3029 3107 3257 3162 Constat
3291 3119 3472 3162 autem

246 3193 308 3244 in
335 3193 534 3262 integra
583 3196 837 3250 civitatem
882 3199 1168 3253 reddiderit
1215 3201 1615 3257 Christianam?
1665 3205 1812 3260 Tan-

249 3291 366 3338 tum
404 3285 569 3354 igitur
616 3290 870 3356 temporis
904 3291 1135 3359 spatium
1186 3292 1417 3348 Pothino
1462 3299 1808 3364 superstitem

247 3375 420 3430 fuisse
452 3377 710 3433 Irenaeum
761 3382 1119 3447 existimavit,
1159 3396 1420 3452 quantum
1469 3388 1658 3443 saltem
1715 3406 1808 3444 ne-

247 3471 547 3525 cessarium
572 3482 692 3526 erat
718 3484 774 3528 ut
806 3475 952 3529 illata
983 3491 1078 3544 per
1104 3478 1335 3545 primam
1369 3482 1805 3547 persecutionem

247 3561 503 3619 Ecclesiae
564 3565 909 3635 Lugdunensi
960 3569 1237 3638 dispendia
1299 3573 1606 3627 resarciret.
1669 3573 1803 3628 Dum

247 3669 378 3707 vero
410 3656 523 3709 hrec
558 3668 738 3724 ageret
783 3657 1045 3724 lrenmus,
1081 3662 1283 3714 veniens
1314 3666 1627 3729 persecutio,
1657 3667 1805 3719 addit

244 3744 563 3813 Gregorius,
611 3764 729 3813 quae
764 3760 840 3803 tot
895 3761 948 3803 et
1003 3761 1273 3804 tantorum
1337 3766 1631 3827 martyrum
1681 3773 1803 3810 san-

245 3839 406 3905 guine
436 3836 678 3909 Lugduni
714 3841 917 3909 plateas
972 3845 1278 3909 inundavit,
1319 3857 1376 3901 ιιι
1427 3866 1524 3903 nec
1560 3851 1800 3915 nomina,

247 3944 345 3984 nec
396 3948 652 3986 numerus
684 3935 858 4003 colligi
897 3938 1156 4002 potuerit,
1210 3942 1612 3995 sanctissimum
1641 3959 1803 3998 occu-

245 4031 338 4089 pat
366 4025 695 4092 episcopum,
729 4043 790 4078 ac
837 4026 1045 4080 Christo
1097 4030 1323 4084 Domino
1365 4051 1456 4098 per
1486 4039 1798 4104 martyrith

244 4114 471 4169 dedicat.
513 4118 589 4170 An
636 4117 834 4171 clarius
865 4121 1093 4188 exprimi
1133 4133 1187 4175 et
1220 4123 1490 4191 designari
1538 4129 1800 4194 potuisset

243 4221 377 4259 nova
435 4210 760 4276 persecutio,
797 4227 821 4260 a
859 4212 1022 4278 priori
1081 4222 1132 4266 et
1189 4225 1429 4281 tempore
1457 4227 1512 4268 et
1557 4217 1798 4270 circum-

241 4299 454 4352 stantiis
496 4301 955 4366 proculdiversa?
1003 4303 1055 4355 ln
1109 4304 1280 4372 priori
1324 4317 1521 4357 tantam
1563 4310 1796 4360 multitu-

237 4389 406 4441 dinem
438 4387 857 4444 C/tristianorum
888 4395 949 4445 ob
987 4395 1362 4462 confessione»:
1394 4397 1657 4451 Dominici
1703 4417 1794 4452 no-

1912 3193 2032 3249 illos
2087 3211 2250 3249 xcvm
2301 3208 2587 3268 martyres,
2623 3213 2853 3267 quorum
2904 3199 3116 3268 primus
3149 3200 3315 3265 fuerit
3348 3200 3475 3254 Vct-

1913 3286 2016 3341 tius
2070 3285 2364 3358 Epagatus,
2429 3306 2533 3344 non
2591 3291 2641 3343 in
2696 3291 2802 3344 alia
2857 3292 3230 3358 persecutione
3286 3309 3472 3362 passos

1908 3376 2098 3441 fuisse,
2149 3395 2310 3448 quam
2355 3381 2445 3441 illa
2477 3381 2915 3451 Lugdunensium
2951 3383 3468 3452 Viennensinmque,

1907 3485 2010 3538 qua
2035 3481 2323 3526 coronatus
2358 3485 2439 3526 cst
2465 3473 2748 3528 Pothinus.
2789 3474 2843 3527 Si
2892 3490 3020 3545 ergo
3051 3487 3170 3543 post
3206 3477 3466 3530 Irenzcum

1906 3578 2091 3630 passos
2117 3564 2284 3620 fuisse
2309 3567 2600 3622 crediderit
2625 3568 2918 3637 Gregorius
2945 3613 2960 3635 ,
3001 3571 3146 3623 illum
3184 3572 3233 3623 in
3277 3572 3466 3626 eadem

1906 3662 2284 3722 persecutione
2332 3671 2650 3716 coronatum
2701 3662 2869 3718 fuisse
2920 3663 3315 3718 existimaverit
3374 3678 3469 3717 ne—

1904 3761 2054 3802 cesse
2085 3761 2183 3805 est.
2237 3751 2312 3804 lta
2354 3754 2570 3820 quidem
2623 3755 2882 3823 scriptum
2940 3755 3042 3825 legi
3092 3757 3144 3809 in
3204 3757 3466 3811 hodierno

1903 3839 2147 3911 Gregorii
2175 3853 2322 3899 textu
2348 3861 2453 3900 non
2493 3846 2742 3901 diﬁiteor.
2783 3849 2886 3902 Sed
2922 3848 3179 3904 ﬁdentior
3211 3850 3298 3903 hic
3338 3865 3465 3904 eva-

1904 3936 1975 3988 sit
2001 3935 2326 3992 Dodwellus.
2363 3939 2498 4004 Quin
2537 3939 2622 3993 hic
2665 3942 2967 4012 contigisse
3016 3935 3287 4008 vereatur,
3319 3946 3463 4012 quod

1903 4042 2066 4096 supra
2096 4028 2514 4099 Hieronymiano
2554 4034 2722 4085 textui
2757 4033 3023 4088 accidisse
3056 4035 3234 4088 inanis
3269 4037 3463 4088 suade-

1899 4120 1991 4173 bat
2023 4121 2218 4186 timor;
2255 4137 2321 4175 ne
2345 4123 2599 4177 videlicet
2626 4138 2745 4177 mox
2783 4126 2944 4178 citata
2971 4127 3131 4180 verba
3164 4142 3192 4180 e
3219 4129 3461 4197 margine

1899 4211 2065 4278 (quod
2106 4227 2245 4279 szepe
2282 4213 2501 4267 evenire
2531 4214 2688 4282 solet)
2719 4230 2743 4265 a
2779 4215 3020 4270 studioso
3053 4217 3232 4284 aliquo
3280 4234 3464 4271 recen-

1900 4301 2036 4356 tiore
2067 4317 2096 4357 e
2133 4304 2266 4358 libro
2293 4321 2307 4356 ι
2340 4305 2412 4358 De
2435 4305 2603 4372 gloria
2634 4317 2930 4376 martyrum
2978 4307 3224 4372 collecta,
3253 4309 3305 4362 in
3341 4321 3458 4364 tex-

1900 4405 2031 4462 tum,
2068 4398 2161 4450 sed
2191 4397 2530 4451 incommodo
2559 4397 2676 4451 loco
2710 4399 3052 4466 irrepserint,
3080 4401 3161 4454 vel
3197 4403 3261 4455 ab
3297 4403 3456 4470 impe

238 4481 392 4534 minis
429 4480 673 4550 Lugduni
705 4485 1007 4551 jngulatam
1039 4503 1169 4552 esse,
1221 4499 1276 4538 ut
1324 4504 1414 4555 per
1458 4490 1659 4556 plateas
1687 4492 1790 4557 ﬂu-
1825 4474 1866 4527 D
1898 4491 2000 4543 rilo
2054 4489 2236 4557 aliquo
2276 4498 2369 4542 aut
2415 4488 2712 4546 festinante
2769 4494 2944 4545 scriba
3001 4493 3118 4547 loco
3169 4510 3453 4564 perperam

236 4573 374 4624 mina
403 4585 669 4627 currerent
699 4576 760 4627 de
790 4579 1044 4644 sanguine
1072 4577 1398 4642 Christiano,
1444 4581 1631 4633 nullibi
1668 4581 1793 4648 legi-

237 4679 388 4727 mus;
427 4665 520 4718 scd
549 4681 645 4720 nec
671 4668 912 4720 scribere
943 4684 1174 4735 unquam
1202 4675 1374 4737 potuit
1398 4670 1790 4739 Gregorius,'se

237 4771 326 4808 nec
360 4771 654 4816 numerum.
684 4776 774 4811 nec
802 4761 1011 4813 nomina
1058 4773 1369 4831 martyrum,
1421 4766 1510 4833 qui
1541 4767 1592 4818 in
1622 4767 1787 4835 priori

232 4849 372 4914 passi
407 4858 534 4901 sunt
575 4847 840 4915 Lugduni,
880 4853 1117 4922 colligere
1148 4857 1419 4920 potuisse;
1462 4859 1550 4924 qui
1577 4858 1701 4910 alibi
1734 4869 1786 4912 et

231 4953 514 4992 numerum
549 4939 752 5011 [XCIV]
780 4951 832 4995 et
873 4946 1086 4998 nomina
1121 4955 1227 4998 tam
1261 4960 1517 5004 accurate
1545 4950 1782 5018 collegit,

230 5037 287 5081 ut
316 5041 615 5098 recenseat,
652 5043 702 5085 et
729 5048 833 5100 quo
868 5035 1095 5104 quisque
1134 5039 1378 5106 supplicii
1415 5055 1613 5108 genere
1659 5042 1782 5098 aﬁ‘c-

229 5125 348 5170 ctus
373 5118 443 5170 sit
473 5120 684 5173 referre
718 5137 820 5173 non
853 5123 1091 5176 omittat.
1118 5125 1238 5180 llmc
1262 5128 1527 5182 Dodwello
1560 5130 1782 5200 legenda

224 5218 407 5273 erant,
439 5221 529 5262 aut
560 5213 600 5265 si
630 5228 747 5281 quae
782 5214 933 5281 ﬁdes,
969 5216 1363 5271 dissimulanda
1400 5235 1502 5273 non
1545 5221 1777 5276 fuerant.

226 5298 281 5353 Id
302 5298 346 5352 si
379 5299 620 5365 fecisset,
647 5317 919 5370 nunquam
948 5315 1096 5359 certe
1130 5307 1509 5374 commisisset,
1545 5321 1601 5362 ut
1633 5313 1774 5366 scri-

224 5392 440 5461 psisset,
487 5393 728 5461 proclive
775 5395 1037 5464 Gregorio
1087 5399 1389 5453 Turonensi
1444 5402 1610 5456 fuisse
1664 5404 1777 5456 lre-

224 5498 395 5538 natum
425 5484 570 5539 inter
596 5496 863 5557 martyres
895 5487 1279 5558 Lugdunenses
1299 5509 1602 5554 recensere,
1635 5498 1773 5562 quod

223 5577 276 5632 in
309 5577 498 5633 eadem
531 5582 923 5646 persecutionis
961 5582 1186 5637 historia
1228 5585 1408 5640 lremei
1449 5590 1774 5640 ιιιριιιῐοιιριιι

1896 4589 2061 4643 mota,
2090 4579 2143 4632 in
2173 4580 2365 4647 capitis
2395 4580 2554 4634 tinem
2587 4582 2723 4634 male
2756 4584 3009 4637 translata
3048 4583 3285 4638 fuerint?
3314 4588 3451 4652 Quin

1894 4672 2075 4735 addat,
2133 4686 2252 4726 esse
2303 4672 2501 4739 alioqui
2568 4674 2671 4727 alia
2723 4691 2842 4743 qua:
2893 4679 3088 4730 merito
3144 4677 3348 4732 faciant
3396 4691 3453 4734 ut

1893 4765 2247 4832 suspicemur,
2279 4765 2440 4817 verba
2496 4764 2584 4817 illa
2635 4766 2768 4820 adeo
2798 4783 2899 4822 non
2926 4771 3212 4836 scripsisse
3247 4768 3450 4842 Grego-

1892 4856 2051 4918 rium,
2078 4865 2218 4909 utne
2240 4857 2453 4922 quidem
2488 4858 2732 4912 scribere
2755 4861 3031 4926 potuerit?
3060 4862 3308 4918 Fortasse
3341 4880 3444 4918 non

1890 4948 1988 5000 abs
2015 4962 2070 5000 re
2103 4950 2324 5013 veritus,
2359 4949 2731 5017 suspicatnsve
2762 4951 2972 5006 fuisset.
2994 4953 3272 5018 Quomodo
3302 4958 3448 5010 enim

1894 5040 2007 5093 ﬁeri
2042 5042 2231 5109 potuit,
2279 5052 2336 5094 nt
2377 5042 2421 5095 is
2464 5043 2555 5111 qui
2613 5042 3050 5112 Lugdunensium
3083 5061 3145 5100 ac
3174 5046 3449 5102 Viennen-

1888 5133 2024 5184 sium
2066 5132 2355 5201 Martyrum
2408 5134 2715 5200 passionum
2756 5133 3002 5187 historias
3037 5137 3088 5189 in
3121 5137 3250 5205 ipsis
3284 5138 3448 5190 lotiti~

1888 5226 1986 5278 bus
2020 5225 2236 5294 legerat,
2265 5233 2316 5277 et
2351 5225 2488 5293 apud
2517 5224 2699 5278 Gallos
2731 5226 2960 5279 lideliter
2989 5228 3059 5281 ad
3091 5244 3243 5281 suam
3279 5245 3449 5298 usque

1885 5326 2095 5370 {etatem
2135 5318 2352 5370 retineri
2394 5317 2556 5379 dicit;
2589 5319 2675 5385 qui
2712 5318 2968 5370 Irenazum
3001 5317 3254 5383 Pothino,
3282 5335 3442 5388 quem

1882 5425 2044 5462 xum
2081 5409 2409 5476 martyribus
2426 5410 2550 5462 alibi
2585 5422 2930 5472 annumerat,
2953 5414 3282 5467 successisse
3309 5417 3448 5467 δρψ

1884 5499 1980 5559 bit,
2011 5500 2206 5567 diuque
2235 5510 2352 5567 post
2384 5516 2525 5564 eum,
2560 5511 2610 5554 et
2659 5503 2707 5554 in
2741 5503 2844 5554 alia
2883 5502 3037 5571 longe
3065 5505 3274 5558 diversa
3318 5523 3439 5574 pars

1882 5590 2154 5643 seculiouc
2207 5593 2518 5660 martyrium
2558 5593 2785 5646 subiisse
2840 5595 3040 5650 diserte
3081 5599 3314 5663 asserit;
3360 5598 3439 5652 sui

314 5757 354 5790 ”
387 5758 562 5829 Grcg.
599 5760 751 5828 Tur.,
785 5763 818 5816 1.
855 5779 868 5817 ι
929 5765 1000 5820 De
1044 5766 1176 5838 glor.
1216 5778 1397 5836 ιηίιιοι.⁷
1433 5787 1476 5826 c.
1514 5773 1601 5836 49,
1643 5770 1728 5837 50,
1768 5787 1814 5842 ρ.
1851 5770 1971 5837 779,
2018 5773 2145 5830 ῑ80.
