4196 6330
745 331 852 386 215

1555 322 2154 383 DlSSERTATlONES
2183 323 2483 382 Pii/EVle
2519 328 2587 383 1N
2620 329 2872 387 ΙΒΕΝΕΙ
2905 332 3167 390 LIBROS.

3858 330 3973 389 IIG

743 446 917 516 ipsius
956 459 1020 500 eo
1047 450 1221 514 usque
1245 443 1468 499 oblitum
1501 442 1691 508 luisse,
1717 452 1775 497 ut
1797 444 1943 511 ipsos
1974 456 2143 497 strui
2172 457 2309 496 mar-
2335 444 2383 503 Α
2412 446 2665 511 cesserit,
2722 445 3101 503 Praefationem
3154 460 3309 502 novat
3357 445 3603 519 Gregorii
3632 444 3971 505 Turonensis

745 548 916 610 tyres,
942 551 971 592 e
1002 552 1227 607 quorum
1258 552 1486 592 numero
1515 534 1779 590 Pothinus
1818 534 2004 591 lreumi
2051 535 2304 590 decessor

743 641 885 695 erat,
922 641 1045 700 post
1103 632 1248 685 hunc
1284 640 1576 686 coronatos
1607 644 1726 684 esse
1756 628 1924 685 velit?
1978 628 2091 683 Hoc
2144 636 2304 683 recta:

745 723 941 777 rationi
979 732 1087 777 tam
1139 722 1453 777 immaniter
1483 722 1824 785 adversatur,
1854 731 1913 775 ut
1957 720 2300 793 gravissimo,

742 812 916 884 qualis
963 823 1081 869 erat
1129 814 1444 884 Gregorius,
1482 813 1739 883 scriptori
1771 812 1934 868 tribui
1965 812 2113 867 nullo
2144 814 2303 867 modo

741 908 931 974 possit.
952 904 1111 961 Certe
1152 904 1287 960 male
1310 904 1686 974 interpolatum
1720 904 1883 959 fuisse
1905 912 2108 960 textum
2137 904 2308 976 legiti-

741 1012 849 1063 ma,
870 998 912 1052 si
929 1010 1048 1067 qua:
1063 1013 1326 1067 unquam,
1346 998 1579 1067 suspicio
1596 1006 1701 1062 est,
1723 999 1923 1053 dumea
1954 998 2091 1067 apud
2117 1006 2305 1052 aucto-

743 1104 856 1144 rem
870 1091 1103 1160 aliquem
1132 1091 1403 1161 leguntur,
1422 1105 1542 1160 quae
1570 1090 1635 1144 ab
1655 1090 1771 1159 ejus
1796 1090 2064 1146 sententia
2084 1089 2303 1143 aliunde

740 1192 867 1237 uota
896 1183 1216 1249 abhorrent,
1261 1183 1697 1253 clarissimisque
1727 1198 1790 1236 ac
1832 1183 2134 1251 perspicuis
2159 1179 2304 1250 ejus-

742 1270 865 1325 dem
904 1270 1084 1327 verbis
1122 1281 1310 1342 aperte
1339 1283 1689 1345 repugnant;
1742 1273 1885 1341 quod
1930 1272 2019 1325 hic
2044 1271 2298 1326 occurrit.

741 1361 997 1432 Quisquis
1047 1364 1190 1418 enim
1234 1378 1419 1434 arquos
1466 1380 1650 1419 rerum
1700 1348 2017 1430 aestiuiator,
2047 1362 2301 1432 sepositis

742 1452 1009 1522 tantisper
1034 1454 1290 1510 omnibus
1336 1456 1685 1526 prtejudiclis.
1728 1455 2034 1522 posteriora
2063 1453 2179 1508 haec
2209 1467 2301 1507 ca-

738 1545 867 1616 pitis
894 1545 961 1599 27
990 1546 1138 1616 (nov.
1191 1547 1350 1617 edit.)
1394 1547 1583 1612 verba,
1624 1545 1753 1601 Post
1796 1549 1931 1599 hunc
1976 1556 2025 1600 et
2066 1545 2300 1615 quadra-

737 1640 883 1708 ginta
943 1648 1057 1692 octo
1103 1650 1377 1709 martyres,
1434 1648 1569 1705 etc.,
1621 1654 1743 1693 cum
1798 1638 2098 1707 prioribus,
2143 1644 2196 1691 et
2236 1637 2301 1693 iis

737 1744 856 1801 qua
882 1730 979 1787 lib.
1008 1746 1024 1785 ι
1052 1729 1127 1785 De
1155 1733 1323 1800 gloria
1352 1743 1533 1796 main,
1560 1748 1681 1802 cap.
1721 1731 1793 1786 Η
1821 1741 1876 1785 et
1900 1730 1992 1796 50,
2024 1730 2296 1797 leguntur,

735 1820 989 1879 conferre
1019 1821 1267 1886 voluerit,
1310 1821 1455 1877 nulla
1510 1822 1724 1876 ratione
1754 1821 2047 1876 conciliare
2075 1821 2294 1889 poterit.

735 1910 891 1968 Haud
917 1913 1223 1984 spernenda
1260 1913 1488 1983 proinde
1515 1928 1702 1969 eorum
1731 1911 2067 1981 conjectura,
2117 1910 2206 1979 qui
2234 1923 2297 1963 ea

732 2020 857 2075 qua:
883 2006 952 2061 de
980 2006 1381 2074 posterioribus
1408 2006 1529 2061 istis
1557 2004 1888 2077 martyribus
1927 2003 2069 2074 apud
2096 2002 2299 2071 Grego-

734 2099 874 2153 rium
928 2098 1201 2170 leguntur,
1230 2112 1520 2169 perperam
1551 2099 1880 2155 translocata
1908 2113 2029 2153 esse
2062 2112 2297 2152 censen-

732 2198 835 2252 tes,
861 2187 1137 2257 jungenda
1167 2189 1606 2259 esse-opinantur
1631 2204 1754 2244 cum
1785 2188 1852 2244 iis
1881 2196 2001 2259 quas
2033 2188 2186 2243 initio
2214 2203 2299 2241 ca-

731 2280 863 2350 pitis
889 2270 1206 2335 scribuntur
1233 2280 1299 2335 de
1323 2280 1579 2343 Pothino,
1630 2280 1686 2335 in
1714 2280 1858 2335 hunc
1886 2281 2103 2344 modum
2150 2299 2163 2334 :
2213 2278 2298 2334 Ex

733 2372 929 2441 quibus
951 2383 999 2426 et
1023 2370 1110 2426 ille
1135 2373 1337 2441 primus
1370 2371 1734 2443 Lugdunensis
1764 2371 2013 2426 Ecclesia:
2038 2370 2295 2426 Photinus

730 2466 1001 2531 episcopus
1056 2462 1179 2533 fuit,
1206 2465 1295 2534 qui
1330 2464 1514 2533 plenus
1551 2466 1777 2529 dierum,
1821 2464 2039 2519 diversis
2076 2465 2297 2535 aﬁ'ectus

730 2556 1025 2628 suppliciis,
1054 2575 1150 2628 pro
1176 2556 1371 2613 Christi
1398 2561 1606 2613 nomine
1631 2574 1817 2629 passus
1846 2570 1945 2615 est.
1996 2560 2127 2614 Post
2160 2561 2296 2613 hunc

729 2658 778 2701 et
811 2648 1166 2718 quadraginta
1196 2661 1314 2703 octo
1361 2661 1618 2721 martyres
1664 2652 1805 2719 passi
1833 2662 1978 2719 sunt,
2013 2668 2076 2706 ea:
2107 2652 2295 2722 quibus

728 2739 953 2809 primum
987 2739 1155 2807 fuisse
1180 2740 1399 2810 legimus
1436 2740 1662 2797 Vettium
1694 2742 2012 2813 Epagatum.
2044 2743 2297 2798 Beatissi-

729 2843 845 2883 mus
880 2845 1001 2882 vero
1041 2829 1278 2884 Irenmus
1327 2832 1487 2899 hujus
1527 2848 1798 2887 successor
1843 2834 2092 2903 martyris
2119 2874 2135 2896 ,
2186 2844 2293 2889 etc.

730 2920 821 2976 Sic
869 2920 1088 2989 conjicit
1137 2922 1184 2977 is
1232 2923 1325 2991 qui
1370 2939 1565 2979 novam
1614 2923 1809 2980 Leonis
1857 2924 2031 2995 Magni
2070 2940 2294 2993 operum

729 3012 1021 3067 editionem
1050 3013 1338 3067 adornavit
1364 3014 1449 3069 vir
1476 3015 1843 3079 clarissimus;
1888 3024 1945 3069 at
1983 3016 2123 3085 quod
2152 3017 2292 3071 idem

2403 537 2628 591 editioni
2657 538 2958 606 pnelixam,
2980 546 3085 593 art.
3116 539 3170 601 5.
3203 539 3256 594 in
3284 553 3385 606 qua
3414 537 3717 605 huiusmodi
3746 552 3948 607 scrupu

2405 627 2484 680 los
2515 627 2694 692 facile,
2727 645 2825 699 pro
2852 646 2914 684 ea
2946 645 3051 701 qua
3084 630 3377 699 praestabat
3414 628 3736 693 eruditione,
3764 629 3966 683 exemit

2404 731 2595 775 noster
2628 721 2729 793 piae
2757 721 3437 778 memoriae’Tbeodericus
3477 720 3721 777 Rulnart.
3764 718 3869 775 Sed
3901 729 3972 776 ut

2405 820 2462 865 ut
2492 810 2560 865 sit
2598 810 2664 866 de
2706 812 2985 883 proposita
3028 812 3189 867 modo
3232 811 3574 881 conjectura,
3621 819 3739 866 esto
3762 809 3973 881 Grego-

2404 905 2517 961 rius
2567 919 2630 959 ea
2677 905 2968 976 scripserit
3023 921 3144 976 qua:
3173 908 3238 961 de
3286 919 3454 960 nvnt
3490 903 3820 976 martyribus
3844 911 3973 975 post

2401 993 2591 1050 lrenaei
2618 996 2941 1066 martyrium
2978 995 3275 1063 leguntur,
3318 996 3595 1049 memoria:
3630 993 3813 1063 lapsus
3838 992 3970 1058 erit,

2402 1095 2457 1142 et
2482 1088 2571 1144 hic
2596 1087 2777 1157 gravis
2804 1087 3047 1159 quidem.
3078 1089 3159 1144 An
3189 1104 3319 1144 vero
3341 1088 3465 1157 quia
3495 1088 3754 1141 memoria
3781 1084 3973 1154 lapsus

2401 1189 2483 1236 est
2510 1182 2560 1235 in
2590 1181 2773 1251 aliquo
2796 1182 3032 1251 scriptor
3061 1181 3277 1250 aliquis,
3304 1181 3432 1236 huic
3459 1179 3754 1251 amngeuda
3779 1175 3969 1233 statim

2403 1272 2577 1327 aliena
2609 1272 2879 1327 sententia
2898 1287 3060 1342 quam
3089 1270 3204 1341 ipse
3230 1272 3432 1327 diserte
3460 1271 3693 1341 respuit?
3723 1271 3803 1325 Au
3830 1270 3969 1339 quia

2403 1365 2457 1419 in
2486 1364 2677 1434 capitis
2704 1364 2808 1419 line
2834 1363 3069 1432 paucula
3115 1363 3382 1431 quaedam
3414 1372 3468 1419 et
3510 1361 3762 1418 intricata
3795 1362 3967 1417 verba

2401 1453 2679 1510 subtexuit
2727 1453 3048 1524 Gregorius,
3096 1452 3202 1507 alia
3235 1468 3357 1522 qua:
3403 1453 3684 1523 perspicua
3734 1460 3863 1507 sunt
3907 1460 3971 1507 et

2402 1554 2613 1614 aperta,
2643 1560 2710 1600 ex
2750 1543 3002 1599 obscuris
3045 1543 3154 1599 illis
3201 1542 3543 1613 explicanda,
3574 1550 3629 1597 et
3654 1541 3722 1595 ad
3752 1557 3843 1605 ea,
3881 1541 3972 1597 in-

2401 1636 2512 1690 vito
2547 1650 2611 1690 ac
2646 1636 2953 1690 reluctante
2980 1643 3228 1699 auctore,
3263 1633 3528 1689 violenter
3557 1630 3967 1702 detorquenda?

2402 1726 2457 1782 Si
2487 1727 2560 1781 ita
2588 1728 2681 1793 sit,
2711 1740 2879 1782 novas
2899 1726 3125 1783 critices
3148 1725 3383 1795 regulas,
3410 1723 3687 1781 veteribus
3720 1726 3966 1797 antiqua-

2402 1820 2471 1874 tis
2498 1827 2704 1875 statuat
2731 1817 3057 1875 Dodwellns.

2470 1911 2562 1965 i0.
2595 1909 2870 1965 llauteuus
2896 1910 3037 1965 dicta
3065 1908 3464 1973 demonstrant,
3499 1923 3619 1965 eam
3661 1910 3773 1979 jam
3809 1924 3837 1965 ι
3866 1924 3964 1966 se-

2399 2001 2521 2057 culo
2554 2001 2744 2072 quinto
2773 2008 2887 2055 toto
2917 2000 3054 2056 orbe
3110 1999 3409 2056 invaluisse
3460 2002 3813 2067 sententiam,
3859 2001 3968 2057 Ire-

2400 2106 2575 2148 naeum
2627 2107 2729 2162 pro
2777 2091 3093 2147 Christiana
3149 2091 3253 2147 lide
3304 2090 3652 2147 dimicantem
3709 2102 3963 2150 necatum

2400 2183 2590 2249 fuisse,
2620 2170 2855 2252 eamque
2884 2181 3027 2235 haud
3056 2195 3247 2251 parum
3276 2182 3408 2235 tutis
3437 2180 3536 2235 niti
3577 2180 3962 2250 fundamentis,

2401 2290 2522 2347 qua:
2580 2289 2687 2331 non
2757 2275 2861 2330 nisi
2907 2273 3159 2329 futilibus
3215 2275 3579 2343 argumentis,
3646 2274 3966 2346 l‘rivolisque

2397 2367 2725 2440 coniecturis
2776 2368 2887 2439 peti
2935 2367 3126 2438 possit.
3182 2364 3429 2438 Martyrii
3480 2365 3645 2436 hujus
3677 2366 3963 2424 memoria:

2396 2464 2539 2520 diem
2579 2462 2649 2517 28
2682 2460 2826 2516 Junii
2854 2462 3149 2517 solemnem
3189 2469 3511 2516 consecrant
3538 2459 3718 2516 Latim
3745 2475 3965 2532 omnes,

2396 2555 2573 2611 Graeci
2603 2568 2734 2609 vero
2764 2553 2835 2608 23
2856 2552 3104 2624 Augusti.
3130 2551 3341 2621 Corpus
3371 2550 3489 2620 ejus
3516 2550 3763 2624 Gregorii
3791 2552 3969 2610 Turo-

2396 2650 2584 2704 nensis
2609 2647 2657 2680 "
2692 2655 2877 2703 aetate.
2906 2644 3193 2700 miraculis
3219 2644 3635 2700 celeberrimum
3682 2646 3736 2700 in
3776 2656 3965 2717 crypta

2402 2739 2634 2792 basilica
2668 2735 2819 2791 Beati
2854 2736 3078 2791 Joannis
3104 2734 3198 2788 sub
3226 2732 3386 2789 altari
3425 2736 3681 2805 sepultum
3709 2737 3965 2805 quiesce-

2397 2830 2489 2885 bat
2513 2847 2528 2895 ;
2576 2831 2640 2884 ab
2676 2845 2779 2883 uno
2807 2830 3015 2899 quidem
3043 2830 3207 2887 latere
3235 2830 3576 2901 Epipodium,
3604 2830 3669 2884 ab
3698 2830 3807 2884 alio
3836 2846 3964 2886 vero

2402 2922 2760 2976 Alexandrum
2791 2933 3071 2991 martyrem
3099 2924 3414 2977 tumulatum
3443 2922 3655 2976 habens.
3690 2922 3796 2977 Sed
3837 2920 3965 2978 Cal-

2404 3013 2623 3067 vinistte
2652 3028 2795 3067 anno
2820 3013 2987 3081 1562,
3018 3023 3179 3084 capto
3228 3013 3516 3085 Lugduno,
3547 3016 3749 3069 amenti
3776 3015 3966 3071 furore

728 3104 1087 3159 resecaudum
1115 3104 1278 3161 vellet
1305 3115 1476 3162 totum
1519 3106 1718 3177 capitis
1746 3106 1927 3171 liuent,
1960 3107 2137 3162 abhis
2168 3123 2289 3162 ver-
2317 3120 2360 3178 ο
2392 3107 2583 3179 perciti
2626 3104 2685 3162 S.
2740 3108 2997 3179 martyris
3041 3108 3345 3180 sepulcrum
3393 3107 3535 3163 laede
3584 3108 3963 3173 violaverunt;

726 3195 831 3257 bis,
865 3192 1210 3251 Beatissimus
1238 3213 1355 3251 vero
1384 3197 1411 3252 1
1421 3213 1644 3264 renatus,
1671 3208 1803 3265 etc.,
1853 3212 1919 3253 eo
1945 3200 2089 3268 quod
2119 3208 2288 3254 totum

728 3284 905 3353 ipsum
932 3297 1097 3357 caput
1121 3278 1185 3343 in
1203 3304 1336 3345 mss.
1370 3290 1693 3359 quibusdam
1716 3291 1998 3347 codicibus
2025 3291 2205 3357 desit;
2235 3293 2287 3348 in

728 3367 1205 3446 ejus-sententiam
1238 3378 1545 3436 concedere
1572 3394 1680 3435 non
1707 3394 1952 3449 possum.
2010 3378 2085 3434 Ne
2112 3390 2290 3437 tamen

727 3476 907 3525 actum
947 3485 1127 3543 agam,
1160 3471 1305 3545 legat
1333 3473 1379 3529 is
1418 3486 1575 3544 quem
1602 3489 1663 3530 ea
1692 3474 1759 3529 de
1787 3489 1845 3529 re
1886 3472 2175 3544 scrupulus
2203 3474 2289 3527 in-

2398 3200 2719 3272 ossibusque
2765 3201 3068 3272 dissipatis,
3116 3202 3312 3273 capitis
3350 3201 3617 3264 crauium,
3668 3210 3964 3270 postquam

2398 3290 2603 3347 diutius
2656 3290 2894 3348 ludibrio
2942 3291 3066 3360 fuit,
3120 3292 3174 3347 iu
3244 3292 3423 3348 media
3492 3290 3665 3363 platea
3732 3292 3968 3361 turpiter

2397 3382 2695 3452 projectum
2727 3386 2911 3439 tandiu
2932 3384 3125 3455 jacuit,
3154 3385 3325 3441 donec
3368 3384 3498 3441 hinc
3524 3393 3770 3455 ereptum
3797 3384 3965 3441 hodie

2397 3474 2644 3548 Lugduni
2672 3478 2925 3551 religiose
2946 3488 3287 3535 asservatur.

1915 3783 2579 3877 ARTICULUS
2652 3785 2787 3874 ΙΙ.

1338 3973 1445 4035 DE
1485 3974 1777 4035 lREN/El
1823 3976 2074 4036 LIBRIS
2116 3974 2466 4050 QUINQUE
2506 3976 2913 4039 ADVERSUS
2953 3975 3330 4040 HJERESES

804 4299 988 4375 [XCV]
1028 4302 1115 4355 ll.
1159 4300 1248 4366 lis,
1284 4316 1391 4371 quo
1424 4305 1698 4367 potuimus
1728 4302 1928 4367 studio,
1958 4302 2203 4357 collectis
2234 4311 2287 4355 et
2319 4308 2365 4367 ι)
2392 4301 2569 4357 adhuc
2596 4300 2859 4356 emiserit.
2900 4299 3091 4369 Colligi
3136 4309 3314 4356 tamen
3359 4317 3481 4356 cum
3526 4300 3607 4355 Cl.
3644 4302 3873 4367 Grabio,
3904 4305 3961 4360 in

734 4393 1021 4463 explicatis
1041 4407 1161 4462 quae
1191 4393 1259 4446 ad
1292 4391 1478 4447 lrenaei
1510 4394 1683 4448 nostri
1713 4393 1879 4447 vitam
1907 4405 1960 4448 et
1986 4404 2136 4463 gesta
2170 4408 2291 4463 pcr-

731 4482 925 4546 tinent,
973 4495 1150 4551 operae
1198 4482 1429 4550 pretium
1474 4494 1557 4539 est
1601 4485 1668 4540 de
1706 4486 1824 4555 ejus
1864 4485 2098 4555 scriptis,
2134 4500 2294 4555 quam

734 4582 988 4629 accurate
1042 4573 1156 4627 ﬁeri
1203 4574 1415 4643 poterit,
1449 4575 1735 4631 disserere.
1772 4576 1933 4631 Plura
1970 4577 2187 4646 reliquit
2213 4579 2295 4631 vir

727 4668 1061 4737 apostolicus
1096 4668 1315 4737 ingenii,
1344 4670 1555 4736 pietatis
1589 4687 1650 4724 ac
1676 4672 1795 4733 zeli,
1822 4686 1929 4741 quo
1964 4686 2061 4738 pro
2099 4669 2292 4723 tuenda

730 4756 1003 4811 catholica
1061 4756 1165 4811 ﬁde
1210 4757 1454 4811 fervebat
1515 4759 1866 4814 monimenta.
1925 4760 2033 4814 Sed
2085 4758 2287 4812 nullum

728 4850 969 4918 antiquis
1004 4850 1257 4904 omnibus
1301 4852 1489 4921 majori
1541 4851 1595 4905 in
1630 4854 1828 4920 pretio,
1860 4853 2167 4921 smpiusque
2223 4853 2290 4907 ab

724 4941 796 4996 iis
825 4942 1052 4997 citatum
1077 4942 1199 5007 fuit,
1230 4959 1391 5013 quam
1431 4945 1690 4999 eximium
1727 4946 1854 4999 illud
1878 4963 2011 5014 opus
2040 4948 2092 5001 in
2125 4948 2283 5016 quin-

725 5045 829 5096 que
868 5031 1034 5089 libros
1085 5034 1338 5099 divisum,
1391 5036 1533 5104 quod
1584 5036 1845 5089 adversus
1894 5036 2285 5091 Guosticorum

720 5121 961 5180 hzereses
1006 5120 1365 5191 elucubravit,
1398 5129 1649 5197 quodque
1682 5126 1855 5182 solum
1905 5145 1932 5181 a
1979 5137 2285 5199 temporum

724 5214 995 5270 edacitate
1043 5228 1216 5273 tutum
1257 5220 1518 5273 hactenus
1569 5222 1793 5274 mansit.
1841 5219 2079 5273 Primum
2142 5220 2283 5273 hunc

722 5310 909 5363 lrenzei
942 5309 1108 5364 fetum
1141 5326 1261 5366 esse
1296 5312 1507 5381 vulgata
1551 5313 1736 5381 Opinio
1763 5320 1879 5375 est;
1917 5328 2039 5363 nam
2086 5314 2199 5380 ipse
2230 5311 2281 5365 in

723 5400 1047 5458 Praefatione
1082 5404 1200 5457 libri
1243 5403 1402 5471 primi
1458 5413 1707 5470 testatur,
1755 5418 1812 5459 se
1857 5405 2130 5459 scribendi
2182 5420 2280 5458 usu

721 5496 1079 5549 exercitatum
1110 5512 1214 5551 non
1246 5512 1384 5557 esse,
1426 5514 1522 5550 nec
1549 5498 1762 5551 dicendi
1798 5508 1970 5551 artem
2015 5498 2282 5561 coluisse;

721 5588 863 5657 quod
896 5588 1168 5643 hominem
1204 5590 1381 5658 arguit
1409 5591 1497 5657 qui
1525 5590 1678 5654 nihil,
1708 5599 1793 5642 aut
1826 5605 1992 5657 pauca
2020 5591 2070 5643 iu
2108 5590 2281 5643 lucem

798 5770 843 5801 "
885 5768 1005 5825 Lib.
1056 5777 1072 5825 ἱ
1134 5769 1207 5825 De
1251 5770 1389 5840 glor.
1432 5779 1615 5830 mart.,
1647 5785 1694 5827 c.
1732 5770 1822 5827 50.

2398 4391 2824 4460 Prolegomenis,
2859 4403 3016 4458 posse
3057 4390 3273 4446 videtur
3303 4406 3370 4445 ex
3416 4392 3511 4448 lib.
3544 4408 3629 4460 Ill,
3661 4408 3786 4463 cap.
3816 4393 3865 4457 7,
3903 4411 3957 4448 n.

2398 4486 2451 4551 l,
2494 4486 2769 4555 quidpiam
2822 4484 2967 4539 aliud
3015 4495 3173 4539 antea
3210 4487 3495 4555 scripsisse
3536 4486 3822 4543 Irenaeum.
3871 4486 3961 4543 Ait

2393 4582 2537 4635 enim
2570 4595 2627 4634 se
2658 4595 2726 4633 ex
2755 4580 2935 4632 multis
2967 4590 3015 4633 et
3052 4578 3177 4633 alibi
3208 4580 3496 4634 ostendisse
3527 4579 3681 4635 Pauli
3728 4595 3961 4636 consue-

2397 4673 2635 4727 tudinem
2681 4686 2800 4727 esse
2844 4671 3159 4741 hyperbatis
3222 4671 3318 4727 uti.
3375 4672 3450 4728 De
3496 4686 3563 4727 eo
3607 4681 3789 4726 autem
3847 4671 3959 4727 fre-

2396 4764 2581 4833 quenti
2627 4763 2973 4817 Paulinorum
3028 4762 3455 4834 hyperbatorum
3509 4778 3607 4818 usu
3661 4778 3729 4817 ne
3792 4765 3959 4818 verbo

2396 4857 2610 4926 quidem
2643 4856 2909 4910 traetatin
2942 4855 3150 4910 duobus
3176 4854 3608 4925 praecedentibus
3641 4854 3818 4922 libris,
3844 4855 3959 4910 imo

2395 4964 2494 5004 nec
2525 4949 2576 5003 in
2608 4947 2981 5018 sequentibus.
3015 4948 3331 5019 Quempiam
3368 4946 3535 5016 igitur
3559 4946 3725 5002 alium
3756 4954 3958 5003 tracta-

2396 5055 2504 5097 tum
2548 5046 2694 5112 prius
2720 5042 2952 5097 edidisse
2985 5042 3221 5107 videtur,
3272 5043 3325 5095 in
3370 5055 3478 5112 quo
3509 5039 3575 5095 de
3605 5041 3692 5096 bis
3720 5056 3787 5096 ex
3826 5056 3954 5102 pro-

2396 5138 2539 5189 fesso
2568 5135 2759 5203 egerit.

2467 5226 2557 5279 ΛΞ.
2588 5227 2634 5257 ’⁸
2665 5224 2947 5281 Scribendi
2983 5240 3111 5279 vero
3139 5225 3265 5279 dicti
3292 5225 3473 5293 operis
3502 5234 3689 5279 contra
3719 5224 3956 5280 hereses

2396 5319 2588 5387 duplex
2623 5334 2787 5373 causa
2832 5318 2949 5372 fuit.
2983 5318 3168 5372 Altera
3197 5328 3251 5371 ut
3294 5334 3501 5373 morem
3532 5327 3747 5389 gereret
3774 5318 3956 5374 amico

2396 5412 2631 5475 cuidam,
2671 5410 2763 5479 qui
2801 5411 3053 5479 precibus
3085 5424 3205 5463 eum
3254 5424 3319 5463 eo
3361 5419 3566 5479 egerat,
3596 5420 3655 5464 ut
3698 5410 3954 5465 abstrusa

2400 5502 2667 5557 Valentini
2720 5504 3105 5573 discipulorum
3144 5503 3419 5572 mysteria,
3458 5501 3686 5557 necdum
3739 5517 3767 5555 a
3811 5517 3951 5571 quo-

2394 5608 2555 5661 quam
2602 5594 2732 5648 satis
2780 5593 3069 5663 explicata,
3127 5590 3417 5649 nmulfesta
3470 5592 3570 5649 sibi
3613 5592 3843 5659 faceret,
3890 5608 3954 5648 ac

1913 5772 1955 5803 ’°
1998 5771 2163 5839 lren.,
2195 5771 2352 5827 Puri.
2385 5773 2475 5826 lib.
2512 5786 2549 5825 l.
