4196 6330
209 368 315 427 217

775 367 1233 431 DISSERTATIO
1264 366 1331 435 ll,
1369 366 1533 427 ΛΒΤ.
1569 366 1632 435 ll,
1670 366 1759 422 DE
1790 366 2047 425 lRENASl
2079 366 2302 424 LlBBlS
2336 366 2492 425 ADV.
2533 362 2895 424 BERESES.

3357 362 3464 421 218

213 488 377 544 simul
400 503 555 544 arma
587 488 952 555 ministraret,
998 487 1194 557 quibus
1227 485 1341 541 haec
1387 500 1633 542 errorum
1663 499 1790 555 por—
1818 492 1865 546 Α
1893 496 1951 540 ut
2000 492 2200 539 retecta
2249 483 2431 552 lupina
2481 482 2655 537 iacies.
2682 483 2964 537 horrorem
2998 480 3142 535 veris
3170 480 3457 536 incuteret.

216 588 366 636 tenta
410 579 849 636 confoderentur.
897 580 1030 646 Quis
1072 577 1238 633 fuerit
1280 578 1490 633 amicus
1538 576 1650 643 ille,
1699 586 1785 630 ta-

221 680 376 727 cente
417 670 649 739 lreumo,
683 669 793 725 dici
834 685 941 726 non
970 677 1165 739 potest.
1197 669 1444 724 Graecum
1480 678 1657 724 tamen
1690 670 1791 725 ho-

220 763 425 818 minem
457 762 630 817 fuisse
651 776 719 816 ex
752 776 818 816 eo
842 762 1093 830 coniicio,
1127 761 1270 829 quod
1297 760 1484 815 Graece
1508 760 1791 819 scripserit
1820 804 1830 814 .

220 854 483 919 Ireuaaus,
512 863 574 908 ut
605 854 833 909 inferius
858 854 1130 922 probabo;
1163 852 1300 909 alias
1329 852 1519 907 Latine
1554 852 1791 923 scriptu-

223 959 339 1007 rus,
381 946 431 1000 si:
465 946 519 1000 in
562 945 742 1004 Latini
790 946 1024 1017 gratiam
1060 945 1401 1020 scripsisset.
1455 944 1608 1000 Adde
1641 945 1790 1015 quod

221 1032 434 1089 Graecis
485 1034 798 1105 regionibus
841 1035 998 1105 longe
1049 1035 1318 1103 infestior,
1363 1048 1529 1105 quam
1578 1035 1791 1094 Latinis

223 1140 442 1195 semper
480 1125 651 1183 fuerit
687 1125 983 1191 Valentini,
1026 1136 1453 1196 cmterorumque
1502 1126 1791 1184 Gnostico-

223 1235 349 1275 rum
385 1219 519 1276 lues.
564 1220 887 1290 Episcopum
928 1223 1093 1275 etiam
1153 1221 1320 1276 fuisse
1370 1222 1647 1291 suspicor,
1699 1231 1794 1277 aut

224 1309 462 1378 aliquem
490 1310 542 1364 in
572 1310 721 1366 clero
750 1311 1242 1383 conspicuum,_qui
1274 1310 1483 1381 plebem
1516 1329 1660 1369 cura:
1683 1329 1793 1373 sua:

223 1400 599 1456 coucreditam
628 1400 875 1458 haberet.
911 1399 1025 1455 Huc
1060 1402 1247 1458 saltem
1285 1403 1423 1457 trahi
1455 1416 1613 1471 posse
1647 1404 1795 1477 vide-

226 1500 317 1545 tur
344 1493 488 1560 quod
519 1495 595 1546 alt
626 1492 858 1547 lrenaaus
883 1494 953 1559 "',
985 1493 1106 1548 ideo
1143 1508 1200 1548 se
1233 1508 1436 1549 morem
1478 1494 1653 1548 amico
1673 1509 1797 1561 ges-

224 1581 463 1645 sisse,ut
488 1594 539 1637 et
563 1581 678 1651 ipse
704 1598 919 1655 quoque
936 1583 1424 1653 portentuosissima
1451 1595 1500 1639 et
1530 1586 1792 1640 altissima

225 1673 481 1743 mysteria
528 1689 861 1742 cognoscens,
900 1691 961 1729 ea
1010 1675 1252 1730 omnibus
1300 1676 1382 1730 his
1436 1677 1527 1747 qui
1573 1694 1690 1732 cum
1736 1695 1795 1733 eo

224 1773 397 1824 erant,
423 1765 559 1818 πᾶσι
578 1766 691 1828 τοῖς
725 1765 862 1836 μετὰ
897 1764 1013 1830 σοῦ,
1040 1767 1324 1834 manifesta
1348 1766 1563 1835 faceret,
1584 1777 1634 1822 et
1661 1784 1796 1835 pra:-

226 1855 518 1920 cipereteis
554 1834 829 1909 obiervare
873 1872 924 1909 se
954 1873 985 1908 a
1014 1854 1279 1924 profundo
1323 1858 1722 1922 insensationis,
1748 1869 1796 1912 et
1827 1834 1869 1891 Β

225 1944 341 2013 ejus
374 1960 492 2016 qua
532 1956 607 2000 est
637 1948 692 2003 in
724 1947 887 2001 Deum
923 1947 1410 2016 blasphemationis.
1443 1947 1579 2004 Hinc
1610 1960 1799 2019 postea

224 2035 486 2091 eumdem
535 2046 740 2105 monet,
785 2048 844 2092 ut
885 2053 985 2102 pro
1029 2053 1091 2093 ea
1144 2054 1247 2107 qua
1282 2039 1425 2093 valet
1462 2040 1796 2108 eruditione,

223 2143 346 2197 qua
377 2126 608 2183 invalide
631 2129 799 2184 relata
829 2140 976 2197 sunt,
995 2139 1228 2201 potenter
1266 2142 1467 2185 asserat
1496 2133 1561 2187 iis
1593 2133 1683 2202 qui
1712 2150 1798 2189 se-

226 2238 349 2275 cum
380 2232 543 2287 sunt;
579 2222 1223 2296 subministrationemque
1264 2226 1368 2279 sibi
1396 2226 1577 2281 datam
1626 2228 1800 2298 eﬁica—

224 2314 360 2369 citer
390 2315 607 2386 reliquis
636 2318 923 2382 ministret,
961 2325 1248 2375 secundum
1279 2322 1507 2393 gratiam
1534 2339 1653 2393 qua
1700 2323 1801 2393 ipsi

225 2424 261 2460 α
292 2407 521 2462 Domino
558 2409 685 2461 data
710 2420 820 2474 est;
848 2422 904 2464 ut
938 2411 1058 2479 jam
1086 2429 1190 2467 non
1220 2413 1600 2467 abstrahamur
1628 2414 1803 2467 nomi-

228 2512 325 2550 stes
371 2514 405 2550 a
450 2495 939 2554 Valentinianorum
996 2503 1242 2559 suadela.
1285 2505 1351 2560 Et
1387 2504 1439 2559 in
1475 2503 1801 2560 Praefatione

227 2586 357 2642 libri
405 2603 481 2653 tv,
517 2591 747 2659 spondet
786 2607 846 2646 se
874 2592 1051 2651 amico
1088 2594 1323 2665 undique
1360 2596 1792 2651 ministraturum

229 2681 535 2743 occasiones
564 2683 633 2735 ad
678 2682 1032 2752 confutandos
1075 2701 1251 2740 omnes
1289 2686 1679 2764 harsticas,gut
1714 2703 1802 2742 eos

228 2771 534 2827 omnimodo
567 2783 767 2829 retusos
803 2790 906 2829 non
924 2776 1142 2847 longius
1184 2779 1325 2832 sinat
1361 2779 1415 2832 in
1452 2781 1651 2834 erroris
1676 2796 1802 2848 pro-

229 2862 405 2916 cidere
418 2864 765 2933 profundum,
785 2884 950 2937 neque
965 2869 1282 2938 ignorantia:
1298 2870 1583 2940 prtefocari
1598 2871 1800 2941 pelago,

228 2956 322 3007 sed
338 2965 640 3009 convertens
664 2973 750 3009 eos
768 2957 822 3011 in
847 2959 1079 3015 veritatis
1095 2970 1326 3028 portum,
1345 2959 1509 3026 faciat
1527 2978 1676 3015 suam
1694 2978 1805 3032 per-

229 3045 406 3111 cipere
431 3046 677 3101 salutem.
703 3047 831 3115 Quae
852 3050 942 3103 vix
971 3050 1023 3104 in
1046 3050 1221 3131 alium,
1236 3066 1400 3121 quam
1421 3052 1473 3107 in
1491 3053 1803 3123 episcopum

1959 573 2049 629 45.
2081 574 2321 627 Arduum
2344 575 2563 645 quidem
2592 588 2730 643 opus
2755 574 2823 628 ab
2852 570 3058 627 [renato
3081 575 3101 604 ¹
3124 581 3459 639 susceptum.

1890 666 2029 737 quod
2062 675 2404 721 tentaveraut
2436 667 2700 721 hactenus
2746 666 2952 734 plures,
2993 668 3087 720 sed
3117 680 3308 733 parum
3342 664 3464 719 l‘eli-

1891 757 2049 812 citer.
2097 756 2194 812 Vel
2242 757 2387 813 enim
2437 756 2814 825 indiligentius
2857 756 2906 811 ei
2939 755 3342 819 incumbentes,
3378 754 3460 813 vel

1892 848 2076 906 labore
2117 848 2301 913 fracti,
2352 849 2434 904 vel
2488 848 2689 918 ingenii
2734 848 2852 904 acie
2879 847 3462 916 destituti,portentuoo

1892 942 2101 997 sissima
2124 951 2171 996 et
2202 941 2462 997 altissima
2511 939 2814 1010 iniquitatis
2856 941 3110 1008 mysteria
3166 939 3463 1008 pervadere

1892 1049 1998 1089 non
2029 1042 2316 1101 potuerant
2339 1073 2353 1097 ,
2386 1032 2661 1087 haeserant
2689 1032 2802 1087 fere
2827 1031 2880 1086 in
2906 1034 3024 1103 ipso
3061 1029 3269 1084 limine.
3300 1026 3460 1092 Eum,

1894 1126 2071 1195 inquit
2110 1125 2199 1181 ille
2230 1124 2273 1192 ³,
2304 1128 2396 1195 qut
2437 1124 2555 1179 velit
2588 1124 2875 1179 haereticos
2904 1129 3227 1185 convertere,
3260 1130 3463 1189 oportet

1892 1217 2166 1287 diligenter
2216 1219 2349 1273 scire
2400 1217 2646 1288 regulas,
2698 1217 2805 1271 sive
2844 1223 3155 1286 argumenta
3202 1215 3460 1283 ipsorum.

1898 1306 2006 1363 Nec
2031 1310 2170 1361 enim
2205 1307 2450 1379 possibile
2487 1318 2563 1362 est
2592 1307 2757 1363 alicui
2800 1324 2989 1362 curare
3018 1309 3277 1376 quosdam
3323 1304 3462 1361 male

1892 1401 2161 1465 habentes,
2193 1401 2284 1468 qui
2317 1400 2524 1470 ignorat
2547 1399 2843 1468 passionem
2874 1414 3055 1452 eorum
3078 1398 3169 1467 qui
3202 1397 3340 1451 male
3369 1412 3463 1451 va-

1894 1493 2023 1546 lent.
2057 1493 2392 1561 Quapropter
2416 1492 2472 1546 lii
2506 1492 2595 1558 qui
2635 1500 2758 1545 ante
2780 1506 2872 1544 nos
2908 1489 3149 1559 fuerunt,
3184 1499 3233 1544 et
3255 1488 3467 1559 quidem

1895 1584 2058 1638 multo
2086 1584 2230 1639 nobis
2254 1582 2512 1648 meliores,
2540 1599 2644 1637 non
2667 1592 2839 1636 tamen
2871 1582 3000 1635 satis
3030 1589 3312 1649 potuerunt
3342 1595 3469 1633 con-

1896 1678 2152 1731 tradicere
2185 1676 2267 1729 his
2299 1676 2388 1745 qui
2421 1685 2538 1729 sunt
2583 1691 2615 1727 a
2665 1672 2961 1736 Valentino,
3002 1673 3125 1743 quia
3156 1672 3468 1741 ignorabant

1897 1768 2133 1839 regulam
2168 1769 2429 1835 ipsorum.
2471 1766 2581 1822 Nec
2620 1766 2857 1821 mirum:
2895 1764 3286 1819 obscurissima
3328 1772 3467 1833 erat,

1899 1860 2071 1933 iisque
2096 1859 2223 1914 solis
2258 1857 2464 1928 pervia,
2504 1859 2702 1927 quibus
2727 1872 2787 1911 ea
2829 1857 3030 1929 ingenii
3061 1858 3230 1919 acies,
3266 1863 3321 1910 ut
3366 1870 3469 1912 au-

1899 1952 2052 2022 cipiti
2085 1956 2379 2007 verborum
2414 1939 2623 2007 cortice
2658 1961 2858 2006 tectum
2887 1964 3148 2025 errorem
3173 1948 3472 2019 deprehen-

1900 2045 2033 2101 dere
2061 2054 2305 2115 possent.
2339 2044 2574 2099 lrenasus
2604 2042 2624 2074 ⁸
2656 2058 2788 2099 vero
2820 2043 2885 2097 ad
2930 2043 2982 2097 id
3027 2042 3209 2112 operis
3236 2040 3473 2099 accessit

1899 2153 1960 2193 ea
1998 2135 2302 2207 diligentia.
2338 2137 2663 2207 sagacitate,
2712 2134 3028 2201 dogmatum
3082 2134 3469 2190 lunreticorum

1902 2229 2124 2293 notitia,
2153 2229 2477 2297 caeterisque
2507 2225 2723 2281 dotibus
2753 2226 3076 2288 instructus,
3109 2225 3308 2293 quibus
3338 2222 3473 2280 illud

1901 2320 1967 2374 ad
1994 2321 2198 2375 exitum
2226 2320 2455 2375 feliciter
2481 2320 2824 2390 perduceret.
2852 2317 3011 2384 Nam,
3035 2319 3351 2389 perquisitis
3372 2317 3475 2374 Va-

1902 2411 2089 2467 lenlinl
2136 2411 2525 2479 discipulorum
2575 2410 2982 2465 commentariis
3025 2424 3091 2464 ac
3133 2408 3325 2477 libris,
3374 2424 3475 2466 eos

1903 2513 2155 2557 accurate
2194 2501 2415 2566 evolvit,
2459 2510 2514 2557 et
2562 2516 2684 2559 cum
2730 2499 3007 2556 nonnullis
3050 2515 3238 2557 eorum
3283 2500 3472 2570 pedem

1902 2594 2153 2657 contulit,
2202 2602 2523 2663 tantumque
2574 2593 2823 2664 improbo
2867 2592 3055 2649 labore
3106 2602 3160 2648 et
3200 2591 3476 2649 indefesso

1903 2686 2081 2740 studio
2120 2684 2322 2749 eﬂ'ecit,
2356 2694 2437 2750 ut,
2484 2685 2761 2755 dissipatis
2786 2684 3048 2751 tenebris,
3081 2700 3217 2755 quas
3239 2685 3476 2741 artiﬁcio

1904 2778 2269 2849 simulationis
2312 2777 2513 2834 eruditi
2563 2777 2833 2843 homines,
2863 2777 3139 2849 pestilerre
3182 2778 3473 2839 sententiae

1901 2872 2243 2938 oil‘uderant,
2297 2880 2356 2927 ut
2390 2873 2638 2928 incautos
2667 2872 2963 2941 deciperet,
2994 2887 3114 2927 eam
3146 2873 3473 2943 perceperit,

1904 2976 2328 3036 perceptamque
2374 2967 2595 3021 demum
2637 2967 2690 3020 in
2746 2966 2923 3022 lucem
2974 2965 3282 3035 protulerit.
3328 2965 3477 3022 Satis

1904 3067 2025 3113 erat
2055 3059 2122 3113 ad
2170 3059 2317 3113 illam
2366 3058 2610 3114 funditus
2655 3058 3028 3114 evertendam.
3066 3058 3241 3121 Nam,
3271 3068 3331 3112 ut
3356 3058 3477 3132 ipse

232 3138 592 3203 conveniunt,
636 3140 728 3209 qui
775 3142 1045 3197 scribendi
1093 3144 1554 3213 procurationem,
1601 3153 1662 3199 ut
1705 3144 1799 3199 lib.
1831 3166 1873 3223 ς
1908 3152 1985 3205 ait
2013 3152 2061 3217 ',
2105 3151 2341 3206 amicum
2393 3150 2694 3221 alloquens,
2729 3150 2980 3206 adversus
3015 3168 3102 3205 eos
3138 3152 3359 3207 victoria
3399 3158 3478 3206 est

231 3245 298 3296 ll,
326 3246 449 3300 cap.
485 3231 575 3296 l7,
598 3247 653 3287 n.
683 3234 737 3296 l,
769 3232 1010 3302 loquitur
1038 3242 1225 3289 auctor
1247 3246 1453 3301 noster,
1488 3236 1663 3291 amico
1701 3251 1803 3292 suo

227 3320 445 3378 Irenaeo
481 3324 800 3379 crediderit.
836 3323 972 3379 Sunt
1015 3314 1108 3396 qui
1140 3327 1376 3382 amicum
1421 3327 1571 3393 illum
1614 3336 1805 3397 putent

232 3412 407 3470 fuisse
460 3414 741 3471 Turihium
788 3415 1110 3473 Toletanum
1158 3419 1496 3490 episcopum,
1553 3418 1803 3475 Patruini

232 3504 520 3575 cujusdam
562 3522 969 3575 successorem;
1025 3511 1353 3566 auctoritate
1392 3510 1515 3566 freti
1560 3511 1802 3567 Pseudo-

234 3603 451 3668 Dextri,
489 3603 557 3658 ad
591 3618 681 3657 an.
712 3603 911 3659 Christi
946 3604 1071 3669 l85,
1103 3606 1245 3661 istud
1276 3607 1679 3671 asseverantis;
1710 3606 1802 3662 sed

233 3692 382 3746 nulla
427 3692 555 3747 huic
584 3693 876 3749 fabulatori
913 3694 1069 3750 ﬁdes.
1106 3696 1293 3751 Altera
1326 3696 1603 3753 scribendi
1638 3712 1802 3753 causa

235 3782 358 3846 fuit,
389 3792 449 3837 ut
467 3783 864 3840 Marcosiorum
891 3785 1108 3851 haeresi,
1130 3787 1525 3843 Valentinianus
1545 3789 1803 3858 germini,

236 3888 361 3945 quae
411 3874 464 3927 in
511 3874 795 3937 Celticam,
825 3890 919 3929 seu
971 3874 1339 3932 thodanenses
1381 3881 1616 3949 regiones
1663 3880 1802 3935 clam

236 3966 513 4034 irruperat
557 3965 626 4027 ⁸⁸.
676 3976 1012 4031 occurreret,
1056 3968 1366 4037 malumque
1415 3972 1469 4024 in
1520 3971 1640 4039 ipso
1683 3983 1804 4026 ortu

239 4056 552 4113 suﬂ’ocaret.
583 4057 662 4115 Eo
690 4059 1052 4126 periculosius
1079 4070 1219 4126 erat,
1261 4078 1373 4131 quo
1420 4062 1653 4131 majores
1684 4080 1806 4119 mu-

239 4147 436 4203 lierum
465 4152 769 4220 praesertim
795 4152 1077 4221 cupiditati
1106 4162 1159 4206 et
1182 4154 1483 4209 curiositati
1522 4156 1806 4211 illecebras

239 4242 561 4312 objiciebat,
589 4243 965 4312 difﬁciliusque
997 4245 1266 4314 imperitis
1307 4258 1425 4302 erat
1454 4262 1582 4302 oves
1611 4262 1640 4302 a
1667 4249 1807 4316 lupis

240 4334 589 4399 discernere;
623 4350 747 4389 cum
790 4336 1001 4391 illarum
1034 4352 1223 4391 vocem
1267 4347 1319 4393 et
1366 4339 1558 4407 pellem
1604 4342 1805 4410 passim

240 4426 649 4481 aemularentur.
682 4429 727 4460 "
760 4427 996 4483 Maxime
1024 4431 1164 4484 enim
1196 4430 1335 4484 circa
1366 4432 1611 4487 mulieres
1650 4450 1807 4488 vaca-

1902 3245 2176 3300 sententite
2241 3260 2423 3299 eorum
2472 3244 2852 3313 manifestatio.
2909 3244 3239 3312 Quapmpter
3299 3244 3479 3301 conati

1903 3350 2083 3388 sumus
2108 3350 2202 3389 nos
2226 3335 2527 3389 universum
2555 3336 2692 3389 male
2732 3335 3036 3405 composita:
3066 3336 3351 3404 vulpecula:
3376 3336 3481 3390 Itu-

1896 3417 1987 3487 jus
2010 3420 2380 3488 corpusculum
2416 3421 2473 3475 in
2500 3423 2742 3476 medium
2769 3424 3078 3492 producere,
3112 3433 3162 3477 et
3191 3440 3284 3494 per
3311 3434 3360 3480 te
3390 3424 3480 3494 fa-

1904 3525 2020 3563 cere
2061 3511 2426 3580 manifestum.
2467 3511 2593 3567 1am
2638 3515 2777 3568 enim
2825 3532 2927 3569 non
2975 3515 3155 3569 multis
3203 3532 3332 3586 opus
3376 3518 3480 3573 erit

1904 3601 2230 3655 sermonibus
2262 3602 2330 3656 ad
2373 3602 2703 3657 evertendam
2734 3604 3032 3659 doctrinam
3066 3590 3271 3674 eorum,
3306 3608 3480 3661 mani-

1906 3688 2095 3757 festam
2126 3691 2366 3753 omnibus
2408 3691 2628 3761 factam.
2664 3693 2816 3760 Quod
2866 3697 3081 3765 egregia
3124 3696 3480 3753 similitudine

1907 3780 2144 3836 illustrat
2171 3781 2271 3852 (ιι).
2301 3780 2754 3851 Quemadmodum
2786 3784 2966 3840 bestia:
2994 3786 3225 3857 alicujus
3270 3788 3324 3843 in
3348 3788 3480 3844 silva

1908 3872 2253 3938 absconditae,
2300 3884 2349 3927 et
2399 3874 2521 3929 inde
2569 3877 2819 3941 impetum
2873 3877 3139 3945 facientis,
3188 3889 3237 3934 et
3285 3880 3481 3937 multos

1908 3965 2185 4029 vastantis,
2212 3966 2302 4035 qui
2333 3976 2568 4036 segregat
2610 3976 2656 4021 et
2688 3968 2919 4022 denudat
2958 3969 3165 4034 silvam,
3198 3981 3246 4025 et
3291 3973 3361 4027 ad
3404 3974 3483 4028 vi-

1906 4056 2104 4109 sionem
2132 4058 2359 4111 adduxit
2391 4059 2559 4124 ipsam
2590 4058 2780 4129 feram,
2804 4061 2922 4130 jam
2950 4078 3054 4117 non
3090 4062 3379 4119 elaboravit
3410 4067 3481 4122 ad

1908 4148 2242 4216 capiendam,
2274 4150 2506 4205 videntes
2531 4154 2775 4222 quoniam
2801 4171 2861 4208 ea
2894 4157 3009 4225 [era
3048 4156 3165 4225 fera
3200 4166 3317 4223 est;
3354 4159 3481 4230 ipsis

1907 4239 2041 4293 enim
2071 4241 2218 4295 adest
2247 4242 2418 4296 videre
2454 4252 2501 4296 et
2531 4260 2710 4298 cavere
2742 4246 2963 4314 impetus
3003 4247 3142 4316 ejus,
3173 4258 3220 4303 et
3242 4250 3482 4324 joculari

1874 4330 2180 4399 'undique,
2239 4341 2290 4385 et
2347 4332 2624 4388 vulnerare
2676 4346 2722 4389 et
2786 4338 3080 4407 interﬁcere
3140 4342 3481 4399 vastatriceus

1912 4418 2119 4493 [XCVI]
2151 4422 2299 4477 illam
2331 4426 2568 4482 bestiam.
2607 4427 2698 4483 Sic
2740 4439 2788 4483 et
2833 4431 3006 4498 nobis,
3040 4448 3159 4488 cum
3207 4436 3264 4489 in
3304 4438 3480 4506 mani-

243 4518 367 4573 δαηι
398 4527 737 4574 veteratores
769 4520 865 4585 iui,
901 4521 1048 4576 circa
1096 4522 1389 4576 άξιξηξηιαε
1436 4525 1804 4592 potissimum,
1838 4512 1881 4567 D
1912 4511 2098 4582 festum
2122 4515 2470 4586 redegerimus
2487 4534 2669 4574 eorum
2686 4521 2993 4577 abscondita
3017 4534 3065 4577 et
3086 4527 3228 4593 apud
3244 4544 3298 4581 se
3316 4530 3480 4585 tacita

242 4624 474 4679 quarum
507 4624 611 4662 non
644 4624 843 4678 paucas
867 4608 980 4678 jam
1016 4610 1367 4677 seduxerant,
1396 4629 1532 4668 vana
1574 4616 1806 4685 prophe-

244 4701 333 4755 tia:
377 4698 819 4769 sublimiorisque
864 4702 1107 4757 scientiae
1138 4715 1232 4772 spe
1264 4705 1503 4760 delusas.
1541 4706 1558 4737 ¹
1592 4705 1809 4764 Veritus

242 4806 375 4859 ergo
402 4791 782 4846 sanctissimus
808 4793 911 4859 vir,
945 4809 1008 4847 ne
1048 4793 1185 4863 forte
1225 4805 1274 4849 et
1329 4812 1446 4849 cum
1482 4814 1577 4853 suo
1613 4800 1805 4855 delicto

244 4882 575 4949 abriperetur
604 4896 767 4937 sexus
802 4894 993 4953 suapte
1023 4894 1217 4939 natura
1262 4870 1698 4956 imbecillior,'ac
1726 4892 1810 4947 in—

244 4980 369 5023 nata
400 4969 504 5023 sibi
540 4971 721 5026 indole
765 4973 1053 5037 curiosior,
1085 4984 1143 5030 et
1187 4990 1310 5031 cum
1344 4992 1409 5032 eo
1454 4988 1509 5033 et
1550 4994 1648 5049 per
1683 4998 1805 5037 eum

242 5062 587 5131 simpliciores
629 5065 843 5133 quidam
875 5068 1025 5137 quasi
1066 5085 1183 5124 oves
1223 5088 1254 5123 a
1284 5069 1459 5140 lupis;
1509 5074 1807 5144 ignorantes

245 5170 355 5219 eos,
389 5164 597 5223 propter
629 5157 859 5211 exterius
891 5158 1039 5212 ovilis
1080 5161 1230 5229 pellis
1267 5166 1804 5236 superindumentum,

246 5264 278 5299 a
323 5247 510 5315 quibus
557 5263 736 5301 cavere
765 5250 1095 5305 denuntiavit
1133 5255 1279 5308 nobis
1309 5256 1583 5319 Dominus,
1612 5260 1805 5313 similia

243 5338 454 5407 quidem
474 5338 619 5392 nobis
644 5339 932 5409 loquentes,
948 5343 1229 5398 dissimilia
1251 5363 1369 5400 vero
1394 5349 1699 5415 sentientes;
1719 5368 1807 5406 ne-

245 5430 534 5485 cessarium
552 5431 702 5484 duxit
726 5430 929 5485 larvam
956 5436 1261 5503 personatis
1283 5437 1474 5493 ovibus
1494 5440 1802 5511 detrahere,

349 5586 393 5617 ”
423 5585 526 5653 Id.,
559 5586 693 5641 ibid.

777 5587 822 5619 ’⁸
856 5587 972 5643 Lib.
1008 5605 1048 5655 t,
1083 5603 1135 5644 c.
1171 5590 1260 5654 l5,
1291 5608 1347 5645 η.
1377 5592 1431 5646 5.

246 5654 343 5710 lib.
378 5672 456 5713 ιν.

552 5656 574 5688 ι
617 5658 721 5722 1a.,
760 5658 915 5726 ibid.,
947 5658 1041 5713 lib.
1078 5675 1116 5713 ι.

318 5814 393 5887 (a)
437 5814 572 5873 Vide
602 5831 723 5889 qua
754 5819 1059 5877 notavimus
1095 5819 1149 5876 in
1182 5821 1324 5881 hunc
1351 5824 1549 5884 locum.

1538 5595 1583 5627 θ’
1611 5595 1712 5661 Id.,
1746 5598 1905 5667 ibid.,
1936 5616 1992 5657 η.
2024 5601 2079 5656 5.

1207 5662 1229 5693 ⁸
1265 5661 1367 5729 Id.,
1400 5665 1493 5719 lib.
1538 5682 1576 5732 t,
1614 5682 1734 5739 cap.
1773 5661 1903 5739 ult.,’
1940 5688 1994 5727 n.
2027 5671 2079 5727 4.

1911 4606 2295 4679 mysteria,jant
2327 4626 2429 4663 non
2456 4613 2555 4664 erit
2588 4616 2938 4669 necessarium
2986 4616 3166 4672 multis
3210 4620 3481 4679 destruere

1911 4712 2089 4751 eorum
2111 4702 2441 4757 sententiam.
2463 4703 2555 4758 llis
2581 4713 2757 4760 tamen
2783 4722 2886 4760 non
2903 4718 3190 4766 contentus
3210 4710 3268 4767 S.
3290 4713 3481 4771 doctor

1910 4803 2030 4843 eam
2073 4789 2260 4846 fusiori
2292 4793 2433 4865 stylo
2462 4797 2793 4865 exagitavit,
2826 4799 3151 4869 penitusque
3181 4801 3473 4860 subvertit.

1911 4881 2192 4954 Oppressit
2219 4900 2350 4941 vero
2381 4887 2720 4957 argumentis
2748 4884 3107 4961 undequaque
3131 4892 3476 4962 conquisitis,

1913 4994 1978 5033 ac
1999 4979 2193 5048 petitis
2210 4979 2322 5033 sive
2340 4994 2367 5032 a
2395 4980 2606 5036 ratione
2632 4981 2771 5051 ipsa,
2796 4984 2911 5040 sive
2950 5001 2978 5039 a
3022 4985 3208 5043 divina
3240 4991 3481 5045 auctori-

1914 5080 2064 5125 tate:
2100 5086 2165 5126 eo
2198 5085 2449 5126 successu
2479 5074 2564 5128 cui
2591 5075 2725 5129 satis
2769 5090 2866 5143 pro
2904 5078 3101 5134 merito
3136 5078 3393 5148 plaudere
3416 5096 3478 5139 se
3517 5082 3520 5084 ⁷

1915 5177 2021 5216 non
2052 5178 2210 5233 posse
2245 5172 2505 5233 putarunt
2543 5174 2776 5233 veteres,
2810 5178 3003 5236 putant
3033 5179 3090 5225 et
3122 5171 3475 5235 recentiores.

1916 5256 2224 5325 quicunque
2244 5257 2503 5314 Irenaeum
2528 5274 2593 5314 ea
2608 5276 2712 5330 qua
2734 5272 2832 5331 par
2859 5263 3119 5318 estanimi
3149 5264 3477 5333 attentione,

1914 5356 2079 5418 atque
2110 5350 2369 5419 aequitate
2397 5351 2601 5422 legunt.
2628 5351 2838 5423 Ubique
2870 5356 3015 5409 enim
3046 5356 3345 5426 suspiciunt
3378 5359 3479 5414 ho-

1914 5442 2113 5498 minem
2143 5443 2359 5515 ingenio
2379 5445 2678 5513 praestanti,
2700 5455 2859 5515 atque
2881 5446 3188 5505 eruditione
3213 5448 3473 5519 perfecta.

2174 5601 2373 5662 ‘Pt‘aaf.
2410 5604 2505 5660 lib.
2539 5620 2576 5659 ι.
2677 5606 2696 5635 ⁸
2727 5603 2827 5669 Id.,
2864 5604 2992 5662 ibid.
3088 5605 3109 5638 ⁸
3137 5604 3240 5674 ld.,
3289 5604 3473 5674 Pali,
