4196 6330
740 312 847 370 illi

1546 308 2139 371 DlSSERTATlONES
2171 313 2471 371 PRABVI'E
2513 314 2577 372 ΙΝ
2615 313 2871 371 ΙΒΕΝᾸΕΙ
2902 315 3168 376 LIBROS.

3867 317 3974 379 230

742 430 1152 504 Scripturarum
1179 445 1459 488 sacrarum
1485 433 1743 499 scientia,
1769 448 1832 488 ac
1856 435 2173 489 venerandae
2199 444 2304 490 traa
2328 443 2375 499 Α
2405 444 2727 507 argumento
2756 436 3057 507 peregrinis
3081 437 3384 493 videantur.
3421 434 3682 509 Quisquis
3705 436 3967 497 lreneum

740 523 965 579 ditionis
996 523 1191 578 notitia
1224 523 1357 578 nulli
1403 525 1725 588 secundum,
1754 525 1945 591 uirum,
1985 536 2042 579 ut
2070 526 2146 580 ait
2174 528 2303 597 Epi-

742 612 976 685 phanius
998 614 1040 683 ‘,
1071 616 1284 670 omnino
1316 617 1549 686 Spiritus
1576 618 1745 672 sancti
1775 617 1925 672 donis
1954 619 2303 675 instructissi-

742 724 905 775 mum,
938 726 1001 763 ac
1029 709 1321 764 calonibus
1364 712 1705 777 ornamentis,
1739 726 1791 766 ut
1820 713 1895 766 ita
1942 714 2189 779 dixerim,
2231 715 2302 769 ad

737 810 1005 855 certamen
1041 809 1369 870 perunctum,
1414 803 1505 872 qui
1550 804 1768 858 sincera:
1803 806 1928 873 ﬁdei
1971 823 2031 859 ac
2068 806 2302 873 scientiis

739 890 1002 959 prasidiis
1044 892 1225 946 omnia
1261 893 1624 949 ha'reticorum
1669 897 1982 964 prostravit,
2019 899 2302 969 evertitque

750 982 1058 1049 mendacia;
1091 1000 1198 1039 uno
1225 986 1413 1052 verbo,
1446 988 1623 1042 virum
1657 991 2037 1059 apostolicum,
2079 999 2301 1059 aposto-

738 1072 915 1129 iorum
953 1078 1168 1146 spiritu,
1212 1077 1315 1133 ﬁde
1358 1088 1413 1133 et
1450 1081 1718 1137 charitate
1768 1084 2009 1153 plenum,
2035 1084 2124 1153 qui
2164 1099 2300 1152 quos

739 1182 808 1223 ex
830 1166 961 1235 ipsis
984 1182 1121 1238 pene
1143 1166 1380 1224 fontibus
1401 1170 1661 1226 hauserat
1682 1188 1840 1242 puros
1861 1188 2027 1229 sacrae
2044 1174 2302 1229 doctrinae

739 1257 951 1326 latices,
978 1276 1143 1331 puros
1172 1260 1228 1315 in
1260 1262 1483 1331 scriptis
1523 1262 1739 1331 ell'udit;
1776 1274 1832 1319 et
1866 1265 2084 1336 quidem
2118 1281 2179 1319 ea
2210 1281 2300 1321 co-

741 1350 855 1422 pia,
901 1360 959 1406 ut
998 1352 1198 1408 mirum
1248 1354 1319 1408 sit
1347 1362 1425 1410 tot
1452 1365 1509 1410 et
1553 1365 1721 1423 tanta,
1752 1366 1972 1427 tamque
2014 1357 2299 1427 multiplici

738 1444 1043 1503 eruditione
1078 1462 1394 1519 conspersa,
1446 1465 1551 1505 non
1599 1451 1737 1506 adeo
1784 1465 1978 1522 magno
2026 1448 2301 1506 volumine

741 1540 1131 1609 comprehendi
1169 1542 1434 1612 potuisse.

809 1653 901 1710 Μ.
922 1654 1136 1711 Accidit
1156 1665 1358 1721 tamen,
1385 1657 1579 1724 fateor,
1601 1666 1679 1722 ut,
1707 1658 1831 1714 dum
1857 1665 2157 1717 sententias
2175 1676 2301 1731 pre-

734 1745 838 1801 mit
871 1745 1131 1813 lrenaeus,
1166 1746 1431 1804 obscurus
1468 1750 1739 1805 interdum
1765 1753 1982 1806 evadat.
2024 1754 2129 1809 Sed
2160 1755 2239 1810 sic
2268 1769 2296 1809 a

735 1830 930 1894 natura
965 1851 1279 1911 comparata
1321 1853 1448 1896 sunt
1490 1842 1701 1913 ingenia
1738 1844 1964 1899 fecunda
1995 1864 2009 1899 :
2044 1861 2164 1901 cum
2199 1861 2297 1917 pa-

736 1944 862 1987 rere
884 1928 1302 2002 festinantquod
1327 1936 1555 1990 ubertim
1583 1937 1767 1992 animo‘
1785 1951 2103 2007 concepere,
2134 1940 2297 1994 verba

738 2025 1092 2095 conceptibus
1138 2042 1282 2097 saepe
1325 2043 1429 2083 non
1476 2030 1826 2098 respondent.
1876 2030 2099 2086 Accedit
2130 2032 2301 2088 altera

733 2116 1083 2173 obscuritatis
1136 2134 1334 2184 causa,
1382 2135 1553 2192 eaque
1590 2120 1707 2178 fere
1759 2123 2063 2193 praecipua,
2116 2139 2298 2180 rerum

736 2209 1009 2275 videlicet,
1028 2211 1095 2266 de
1113 2214 1308 2283 quibus
1326 2214 1651 2277 disserebat,
1670 2213 1959 2272 difficultas
1979 2224 2032 2271 et
2048 2215 2299 2271 sublimi-

736 2310 841 2359 tas.
876 2301 1045 2359 Totus
1087 2312 1174 2359 est
1225 2304 1278 2359 in
1325 2305 1591 2361 rimandis
1637 2307 2022 2364 Gnosticorum
2055 2308 2298 2374 arcanis,

733 2393 1295 2464 reconditioribusque
1330 2410 1518 2450 eorum
1548 2399 1802 2453 sensibus
1831 2398 2121 2463 eruendis;
2155 2407 2300 2454 totus

732 2493 818 2540 est
866 2486 918 2541 in
959 2485 1283 2557 dissipandis
1315 2488 1625 2545 vanissimis
1663 2492 1966 2560 quibusque
2011 2492 2300 2547 luxurian-

736 2571 870 2627 tium
932 2586 984 2629 et
1037 2576 1563 2645 captiosissimorum
1622 2578 1965 2646 ingeniorum
2032 2582 2297 2649 argutiis,

732 2664 1004 2735 rebusque
1038 2667 1239 2722 divinis
1278 2669 1648 2737 explicandis;
1687 2685 1793 2739 quo
1826 2671 1960 2725 nihil
1988 2672 2300 2728 abstrusius

731 2764 790 2813 et
813 2758 1099 2814 sublimius
1123 2762 1349 2830 cogitari
1373 2771 1569 2832 potest.
1594 2761 1691 2818 Vix
1720 2775 1896 2818 autem
1927 2762 2041 2818 fieri
2061 2771 2297 2833 poterat,

736 2852 911 2921 utqui
940 2856 1257 2925 versabatur
1285 2858 1335 2909 in
1376 2857 1635 2923 ejusmodi
1682 2857 1973 2911 salebrosis
2016 2872 2299 2928 argumen-

735 2944 826 3010 tis,
859 2960 886 2998 a
925 2946 1073 3001 nullo
1114 2949 1373 3004 hactenus
1426 2949 1527 3003 nisi
1559 2964 1747 3018 parum
1781 2949 2013 3004 feliciter
2052 2950 2296 3020 tentatis,

729 3051 794 3091 ea
835 3038 912 3093 sic
954 3050 1335 3108 pertractaret,
1367 3043 1497 3109 quin
1551 3041 1842 3096 lectoribus
1888 3043 2117 3096 insuetis
2158 3042 2299 3097 labo-

733 3143 846 3183 rem
875 3142 1085 3186 crearet
1126 3133 1239 3199 ipsa
1274 3136 1579 3204 argumenti
1620 3136 1854 3200 novitas,
1890 3135 2075 3203 reique
2102 3136 2292 3189 innata
2324 3146 2365 3202 ο

732 3218 1040 3276 dilﬁcultas.
1100 3222 1169 3277 Ut
1220 3225 1349 3277 nihil
1389 3225 1479 3279 hic
1530 3227 1705 3280 dicam
1738 3228 1801 3280 de
1841 3227 2072 3281 barbara
2102 3227 2293 3281 Latina

733 3313 1206 3381 interpretatione,
1261 3331 1381 3385 quae
1433 3318 1735 3386 perspicuis
1785 3335 1852 3373 ex
1906 3334 1963 3373 se
2014 3320 2297 3374 sententiis

731 3404 1088 3460 densissimas
1115 3422 1259 3477 saepe
1286 3409 1484 3477 saepius
1511 3408 1737 3464 oll‘undit
1769 3413 2036 3477 tenebras,
2063 3412 2295 3480 imperiti

733 3498 1075 3567 interpretis,
1106 3517 1211 3554 non
1257 3505 1499 3557 auctoris
1540 3495 1731 3572 ipsius,
1762 3504 1913 3557 vitio.
1969 3504 2025 3558 Si
2079 3504 2199 3571 quis
2229 3514 2299 3556 ta-

734 3603 857 3644 men
904 3590 1025 3644 libri
1078 3593 1236 3661 primi
1272 3596 1442 3661 spinis
1522 3594 2294 3663 haudquaquamdeterritus,

731 3691 857 3734 eum
885 3690 1140 3734 accurate
1171 3681 1380 3749 legerit,
1417 3685 1597 3751 ibique
1626 3688 1868 3750 exposita
1910 3686 2293 3739 Gnosticorum

732 3771 982 3841 dogmata
1060 3781 1268 3827 attente
1319 3777 1611 3829 meditatus
1664 3775 1826 3829 fuerit
1899 3776 2296 3845 (dillicultatem

732 3860 876 3917 forte
919 3864 1171 3918 levabunt
1222 3874 1333 3918 tum
1387 3875 1586 3920 nostra:
1634 3868 1685 3919 in
1721 3868 1864 3920 hunc
1904 3867 2100 3920 librum
2138 3880 2297 3933 notae,

733 3964 844 4007 tum
874 3969 934 4008 ea
966 3970 1125 4024 quam
1168 3957 1218 4011 in
1249 3957 1420 4011 lucem
1474 3958 1776 4012 emittimus
1804 3960 1869 4012 de
1913 3959 2295 4015 Gnosticorqu

734 4045 1016 4114 hypothesi
1046 4049 1416 4117 dissertatio),
1473 4050 1516 4103 is
1583 4050 1707 4104 huic
1758 4053 2032 4105 constabit
2095 4051 2299 4105 laboris

730 4136 966 4201 fructus,
1023 4150 1079 4193 ut
1131 4138 1244 4194 iere
1294 4144 1532 4205 nullum,
1595 4156 1683 4198 aut
1722 4145 1876 4214 longe
1928 4145 2189 4198 minorem
2245 4145 2297 4196 in

731 4230 1041 4285 evolvendis
1067 4242 1119 4285 et
1149 4233 1507 4301 intelligendis
1534 4237 1744 4289 cceteris
1795 4235 2106 4304 experiatur
2145 4251 2157 4285 :
2192 4233 2299 4285 imo

736 4336 806 4376 ex
862 4325 1253 4377 sententiarum
1302 4327 1603 4394 gravitate,
1655 4337 2097 4397 argumentorum
2139 4327 2192 4380 vi
2244 4335 2297 4379 et

737 4412 997 4481 efﬁcacia,
1031 4425 1213 4485 totque
1264 4427 1480 4487 tamque
1530 4420 1785 4487 praeclare
1827 4421 2091 4473 dictorum
2137 4420 2299 4474 subli-

741 4518 930 4563 mitate
967 4519 1018 4563 et
1060 4513 1261 4579 pietate
1289 4512 1620 4580 voluptatem
1654 4528 1757 4565 non
1794 4512 2084 4577 modicam,
2122 4527 2295 4580 opera:
2330 4488 2375 4547 Β

738 4604 969 4673 pretium
1016 4606 1227 4658 habeat.
1268 4604 1320 4657 ld
1360 4606 1505 4656 enim
1547 4606 1728 4673 plures
1781 4603 1938 4668 fallit,
1980 4605 2121 4674 quod
2173 4604 2296 4658 libri

739 4695 896 4763 primi
940 4695 1194 4761 lectione,
1236 4698 1377 4765 quod
1412 4699 1619 4751 taedium
1656 4699 1833 4766 pariat
1868 4698 2295 4753 totabsurdissi-

738 4802 949 4843 morum
987 4790 1298 4857 dogmatunt
1330 4793 1617 4857 expositio,
1646 4789 1807 4844 facile
1836 4790 2109 4843 abstinere
2140 4805 2297 4858 posse

737 4889 1030 4949 putantes,
1074 4882 1208 4935 alios
1248 4882 1351 4936 hoc
1408 4884 1607 4936 omisso
1656 4882 1830 4951 legere
1881 4882 2295 4950 praefestinent:

738 4970 909 5025 sicubi
943 4985 1097 5035 vero,
1133 4972 1274 5042 quod
1306 4988 1445 5041 smpe
1477 4975 1681 5038 evenit,
1714 4975 1971 5039 haereant,
2004 4974 2213 5042 culpam
2245 4974 2297 5027 in

738 5071 1017 5118 auctorem
1070 5064 1388 5131 conferunt,
1444 5081 1564 5119 cum
1621 5076 1729 5121 tota
1788 5083 1953 5138 penes
2007 5067 2149 5135 ipsos
2204 5066 2296 5121 sit.

739 5160 908 5227 Ecqui
939 5159 1057 5213 libri
1092 5159 1343 5229 poletnici
1398 5178 1590 5217 sensus
1617 5162 1807 5230 planus
1850 5179 1913 5217 ac
1956 5162 2130 5216 facilis
2170 5177 2297 5216 eva—

739 5250 869 5307 dere
896 5252 1065 5321 possit
1092 5244 1161 5318 ei,
1192 5266 1351 5320 quem
1390 5268 1602 5318 eorum,
1632 5268 1766 5323 quos
1799 5252 2160 5307 confutandos
2194 5254 2296 5309 sibi

743 5342 984 5410 suSCepit
1012 5351 1220 5408 auctor,
1252 5344 1572 5398 sententiam
1607 5354 1660 5398 et
1694 5345 2028 5413 hypothesim
2058 5343 2298 5399 delibare

745 5434 1035 5505 piguerit?
1073 5435 1203 5489 Cum
1255 5437 1397 5489 enim
1452 5438 1517 5490 ad
1571 5451 1687 5491 eam
1745 5448 2004 5505 perpetuo
2061 5436 2301 5498 alludat,

741 5524 962 5594 jamque
1000 5534 1181 5581 notam
1224 5537 1529 5597 supponat;
1560 5543 1668 5583 non
1703 5530 1897 5582 mirum
1939 5528 1981 5583 si
2024 5528 2140 5597 ipsa
2182 5526 2303 5580 luce

746 5616 981 5673 clariora
1015 5618 1180 5674 verba
1213 5620 1433 5675 totidem
1469 5621 1757 5692 aenigmata
1786 5621 2078 5676 lectoribus
2114 5621 2167 5674 in
2204 5618 2307 5674 hoc

834 5800 858 5836 ⁸
900 5798 1042 5858 Har.
1078 5818 1230 5871 xxxi,
1268 5800 1411 5875 §5‘5.
1484 5801 1504 5832 "
1533 5798 1699 5869 lren.,
1733 5800 1827 5858 lib.
1859 5816 1899 5869 ι,
1932 5814 1981 5856 c.
2015 5798 2107 5867 22,
2140 5815 2195 5855 n.
2234 5797 2289 5853 2.
2366 5797 2384 5829 ⁸
2414 5795 2543 5866 Cap.
2575 5794 2664 5847 Q3.

2403 526 2615 596 assequi
2640 525 2808 597 cupit,
2828 526 3011 582 lrenazi
3037 527 3265 592 vestigia
3289 535 3522 596 premat,
3541 525 3764 598 ejusque
3794 528 3966 586 libros

2402 633 2467 675 eo
2520 618 2713 674 ordine
2745 632 2854 689 quo
2883 619 3177 690 conscripti
3223 627 3373 684 sunt,
3410 617 3556 691 legat
3586 633 3813 676 necesse
3856 630 3965 676 est.

2467 729 2559 786 45.
2602 729 2672 786 Ut
2706 732 2851 788 enim
2902 732 2956 787 in
3002 730 3337 788 debellandis
3365 731 3663 798 haereticis,
3691 733 3961 790 adversus

2403 835 2540 891 quos
2574 837 2726 877 arma
2767 825 3087 893 capessebat
3128 821 3188 878 S.
3235 823 3446 887 doctor,
3482 822 3669 879 ordine
3700 824 3961 894 procede-

2391 923 2509 978 ret,
2560 915 2924 970 necessarium
2970 914 3074 971 sibi
3122 916 3355 986 putavit,
3392 924 3447 972 et
3490 916 3685 972 merito
3719 916 3962 986 quidem.

2402 1005 2729 1061 sententiam
2786 1021 2972 1061 eorum
3022 1009 3334 1064 accuratius
3361 1023 3524 1079 quam
3571 1019 3731 1064 antea
3757 1008 3960 1073 fuerat,

2400 1111 2689 1167 exponere.
2712 1098 2757 1151 A
2776 1096 3169 1155 Valentinianis
3192 1110 3373 1156 autem
3399 1100 3681 1156 exordium
3706 1100 3959 1169 sumpsit,

2398 1197 2453 1243 et
2478 1190 2529 1243 in
2559 1188 2610 1243 id
2643 1188 2980 1259 potissimum
3012 1190 3274 1255 incubuit,
3308 1200 3365 1245 ut
3391 1206 3578 1247 eorum
3610 1190 3960 1263 hypotbesim

2398 1280 2591 1350 majori
2618 1284 2830 1336 caeteris
2856 1295 2987 1337 cura
3028 1281 3358 1345 explicatam
3387 1282 3563 1349 daret,
3595 1290 3707 1336 tum
3738 1280 3867 1351 quia
3891 1292 3958 1336 es

2399 1379 2555 1424 erant
2584 1371 2741 1426 amici
2787 1370 2870 1424 sui
2910 1380 3057 1436 vota,
3109 1379 3219 1425 tum
3248 1373 3377 1441 quia
3424 1372 3476 1426 in
3525 1386 3645 1426 eam
3685 1370 3961 1434 haeresim,

2398 1461 2548 1516 velut
2585 1462 2638 1516 in
2674 1461 2970 1527 sentinam,
3014 1461 3390 1519 conﬂuxerant
3440 1462 3672 1519 aliarum
3715 1462 3960 1518 omnium

2399 1553 2621 1621 sordes;
2649 1564 2706 1610 et
2729 1555 2849 1609 ideo
2877 1554 2930 1609 in
2959 1555 3099 1611 hanc
3125 1570 3313 1611 omnes
3340 1554 3455 1611 fere
3479 1556 3625 1612 vires
3660 1555 3956 1622 convertit,

2401 1652 2552 1698 ratus
2592 1657 2654 1698 ca
2702 1643 2869 1699 semel
2905 1643 3073 1715 probe
3103 1654 3229 1700 nota
3281 1655 3335 1701 et
3386 1654 3681 1716 prostrata.
3733 1654 3963 1701 ceteras

2401 1744 2549 1790 stare
2596 1749 2701 1790 non
2754 1749 2932 1804 posse.
2992 1736 3123 1792 Cum
3176 1751 3304 1794 vero
3358 1737 3501 1793 inter
3554 1735 3963 1792 Yalentinianos

2400 1840 2590 1881 omnes
2626 1826 2831 1896 primas
2881 1827 3039 1883 facile
3086 1837 3335 1884 tenerent
3383 1838 3440 1884 et
3484 1829 3816 1885 asseclarum
3865 1844 3963 1883 nu-

2400 1930 2583 1981 mero,
2636 1929 2692 1971 et
2738 1917 3007 1988 indigesta
3061 1919 3374 1988 dogmatum
3422 1922 3772 1993 omnigenum
3821 1919 3965 1975 male

2400 2010 2503 2066 sibi
2530 2009 2919 2064 cohaerentium
2948 2009 3241 2082 farragine,
3274 2021 3328 2067 et
3354 2012 3596 2083 proiecta
3624 2028 3965 2083 propugnan-

2401 2101 2535 2155 tium
2563 2100 2788 2156 audacia
2817 2110 2869 2156 et
2893 2104 3200 2159 temeritate
3226 2103 3561 2161 Ptolemaita:
3598 2115 3653 2160 et
3679 2105 3963 2171 Marcosii,

2401 2192 2566 2262 hique
2591 2192 3004 2264 Lugdunensem
3040 2203 3291 2262 tractum,
3324 2194 3412 2249 cui
3440 2205 3670 2264 prmerat
3702 2193 3963 2263 lrenaeus,

2402 2284 2664 2340 infestare
2710 2286 3042 2355 coepissent;
3088 2285 3141 2341 in
3189 2300 3379 2342 eorum
3431 2285 3753 2355 explicanda
3788 2288 3964 2358 hypo-

2404 2377 2542 2432 thesi
2591 2378 2795 2433 diutius
2828 2378 3149 2433 immoratus
3176 2386 3282 2444 est,
3319 2387 3503 2448 utpote
3553 2379 3607 2432 in
3654 2394 3815 2447 quam
3846 2388 3961 2432 tota

2399 2470 2523 2525 belli
2555 2470 2728 2526 moles
2770 2470 3087 2526 incumbere
3133 2470 3385 2526 debebat.
3413 2469 3523 2526 Sed
3551 2470 3677 2539 quia
3714 2470 3962 2525 Valenti-

2404 2562 2552 2617 niani
2582 2576 2774 2617 omnes
2803 2561 2997 2617 callide
3030 2560 3383 2617 dissimulatis
3423 2560 3703 2631 probrosis
3726 2576 3965 2617 avorum

2402 2655 2734 2721 nominibus,
2767 2654 2897 2710 illud
2930 2655 3311 2711 Gnosticorum
3341 2655 3442 2709 sibi
3481 2655 3766 2723 superbius
3807 2669 3968 2709 arro-

2353 2744 2357 2749 ’
2400 2748 2632 2816 gabant;
2662 2756 2719 2801 ut
2745 2761 2930 2802 eorum
2961 2747 3347 2817 impudentiam
3376 2747 3675 2814 castigaret
3697 2747 3961 2810 lrenmus.

2400 2855 2462 2893 ac
2513 2840 2671 2894 simul
2724 2840 2972 2894 limresim
3022 2853 3052 2893 a
3104 2838 3379 2893 radicibus
3436 2839 3559 2894 imis
3605 2839 3975 2907 convelleret,

2401 2932 2645 2987 ostendit
2673 2947 3015 2988 communem
3042 2933 3285 2986 omnium
3314 2941 3592 3002 parentem
3623 2946 3743 2989 esse
3777 2932 3963 2987 Simo—

2401 3040 2522 3081 nem
2542 3018 2921 3094 Magum,illud
2950 3024 3241 3095 impietatis
3264 3035 3569 3079 monstrum
3593 3026 3774 3095 potius
3796 3040 3963 3095 quam

2401 3116 2695 3182 hominem,
2712 3131 2741 3169 a
2760 3114 2913 3183 cujus
2938 3114 3021 3170 vel
3043 3117 3261 3171 nomine
3278 3116 3643 3172 abhorrebant
3658 3116 3963 3173 Christiani

2399 3223 2587 3264 omnes
2612 3227 2626 3275 ;
2656 3210 2819 3279 idque
2854 3209 3053 3263 invicte
3082 3209 3419 3264 demonstrat
3446 3224 3515 3265 ex
3546 3211 3800 3266 continua
3820 3210 3963 3282 Magi

2396 3299 2541 3353 illius
2567 3300 2958 3370 discipulorum
2987 3301 3052 3355 ad
3088 3298 3499 3357 Valentinianus
3532 3316 3701 3371 usque
3729 3316 3965 3360 succes-

2398 3394 2575 3457 sione,
2602 3394 2955 3462 omniumque
2982 3394 3033 3446 in
3066 3392 3255 3447 iisdem
3286 3394 3629 3465 dogmatibus
3662 3395 3968 3465 corruptis-

2400 3487 2657 3555 simisque
2708 3486 2948 3541 moribus
2988 3486 3349 3541 consensione
3380 3503 3392 3539 :
3425 3501 3547 3541 cum
3595 3487 3699 3542 hoc
3748 3471 3963 3543 iantum

2400 3578 2732 3639 discrimine,
2766 3578 2906 3647 quod
2943 3578 3007 3631 ad
3036 3576 3354 3645 explicanda
3384 3586 3624 3632 veterum
3652 3589 3965 3635 cmnmenta

2400 3688 2584 3727 secum
2626 3681 2932 3741 pugnantes
2959 3669 3312 3739 posteriores,
3343 3669 3447 3723 alia
3478 3670 3596 3725 aliis
3635 3673 3965 3729 absurdiora

2400 3766 2700 3821 ﬁnxissent.
2730 3765 2862 3820 Cum
2886 3767 2951 3818 sit
2998 3765 3181 3833 igitur,
3215 3760 3391 3829 inquit
3420 3764 3463 3829 ",
3503 3768 3749 3827 adversus
3783 3782 3965 3822 omnes

2401 3862 2672 3914 haereticos
2696 3860 2912 3915 detectio
2938 3870 3090 3930 atque
3112 3862 3373 3915 convictio
3399 3860 3547 3913 varia
3568 3870 3616 3915 et
3642 3860 3966 3928 multifaria,

2400 3963 2448 4007 et
2478 3954 2623 4007 nobis
2654 3954 2979 4022 propositum
3018 3962 3093 4007 est
3135 3955 3374 4008 omnibus
3401 3954 3469 4008 iis
3502 3954 3788 4008 secundum
3816 3955 3969 4021 ipso-

2401 4062 2515 4098 rum
2553 4046 2857 4099 cltaractera
2894 4046 3285 4112 contradicere;
3317 4048 3667 4101 necessarium
3702 4047 3946 4099 arbitrati

2401 4154 2579 4191 sumus
2629 4139 2773 4205 prius
2810 4136 3004 4203 referre
3038 4137 3230 4205 fontem
3274 4148 3320 4189 et
3364 4138 3594 4190 radicem
3644 4152 3846 4203 eorum,
3882 4140 3964 4192 uti

2401 4230 2830 4283 sublimissimum
2872 4230 3104 4297 ipsarum
3151 4226 3378 4297 Bythum
3441 4243 3770 4297 cognoscens,
3809 4228 3968 4281 intel-

2400 4323 2533 4391 ligas
2580 4324 2839 4383 arborem,
2892 4320 2953 4372 de
3007 4335 3110 4388 qua
3160 4319 3490 4386 deﬂuxerunt
3554 4321 3681 4372 tales
3733 4320 3963 4387 fructus.

2402 4412 2537 4467 Tum
2568 4413 2833 4483 explicata
2866 4410 3101 4466 Simonis
3134 4411 3326 4465 haeresi
3356 4411 3691 4477 concludit“,
3729 4427 3759 4463 a
3791 4409 3967 4464 Simo-

2403 4508 2574 4561 nianis
2616 4504 2736 4574 falsi
2770 4505 2991 4557 nominis
3017 4503 3292 4556 scientiam
3326 4504 3589 4570 accepisse
3620 4502 3795 4565 initia,
3826 4502 3967 4555 sicut

2401 4616 2465 4653 ea:
2498 4600 2622 4667 ipsis
2652 4597 3019 4651 assertionibus
3048 4614 3225 4650 eorum
3256 4599 3405 4650 adest
3432 4597 3647 4649 discere.
3679 4595 3743 4648 Et
3770 4596 3823 4649 in
3859 4594 3969 4649 fine

2402 4690 2524 4744 libri
2574 4688 2756 4757 primi,
2804 4696 2926 4758 post
2974 4690 3240 4742 recensita
3284 4698 3526 4741 veterum
3579 4684 3967 4741 Gnosticorum

2404 4783 2680 4853 dogmata,
2707 4782 2853 4837 addit
2878 4784 2899 4813 ⁹
2919 4798 2932 4834 :
2954 4781 2993 4833 A
3030 4781 3224 4833 talibus
3251 4781 3524 4843 matribus,
3548 4789 3593 4833 et
3625 4779 3885 4847 patribus,
3915 4788 3967 4832 et

2403 4873 2610 4942 proavis
2662 4890 2745 4926 eos
2787 4870 2873 4941 qui
2923 4888 2953 4923 a
3001 4870 3279 4923 Valentino
3332 4869 3454 4935 sint,
3511 4870 3643 4921 sicut
3682 4868 3809 4935 ipsa:
3847 4883 3969 4922 sen-

2405 4963 2579 5016 tentia:
2626 4970 2675 5015 et
2727 4960 2921 5030 regula:
2967 4962 3242 5013 ostendunt
3299 4976 3409 5023 eos,
3464 4958 3814 5010 necessarium
3858 4956 3965 5025 fuit

2405 5055 2679 5123 manifeste
2726 5067 2963 5122 arguere,
3006 5061 3052 5105 et
3102 5053 3157 5105 in
3202 5050 3433 5105 medium
3480 5049 3669 5125 afferre
3717 5047 3968 5119 dogmata

2402 5149 2650 5219 ipsorum.

2474 5264 2563 5317 46.
2616 5263 2916 5331 Eapropter
2962 5274 3085 5315 cum
3121 5273 3221 5329 per
3268 5246 3773 5313 Valentinianorum
3820 5254 3966 5311 latus

2404 5356 2689 5413 Gnosticos
2739 5368 2925 5409 omnes
2964 5353 3286 5420 transﬁgere
3327 5349 3509 5411 vellet.
3542 5348 3692 5418 Operi
3746 5345 3964 5402 titulum

2407 5449 2703 5517 inscripsit,
2753 5445 3012 5515 Ἔλεγχος
3048 5442 3139 5495 καὶ
3167 5440 3442 5514 ἀνατροπὴ
3480 5441 3577 5512 τῆς
3612 5436 3967 5510 ψευδωνύμου

2408 5541 2677 5610 γνώσεως.
2700 5537 2925 5591 Detectio
2952 5545 2998 5588 et
3028 5536 3221 5589 eversio
3249 5534 3383 5603 falso
3409 5533 3792 5603 cognominata:
3817 5530 3970 5599 agni-

2409 5635 2583 5689 tionis.
2633 5630 2687 5685 ld
2729 5630 2841 5699 ipse
2881 5626 3159 5696 conceptis
3190 5626 3369 5681 verbis
3400 5622 3709 5695 testatur_in
3756 5619 3965 5677 Prasia—

2746 5791 2763 5823 ‘
2797 5789 2924 5860 Cap.
2958 5788 3045 5855 31,
3078 5800 3132 5839 n.
3164 5783 3216 5840 5.
