4196 6330
205 344 310 402 221

780 347 1233 407 DlSSERTATIO
1267 349 1331 415 ll,
1365 350 1526 409 ΛΒΤ.
1563 352 1627 412 ll.
1666 351 1753 406 DE

1834 348 2036 408 ιΕΝΑῖΙ
2071 349 2294 406 LIBRlS
2330 348 2488 406 ADV.
2528 347 2866 405 "ERESES

3341 346 3447 402 222

208 461 358 517 tione
393 460 515 518 libri
547 465 811 520 secundi:
849 464 911 518 In
934 468 1103 534 primo
1134 469 1336 536 quidem
1369 470 1523 534 libro,
1549 453 1779 537 quiante
1808 472 1852 529 Α
1882 483 2030 535 vero,
2093 482 2252 538 quem
2310 467 2511 522 imitari
2561 467 2733 521 satius
2779 480 2899 522 esse
2960 467 3234 528 duximus,
3293 466 3438 535 quod

205 554 349 606 hunc
381 563 480 618 est,
516 567 791 624 arguentes
822 556 947 625 falsi
980 561 1206 612 nominis
1229 562 1567 630 agnitionem,
1606 573 1774 614 osten-

205 645 384 699 dimus
401 647 516 709 tibi,
541 647 896 713 dilectissime,
914 632 1064 702 omne
1086 650 1250 704 abhis
1269 654 1357 721 qui
1383 663 1500 704 sunt
1517 671 1548 706 a
1589 651 1774 706 Valen-

207 740 345 804 tino,
375 755 469 808 per
493 740 686 793 multos
713 747 762 793 et
790 742 1080 794 contrarios
1102 744 1284 797 modos
1312 745 1646 797 adiat-cntum
1667 763 1776 799 esse

203 834 606 905 falsiloquium;
633 837 788 889 etiam
817 841 1096 891 sententias
1120 841 1451 908 exposuimus
1483 857 1660 894 eorum
1684 844 1774 910 qui

201 930 405 995 priores
445 929 778 992 exstiterunt,
806 941 909 984 etc.
945 931 999 984 lu
1035 932 1137 985 hoc
1166 942 1347 986 autem
1378 935 1510 987 libro
1539 936 1772 990 instrue—

201 1035 321 1072 πως
353 1037 470 1088 qua:
498 1021 645 1074 nobis
674 1033 796 1088 apta
828 1033 972 1086 sunt,
991 1033 1039 1075 et
1061 1040 1177 1091 qute
1199 1027 1452 1092 permittit
1485 1037 1774 1095 tempus,et

202 1109 437 1182 [XCVII]
479 1122 760 1166 evertenms
783 1129 874 1181 per
896 1129 1083 1184 magna
1102 1115 1338 1181 capitula
1360 1117 1578 1183 fomnem
1611 1135 1764 1188 regu-

201 1205 308 1257 lam
337 1206 590 1272 ipsorum.
630 1204 958 1273 QuaprOpter
1002 1207 1140 1275 quod
1175 1207 1242 1259 sit
1288 1208 1507 1262 detectio
1538 1221 1584 1263 et
1624 1227 1769 1264 ever-

198 1297 280 1348 sio
304 1297 576 1348 sententia:
617 1296 849 1362 ipsorum
871 1336 885 1359 ,
920 1298 1090 1362 operis
1145 1298 1301 1367 hujus
1339 1300 1771 1370 conscriptionern

195 1387 274 1439 ita
329 1389 677 1440 titulavimus.
719 1388 784 1441 Et
837 1388 890 1441 in
919 1387 1243 1444 Prazlalione
1302 1389 1424 1444 libri
1480 1405 1533 1444 tv
1565 1406 1576 1438 :
1613 1391 1772 1445 llunc

193 1490 443 1545 quartum
469 1479 684 1542 librum,
727 1480 1092 1546 dilectissime,
1128 1484 1486 1536 transmittens
1528 1485 1621 1537 tibi
1651 1503 1770 1552 ope-

195 1570 272 1621 ris
309 1568 451 1638 quod
486 1577 562 1621 est
589 1569 653 1620 de
690 1568 980 1622 detectione
1019 1576 1068 1621 et
1109 1570 1376 1622 eversione
1404 1569 1556 1637 falsa:
1590 1573 1768 1640 cogni-

191 1660 375 1722 tionis,
407 1668 516 1713 etc.
556 1659 619 1712 Et
646 1660 695 1710 in
729 1658 968 1726 ejusdem
1003 1661 1123 1713 libri
1159 1660 1266 1714 ﬁne
1296 1679 1307 1713 :
1332 1659 1579 1730 Reliquos
1612 1664 1770 1731 igitur

190 1767 463 1804 sermones
510 1751 721 1803 Domini
742 1768 870 1820 quos
924 1753 1131 1819 quidem
1182 1769 1284 1805 non
1331 1769 1423 1819 per
1459 1753 1764 1820 parabolas,

189 1842 282 1894 sed
315 1841 626 1908 simpliciter
670 1843 796 1907 ipsis
835 1843 1156 1895 dictionibus
1191 1843 1368 1896 docuit
1410 1844 1473 1896 de
1505 1841 1688 1907 Patre,
1719 1854 1764 1896 et

187 1932 567 1995 expositionem
586 1930 938 1998 Epistolarum
978 1932 1114 1984 beati
1149 1933 1388 2000 Apostoli
1427 1933 1480 1985 in
1506 1933 1674 1986 altero
1701 1934 1766 1985 li-

189 2025 283 2076 bro
322 2027 679 2091 disponentes,
711 2024 970 2093 integrum
995 2025 1089 2076 tibi
1117 2042 1241 2092 opus
1265 2026 1688 2091 exprobrationis
1718 2038 1767 2080 et

187 2117 475 2170 esersionis
524 2115 663 2182 [also
703 2119 1083 2185 cognominata:
1127 2119 1434 2186 agnitionis,
1479 2129 1767 2185 priestante

185 2205 320 2264 Deo.
342 2209 711 2274 prtebebimus.
735 2210 976 2279 Denique
1000 2209 1048 2262 in
1067 2209 1392 2265 Prmtatione
1420 2212 1539 2264 libri
1568 2213 1760 2281 quinti,

185 2298 385 2355 librum
422 2300 561 2353 hunc
592 2311 740 2353 vocat
763 2301 954 2354 librum
992 2304 1234 2372 quintum
1283 2304 1453 2371 operis
1511 2305 1762 2368 universi,

185 2393 331 2460 quod
367 2401 446 2446 est
483 2393 559 2447 De
591 2394 928 2450 traductione
951 2405 996 2447 et
1035 2397 1299 2448 eversione
1331 2397 1466 2465 falso
1502 2400 1764 2466 cognomi-

183 2497 328 2540 nata:
362 2486 671 2553 agnitionis.
719 2482 816 2539 llic
853 2485 1236 2540 traductionem
1290 2488 1425 2539 dixit
1471 2487 1758 2557 interpres,

188 2581 330 2645 quod
377 2577 543 2645 paulo
585 2587 709 2630 ante
750 2577 1223 2644 exprobrationem,
1269 2579 1396 2634 alibi
1429 2595 1560 2635 vero
1617 2587 1760 2635 dete-

181 2675 410 2727 ctionem
437 2672 624 2731 vertit,
659 2673 786 2741 quia
819 2687 917 2724 vox
943 2672 1183 2742 ἔλεγχος,
1220 2689 1322 2740 qua
1357 2691 1484 2728 usus
1529 2685 1611 2729 est
1649 2677 1754 2730 lre-

181 2777 354 2826 mens,
387 2762 454 2815 iis
481 2761 734 2816 erunibus
773 2762 1100 2830 signiﬁcatis
1131 2764 1360 2831 gaudet;
1397 2765 1488 2837 sed
1517 2769 1759 2821 auctoris

179 2870 346 2924 scopo
374 2855 548 2921 magis
579 2856 853 2924 congruit,
879 2855 1133 2918 Detectio,
1168 2867 1222 2908 ut
1254 2871 1316 2908 ex
1348 2857 1413 2909 iis
1457 2867 1604 2924 patet
1639 2875 1758 2926 qua:

174 2947 287 3015 jam
310 2947 715 3012 diximus.Quin
748 2947 912 3013 igitur
943 2949 985 3000 is
1009 2949 1076 3001 sit
1095 2949 1352 3016 genuinus
1375 2949 1633 3004 librorum
1652 2951 1758 3005 lre-

181 3036 282 3088 nzei
313 3036 524 3101 titulus,
548 3053 706 3105 quem
755 3037 912 3089 modo
935 3037 1270 3104 dicebamus,
1297 3055 1569 3107 quemque
1602 3043 1752 3098 initio

176 3129 361 3196 operis
393 3118 1017 3193 rcstituimusidubitari
1081 3148 1181 3184 non
1219 3142 1412 3201 potest.
1483 3132 1592 3187 Sub
1651 3137 1751 3190 hoc
1780 3163 1819 3219 ρ

178 3223 337 3276 titulo
373 3223 542 3294 libros
584 3225 768 3278 lrenzei
797 3227 926 3278 citat
959 3227 1241 3289 Eusebius,
1278 3227 1368 3279 lib.
1403 3242 1434 3276 v
1476 3227 1746 3286 Historiis.

176 3333 297 3386 cap.
354 3319 406 3381 7,
470 3319 692 3389 ἐλέγχω
752 3321 842 3373 καὶ
897 3321 1203 3392 ἀνατροπῆς
1253 3322 1348 3391 τῆς
1400 3320 1747 3388 ψευδωνύμου

175 3411 472 3480 γνώσεως;
503 3416 674 3466 citant
698 3428 750 3467 et
789 3416 1033 3469 Andreas
1079 3417 1433 3470 Caesariensis
1461 3418 1512 3468 in
1538 3419 1748 3486 Apoca-

177 3502 349 3574 lypsin
373 3520 537 3557 serm.
567 3504 619 3567 6,
649 3520 768 3572 cap.
799 3506 893 3568 18;
931 3507 1000 3558 Da
1017 3523 1300 3560 masvenns
1356 3510 1406 3559 in
1465 3507 1747 3559 Pttrallelis

175 3611 306 3649 mss.
334 3598 566 3664 passim;
598 3597 818 3650 Photius
853 3598 900 3650 in
931 3597 1254 3652 Bibliotheca
1283 3605 1401 3652 cod.
1426 3600 1749 3662 l20;0F.cu-

175 3691 411 3751 menius,
467 3689 518 3742 in
554 3689 593 3741 ll
620 3691 786 3757 Epist.
823 3690 965 3744 Petri
995 3707 1078 3755 Ill,
1110 3702 1160 3745 et
1188 3693 1236 3744 in
1269 3692 1548 3760 epistolam
1573 3691 1741 3746 indm.

179 3781 318 3847 Quin
347 3792 401 3835 et
427 3783 752 3836 vetustiores
781 3799 914 3836 mss.
943 3785 1190 3842 codd.,ut
1226 3785 1746 3844 Claronmnt..vetus

173 3873 259 3926 ille
283 3873 745 3938 Feuard.,\'ossii,
769 3885 822 3926 et
849 3876 1133 3937 Arundeb,
1157 3877 1277 3928 licet
1316 3878 1366 3927 in
1400 3877 1575 3930 fronte
1607 3893 1741 3945 pree—

176 3965 334 4018 ﬁxam
398 3966 574 4018 ferant
621 3967 977 4019 recentiorem
1049 3968 1485 4033 inscriptionem,
1550 3968 1744 4022 Contra

171 4057 466 4115 Ita'reticos,
520 4055 600 4107 vel
647 4057 909 4116 litt'reses;
967 4065 1204 4108 veterem
1261 4069 1438 4109 tamen
1491 4061 1741 4123 retinent,

171 4150 292 4200 dum
333 4151 594 4202 exhibent
624 4160 939 4218 argumenta
976 4153 1215 4218 capitum
1251 4153 1470 4205 secundi
1505 4165 1557 4206 et
1584 4172 1742 4220 mnar-

172 4241 208 4292 ti
236 4241 375 4296 libri.
427 4241 516 4295 Sic
545 4243 687 4293 enim
717 4244 914 4296 habent
944 4261 953 4294 :
989 4243 1115 4294 lla‘c
1141 4246 1314 4295 insunt
1345 4246 1396 4297 in
1430 4249 1652 4297 secundo
1682 4246 1745 4296 li.-

173 4335 260 4386 bro
301 4337 694 4402 redargutiunis
741 4348 787 4386 et
837 4338 1122 4388 eversionis
1170 4338 1304 4400 [also
1364 4341 1743 4403 cognominata:

169 4430 475 4494 agnitionis.
500 4426 760 4480 "(essunt
788 4433 837 4480 in
864 4445 913 4481 Iv
934 4429 1063 4481 libro
1089 4433 1511 4496 mprobt'ationis
1538 4442 1584 4483 et
1604 4449 1743 4484 crer-

1880 571 2174 629 utramque
2201 560 2612 630 inscriptionem
2644 559 2847 627 passim
2903 557 3158 612 usitatam
3197 556 3444 610 animad—

1876 661 2150 715 verteret,
2203 662 2489 720 utramque
2533 651 2808 720 proposuit
2849 649 3197 718 retinuitque.
3254 647 3445 702 Poste-

1875 741 2006 796 riori
2040 743 2379 798 occasionem
2407 742 2571 797 etiam
2617 741 2830 796 dedisse
2862 740 3113 795 videntur
3155 755 3215 794 ea
3253 737 3441 792 lrenaai

1875 835 2058 898 verba,
2098 849 2218 903 qua:
2251 849 2371 887 mox
2403 832 2716 888 retulimus:
2747 832 2879 886 Cum
2903 833 2973 884 sit
3000 831 3164 902 igitur
3187 832 3438 883 adversus

1873 943 2049 980 omnes
2072 926 2340 980 hwreticos
2369 925 2584 978 detectio
2614 934 2767 994 atque
2785 923 3034 976 convictio
3066 924 3213 977 varia
3235 931 3282 975 et
3304 920 3444 974 ntul-

1873 1020 2077 1083 tifaria,
2114 1028 2159 1071 et
2175 1017 2318 1070 nobis
2345 1017 2666 1086 propositum
2697 1025 2771 1068 est
2793 1015 2860 1068 iis
2895 1015 3133 1068 omnibus
3156 1015 3441 1068 secundum

1870 1112 2104 1178 ipsorum
2151 1108 2454 1161 charactera
2484 1109 2863 1172 contradicere,
2907 1115 3012 1161 etc.
3051 1105 3114 1159 Et
3152 1119 3215 1160 ea
3243 1106 3440 1174 quibus

1873 1201 2070 1254 librum
2099 1215 2152 1253 tv
2177 1197 2425 1254 claudit:
2491 1196 2561 1250 Et
2594 1214 2687 1251 nos
2726 1199 2884 1265 ipsos,
2929 1206 2976 1251 et
3008 1205 3055 1249 te
3109 1195 3178 1250 ad
3228 1203 3442 1254 contra-

1871 1293 2153 1345 dictionem
2193 1292 2426 1345 omnium
2467 1291 2837 1344 hereticorum
2861 1290 2916 1340 in
2946 1287 3169 1356 quinque
3197 1303 3440 1341 exercen-

1872 1391 1946 1436 tes
1975 1382 2143 1436 libris.
2173 1381 2241 1435 Et
2267 1383 2395 1436 hinc
2425 1381 2475 1434 in
2509 1395 2640 1434 mss.
2676 1380 2998 1449 quibusdam
3024 1379 3277 1440 codd.,ut
3305 1379 3442 1433 Vos-

1869 1477 1934 1532 sii
1965 1489 2020 1532 et
2051 1478 2416 1539 Feuardentii,
2456 1476 2709 1545 prreﬁxns
2733 1475 2918 1530 lrenazi
2950 1473 3105 1528 libris
3131 1475 3325 1544 legitur
3351 1472 3441 1528 hic

1871 1568 2092 1622 titulus:
2146 1567 2340 1621 Contra
2380 1584 2555 1620 omnes
2597 1567 2890 1631 haereticos,
2926 1566 3009 1621 vel
3061 1567 3301 1620 licereses.
3334 1564 3441 1621 Sed

1870 1661 2012 1715 hunc
2047 1661 2280 1721 titulum,
2311 1661 2400 1728 qui
2434 1659 2572 1728 apud
2619 1660 2952 1714 recentiores
2993 1656 3252 1724 obtinuit,
3277 1655 3433 1712 libris

1874 1751 1987 1804 suis
2010 1765 2279 1819 nunquam
2300 1749 2528 1818 praeﬁxit
2546 1748 2797 1813 lrenaeus;
2821 1748 2968 1801 illum
2985 1749 3270 1811 duntaxat,
3293 1745 3441 1815 ἐλέγ-

1798 1822 1843 1881 Β
1871 1859 1964 1912 χον
1991 1841 2085 1894 καὶ
2115 1840 2431 1912 ἀνατροπῆς
2467 1842 2566 1912 τῆς
2603 1840 2955 1911 ψευδωνύμου
3001 1839 3272 1907 γνώσεως,
3305 1840 3440 1893 scri-

1871 1934 2008 2003 psit:
2037 1933 2189 2002 isque
2222 1931 2287 1986 ad
2326 1933 2565 1986 auctoris
2605 1946 2827 2001 scopum
2861 1931 3020 2000 longe
3077 1930 3275 1984 melius
3299 1944 3436 1998 qua.

1869 2028 2008 2079 drat.
2043 2025 2154 2078 Duo
2190 2026 2358 2090 enim,
2380 2034 2437 2078 ut
2469 2026 2581 2092 ipse
2617 2035 2802 2078 monet
2830 2024 2881 2076 in
2914 2024 3179 2077 librorum
3213 2036 3434 2077 suorum

1866 2119 2298 2188 praefationibus,
2324 2117 2624 2188 praestanda
2668 2119 2768 2172 sibi
2799 2117 3173 2187 proponebat:
3197 2118 3437 2172 alterum

1872 2209 2380 2265 Valentinianorum
2441 2205 2938 2278 Gnosticorumque
3007 2210 3250 2264 omnium
3309 2224 3438 2264 sen-

1867 2304 2065 2356 tentias
2079 2303 2339 2358 hactenus
2362 2301 2571 2355 abditas
2602 2300 2864 2371 ἐλέγχειν,
2903 2302 3177 2372 detegere;
3208 2299 3434 2354 alterum

1864 2407 1955 2446 eas
1975 2393 2329 2465 ἀνατρέπειν,
2363 2402 2609 2447 evertere.
2652 2390 2811 2446 Prius
2847 2391 3062 2461 quidem
3098 2391 3236 2446 libro
3263 2393 3436 2462 primo

1863 2486 2137 2552 prteslitit,
2182 2485 2236 2538 in
2298 2499 2406 2553 quo
2469 2486 2971 2539 Valentinianorum
3012 2484 3433 2539 Gnosticorum-

1865 2591 1969 2644 que
1994 2577 2230 2630 omnium
2256 2578 2504 2648 dogmata
2530 2588 2787 2631 accurate
2829 2589 3074 2632 recenset
3102 2596 3114 2642 ;
3155 2578 3430 2648 posterius

1862 2667 2018 2723 libris
2051 2671 2426 2738 sequentibus.
2464 2671 2528 2724 Et
2562 2671 2778 2739 quidem
2806 2671 2946 2724 libro
2985 2671 3223 2726 secundo
3250 2687 3310 2724 ea
3343 2685 3433 2723 ra—

1864 2760 2104 2815 tionibus
2137 2761 2443 2822 subvertit;
2492 2762 2671 2825 tertio,
2700 2761 3012 2830 Scripturas
3055 2771 3108 2815 et
3154 2760 3432 2815 Traditio-

1860 2865 1980 2904 nem
2015 2852 2298 2915 adhibuit;
2338 2863 2538 2921 quarto
2583 2867 2650 2906 ex
2692 2851 2874 2905 Veteri
2913 2852 3260 2905 Testamento
3290 2868 3428 2921 prm-

1858 2943 2014 3011 cipue
2046 2942 2381 3011 disputavit;
2414 2945 2600 3012 quinto
2641 2960 2707 2997 ex
2750 2943 2968 3012 reliquis
3022 2943 3285 2997 doctrinis
3325 2944 3427 2998 Do-

1861 3036 1989 3089 mini
2049 3037 2244 3097 nostri.
2293 3047 2346 3090 et
2403 3053 2468 3091 ex
2519 3037 2830 3107 apostolicis
2860 3037 3345 3109 epistolis,utipse
3376 3041 3427 3094 in

1857 3129 2266 3184 Praelationibus
2295 3129 2560 3184 facturum
2590 3145 2645 3184 se
2667 3132 2913 3199 spondet.

1920 3244 2008 3298 47.
2045 3245 2302 3311 Quamvis
2329 3260 2436 3313 quo
2467 3255 2715 3313 tempore
2755 3244 2939 3312 scripti
2970 3244 3074 3297 sint
3107 3243 3233 3297 dicti
3269 3242 3427 3313 quin-

1851 3351 1954 3404 que
1983 3337 2129 3401 lihri,
2163 3347 2414 3390 accurate
2442 3337 2666 3390 deﬁnire
2697 3335 3065 3388 difﬁcillimum
3100 3336 3187 3395 sit;
3223 3351 3249 3387 a
3299 3349 3428 3389 vero

1853 3437 2033 3482 tamen
2061 3430 2198 3483 haud
2234 3429 2419 3497 procul
2444 3429 2774 3490 discesserit,
2816 3428 2909 3495 qui
2947 3427 3044 3480 sub
3074 3428 3234 3481 ﬁnem
3266 3427 3425 3481 Eleu-

1852 3522 1990 3575 theri
2024 3523 2392 3590 pontiﬁcatus,
2423 3523 2502 3575 vel
2533 3523 2729 3590 partim
2774 3522 2875 3576 sub
2925 3521 3239 3586 Eleuthero,
3300 3536 3424 3590 par-

1854 3615 1950 3664 tim
1986 3614 2086 3666 sub
2121 3614 2337 3668 Victore
2371 3613 2546 3666 editos
2595 3615 2911 3668 asscruerit.
2962 3614 3024 3666 Et
3070 3615 3291 3682 quidem
3351 3613 3417 3666 lio

1849 3705 2008 3757 brum
2046 3706 2282 3772 primum
2322 3715 2445 3757 ante
2490 3718 2688 3756 annum
2725 3703 2823 3756 172
2851 3705 3014 3755 scribi
3047 3720 3149 3755 non
3189 3703 3426 3772 potuisse

1851 3796 2196 3850 manifestum
2230 3806 2351 3860 est;
2387 3813 2508 3850 nam
2529 3797 2580 3848 in
2609 3811 2671 3848 eo
2697 3796 2906 3848 Tatiani
2939 3806 2990 3848 et
3021 3795 3417 3848 Encratitarum

1850 3890 1908 3940 ﬁt
1956 3891 2202 3953 mentio;
2235 3889 2348 3957 qui,
2385 3890 2451 3944 si
2502 3888 2714 3942 Eusebii
2767 3891 3034 3943 Chronico
3081 3888 3232 3952 ﬁdes,
3274 3903 3417 3941 anno

1849 3997 1925 4034 xu
2004 3981 2069 4034 Μ.
2134 3982 2377 4046 Aurelii,
2445 3981 2644 4036 Christi
2698 3998 2824 4037 vero
2878 3982 2979 4035 172
3026 3995 3414 4036 emerserunt:

1850 4074 2104 4140 quamvis
2165 4075 2328 4141 paulo
2392 4074 2552 4127 citius
2610 4077 2852 4143 erupisse
2903 4076 3419 4143 probabilesit.l.i-

1849 4164 2008 4219 brum
2068 4167 2289 4218 tertium
2337 4165 2628 4222 Eleuthero
2678 4168 2786 4235 jam
2843 4167 3139 4220 Ecclesium
3200 4177 3419 4230 regente

1849 4258 2114 4324 prodiisse
2142 4268 2356 4309 constat
2388 4275 2400 4310 ;
2453 4257 2504 4310 in
2545 4274 2607 4311 eo
2655 4260 2925 4326 siquidem
2972 4259 3204 4310 lrenzeus
3237 4260 3278 4287 ‘°
3314 4260 3418 4312 lio-

1848 4364 2128 4401 manorum
2184 4350 2497 4417 pontiﬁcum
2554 4352 2855 4418 catalogum
2914 4360 3121 4410 texens,
3171 4349 3311 4400 hunc
3343 4349 3406 4399 ad

1848 4441 2196 4494 Eleutherum
2227 4458 2394 4509 usque
2424 4443 2691 4506 perducit,
2748 4458 2900 4509 quem
2953 4454 3062 4494 tum
3113 4441 3296 4493 Ronue
3331 4455 3412 4494 se«

170 4523 331 4572 sionis
397 4521 548 4588 falsa:
596 4523 897 4587 agnitionis.
950 4523 1025 4574 Ex
1065 4525 1260 4590 quibus
1308 4525 1584 4577 evidenter
1646 4527 1739 4579 de—

1845 4533 1986 4584 disse
2045 4532 2324 4600 perspicue
2379 4533 2526 4595 dicit,
2585 4534 2693 4583 Νῦν
2762 4534 3049 4600 δωδεκάτῳ
3109 4534 3256 4601 τόπῳ
3325 4531 3413 4583 τὸν

171 4621 509 4666 monstratur
539 4627 656 4663 eam
689 4627 806 4665 esse
842 4617 1248 4680 inscriptionem
1286 4632 1404 4683 qua:
1458 4619 1741 4682 legebatur

171 4706 221 4757 in
248 4708 375 4772 ipsis
409 4708 786 4774 autographis,
822 4710 903 4761 vel
945 4711 996 4761 ib
1032 4711 1299 4774 prioribus
1349 4709 1646 4770 codicibus,
1674 4726 1738 4762 ex

172 4799 370 4861 quibus
410 4798 666 4865 descripti
694 4809 819 4851 sunt
847 4801 1203 4867 p05lt‘l‘l01‘t’5;
1237 4805 1327 4854 sed
1362 4820 1386 4855 a
1424 4806 1741 4858 l‘CthllllOl‘l-

167 4891 266 4944 bus
315 4892 512 4943 scribis
572 4892 818 4944 brevitati
870 4896 1207 4948 studentibus
1258 4895 1395 4947 male
1460 4898 1736 4952 omissam.

167 4981 455 5037 Omissioni
501 4998 626 5034 Vero
671 4985 1013 5038 occasionem
1065 4987 1278 5040 dedisse
1331 4989 1540 5042 videtur
1572 4993 1739 5045 Euse-

166 5077 281 5130 bius
311 5076 444 5143 ipse,
473 5078 562 5144 qui
612 5077 793 5130 Ιτρηιεῐ
831 5079 995 5133 libros
1025 5083 1327 5148 compendii
1358 5098 1521 5135 causa
1562 5087 1731 5139 inter-

167 5171 288 5222 dum
322 5179 501 5232 vocat,
538 5171 719 5223 Libros
759 5173 1004 5225 adversus
1033 5175 1288 5237 lum-eses;
1317 5191 1474 5245 quem
1508 5180 1584 5232 sic
1612 5181 1735 5233 imi-

166 5262 407 5313 tatisunt
430 5261 664 5331 Cyrillus
699 5263 1242 5334 ilierosolymitamis,
1274 5269 1658 5339 Hieronymus,
1680 5281 1733 5325 et

164 5354 248 5406 alii
276 5355 458 5422 plures
481 5371 601 5408 cum
637 5367 867 5422 veteres,
911 5369 1020 5412 tum
1052 5365 1404 5428 recentiores,
1440 5376 1496 5416 ut
1528 5367 1731 5420 omisso

164 5463 385 5512 prorsus
422 5451 656 5515 genuino
688 5450 842 5501 titulo
900 5454 1012 5519 (qui
1044 5464 1188 5508 certe
1216 5459 1530 5525 neutiquam
1567 5461 1728 5513 omit-

161 5542 350 5593 ιε-ηάιιε
384 5538 601 5602 iuet-att,
633 5541 1073 5608 compendiosum
1101 5547 1257 5596 istum
1287 5547 1458 5600 solum
1488 5549 1723 5604 retinue-

159 5635 287 5694 rint,
322 5642 372 5686 et
403 5633 523 5685 aliis
555 5633 820 5686 retinendi
855 5651 1040 5687 ansam
1096 5639 1445 5705 pI-zehnerint.
1499 5640 1721 5694 Photius

265 5831 308 5863 ¹⁶
342 5829 506 5897 lren.,
552 5828 646 5884 lib.
684 5843 721 5892 ι,
755 5845 807 5885 c.
833 5830 925 5889 28.
1015 5833 1051 5864 ¹¹
1082 5833 1140 5888 L.
1181 5851 1258 5900 Ill,
1289 5854 1333 5892 c.
1362 5837 1452 5905 21,
1487 5856 1538 5894 n.
1575 5841 1620 5895 Ι.

1837 4624 1933 4692 τῆς
1972 4624 2279 4692 ἐπισκοπῆς
2325 4623 2430 4676 ἀπὸ
2479 4624 2582 4676 τῶν
2622 4624 2933 4675 artos-«Jun
2964 4625 3177 4692 κατέχει
3217 4619 3414 4690 κλῆρον

1853 4716 2184 4785 Ἐλεύθερος,
2222 4714 2374 4769 Nunt
2429 4716 2734 4766 duodecimo
2783 4717 2893 4766 latro
2933 4717 3288 4780 epist'Opatum
3341 4714 3403 4762 ab

1839 4810 2091 4874 apostolis
2142 4810 2293 4859 liabet
2346 4809 2682 4862 Eleut/rcrus.
2735 4807 2981 4874 Ejusdem
3011 4807 3129 4859 libri
3167 4822 3283 4872 Cap.
3323 4805 3405 4867 ll,

1839 4917 1892 4954 n.
1927 4903 1977 4966 8,
2014 4902 2144 4954 satis
2184 4911 2389 4970 aperte,
2426 4903 2588 4955 tacito
2619 4903 2742 4956 licet
2772 4903 3015 4964 nomine,
3052 4899 3408 4951 Montanistas

1839 4993 2196 5061 perstringit,
2238 4996 2326 5062 qui
2359 4994 2557 5048 lrenmo
2610 4996 2696 5045 vix
2739 5005 2862 5048 ante
2915 5011 3112 5046 annum
3160 4994 3256 5045 1ἷῖ
3294 4995 3434 5046 ιιοιὶ’

1837 5102 1958 5141 esse.
1988 5098 2300 5156 potuerunt.
2335 5087 2438 5142 Sed
2464 5089 2603 5157 quod
2635 5103 2756 5139 eum
2786 5086 3004 5139 Librum
3038 5103 3140 5138 non
3174 5087 3269 5138 nisi
3307 5088 3405 5140 sub

1832 5181 2105 5235 Eleutheri
2134 5180 2481 5249 pontiﬁcatus
2531 5180 2688 5232 ﬁnem
2727 5179 2987 5244 scriptum
3018 5192 3138 5230 esse
3171 5179 3394 5229 demon-

1832 5284 2010 5326 strare
2036 5273 2273 5335 videtur,
2303 5271 2427 5323 illud
2459 5280 2564 5332 est,
2598 5270 2739 5336 quod
2776 5269 2829 5321 in
2861 5285 2922 5320 eo
2958 5271 3268 5321 meminerit
3297 5268 3402 5321 lre-

1827 5368 2047 5424 nteus”
2106 5363 2496 5417 Theodotionis
2531 5362 3019 5429 interpretationis.
3073 5360 3168 5411 llic
3223 5361 3396 5419 enim,

1828 5458 2056 5510 testibus
2106 5455 2410 5523 Epiphanio
2437 5456 2477 5484 ¹²
2517 5464 2569 5506 et
2611 5463 2831 5506 auctore.
2877 5453 3127 5507 (Ihronici
3164 5452 3398 5503 Alexan—

1831 5548 1995 5610 drini,
2029 5563 2178 5600 sacra
2207 5546 2372 5599 Biblia
2397 5533 2555 5598 vertit
2587 5525 2882 5598 (immundo
2910 5545 3015 5612 jam
3041 5545 3394 5609 imperatore,

1837 5638 2058 5691 Marullo
2092 5638 2191 5708 (sic
2225 5640 2368 5692 cnim
2423 5637 2705 5704 legendum
2762 5622 2910 5704 puto,
2947 5653 3048 5688 non
3094 5632 3393 5701 Marcello).

1710 5842 1749 5873 ”
1778 5843 1846 5896 Dc
1873 5842 2038 5897 l’ond.
2077 5851 2125 5896 et
2155 5840 2349 5906 Mcns.,
2390 5839 2413 5911 ἓ
2452 5843 2528 5897 l7.
