4196 6330
805 392 911 449 223
1609 390 2197 451 DISSERTATIONES
2223 387 2455 445 PRA'ZVI

2352 387 2525 453 EVM;
2555 386 2622 443 IN
2651 382 2903 442 ΙΒΕΝΔΕΙ
2936 380 3201 439 LIBROS.
3915 376 4009 426 £24

807 518 861 563 et
896 506 1113 564 Eliano
1142 523 1327 572 -coss.,
1382 509 1434 562 id
1486 521 1570 565 est
1614 527 1755 566 anno
1794 512 1995 567 Christi
2032 510 2151 564 184.
2197 507 2355 578 Igitur
2384 508 2427 563 A
2460 514 2541 558 tas
2571 507 2703 557 istos
2732 502 2919 556 leviter
2947 498 3290 573 perstring‘t;
3331 496 3471 549 unde
3512 496 3630 547 "'05
3660 502 3779 561 P03l
3808 491 4013 547 ειείῑο·

804 609 931 670 post
970 598 1173 667 aliquot
1197 612 1430 653 annosa
1461 601 1729 667 publicata
1770 601 2162 658 Theodotionis
2192 602 2353 655 inter-
2458 606 2541 651 tas
2591 598 2659 650 ab
2709 595 2773 649 iis
2825 595 3009 648 turbas
3066 591 3347 659 seritiset'il
3394 604 3618 643 neCPSSe
3671 597 3787 647 88ῐέ
3838 597 4009 653 neque

806 689 1109 757 pretatione
1134 689 1415 758 scripserit
1442 691 1673 746 lrenaeus
1707 706 1933 749 necesse
1965 700 2067 751 est,
2107 707 2205 747 nec
2230 706 2356 761 pro-
2454 688 2596 741 enim
2629 688 2845 755 longum
2872 686 3013 740 inter
3044 685 3253 753 priores
3288 692 3343 737 et
3375 681 3703 781 posteriores
3734 678 3901 781 libros

806 779 932 835 inde
960 781 1144 850 procul
1167 782 1234 836 ab
1262 798 1403 837 anno
1432 783 1665 853 192,quo
1697 786 1802 839 vita
1826 785 1993 841 cessit
2013 785 2351 850 Eleutherus,
2455 781 2703 841 tercessit
2727 779 3086 835 intervallum.
3115 778 3218 833 Sed
3255 785 3465 831 tantum
3506 774 3657 828 abest
3678 772 3791 827 hanc
3821 770 4003 825 Grabii

800 871 893 939 qui
957 886 1102 927 anno
1151 870 1378 927 circiter
1424 873 1525 926 i77
1580 874 1835 930 Ecclesia:
1890 875 2127 943 regimen
2165 890 2353 929 susce-
2455 887 2672 926 causam
2697 872 2899 941 iuvent,
2939 873 3066 940 quin
3109 868 3540 941 potiusromnino
3568 874 3836 922 evertant.
3872 860 4005 918 Nam

800 969 975 1033 Ροηιο
2452 962 2495 1015 si
2524 960 2899 1034 Cataphrygas
2929 961 3025 1016 lib.
3078 976 3141 1017 ιιι
3182 970 3237 1016 et
3279 976 3332 1013 IV
3366 957 3702 1029 perstringat
3753 957 4002 1017 Irenaeus,

870 1052 961 1108 48,
994 1048 1104 1110 Nec
1131 1057 1217 1112 hic
1244 1073 1427 1112 ,ποι-οι-
1453 1058 1708 1113 nodweui
1746 1059 2106 1128 conjecturas,
2148 1061 2266 1129 qui,
2296 1072 2356 1118 ,ιι
2452 1058 2504 1104 et
2527 1052 2569 1105 si
2601 1052 2740 1106 inter
2764 1053 2979 1121 priores
3029 1060 3082 1104 et
3124 1050 3455 1119 posteriores
3480 1047 3668 1101 Irenaei
3700 1046 3867 1099 libros
3895 1058 4003 1098 non

798 1143 963 1199 citius
985 1160 1146 1216 quam
1174 1148 1308 1210 dixi.
1348 1149 1558 1206 scilicet
1582 1150 1728 1205 circa
1758 1166 1955 1205 annum
1995 1150 2193 1207 Christi
2230 1152 2349 1215 177,
2455 1147 2666 1215 longum
2698 1144 3069 1199 intercesserit
3119 1142 3459 1197 intervallum
3492 1158 3506 1204 ς
3538 1140 3699 1194 scribi
3744 1139 4010 1207 Posm'io'

797 1241 1033 1311 scriptos
1061 1243 1245 1299 Irenaei
1278 1246 1446 1303 libros
1487 1246 1694 1317 probet,
1739 1250 2020 1304 contendit
2050 1250 2102 1304 in
2141 1251 2352 1305 Disser-
2453 1254 2538 1293 res
2565 1253 2685 1293 cum
2715 1252 2819 1291 non
2850 1237 3122 1307 potuerint
3149 1246 3276 1289 ante
3305 1250 3505 1288 annum
3539 1233 3752 1288 177.vix
3778 1239 3834 1285 et
3860 1232 4008 1298 prio-

803 1334 1009 1389 tatione
1045 1336 1301 1407 singulari
1322 1338 1387 1392 de
1412 1339 1719 1410 pontiﬁcum
1736 1340 2103 1396 Romanorum
2135 1359 2353 1400 succes-
2453 1342 2460 1379 ¹

2350 1376 2353 1386 ,
2453 1342 2537 1380 res
2565 1326 2820 1397 potuisse,
2851 1324 3087 1391 fateatur
3116 1338 3337 1378 necesse
3354 1332 3439 1378 est
3464 1322 3718 1377 Grabins.
3748 1321 4007 1387 Quamvis

797 1423 1199 1492 sione,cap.i4,
1227 1426 1363 1498 ςι7,
1393 1444 1454 1484 ea
1484 1445 1606 1499 quas
1638 1432 1781 1501 apud
1809 1432 2065 1488 Irenaeum
2091 1436 2156 1488 de
2185 1434 2353 1491 Τιιθα.
2449 1420 2591 1473 enim
2636 1418 2747 1487 jam
2799 1419 2866 1473 ab
2919 1431 3061 1472 anno
3092 1417 3184 1472 171
3215 1417 3562 1471 emersissent
3589 1413 3960 1484 Cataphryges
3989 1428 4005 1475 ;

794 1509 1015 1567 dotione
1052 1515 1346 1581 leguntur,
1399 1534 1430 1572 a
1474 1522 1642 1589 priori
1703 1522 1819 1591 ejus
1864 1523 2156 1593 exemplari
2210 1527 2348 1596 forte
2452 1524 2557 1564 ηοη
2588 1516 2765 1563 tamen
2792 1515 2921 1561 an“?
2950 1522 3151 1575 annum
3182 1506 3302 1569 “7:
3333 1521 3441 1575 (1υο
3480 1514 3743 1596 mar'yres
3787 1504 3896 1596 ii"?
3942 1504 4006 1581 si“

795 1599 1053 1669 abfuisse,
1086 1619 1148 1660 ac
1174 1614 1354 1674 postea
1379 1611 1446 1665 ab
1485 1610 1600 1681 ipso
1634 1612 1834 1668 inserta
1870 1613 2058 1670 fuisse,
2100 1617 2189 1673 Sic
2210 1593 2351 1675 ἐοη..
2450 1613 2721 1656 carcerem
2750 1597 2977 1667 conjecti
3003 1606 3181 1664 erant,
3208 1610 3396 1651 eorum
3423 1606 3583 1651 sectae
3612 1594 3751 1649 fama
3771 1595 3835 1648 ad
3861 1593 4009 1665 Lug-

789 1687 1067 1760 iectnndo,
1095 1694 1499 1757 molestissimos
1547 1715 1895 1772 quoscunque
1952 1708 2123 1763 ηοαοε
2185 1708 2349 1770 facile
2449 1691 2767 1748 dunensium
2795 1706 2955 1745 aures
2981 1689 3245 1759 pervenit.
3274 1689 3434 1743 Certe
3478 1687 3521 1742 si
3550 1687 3701 1757 prius
3728 1687 4012 1758 pervenis-

794 1788 949 1835 secat
978 1781 1063 1837 vir
1085 1785 1492 1847 subtilissimus.
1541 1790 1647 1847 Sed
1688 1794 1872 1863 pueris
1914 1796 2049 1865 forte
2096 1798 2347 1868 placeam
2380 1847 2418 1868 η
2449 1794 2554 1852 set,
2584 1784 2746 1840 citius
2772 1783 2900 1855 quid
2928 1784 2992 1839 de
3019 1781 3174 1844 novis
3200 1781 3478 1851 pr0phetis
3504 1778 3836 1844 sentiebant,
3862 1794 4013 1868 mar-

792 1871 1055 1939 eiusmodi
1081 1888 1270 1946 nugae;
1320 1893 1456 1949 quas
1488 1890 1635 1937 certe
1681 1847 1866 1938 ἑαιέιιῖ
2379 1847 2419 1901 Β
2452 1886 2594 1946 tyres
2621 1875 2971 1947 scripsissent
3000 1895 3014 1943 ;
3042 1869 3419 1937 commodiori,
3448 1887 3610 1943 quam
3638 1872 3878 1927 omnium
3906 1867 4015 1924 dif-

792 1956 982 2021 insuis
1000 1966 1051 2021 in
1074 1965 1337 2039 Irenaeum
1368 1971 1839 2045 Dissertationibus
1856 1979 1996 2034 viam
2023 1981 2165 2038 iniit.
2196 1984 2265 2041 Ut
2295 1987 2345 2042 id

2450 1966 2709 2035 ﬁciilimo,
2742 1976 2986 2037 tempore
3014 1968 3064 2022 id
3094 1967 3297 2023 acturi.
3326 1966 3478 2034 Quod
3509 1978 3639 2019 vero
3665 1962 3899 2017 Irenaeus
3946 1961 4012 2016 li-

789 2069 1113 2126 quocunque
1142 2060 1352 2115 tandem
1384 2066 1544 2120 modo
1576 2079 1922 2138 assequatur,
1954 2048 2349 2137 Theodotionis
2447 2058 2544 2113 bro
2572 2058 2747 2129 primo
2775 2059 3182 2131 Cataphrygum
3214 2058 3539 2113 mentionem
3562 2054 3760 2109 nullam
3791 2049 4014 2116 fecerit,

791 2144 1291 2217 inlefpremionem
1317 2152 1610 2211 Commodo
1632 2158 1959 2231 imperat-ore
1985 2167 2345 2239 antiquiorem
2448 2149 2585 2204 nihil
2613 2151 2829 2231 mirum.
2859 2150 2999 2204 Huic
3024 2150 3239 2236 animus
3265 2158 3383 2204 erat
3415 2146 3686 2203 Valentini
3717 2142 4014 2214 discipulo-

791 2250 932 2300 csse,
963 2253 1028 2292 ac
1071 2240 1171 2296 sub
1224 2240 1406 2299 Marco
1451 2245 1673 2305 Aurelio
1714 2253 2097 2311 concinnatam
2145 2259 2343 2328 fuisse,

2450 2256 2567 2295 rum
2597 2243 2924 2304 sententiam
2954 2232 3247 2313 exponere,
3277 2251 3331 2298 et
3356 2250 3417 2295 ut
3444 2256 3556 2295 rem
3586 2253 3615 2292 a
3645 2238 3820 2309 capite
3849 2250 4010 2306 repe-

787 2325 1047 2385 Chronici
1077 2331 1428 2396 Alexandrini
1451 2341 1829 2397 auctoritatem
1860 2344 2076 2408 elevare
2094 2325 2342 2408 conatur.
2449 2341 2604 2399 ιενθῑι
2635 2335 2825 2403 "ferre
2856 2335 3053 2405 Ῑοηιεηι
3076 2342 3140 2405 ει,
3162 2334 3394 2389 radicem
3436 2347 3650 2396 eorum:
3680 2345 3897 2401 ανθυενϐ
3926 2328 4013 2383 Vi-

788 2417 1015 2490 Nempe,
1042 2421 1140 2488 ait,
1169 2424 1421 2482 Chronici
1451 2430 1594 2485 illius
1626 2443 1817 2489 auctor
1859 2444 2067 2506 tempus
2096 2439 2342 2497 Theodn-
2445 2428 2641 2485 delicet
2667 2445 2694 2484 a
2726 2430 2943 2485 Simone
2971 2429 3355 2498 veteribusque
3381 2425 3681 2493 GnOSticis,
3712 2439 3809 2479 ceu
3839 2424 4013 2493 patri-

789 2510 951 2565 ιίοιιῖε
993 2511 1211 2583 ειδηεείι
1240 2530 1312 2571 ex
1335 2511 1634 2587 Epiphanio
1664 2522 1739 2577 De
1764 2526 2085 2593 ponderibus
2114 2541 2161 2585 ει
2194 2549 2341 2595 me"-
2445 2524 2537 2575 bus
2554 2531 2599 2575 et
2626 2522 2856 2591 proavis,
2883 2529 3065 2575 ortum
3092 2520 3367 2590 accepisse
3393 2516 3826 2580 Valentinianos,
3854 2526 3901 2570 et
3950 2517 4014 2571 in

782 2601 951 2666 tum.
981 2604 1137 2675 cujus
1175 2608 1457 2664 ratiocinia
1505 2612 1889 2693 chronologica
1941 2620 2008 2676 de
2038 2620 2345 2692 scriptura-
2443 2614 2671 2668 medium
2699 2614 2889 2682 a/ferre
2915 2613 3161 2682 dogmata
3198 2614 3450 2680 ipsorum,
3483 2621 3541 2664 ut
3591 2611 3838 2680 superius
3864 2608 4011 2663 vidi-

787 2706 906 2751 rum
936 2694 1331 2764 interpretibus
1366 2709 1421 2755 et
1454 2703 1563 2757 sibi
1621 2719 1765 2775 aegre
1801 2720 2078 2779 constant,
2116 2724 2175 2769 et
2219 2727 2345 2772 suat
2445 2703 2742 2772 "ltiti-Quid
2772 2714 2956 2776 autem
2985 2703 3187 2775 adhoc
3217 2701 3401 2757 ιτεηῖεί
3430 2701 3715 2756 οοηδίηυῐη
3743 2700 4018 2755 ⁶⁰¹¹¹¹¹¹⁰θ’

790 2784 991 2844 tamen.
1018 2782 1107 2837 ubi
1145 2794 1421 2850 constant,
1452 2789 1741 2846 admodum
1776 2795 1985 2851 vitiosa.
2018 2797 2189 2855 Breve
2220 2804 2342 2871 qui-
2443 2795 2537 2849 bat
2559 2795 2961 2867 Cataphrygum
2993 2795 3193 2848 mentio
3218 2794 3241 2848 ?
3266 2792 3411 2847 Nihil
3440 2792 3738 2863 quidquam
3786 2808 3813 2844 a
3854 2789 4013 2847 Gno-

779 2868 906 2924 dem
931 2870 1171 2936 eﬂatum,
1194 2876 1335 2943 quod
1360 2876 1616 2933 Dodwelli
1644 2882 1709 2913 ""
1728 2882 1898 2947 solius
1914 2868 2341 2947 auctoritate—ni-
2440 2889 2595 2965 stici‘s
2612 2899 2662 2944 et
2684 2888 3075 2944 Valentinianis
3102 2897 3444 2957 acceperant;
3479 2888 3685 2942 nullum
3716 2897 3843 2942 tunc
3868 2894 4012 2943 tem-

788 2962 939 3027 titur,
974 2962 1369 3037 [XCVlll]qute
1402 2978 1579 3027 tamen
1615 2974 1850 3031 nondum
1881 2981 2013 3034 satis
2046 2986 2185 3051 apud
2212 3000 2342 3040 eruo
2442 2962 2587 3050 poris
2603 2981 2928 3035 catholicum
2957 2982 3148 3051 dogma
3194 2982 3598 3051 Oppugnabant,
3628 2979 3796 3034 solam
3827 2977 4015 3033 Eccle-

784 3051 926 3127 ditos
950 3054 1202 3123 obtinuit,
1222 3067 1290 3125 ut
1315 3059 1367 3113 in
1402 3061 1525 3117 talis
1564 3066 1811 3136 magistri
1861 3071 2026 3128 verba
2073 3074 2338 3143 juremus.
2443 3072 2535 3127 sim
2563 3076 2823 3128 unitatem
2853 3073 3196 3126 scindebant.
3227 3072 3501 3126 Immerito
3518 3070 3744 3143 proinde
3772 3070 4011 3124 Irenmus

784 3140 979 3197 Mirum
1012 3156 1159 3203 certe
1208 3160 1488 3208 auctorem
1531 3153 1788 3212 Chronici
1820 3140 2181 3220 Alexandrini
2224 3184 2341 3223 cer-
2368 3181 2412 3238 α
2446 3162 2587 3219 inter
2606 3162 2893 3218 Gnosticos
2918 3174 2972 3235 et
3002 3162 3411 3229 Valentinianos
3440 3161 3805 3216 recensuisset
3831 3160 4011 3215 homio

786 3243 894 3289 tam
943 3244 1245 3307 temporum
1276 3244 1539 3312 epocbam
1589 3261 1656 3301 ex
1703 3248 2000 3319 Epiphanio
2032 3258 2337 3331 collegisse,
2442 3270 2557 3319 nes,
2586 3254 2676 3323 qui
2705 3253 2837 3308 nihil
2866 3253 3025 3311 aliine
3054 3254 3327 3309 habebant
3357 3270 3480 3308 cmn
3510 3268 3571 3306 ea
3602 3251 3725 3322 falsi
3776 3252 4008 3305 nominis

783 3340 903 3396 qua:
937 3328 1080 3384 nulla
1118 3332 1258 3401 apud
1299 3347 1421 3387 eum
1463 3347 1703 3405 apparet.
1771 3338 1954 3412 Neque
1997 3349 2137 3424 enim
2161 3328 2198 3418 ξ
2224 3328 2341 3424 ip“,
2440 3346 2680 3409 scientia,
2709 3360 2871 3414 quam
2901 3344 3255 3412 detegendam
3292 3358 3347 3399 et
3373 3344 3723 3398 evertendam
3751 3341 3854 3396 sibi
3885 3357 4011 3423 pro-

782 3413 991 3489 fatente
1041 3420 1351 3488 Dodwello,
1410 3425 1658 3481 consules
1689 3429 1932 3500 designat
1982 3413 2338 3512 Epiphanius,
2440 3413 2852 3505 posueratsNec
2879 3435 3264 3506 opportuniora
3320 3435 3510 3491 Grabii
3561 3450 3739 3489 causa:
3764 3449 3852 3497 ea,
3884 3420 4010 3503 qui-

784 3508 858 3561 uti
883 3508 1401 3580 designatChronici
1438 3527 1648 3575 auctor.
1677 3516 1773 3575 llic
1818 3539 1949 3595 ergo
1972 3508 2189 3587 aliunde
2227 3508 2340 3589 col;
2440 3530 2541 3585 bus
2568 3530 2796 3585 lrenzeus
2839 3528 3167 3585 Prommlum
3219 3527 3340 3583 libri
3391 3545 3449 3583 ιιι
3528 3528 3735 3597 incipit,
3788 3527 4004 3581 verba:

781 3598 973 3668 legerit
999 3617 1221 3658 necesse
1251 3616 1351 3660 est.
1377 3608 1466 3673 At,
1507 3611 1683 3679 inquit
1732 3614 2061 3686 Dodwellus,
2118 3628 2341 3683 ratioci-
2443 3619 2522 3675 Τιι
2569 3622 2798 3691 quidet".
2855 3614 3213 3685 άὶίεελίεείηιει
3280 3636 3601 3690 “meper”
3645 3619 3813 3683 ποθέει
3864 3630 4005 3683 ειοσν

780 3692 888 3745 niis
938 3693 1154 3765 collegit
1206 3696 1528 3756 falsissimis.
1584 3704 1895 3763 Falsissima
1944 3715 2162 3781 quidem
2214 3730 2339 3776 sunt
2439 3730 2540 3769 nec
2566 3730 2671 3768 non
2698 3730 2817 3785 quae
2844 3716 2895 3768 in
2924 3702 3343 3769 Ρτοωιηὶοιίὺΐί
3373 3730 3404 3768 V
3453 3721 3705 3770 εκειδηῑε
3737 3710 4009 3777 Quo"iam

782 3782 1071 3839 ratiocinia
1098 3802 1217 3857 qua:
1252 3793 1457 3846 auctori
1483 3792 1736 3850 Chronici
1781 3795 2034 3870 aﬂingere
2081 3808 2287 3877 placuit
2316 3828 2332 3877 ;
2439 3782 2731 3875 postulasti
2763 3824 2794 3861 a
2826 3807 2994 3873 nobis,
3029 3806 3386 3862 obedientibus
3418 3816 3508 3860 tuo
3535 3812 3793 3875 prwcepto
3821 3821 3841 3870 ἰ
3872 3822 4009 3876 (1⁸0⁸

780 3876 874 3927 sed
921 3891 984 3930 ea
1027 3876 1196 3933 fuisse
1250 3878 1409 3949 hujus
1459 3885 1744 3939 ratiocinia
1776 3930 1790 3953 ,
1846 3891 1967 3945 aliis
2009 3876 2341 3967 argumentis
2438 3900 2583 3951 niam
2605 3900 2659 3952 in
2698 3900 3153 3954 administratione
3202 3901 3456 3954 sermonis
3504 3899 3665 3968 positi
3692 3914 3904 3953 sumus:
3933 3913 4009 3954 ex

780 3979 945 4034 quam
977 3966 1187 4039 frigidis
1223 3975 1573 4045 cnnjecturis,
1625 3976 1691 4031 ab
1744 3982 1859 4051 ipso
1886 3966 2340 4057 limineproban-

2439 3991 2635 4060 quibus
2655 4006 2846 4045 eruere
2872 4006 2930 4045 se
2957 4007 3116 4060 posse
3144 4000 3316 4062 putat,
3347 3991 3607 4046 lrenmmn
3630 3998 3753 4042 tunc
3772 3989 4005 4059 presby-

779 4056 905 4111 dum
941 4071 1079 4115 erat.
1125 4062 1304 4120 Donec
1338 4066 1390 4121 id
1435 4073 1748 4137 praestiterit
1776 4072 2103 4147 Dodwellus,
2161 4084 2336 4150 nobis,
2440 4056 2637 4145 terum,
2668 4083 2895 4137 necdum
2922 4056 3233 4153 episcopum
3251 4056 3416 4137 fuisse
3448 4098 3461 4134 :
3495 4083 3765 4138 neminem
3796 4083 4007 4155 quippe

776 4148 973 4217 quibus
1028 4168 1132 4236 non
1178 4154 1307 4210 licet
1351 4170 1606 4218 essetam
1653 4169 2079 4237 perspicacibus,
2103 4186 2201 4241 per
2221 4148 2338 4241 ejus
2438 4174 2691 4243 episcopo
2717 4148 3140 4245 praecepturum,
3170 4176 3230 4230 ut
3278 4175 3547 4231 calamum
3604 4174 3657 4229 in
3711 4176 4005 4233 hmreticos

777 4237 1169 4305 humanitatem
1222 4246 1403 4305 licebit
1438 4266 1574 4309 cum
1632 4267 1858 4315 auctore
1906 4237 2161 4320 Chronici
2214 4237 2337 4321 sen-
2436 4274 2694 4331 acueret;
2726 4267 2815 4320 vix
2850 4268 3012 4320 etiam
3054 4266 3315 4322 Irenaeum
3357 4282 3415 4323 se
3448 4277 3715 4339 praecepto
3741 4268 4006 4324 obedien-

779 4330 903 4386 ίίτθ·
2438 4366 2543 4411 tem
2573 4330 2963 4425 prol'essurum,
2993 4366 3098 4414 etc.
3136 4359 3202 4414 Ut
3227 4360 3371 4413 enim
3400 4360 3832 4431 omittam,quod
3855 4360 4008 4416 inter

852 4421 946 4477 49.
981 4424 1101 4479 Alio
1145 4442 1488 4498 argumento,
1524 4451 1629 4505 quo
1660 4436 1773 4493 fere
1812 4456 2133 4510 persuasum
2165 4462 2223 4501 se
2253 4450 2335 4503 di-
2437 4421 2645 4504 amicos
2674 4452 2789 4521 ipsa
2816 4421 3042 4506 consilia
3072 4460 3127 4505 et
3153 4466 3363 4520 preces,
3395 4461 3661 4522 praecepta
3691 4451 4004 4519 habentur;

779 4517 874 4576 cit.
913 4520 1143 4586 probare
1174 4522 1365 4578 nititur
1395 4526 1464 4580 cl.
1491 4527 1717 4587 Grabius
1748 4534 1798 4587 in
1832 4538 1944 4593 suis
1976 4540 2027 4591 in
2071 4538 2333 4597 Irenmum
2364 4526 2408 4581 Ῑ)
2439 4542 2558 4611 plus
2584 4517 2737 4612 equo
2768 4552 2921 4613 urget
2960 4543 3042 4597 vir
3083 4545 3434 4600 doctissimus
3478 4543 3700 4598 verbum
3726 4545 4004 4613 praecipio,

779 4606 1348 4678 Prrolegomenismum
1394 4617 1569 4673 adhuc
1601 4627 2001 4693 presbyterum,
2060 4641 2184 4685 ante
2236 4647 2333 4686 an-
2436 4606 2542 4703 quo
2592 4649 2719 4689 usus
2768 4646 2850 4689 est
2900 4636 3087 4690 Irentei
3141 4636 3428 4705 interpres.
3480 4635 3742 4690 Irenaeum
3792 4637 4004 4704 quippe

778 4713 905 4751 nunt
940 4698 1191 4771 l77,quo
1232 4704 1456 4761 Romam
1502 4724 1530 4763 a
1583 4716 1913 4785 martyribus
1961 4718 2333 4791 Lugdunensi-

2436 4726 2623 4781 Graaco
2664 4726 2829 4781 verbo
2864 4728 3144 4799 παραινέω
3180 4742 3333 4781 usum
3364 4726 3531 4781 fuisse
3558 4742 3623 4782 ex
3679 4741 3744 4781 eo
3772 4726 3999 4798 colligo,

777 4789 877 4842 bus
926 4790 1119 4847 missus
1165 4804 1269 4861 est,
1328 4797 1703 4859 haereticorum
1765 4789 2145 4867 refutationem
2196 4817 2334 4872 inte-
2434 4818 2576 4886 quod
2607 4817 2657 4869 in
2687 4816 2955 4873 Prommio
3008 4819 3131 4872 libri
3183 4817 3341 4886 primi
3370 4820 3605 4872 amicum
3635 4832 3881 4884 monens,
3916 4829 4000 4884 ut,

774 4895 926 4951 gram
958 4884 1211 4983 edidisse.
1236 4887 1290 4942 ιιι
1314 4891 1596 4947 deducitur
1614 4912 1679 4951 ex
1696 4909 1817 4953 ortu
1842 4913 2004 4960 secta:
2024 4905 2330 4981 Cataphry-
2434 4928 2555 4967 cum
2587 4913 3081 4969 Valentinianorum
3112 4917 3366 4983 mysteria
3395 4930 3459 4969 ex
3490 4930 3549 4970 se
3576 4915 3847 4983 didicerit,
3875 4931 4003 4971 om-

774 4987 931 5077 g‘um:
946 4988 1074 5076 quae
1090 4972 1335 5077 Phrygiae
1350 4981 1597 5054 Asiaeque
1616 4988 1887 5047 Ecclesias
1908 4998 2142 5063 vexavit;
2162 4972 2329 5067 quem

2433 5004 2593 5058 nibus
2613 5003 2697 5069 iis,
2724 5004 2815 5074 qui
2845 5020 3030 5059 secum
3048 5014 3347 5073 versantur,
3374 5006 3681 5077 patefaciat,
3707 5008 3876 5072 addit,
3898 5012 4001 5063 καὶ

773 5060 1035 5118 Eusebius
1063 5065 1113 5119 in
1139 5065 1406 5126 Chronico
1442 5088 1586 5130 anno
1624 5094 1734 5133 xvtt
1766 5060 2170 5151 Marci,Christi
2190 5060 2327 5158 .171,

2431 5060 2763 5167 παραινέέῃξ
2804 5096 2987 5157 αὐτοῖς
3036 5060 3391 5163 φυλάξασθαιΙ
3436 5094 3525 5148 τὸν
3581 5060 3737 5166 βυόὺν
3778 5060 3878 5168 τῆξ

778 5156 1049 5223 ascripsit.
1078 5158 1221 5215 Duos
1253 5177 1405 5227 sane,
1444 5165 1639 5236 inquit,
1684 5173 1893 5239 priores
1932 5178 2117 5236 lrenmi
2164 5156 2329 5240 libros
2432 5205 2435 5216 '

2432 5187 2581 5251 νοίας
2600 5227 2614 5251 ,
2643 5156 2763 5258 qua:
2796 5188 2958 5243 vertit
2982 5189 3246 5257 interpres
3282 5206 3293 5241 :
3323 5200 3369 5243 et
3397 5191 3670 5260 praecipias
3699 5193 3771 5245 eis
3813 5194 4000 5247 obser-

774 5250 1137 5317 praecessisse,
1168 5252 1292 5309 inde
1335 5256 1624 5328 colligitur,
1683 5268 1825 5333 quod
1878 5268 1931 5322 in
1984 5272 2068 5327 his
2125 5274 2326 5329 nullam

2432 5250 2695 5333 vareise-a
2743 5279 3002 5347 profundo
3054 5280 3444 5336 insensationis.
3499 5279 3602 5335 Ubi
3652 5283 3998 5357 παραινέσῃς

774 5339 933 5409 hujus
971 5350 1151 5407 sectm,
1182 5346 1275 5398 sed
1306 5346 1573 5405 hmreseos
1608 5352 1816 5410 Tatiani
1852 5368 2107 5431 tanquam
2144 5365 2327 5421 novis-
2430 5370 2611 5431 vertit,
2642 5370 2914 5437 prwcipias
2936 5386 2955 5435 ;
2978 5385 3102 5424 cum
3133 5380 3305 5424 tamen
3336 5372 3612 5443 παραινέω
3639 5371 3850 5437 Latine,
3881 5391 3997 5432 non

770 5432 921 5483 simae
945 5429 1135 5485 fecerit
1176 5436 1541 5493 mentionem:
1580 5443 1726 5497 illam
1778 5463 1886 5507 non
1930 5454 2253 5522 omissurus,
2282 5459 2325 5512 si
2429 5462 2645 5531 proprie
2671 5463 2938 5531 praccipio,
2992 5466 3085 5517 sed
3126 5464 3325 5528 hortor,
3345 5467 3563 5533 suadeo,
3597 5467 3871 5521 consilium
3897 5470 3993 5537 do,

770 5519 979 5585 Asiam,
1012 5521 1063 5574 in
1104 5539 1261 5591 quam
1310 5528 1406 5580 hos
1437 5531 1681 5587 mittebat
1719 5536 1903 5607 libros,
1933 5542 2041 5612 jam
2072 5555 2180 5598 tum
2211 5519 2326 5600 tur-

2429 5562 2558 5617 etc.,
2601 5554 2889 5625 signiﬁcet.
2921 5556 2999 5610 Ex
3034 5572 3138 5625 quo
3164 5558 3431 5623 conjiccrc
3473 5558 3618 5623 licet,
3672 5559 3812 5612 idem
3866 5573 3997 5613 ver-

772 5612 900 5664 bare
928 5613 1202 5682 coepisset.
1234 5617 1434 5673 Contra
1463 5620 1600 5677 libro
1621 5641 1682 5679 ιιι
1712 5637 1763 5681 et
1785 5644 1836 5682 tv
1891 5630 2324 5707 pseudoprophe-

2429 5640 2552 5696 bum
2581 5643 2713 5701 locis
2738 5645 2917 5701 citatis
2948 5658 3261 5717 usurpatum
3286 5647 3351 5703 ab
3370 5647 3591 5716 lrencco,
3618 5648 3806 5703 codem
3827 5649 3994 5704 modo

874 5813 936 5848 “'
967 5813 1192 5873 Dissert.
1226 5821 1275 5881 4.
1311 5822 1361 5877 in
1394 5823 1557 5892 lrcn.,
1587 5827 1612 5897 ᾗ
1644 5828 1730 5884 49.
