4196 6330
162 343 278 400 225

732 343 1185 401 DISSERTATIO
1221 344 1280 406 ll,
1319 341 1474 397 ΛΒΤ.
1514 340 1577 405 ll,
1615 340 1700 393 DE.
1735 339 1992 395 ΙΒΕΝΑΞΙ
2029 342 2250 397 LIBRIS
2285 344 2389 396 AD‘

1180 354 1185 388 ι
1221 344 1280 406 ll,
1319 341 1474 397 ΛΒΤ.
1514 340 1577 405 Il,
1615 340 1700 393 DE.
1735 339 1992 395 ΙΒΕΝΑΞΙ
2029 342 2250 397 LIBRIS
2285 344 2440 398 ADV.
2468 344 2837 416 ilAiHESES.

3295 348 3403 406 225

165 462 242 516 ab
270 463 522 532 imperito
578 463 871 530 interprete
916 462 1184 517 redditum
1231 461 1418 515 fuisse.
1466 458 1570 513 Sed
1598 475 1732 527 quo-
1765 461 1809 517 Α
1840 458 1891 509 in
1915 460 2097 526 paucis
2121 461 2263 514 dicta
2294 471 2434 515 sunt.
2465 462 2533 515 At
2572 462 2792 516 vixdum
2832 460 3000 517 labori
3059 464 3398 536 incubuerat,

164 568 388 622 cunque
414 554 604 616 verbo,
634 564 727 606 aut
755 569 1077 628 quacunque
1104 569 1237 606 voce
1267 567 1396 608 usus
1437 551 1601 606 fuerit
1626 550 1737 605 Ire-

167 660 322 699 naeus
349 663 363 710 ;
391 660 501 713 quo
528 660 689 700 sensu
716 648 1066 715 prrecepisset
1092 646 1324 708 amicus,
1354 655 1406 700 et
1433 661 1541 714 quo
1570 660 1735 700 sensu

166 735 417 790 obediret
434 735 576 804 ipse,
602 736 1134 804 perspicuedeclarat
1159 735 1210 790 in
1233 740 1419 791 eodem
1438 735 1733 802 Prooemio,

166 841 297 881 cum
326 826 422 891 ait,
454 825 731 880 dilectione
756 843 810 879 se
837 826 1148 880 adhortante
1177 836 1493 880 conaturum
1521 835 1574 880 et
1600 829 1736 880 aml-

165 933 237 972 co
264 925 318 972 et
339 917 616 981 omnibus,
648 917 736 986 qui
773 931 895 971 cum
924 932 988 971 eo
1028 927 1174 982 sunt,
1229 915 1734 971 Valentinianorum

165 1009 471 1063 doctrinam
501 1023 793 1077 exponere.
827 1008 890 1061 Et
919 1019 1103 1077 postea
1132 1025 1146 1061 :
1198 1007 1330 1072 Qua:
1377 1009 1471 1061 tibi
1503 1025 1619 1062 cum
1648 1010 1734 1062 di-

164 1099 389 1154 lectione
407 1100 604 1169 scripta
649 1109 790 1163 sunt,
831 1117 946 1152 cum
988 1101 1264 1153 dilectione
1312 1101 1581 1168 percipies.
1631 1099 1735 1168 Qui

168 1191 295 1245 ideo
323 1205 384 1246 se
432 1205 640 1245 morem
693 1191 869 1244 amico
919 1205 1112 1261 gerere
1168 1191 1322 1255 dicit,
1353 1192 1478 1258 quia
1513 1192 1734 1248 dilectio

164 1284 495 1337 adhortatur
521 1293 575 1337 et
602 1282 846 1351 impellit,
885 1281 996 1337 sola
1041 1283 1328 1338 charitatis
1356 1282 1470 1352 lege
1497 1285 1734 1339 constri-

168 1386 323 1428 ctum
350 1389 408 1428 se
438 1385 625 1444 aperte
655 1374 946 1444 significat.
978 1375 1042 1428 Et
1089 1386 1241 1429 certe
1293 1377 1335 1429 si
1392 1378 1733 1444 superiorem

164 1465 484 1535 agnovisset
534 1463 768 1519 lrenteus
822 1479 945 1518 eum
996 1465 1048 1518 in
1092 1467 1243 1532 cujus
1270 1467 1501 1535 gratiam
1529 1467 1736 1521 scribe-

163 1551 281 1611 Itat.
314 1566 588 1618 nunquam
637 1551 1026 1607 commissurus
1073 1550 1286 1620 fuisset,
1318 1561 1374 1606 ut
1420 1553 1570 1608 illum
1599 1554 1734 1609 dile-

160 1647 387 1698 ctissimi
414 1647 631 1699 nomine
654 1645 1022 1714 compellaret,
1053 1649 1131 1702 uti
1160 1648 1448 1718 compellat
1494 1666 1730 1720 semper,

162 1753 230 1791 ac
262 1751 373 1798 tam
405 1739 748 1794 familiariter
775 1755 839 1794 eo
872 1750 1142 1807 uteretur,
1170 1751 1334 1812 atque
1367 1758 1523 1796 usum
1567 1745 1733 1799 fuisse

1839 563 1959 601 cum
2017 550 2216 618 latiori,
2268 567 2429 622 quam
2473 554 2906 622 existimaverat,
2961 570 3086 612 sese
3124 559 3403 628 aperiente

1838 638 2143 708 disputandi
2191 658 2417 712 campo,
2453 654 2660 700 mutato
2711 645 3013 716 proposito,
3071 647 3138 702 ad
3180 649 3406 718 majoris

1839 732 2132 788 moliminis
2155 751 2289 804 opus
2316 752 2374 792 se
2398 738 2646 793 contulit.
2679 739 2734 794 ld
2759 740 2811 794 in
2844 742 2950 796 line
2984 739 3106 796 libri
3134 742 3293 812 primi
3323 744 3400 797 si-

1835 821 2076 888 gnificat,
2108 839 2228 878 cum
2260 828 2371 882 ait:
2411 828 2541 882 Cum
2576 831 2737 899 igitur
2780 829 2889 885 hac
2935 833 3009 886 sic
3054 848 3109 886 se
3152 831 3402 900 habeant,

1835 925 2090 981 quatenus
2114 918 2350 982 promisi,
2400 921 2685 973 secundum
2729 932 2963 975 nostram
2995 923 3237 976 virtutem
3264 924 3404 994 infe-

1837 1021 2010 1060 remus
2037 1011 2358 1063 eversionem
2388 1013 2640 1081 ipsorum,
2679 1014 2920 1068 omnibus
2940 1015 3013 1069 eis
3037 1016 3406 1071 contradicen-

1836 1100 1912 1144 tes
1935 1092 1986 1146 in
2013 1097 2245 1162 sequenti
2267 1096 2402 1150 libro
2421 1114 2440 1162 ,°
2478 1100 2746 1153 enarratio
2782 1100 2918 1154 enim
2950 1101 3004 1154 in
3045 1103 3255 1172 longum
3280 1117 3406 1172 per-

1833 1183 1933 1251 git,
1961 1196 2016 1238 ut
2043 1188 2205 1243 vides.
2251 1186 2387 1258 Spes
2429 1191 2570 1243 enim
2601 1191 2772 1259 prima
2813 1192 2978 1247 fuisse
3006 1192 3218 1248 videtur
3246 1208 3404 1250 ever-

1835 1278 2042 1333 sionem
2077 1282 2364 1337 detectioui
2400 1282 2451 1336 in
2496 1285 2685 1338 eodem
2728 1284 2868 1339 libro
2918 1285 3263 1356 subjungere.
3302 1287 3404 1342 Ea:

1835 1379 2057 1437 propter
2094 1372 2146 1424 in
2177 1369 2441 1427 Protemio
2479 1373 2599 1427 libri
2638 1390 2717 1440 Ill,
2754 1376 2931 1430 amico
2976 1387 3172 1445 praeter
3207 1393 3410 1447 exSpe-

1835 1463 2132 1516 ctationem
2174 1464 2224 1516 id
2257 1474 2576 1518 eventorum
2635 1481 2758 1518 esse
2797 1468 2945 1530 dicit,
3006 1479 3063 1522 ut
3121 1479 3411 1524 crescente

1832 1556 2016 1624 operis
2046 1555 2206 1617 mole,
2240 1555 2440 1624 majora
2470 1567 2524 1610 et
2552 1559 2814 1626 ampliora
2851 1575 3011 1630 quam
3065 1575 3406 1631 speraverat,

1832 1647 2313 1718 postulaveratque
2335 1651 2400 1702 ad
2423 1655 2747 1706 evertendas
2770 1652 3055 1708 haereticos
3079 1666 3400 1724 argumenta

1833 1742 1902 1794 sit
1932 1750 2276 1810 accepturus.
2319 1741 2387 1796 In
2445 1743 2542 1797 ltoc
2576 1755 2751 1797 autem
2781 1747 2936 1800 tertio
2991 1746 3174 1815 (libro)
3209 1747 3306 1814 ait,
3339 1763 3405 1801 ea:

162 1831 431 1884 librorum
463 1832 810 1897 przefationes
857 1835 1259 1887 demonstrant.
1310 1835 1386 1890 Eo
1419 1837 1576 1891 modo
1601 1837 1731 1891 sim-
1762 1816 1803 1869 Β
1833 1832 2126 1900 Scripturis
2153 1833 2435 1902 inferemus
2459 1836 2803 1902 ostensiones,
2847 1847 2902 1889 ut
2938 1837 3069 1890 nihil
3095 1838 3193 1890 tibi
3227 1855 3291 1892 ea:
3317 1840 3404 1895 Itis

160 1922 338 1990 plices
385 1923 732 1993 presbyteros
787 1939 914 1980 cum
971 1927 1243 1996 episcopis
1298 1943 1513 1999 egisse,
1570 1929 1731 1986 nullis

159 2015 430 2084 exemplis
463 2015 802 2083 probabitur.
835 2017 1025 2083 Eccui,
1052 2033 1262 2088 quaeso,
1287 2021 1486 2089 potiori
1525 2036 1588 2075 ac
1619 2037 1732 2075 me-

162 2109 284 2162 liori
331 2109 479 2179 jure,
530 2125 695 2179 quam
752 2111 1027 2180 episcopo,
1082 2112 1417 2167 conveniunt
1466 2127 1528 2166 ea
1567 2115 1728 2167 verba

160 2201 508 2256 Prtefationis
534 2203 655 2257 libri
679 2219 733 2268 v,
762 2203 958 2272 quibus
1003 2204 1248 2259 abutitur
1295 2204 1531 2259 Grattius
1558 2223 1571 2259 :
1598 2223 1728 2274 quo-

159 2295 304 2345 niam
327 2294 380 2345 in
409 2294 866 2347 administratione
899 2296 1152 2348 sermonis
1207 2297 1362 2363 positi
1392 2298 1612 2350 sumus?
1637 2299 1727 2364 At,

161 2383 342 2452 inquit
364 2385 446 2436 vir
475 2384 850 2450 doctissimus,
882 2385 935 2438 in
984 2383 1293 2457 προστασίᾳ
1342 2384 1600 2440 Ecclesim
1630 2403 1727 2455 po-

157 2477 270 2532 tius
298 2493 461 2545 quam
490 2477 542 2529 in
573 2477 1031 2530 administratione
1059 2478 1332 2543 sermonis,
1378 2493 1438 2532 se
1496 2481 1726 2546 positum

161 2573 392 2626 dixisset
431 2572 690 2638 lrenzeus,
753 2573 796 2626 si
853 2571 968 2640 jam
1027 2583 1137 2628 tum
1184 2589 1430 2629 summus
1475 2575 1730 2630 Ecclesia:

160 2662 544 2732 Lugdunensis
569 2666 821 2721 sacerdos
843 2665 1057 2720 fuisset.
1084 2664 1194 2719 lmo
1217 2666 1268 2718 in
1299 2667 1606 2738 προστασίᾳ
1633 2667 1730 2722 Ec-

158 2759 342 2812 clesia:
363 2761 597 2826 positum
631 2773 686 2812 se
714 2759 1005 2813 manifeste
1045 2759 1258 2814 dicebat
1280 2760 1345 2814 iis
1375 2763 1726 2828 temporibus,

157 2850 250 2918 qui
284 2849 336 2901 in
361 2849 833 2902 administratione
861 2850 1130 2902 sermonis
1155 2851 1512 2903 constitutum
1546 2864 1604 2904 se
1646 2852 1728 2904 si-

158 2938 472 3007 gnificabat.
517 2938 689 2993 Nullis
726 2939 870 2992 enim
920 2940 1043 2994 aliis
1070 2956 1232 3010 quam
1280 2941 1571 3010 episcopis,
1598 2957 1730 3011 qua-

161 3037 283 3081 tuor
306 3029 584 3096 prioribus
614 3031 846 3094 saeculis,
883 3031 1151 3085 creditam
1189 3029 1354 3087 fuisse
1383 3031 1730 3088 administra-

1831 1940 1948 1991 quw
1979 1940 2298 1991 prwceperas
2327 1927 2464 1978 desit
2497 1943 2528 1978 a
2573 1927 2762 1987 nobis;
2790 1929 2880 1981 sed
2936 1939 3004 1994 et,
3051 1938 3406 2002 praeterquam

1833 2016 2154 2081 opinabaris,
2194 2017 2265 2069 ad
2311 2019 2639 2085 arguendum
2695 2030 2744 2073 et
2790 2021 3118 2074 evertendam
3158 2037 3268 2088 eos,
3315 2025 3404 2093 qui

1832 2107 2056 2174 quolibet
2078 2109 2231 2160 modo
2255 2108 2390 2161 male
2426 2109 2634 2174 docent,
2663 2113 2964 2166 occasiones
3002 2130 3032 2166 a
3079 2113 3225 2167 nobis
3257 2115 3402 2166 acci‘

1831 2201 1966 2266 pias.
2018 2198 2146 2265 Quae
2201 2218 2338 2255 enim
2388 2211 2465 2256 est
2518 2206 2573 2257 in
2618 2202 2729 2259 Deo
2769 2207 3021 2273 citaritas,
3049 2208 3189 2262 dives
3217 2217 3264 2260 et
3292 2211 3406 2263 sine

1832 2292 2029 2345 invidia
2058 2293 2330 2359 exsistens,
2361 2294 2514 2362 plura
2545 2297 2726 2360 donat,
2751 2314 2908 2368 quam
2949 2302 3173 2370 postulet
3197 2302 3314 2371 quis
3338 2304 3405 2353 ab

1831 2398 1913 2435 ea.
1968 2381 2152 2453 Itaque
2203 2396 2457 2454 suscepto
2508 2389 2728 2457 majoris
2762 2391 2946 2458 operis
2985 2392 3242 2457 consilio,
3294 2407 3406 2462 quo

1833 2472 2070 2540 quinque
2095 2474 2246 2528 libris
2270 2475 2478 2543 plenius
2501 2488 2551 2532 et
2576 2480 2797 2534 ulterius
2823 2481 3404 2537 confutarenturvanze

1831 2574 2021 2616 omnes
2062 2565 2443 2620 haereticorum
2487 2571 2732 2638 argutia),
2780 2573 2992 2640 priores
3031 2573 3168 2628 duos
3217 2574 3404 2630 absol-

1834 2666 1961 2706 vere
1988 2652 2303 2722 festinavit;
2335 2669 2518 2727 utpote
2548 2661 2744 2729 quibus
2771 2663 2905 2717 satis
2939 2680 3038 2731 pro
3068 2674 3312 2736 tempore
3353 2679 3408 2722 et

1830 2758 1929 2812 pro
1970 2746 2125 2798 amici
2165 2749 2323 2813 votis,
2349 2749 2469 2805 falsi
2522 2754 2755 2808 nominis
2785 2755 3069 2810 scientiam
3100 2767 3403 2830 retegeret,

1833 2844 2233 2905 everterctque.
2257 2840 2546 2897 Absolutus
2567 2843 2850 2899 confestim
2877 2847 2943 2900 ad
2968 2849 3199 2903 amicum
3225 2851 3398 2919 misit,

1834 2925 1956 2979 dum
1983 2927 2184 3013 interea
2219 2940 2325 2983 tres
2348 2931 2503 2996 alios,
2534 2949 2670 3001 quos
2699 2935 2810 3002 jam
2848 2936 2898 2989 in
2925 2938 3107 2993 animo
3139 2938 3400 3015 habebat,

1836 3018 1901 3071 ad
1941 3018 2251 3074 umbilicum
2283 3025 2635 3091 perduceret;
2661 3028 2752 3095 qui
2775 3027 2997 3098 singuli,
3022 3031 3206 3086 statim
3234 3043 3401 3105 atque

159 3121 366 3175 tionem
405 3123 677 3175 sermonis
711 3122 762 3174 in
796 3120 1111 3185 Occidente,
1144 3123 1348 3178 invicte
1386 3123 1728 3180 demonstra-
1758 3148 1799 3204 ς
1833 3112 2127 3183 υηίουίίιυε
2146 3129 2352 3169 summa
2376 3130 2568 3170 manus
2609 3118 2884 3188 ῖιηροείιδι
2915 3121 3056 3175 [land
3077 3135 3398 3194 exspecuto

161 3221 249 3267 tur
273 3228 340 3269 ex
393 3213 649 3284 Cypriani
689 3215 916 3283 epistola
956 3214 1045 3280 56,
1085 3231 1150 3269 ex
1199 3216 1397 3285 Optato
1435 3217 1534 3271 sub
1567 3217 1728 3270 linem

160 3307 343 3377 operis
370 3317 562 3362 contra
596 3307 928 3370 Donatistas,
964 3322 1031 3361 ex
1063 3305 1184 3361 Vita
1221 3307 1282 3362 D.
1316 3306 1505 3361 Hilarii
1539 3303 1732 3362 Arela-

163 3401 336 3454 tensis
359 3414 388 3453 a
417 3399 693 3471 Cypriane
714 3401 830 3470 ejus
864 3400 1129 3469 discipulo
1152 3402 1484 3472 conscripta,
1508 3415 1573 3456 ex
1598 3401 1728 3457 Pos.

161 3492 299 3546 sidio
329 3491 384 3546 in
426 3491 550 3546 Vita
584 3491 643 3547 S.
688 3494 974 3562 Augustini
1003 3510 1018 3559 ;
1065 3494 1356 3563 multisque
1387 3493 1512 3548 aliis
1541 3509 1727 3549 eorum

163 3593 474 3653 temporum
534 3585 904 3639 monumentis
964 3583 1124 3640 facile
1164 3583 1384 3654 probari
1429 3596 1635 3655 posset,
1680 3589 1726 3644 si

159 3677 304 3743 quod
335 3690 513 3743 opera:
543 3676 775 3745 pretium
807 3675 970 3731 foret.

229 3767 320 3820 50.
347 3769 570 3821 Certum
607 3767 773 3838 igitur
825 3783 889 3823 ac
936 3769 1224 3836 probatum
1276 3785 1499 3825 manere
1542 3771 1722 3836 debet,

161 3862 422 3931 quidquid
448 3861 964 3916 dicantDodwellus
1015 3873 1071 3917 et
1114 3863 1368 3929 Grabius,
1418 3866 1486 3918 ab
1524 3864 1726 3918 Irenaeo

157 3952 267 4020 jam
295 3953 553 4022 episcopo
581 3954 917 4022 conscriptos
940 3951 1107 4007 fuisse
1146 3956 1386 4024 quinque
1423 3955 1588 4009 libros
1622 3955 1725 4011 De-

163 4046 400 4098 tectionis
429 4055 476 4098 et
513 4045 790 4098 eversionis
831 4044 969 4111 [also
1007 4049 1388 4114 cognominata
1418 4048 1723 4116 agnitionis.

160 4141 241 4190 An
299 4153 431 4190 vero
472 4138 632 4190 simul
672 4146 725 4190 et
768 4139 956 4192 eodem
1010 4150 1248 4206 tempore
1275 4155 1487 4202 omnes,
1521 4155 1588 4193 an
1629 4157 1726 4212 per

162 4229 446 4284 intervalla
489 4229 844 4296 prodierint?
898 4231 1018 4283 Alia
1077 4229 1364 4286 difﬁcultas
1402 4241 1506 4297 est,
1563 4249 1722 4302 quam

159 4328 350 4395 paucis
382 4326 460 4379 sic
492 4325 728 4393 explico.
761 4323 946 4379 Primo
987 4325 1206 4393 quidem
1248 4325 1410 4380 breve
1454 4329 1723 4396 quoddam

157 4431 296 4486 opus
319 4416 589 4479 scribere,
609 4430 715 4484 quo
738 4417 959 4470 retectis
984 4415 1483 4472 Valentinianorum
1511 4414 1726 4488 do'gma-

1833 3206 2102 3275 sequenti,
2134 3206 2282 3261 missi
2303 3214 2451 3260 sunt.
2483 3203 2673 3264 Omnia
2725 3209 2841 3264 huic
2885 3221 3140 3268 constant
3185 3223 3304 3288 tum
3332 3233 3400 3275 ex

1834 3297 2269 3366 Przefationibus,
2301 3299 2476 3356 tribus
2508 3301 2902 3370 posterioribus
2943 3304 3099 3363 libris
3132 3311 3397 3379 praefixis,

1835 3401 1945 3447 tum
1967 3408 2032 3447 ex
2070 3393 2491 3465 uniuscujusque
2519 3396 2639 3453 libri
2667 3397 2797 3468 fine,
2831 3407 2942 3456 tum
2970 3415 3037 3456 ex
3065 3401 3161 3458 lib.
3192 3420 3251 3471 lt,
3277 3421 3396 3478 cap.

1829 3484 1884 3549 Ξ,
1911 3501 1964 3540 n.
1997 3485 2061 3551 6;
2094 3501 2216 3554 cap.
2267 3487 2322 3551 8,
2382 3503 2436 3540 n.
2471 3488 2538 3552 5;
2583 3503 2703 3557 cap.
2757 3490 2845 3556 ll,
2889 3507 2942 3547 n.
2977 3491 3030 3558 2,
3058 3503 3111 3548 et
3152 3510 3276 3565 cap.
3306 3496 3398 3562 28,

1832 3591 1887 3630 n.
1919 3575 2032 3639 6,in
2067 3576 2263 3648 quibus
2290 3578 2770 3646 sequenteslibros
2801 3595 3062 3650 expresse
3092 3584 3398 3654 pollicetur.

1830 3667 1901 3723 lis
1942 3669 2193 3724 omnibus
2225 3671 2458 3724 maxime
2503 3671 2786 3738 probabile
2821 3672 2903 3740 fit,
2932 3676 3073 3743 quod
3099 3677 3211 3745 jam
3256 3677 3395 3740 dixi,

1833 3770 2001 3814 totum
2027 3777 2158 3829 opus
2196 3763 2392 3832 partim
2424 3761 2526 3816 sub
2555 3760 2850 3820 Eleuthero
2888 3765 3165 3838 pontiﬁce,
3189 3771 3392 3840 partim

1830 3857 1931 3911 sub
1959 3854 2181 3911 Victore
2210 3858 2472 3924 scriptum
2506 3856 2696 3914 fuisse.

1901 3950 1991 4004 51.
2029 3950 2219 4004 Graeco
2255 3949 2513 4004 idiomate
2555 3960 2840 4007 exaratum
2877 3951 3043 4010 fuisse
3072 3954 3210 4010 adeo
3243 3970 3402 4015 certa

1830 4042 2204 4096 demonstrant
2248 4053 2568 4111 argumenta
2613 4054 2671 4098 ut
2716 4044 2910 4108 mirum
2947 4047 3019 4102 sit
3069 4047 3306 4118 aliquam
3341 4066 3405 4106 es

1829 4135 1894 4188 de
1919 4149 1976 4188 re
2003 4132 2388 4189 dubitationem
2433 4134 2640 4189 Erasmi
2694 4145 2750 4190 et
2780 4136 3010 4192 aliorum
3035 4143 3402 4207 quorumdam

1827 4233 2163 4287 eruditorum
2199 4242 2433 4286 mentem
2455 4233 2641 4288 subire
2666 4235 2927 4303 potuisse.
2951 4237 3218 4294 Eusebius
3247 4242 3404 4311 plura

1827 4325 2014 4379 lrentei
2061 4325 2362 4393 fragmenta
2394 4323 2648 4380 Historiae
2681 4342 2793 4382 suae
2841 4329 3045 4383 inserta
3085 4330 3275 4388 Graece
3312 4350 3400 4388 re-

1830 4417 1937 4471 fert
1969 4433 1982 4470 :
2016 4432 2283 4487 nusquam
2337 4419 2516 4472 tamen
2549 4431 2763 4483 monet;
2809 4421 2883 4474 uti
2927 4419 3316 4481 Tertullianum
3349 4437 3403 4480 ct

161 4509 326 4572 tibus,
363 4517 690 4577 argumenta
722 4509 969 4576 quaedam
1003 4510 1068 4561 ad
1101 4523 1162 4560 ea
1197 4512 1484 4562 evertenda
1521 4523 1721 4579 oppor-
1754 4508 1798 4564 D
1829 4510 1961 4563 alios
1997 4510 2262 4577 quosdam
2311 4521 2562 4562 auctores
2599 4507 2823 4564 Latinos
2868 4511 3041 4566 citans
3089 4528 3152 4567 se
3201 4512 3400 4568 fecisse

162 4611 289 4654 tuna
311 4599 688 4668 subjungeret,
724 4599 908 4655 animo
946 4602 1046 4654 sibi
1080 4601 1455 4665 constituerat,
1479 4602 1555 4656 rei
1591 4602 1728 4657 ditii-

160 4691 363 4747 cultate
399 4691 709 4761 laborisque
761 4695 1136 4764 magnitudine
1187 4694 1429 4748 nondum
1469 4695 1600 4747 satis
1629 4711 1724 4749 ex-

159 4784 389 4854 plorata,
439 4783 689 4836 Irenaeus.
753 4782 1022 4849 Quantum
1061 4785 1211 4837 nobis
1259 4783 1469 4856 [XCIX]
1518 4785 1726 4838 virtutis

161 4875 326 4939 adest,
360 4875 535 4944 inquit
573 4876 624 4928 itt
666 4874 1146 4930 Prtefationelibri
1195 4876 1375 4943 primi,
1419 4879 1726 4930 sententiam

161 4967 414 5034 ipsorum,
441 4966 531 5035 qui
563 4982 699 5018 nunc
726 4967 876 5020 aliud
905 4968 1110 5032 docent,
1160 4969 1280 5021 dico
1317 4977 1494 5021 autem
1522 4985 1722 5034 eorum,

159 5056 245 5123 qui
269 5066 390 5110 sunt
421 5055 560 5108 circa
584 5055 948 5123 Ptolemaeum,
976 5059 1337 5127 compendiose
1373 5067 1423 5112 et
1452 5059 1726 5127 manifeste

162 5153 507 5210 ostendemus,
532 5159 580 5205 et
610 5149 730 5204 aliis
774 5152 1071 5204 occasiones
1123 5152 1388 5215 dabimus,
1435 5153 1721 5206 secundum

162 5257 393 5298 nostram
448 5243 880 5304 mediocritatem,
926 5243 996 5296 ad
1049 5244 1382 5296 evertendam
1420 5258 1556 5296 eam.
1586 5241 1724 5296 Hinc

163 5348 344 5406 postea
380 5336 614 5388 amicum
649 5337 915 5398 hortatur,
945 5343 1132 5402 utqua:
1157 5333 1490 5401 simpliciter,
1515 5345 1560 5385 et
1585 5350 1724 5398 vere,

160 5442 202 5480 et
226 5427 439 5479 idiotice
468 5428 534 5478 ad
570 5442 625 5478 se
673 5427 866 5489 scripta
917 5436 1062 5487 sunt,
1104 5426 1213 5492 ipse
1256 5435 1444 5494 augeat
1473 5440 1628 5492 penes
1650 5441 1724 5483 se.

163 5533 211 5573 ut
234 5520 402 5588 magis
423 5518 673 5580 idoneus,
697 5518 852 5585 quasi
881 5533 1054 5569 semen
1086 5527 1133 5569 et
1160 5515 1313 5568 initia
1341 5516 1605 5582 accipiens
1633 5531 1650 5577 ;
1677 5523 1726 5566 et

162 5617 210 5668 iu
231 5614 515 5667 latitudine
541 5628 718 5666 sensus
744 5613 825 5664 sui
870 5611 922 5663 in
955 5609 1173 5662 ntultum
1199 5609 1477 5678 fructiﬁcet
1499 5624 1580 5672 ea,
1607 5623 1724 5676 qua:

262 5795 305 5826 "
343 5791 397 5847 ln
430 5791 659 5860 Prologo
691 5789 782 5844 lib.
821 5803 948 5843 xvut
983 5786 1198 5852 intlsa.,
1237 5797 1274 5841 t.
1309 5763 1396 5853 ill,
1434 5799 1555 5840 nov.
1587 5782 1730 5840 edit.

1827 4599 1983 4664 dicit,
2012 4614 2073 4651 ea
2103 4613 2133 4651 e
2171 4599 2365 4652 Latino
2400 4598 2451 4651 in
2484 4595 2732 4652 Graecum
2771 4613 3077 4656 sermonem
3118 4617 3146 4654 u
3173 4617 3232 4656 se
3268 4618 3398 4656 con-

1826 4705 1981 4744 versa
2008 4688 2194 4744 fuisse.
2223 4690 2289 4742 Et
2319 4698 2581 4758 quotquot
2607 4706 2636 4744 e
2665 4691 3033 4760 scriptoribus
3059 4691 3265 4748 Grecis
3293 4692 3402 4747 Ire-

1827 4797 2002 4835 naeum
2042 4783 2212 4836 citant
2241 4781 2579 4852 (frequenter
2609 4798 2737 4838 vero
2777 4784 2995 4854 citant).
3019 4783 3207 4840 Graece
3247 4796 3400 4841 certe

1827 4873 2103 4943 legerunt;
2137 4887 2235 4927 nec
2273 4873 2380 4927 alio
2423 4887 2675 4927 sermone
2707 4876 3053 4944 conscriptos
3081 4874 3197 4944 ejus
3224 4877 3398 4933 libros

1823 4963 2023 5033 legisse
2054 4979 2113 5019 se
2133 4966 2265 5019 satis
2311 4974 2497 5034 aperte
2550 4966 2820 5036 significat
2863 4966 3108 5033 Pltotius,
3159 4969 3250 5038 qui
3311 4960 3396 5024 vix

1831 5059 1968 5111 alios
1999 5071 2160 5125 quam
2192 5055 2409 5111 Graecos
2439 5067 2688 5111 auctores
2716 5058 2769 5110 in
2819 5056 3151 5112 Bibliotheca
3180 5073 3276 5113 sua
3310 5075 3400 5114 re-

1830 5157 2036 5203 censet.
2074 5146 2434 5218 Hieronymus
2461 5150 2623 5203 etiam
2647 5149 2714 5215 ¹³,
2744 5149 2869 5204 licet
2891 5149 3136 5215 Latinus,
3171 5153 3260 5221 qui
3290 5152 3400 5206 Ire-

1821 5240 1925 5295 nazi
1955 5239 2124 5293 libros
2147 5246 2398 5294 accurate
2425 5239 2652 5310 legerat,
2682 5249 2736 5294 et
2759 5255 2866 5308 quo
2893 5242 3116 5310 proinde
3143 5256 3395 5296 sermone

1823 5333 2016 5401 scripti
2051 5331 2281 5386 fuissent
2313 5332 2482 5398 probe
2520 5342 2768 5396 noverat,
2816 5348 2937 5386 eum
2969 5343 3146 5386 tamen
3177 5347 3208 5387 ο
3235 5331 3388 5387 Latia

1826 5439 2018 5478 norum
2046 5437 2270 5477 numero
2298 5424 2587 5494 perspicue
2632 5424 2892 5488 excludit,
2925 5439 2981 5478 ut
3011 5425 3150 5479 inter
3173 5424 3398 5480 Graecos

1823 5523 2165 5570 annumeret.
2188 5517 2322 5573 Nam
2335 5527 2586 5576 auctores
2605 5530 3033 5572 commemorans
3059 5516 3150 5585 qui
3181 5515 3388 5570 Chilia-

1823 5619 2030 5663 starum
2077 5608 2254 5665 errori
2300 5607 2550 5664 faverant
2585 5626 2598 5661 :
2631 5606 2979 5675 Latinorum,
3011 5599 3224 5679 inquit,
3265 5607 3393 5664 Ter-
