4196 6330
804 422 907 476 227

1603 412 2192 472 DISSERTATIONES
2225 409 2529 467 PREYIIE
2564 409 2631 465 ΙΝ
2671 407 2925 464 lRENEl
2959 408 3223 464 LIBROS.

3928 403 4032 459 2‘28

802 542 1040 608 tulliani,
1085 538 1358 606 Victorini,
1391 536 1690 602 Lactantii;
1723 536 2049 600 ercorum,
2075 544 2131 588 ut
2157 544 2372 589 ca’teros
2400 536 2448 594 Α
2478 542 2644 599 male,
2695 545 2760 586 eo
2788 531 3140 600 scripturum,
3188 530 3330 596 quod
3385 530 3524 582 male
3565 528 3698 584 adeo
3735 525 4033 590 calluisset.

799 634 1226 701 prtetcrmittam,
1271 630 1462 686 Irenwi
1503 639 1704 684 tantum
1740 628 2104 699 Lugdunensis
2137 628 2366 696 episcopi

802 728 997 797 faciam
1024 714 1356 782 mentionem.
1379 725 1445 779 Et
1474 723 1606 778 alibi
1635 722 1873 791 ejusdem
1904 723 2107 778 erroris
2130 721 2368 774 fautores

804 833 1114 883 recensens,
1165 816 1456 871 nominatis
1497 812 1856 875 Tertulliano,
1905 811 2224 876 Lactantio,
2273 809 2366 863 Vi-

805 908 1017 961 ctOrino
1047 906 1428 961 Petavronensi
1464 913 1516 960 et
1549 903 1750 960 Severo
1782 920 1798 960 :
1835 902 1899 956 Et
1944 912 2002 956 ut
2033 901 2242 956 ercos
2270 917 2366 955 no-

808 999 1021 1063 minem,
1053 999 1223 1064 addit,
1253 1007 1304 1052 et
1347 998 1571 1066 primum
1616 1009 2002 1063 extremumque
2029 995 2366 1064 conjungam,

810 1089 1042 1143 Irenazus
1096 1101 1142 1142 et
1198 1085 1583 1157 Apollinarius.
1641 1089 1731 1152 At,
1773 1087 1950 1156 inquit
1996 1085 2278 1148 Erasmus,
2311 1087 2366 1139 in

803 1197 899 1235 sua
939 1181 1166 1250 epistola
1196 1181 1609 1250 nuncupatoria,
1652 1195 1812 1249 quam
1846 1179 2030 1233 lrenazl
2058 1194 2088 1232 a
2123 1194 2183 1233 se
2209 1179 2368 1232 ador-

803 1280 943 1325 nata:
963 1271 1186 1325 editioni
1228 1269 1505 1338 pra-misit,
1540 1270 1779 1321 dubitare
1815 1269 1957 1334 licet,
2005 1277 2247 1322 utrumne
2275 1284 2368 1320 na-

801 1362 942 1415 tions
991 1359 1230 1415 Graecum
1275 1360 1466 1413 dixerit
1510 1358 1910 1431 Hieronymus,
1946 1377 2015 1412 an
2057 1360 2366 1426 scriptorem

800 1453 1065 1508 Grecam.
1096 1451 1209 1507 lmo
1245 1453 1524 1508 dubitandi
1554 1453 1702 1508 locus
1733 1453 1912 1508 nullus
1941 1462 2044 1518 est,
2074 1455 2201 1521 quin
2238 1453 2366 1508 Hie-

802 1557 1059 1616 ronymus
1110 1543 1300 1598 eodem
1349 1559 1508 1597 sensu
1556 1553 1716 1613 atque
1765 1545 1953 1598 eadem
2007 1559 2228 1613 prorsus
2281 1559 2369 1598 ra-

801 1640 948 1693 tione
973 1636 1224 1693 Graecum
1266 1636 1462 1692 dixerit
1489 1638 1770 1702 lrenaum,
1822 1649 1983 1706 atque
2009 1637 2261 1692 Graecum
2290 1638 2368 1692 di-

805 1731 886 1785 xit
927 1728 1345 1799 Apollinarium,
1389 1739 1443 1782 et
1480 1727 1701 1783 Latinos
1728 1729 2147 1794 Tertullianum,
2186 1731 2368 1786 Victo-

800 1822 1004 1889 rinum,
1052 1819 1418 1886 Lactantium,
1479 1820 1545 1874 ad
1601 1836 1830 1891 quorum
1889 1831 2040 1876 certe
2090 1823 2365 1877 nationem

798 1913 1214 1980 haudquaquam
1241 1952 1257 1976 ,
1319 1911 1413 1967 sed
1461 1912 1529 1966 ad
1579 1913 1780 1982 scripta
1817 1913 2080 1968 duntaxat
2119 1916 2364 1970 attende-

797 2003 908 2058 bat.
941 2004 1147 2073 Ecquid
1181 2004 1270 2059 hic
1305 2006 1554 2060 nationes
1585 2006 1653 2060 ad
1677 2006 1989 2076 Hieronymi
2022 2023 2244 2077 secpum
2283 2007 2364 2062 fa-

797 2097 1056 2153 ciebant?
1096 2099 1326 2153 Animus
1377 2113 1484 2152 non
1539 2109 1658 2154 erat
1706 2101 2006 2154 nationesa
2048 2102 2364 2157 nationibus

797 2204 1107 2253 secernere,
1145 2191 1238 2244 sed
1268 2190 1559 2260 scriptores
1589 2207 1618 2244 a
1652 2193 2027 2261 scriptoribus,
2073 2202 2126 2247 et
2155 2208 2249 2248 eos
2274 2209 2362 2249 re-

794 2295 1023 2336 censere
1057 2296 1122 2336 ac
1163 2281 1496 2349 distinguere
1530 2284 1622 2352 qui
1666 2292 1776 2337 tum
1821 2301 1883 2339 ex
1929 2285 1994 2339 iis
2042 2286 2134 2352 qui
2174 2284 2367 2342 Latine

796 2373 1154 2444 scripserant,
1187 2384 1297 2428 tum
1329 2389 1393 2429 ex
1425 2375 1492 2429 iis
1522 2377 1612 2445 qui
1639 2374 1847 2441 Graece,
1875 2379 1926 2430 in
1979 2378 2362 2433 Chiliastarum

796 2466 1122 2519 sententiam
1149 2467 1416 2520 abierant.
1462 2467 1662 2521 Deinde
1693 2467 1773 2522 vel
1804 2469 1919 2537 ipse
1955 2469 2138 2524 titulus
2171 2470 2363 2523 Irenaei

799 2556 957 2613 libris
1010 2558 1262 2627 prtelixus
1306 2557 1494 2613 Graece
1529 2560 1759 2627 scriptos
1807 2560 1970 2615 fuisse
2003 2563 2218 2629 probat.
2254 2561 2362 2617 Ge-

797 2645 1022 2699 nuinum
1050 2643 1194 2701 hunc
1224 2661 1344 2702 esse
1372 2659 1388 2699 :
1427 2646 1503 2699 De
1534 2645 1820 2699 delectione
1865 2655 1913 2700 et
1943 2647 2205 2700 eversione
2228 2647 2364 2716 {also

793 2739 1174 2805 cognominata:
1224 2729 1546 2807 agnitionis,
1608 2752 1772 2805 supra
1825 2739 2192 2792 ostendimus.
2261 2737 2363 2803 Qui

793 2828 1009 2897 quidem
1053 2839 1112 2882 ut
1152 2827 1360 2896 Gra’ce,
1405 2830 1622 2898 qualem
1663 2841 2055 2899 repraesentant
2093 2830 2362 2885 Eusebius

792 2928 848 2990 et
892 2916 1139 2982 Pbotius,
1181 2934 1290 2974 non
1343 2919 1660 2991 inelegans;
1712 2922 1790 2975 sic
1836 2920 2030 2975 Latine
2081 2920 2358 2990 quidpiam

793 3010 930 3064 adeo
982 3009 1273 3064 barbarum
1315 3020 1369 3065 et
1401 3012 1692 3066 obscurum
1741 3020 1917 3078 sonat,
1961 3021 2017 3066 ut
2047 3012 2191 3066 hunc
2225 3027 2358 3066 nus-

792 3116 976 3171 quam,
1009 3102 1102 3156 sed
1125 3102 1289 3156 alium
1316 3104 1563 3172 quemvis
1598 3112 1654 3158 et
1681 3103 2131 3168 commodiorem,
2162 3113 2214 3159 et
2250 3104 2362 3160 cla-

2469 636 2530 678 ut
2560 627 2665 680 hoc
2699 625 2866 680 animi
2918 640 3076 680 sensa
3109 624 3284 692 eloqui
3316 639 3418 677 non
3451 623 3693 688 valeret;
3730 623 3879 678 illinc
3904 637 4035 676 vero

2468 715 2714 770 Graecum
2747 716 3098 784 interpretem
3139 715 3296 768 lcetis
3331 713 3561 767 barbare
3592 714 3812 766 omnino
3853 724 3904 766 et
3935 712 4038 767 ob-

2468 808 2784 862 scurissime
2825 808 3044 875 scriptis
3077 806 3286 863 Latinis
3321 807 3491 874 libris,
3540 807 3779 862 auctoris
3813 821 4032 861 sensum

2469 901 2682 955 facilius
2705 915 2767 955 ac
2802 898 3015 955 felicius
3054 909 3427 954 assecuturum
3454 915 3612 968 quam
3640 907 3826 953 auctor
3853 899 4034 952 verbis

2469 994 2742 1062 explicare
2778 991 3055 1064 potuerit?
3091 992 3218 1055 Sed,
3259 993 3499 1060 inquies,
3541 990 3776 1044 lrenaaus
3820 990 3932 1058 ipse
3976 989 4032 1042 in

2468 1086 2790 1142 Praefatione
2836 1086 2954 1140 libri
2982 1086 3144 1155 primi
3175 1084 3372 1154 stylum
3413 1083 3713 1153 simplicem
3747 1097 3813 1137 ac
3845 1081 4038 1152 vulga-

2468 1191 2609 1242 rem,
2639 1176 2788 1232 omni
2815 1177 3101 1231 verborum
3145 1174 3398 1237 artiﬁcio,
3446 1190 3512 1227 ac
3549 1174 3844 1227 dictionum
3869 1187 4038 1226 orna-

2469 1279 2652 1323 mento
2710 1267 3072 1329 destitutum,
3122 1266 3223 1318 hac
3279 1265 3628 1320 excusatiOne
3684 1267 4035 1334 deprecatur,

2468 1362 2613 1430 quod
2653 1361 2791 1428 apud
2827 1357 3000 1413 Celtas
3028 1367 3406 1420 commoratus,
3437 1359 3492 1412 in
3534 1356 3814 1410 barbarum
3837 1373 4038 1411 sermo-

2470 1469 2584 1506 nem
2616 1451 2919 1520 plerumque
2960 1461 3188 1504 vacaret.
3229 1448 3303 1501 lla
3338 1458 3459 1513 est;
3501 1449 3594 1502 sed
3636 1457 3840 1501 tantum
3879 1448 4038 1500 abest

2471 1545 2554 1620 [C]
2589 1546 2716 1601 hinc
2755 1546 3097 1600 inlirmentur
3141 1551 3456 1611 argumenta
3507 1551 3712 1604 nostra,
3757 1539 3884 1606 quin
3934 1552 4036 1606 po-

2469 1640 2576 1696 tius
2607 1639 2675 1693 iis
2704 1653 2900 1692 novum
2937 1637 3105 1691 robur
3130 1633 3371 1688 accedat.
3409 1631 3465 1687 Si
3505 1633 3647 1686 enim
3675 1631 3867 1686 Latine
3899 1631 4040 1686 scri-

2468 1734 2668 1802 psisset
2724 1731 2997 1796 lrenaeus,
3053 1728 3198 1783 haud
3248 1728 3420 1798 magis
3479 1726 3700 1780 ferenda
3754 1725 4040 1780 videretur

2471 1825 2659 1881 Celtici
2707 1823 2973 1879 sermonis
3005 1821 3302 1885 excusatio,
3341 1834 3502 1889 quam
3552 1819 3595 1872 si
3633 1817 3820 1872 Gallus
3854 1818 4042 1886 quivis

2470 1921 2608 1990 apud
2643 1920 2874 1973 Batavos
2899 1918 2982 1971 vel
3007 1915 3208 1986 Anglos
3241 1913 3436 1967 Latine
3460 1913 3722 1978 scribens,
3761 1911 4042 1982 inelegan-

2469 2021 2575 2066 tem
2608 2021 2662 2066 et
2683 2010 2981 2080 impolitam
3007 2007 3310 2062 orationem
3337 2006 3440 2059 hac
3463 2005 3814 2059 excusatione
3840 2003 4043 2070 depre-

2467 2113 2718 2168 caretur;
2771 2101 2914 2171 quod
2941 2101 3083 2171 apud
3115 2098 3342 2152 Batavos
3381 2099 3454 2150 vel
3493 2096 3689 2166 Anglos
3736 2109 4039 2149 commora-

2466 2205 2568 2261 tus,
2595 2195 2648 2248 in
2660 2193 3002 2264 .peregrinum
3033 2206 3324 2245 sermonem
3347 2189 3649 2258 plerumque
3678 2194 3904 2241 uacaret.
3927 2183 4044 2239 Va-

2468 2286 2604 2342 leret
2632 2286 2848 2356 quidem
2893 2283 3031 2340 Galli
3067 2282 3226 2350 hujus
3270 2283 3587 2344 excusatio,
3631 2281 3675 2334 si
3718 2279 3889 2347 patria
3930 2277 4040 2330 lin-

2468 2394 2574 2449 gua
2619 2375 2868 2431 scribens
2899 2374 3310 2428 desuetudinem
3365 2379 3806 2427 causareturzat
3851 2371 4036 2438 int-pta

2468 2485 2716 2540 prorsus,
2747 2469 2791 2523 si
2849 2468 2915 2522 de
2952 2465 3147 2520 Latina
3195 2479 3377 2519 sermo
3422 2465 3516 2524 sit,
3553 2479 3672 2532 qua:
3709 2459 3925 2515 Batavis
3980 2471 4046 2515 et

2464 2559 2657 2629 Anglis
2696 2571 2845 2627 aeque
2895 2556 3176 2611 familiaris
3209 2563 3311 2617 est,
3338 2569 3400 2608 ac
3436 2553 3619 2609 Gallis.
3656 2552 3748 2606 Sic
3773 2551 3899 2606 licet
3922 2550 4044 2605 Ire-

2467 2665 2618 2706 naeus
2643 2649 2784 2718 apud
2810 2647 2994 2702 Celtas
3023 2646 3267 2716 degeret,
3304 2656 3359 2700 et
3398 2645 3604 2701 Celtica
3649 2644 3829 2713 lingua
3860 2643 4041 2697 inter-

2469 2722 2593 2795 dum
2654 2742 2997 2809 loqueretur;
3051 2738 3194 2792 haud
3243 2747 3426 2791 tamen
3470 2738 3814 2790 excusandus
3864 2733 4040 2797 foret,

2468 2834 2609 2903 quod
2651 2833 2844 2887 Latine
2885 2830 3152 2896 scribens,
3195 2829 3400 2885 inculte
3441 2839 3496 2884 et
3545 2828 3806 2883 indiserte
3848 2826 3899 2879 id
3947 2825 4042 2878 fa-

2466 2935 2649 2990 ceret;
2695 2923 2820 2995 quia
2865 2922 3045 2991 lingua
3093 2919 3285 2973 Latina
3341 2928 3465 2974 tunc
3503 2917 3763 2986 temporis
3808 2915 4038 2987 Lugdu-

2470 3019 2731 3077 nensibus
2775 3015 3061 3071 familiaris
3100 3023 3238 3079 erat,
3293 3022 3348 3067 et
3401 3011 3570 3066 multo
3613 3010 3846 3064 familiar
3867 3027 4038 3080 quam

2469 3113 2645 3169 nobis.
2676 3110 2734 3163 4ο
2759 3109 3017 3176 Quisquis
3059 3105 3146 3160 vel
3193 3106 3542 3160 mediocriter
3595 3103 3782 3158 Graec
3821 3102 4040 3173 peritus

795 3193 1021 3260 riorcm,
1061 3201 1115 3245 et
1159 3195 1332 3262 magis
1361 3193 1618 3249 Latinum
1663 3196 1814 3265 operi
1857 3211 1956 3250 suo
1999 3195 2159 3250 lacile
2191 3197 2364 3266 praeli-
2469 3205 2522 3259 in
2557 3212 2759 3258 textum
2812 3200 2996 3256 lrenzri
3030 3198 3283 3254 Latinum
3322 3196 3510 3251 oculos
3550 3193 3818 3261 injccerit,
3867 3192 4041 3249 facile

794 3283 964 3337 xisset
996 3283 1244 3352 quisquis
1289 3283 1474 3340 Latine
1505 3287 1748 3341 scribens
1779 3288 1956 3356 prima
2006 3286 2215 3343 Latinae
2259 3289 2362 3343 lin-

791 3390 909 3446 gaza
953 3377 1258 3431 rudimenta
1288 3377 1608 3434 delibasset.
1651 3378 1756 3434 Sed
1789 3391 1842 3434 et
1876 3397 1907 3436 e
1947 3380 2136 3436 Graeco
2168 3382 2219 3435 in
2260 3380 2363 3435 La-

791 3469 964 3524 tinum
1012 3483 1337 3524 conversum
1382 3485 1502 3526 esse
1540 3472 1879 3526 demonstrat
1924 3473 2042 3542 ipsa
2088 3471 2361 3527 scribendi

791 3560 1121 3627 diversitas;
1163 3561 1433 3614 interdum
1465 3562 1608 3615 enim
1642 3563 1920 3626 scribitur,
1952 3563 2014 3616 de
2049 3563 2358 3629 detectione,

790 3651 1062 3708 interdum
1100 3654 1162 3706 de
1189 3653 1580 3722 redargutione,
1604 3655 1666 3708 de
1690 3656 2108 3724 exprobratione,
2138 3655 2220 3710 vel
2251 3665 2361 3710 tra-

790 3744 1045 3797 ductione
1089 3744 1224 3812 falso
1273 3745 1645 3814 cognominata
1696 3749 2006 3818 agnitionis,
2072 3761 2164 3802 aut
2207 3747 2359 3816 falsa

791 3837 1104 3906 agnitionis,
1136 3838 1272 3907 {also
1306 3839 1458 3892 άὲειαξ
1491 3839 1748 3904 scientiw,
1780 3850 1911 3904 etc.,
1939 3854 2058 3908 qua:
2086 3839 2356 3894 scribendi

790 3929 1029 3982 varietas
1058 3929 1247 3997 procul
1287 3930 1451 3984 dubio
1479 3941 1596 3984 orta
1641 3941 1724 3984 est
1753 3946 1817 3985 ex
1849 3933 2060 3985 diversa
2090 3931 2359 4000 interpre-

791 4020 995 4073 tatione
1045 4034 1259 4084 vocum,
1307 4020 1528 4091 ἐλέγχου
1583 4033 1636 4076 et
1683 4021 2032 4092 ψευδωνύμου
2082 4020 2354 4090 γνώσεως.

792 4111 1000 4164 Nullam
1044 4123 1228 4166 autem
1271 4112 1533 4182 ejusmodi
1583 4118 1904 4169 varietatem
1947 4117 2090 4183 apud
2142 4114 2358 4169 Graecos

786 4206 1045 4273 reperies.
1086 4205 1320 4258 Titulum
1390 4221 1616 4274 prorsus
1657 4207 1845 4260 eodem
1907 4207 2063 4260 modo
2109 4205 2356 4260 scribunt

787 4297 1067 4360 Eusebius,
1095 4295 1326 4350 Photius
1360 4307 1411 4349 et
1445 4296 1832 4358 Damascenus,
1859 4298 1992 4368 Περὶ
2020 4297 2238 4367 ἐλέγχου
2262 4297 2355 4350 καὶ

784 4388 1096 4460 ἀνατροπῆς
1133 4389 1232 4458 τῆς
1279 4389 1632 4460 ψευδωνύμου
1678 4391 1950 4458 γνώσεως.
2001 4391 2162 4446 Certo
2197 4409 2353 4459 argu-

789 4489 970 4534 mento
1012 4478 1206 4533 Graiae
1247 4482 1504 4549 scriptum
1550 4482 1734 4549 fuisse,
1763 4498 1867 4536 non
1893 4482 2101 4539 Latine.
2133 4485 2188 4538 5ο
2223 4485 2352 4540 Hie-

2463 3295 2870 3364 deprebendet,
2921 3305 3110 3346 revera
3151 3288 3396 3345 Graecum
3445 3302 3751 3343 sermonem
3805 3301 3922 3341 esse
3978 3287 4037 3340 in

2462 3403 2569 3458 quo
2621 3384 2915 3440 identidem
2963 3381 3144 3450 aliqua
3193 3379 3370 3434 Latini
3417 3380 3625 3449 Species
3683 3378 4042 3432 animadver-

2467 3480 2620 3536 titur.
2646 3477 2777 3531 Nam
2806 3475 3075 3530 orationis
3101 3472 3312 3535 modus,
3345 3471 3538 3536 dictio,
3570 3470 3859 3524 verborum
3893 3482 4039 3522 con-

2461 3572 2712 3633 structio,
2742 3569 2983 3639 phrasis,
3019 3566 3290 3637 syntaxis,
3321 3577 3452 3629 etc.,
3482 3563 3762 3618 hominem
3788 3571 4039 3629 arguunt

2460 3664 2552 3733 qui
2590 3662 2775 3718 Graeca
2810 3675 2920 3731 prie
2948 3660 3120 3716 oculis
3143 3658 3370 3724 habens,
3417 3656 3471 3710 in
3511 3652 3763 3708 Latinum
3795 3667 4038 3709 conver—

2462 3754 2621 3820 terit;
2646 3756 2741 3808 sed
2777 3753 2849 3807 ita
2884 3750 3138 3820 imperite
3169 3760 3225 3804 et
3261 3750 3556 3816 Serviliter,
3589 3758 3646 3802 ut
3671 3749 3896 3802 verbum
3924 3762 4038 3816 pro

2459 3847 2624 3901 verbo
2656 3844 2974 3909 reddiderit,
3007 3851 3221 3897 servato
3251 3840 3561 3897 Grzecorum
3593 3841 3802 3902 ordine,
3828 3852 4040 3909 genere

2459 3949 2514 3994 et
2556 3940 2842 4008 regimine.
2888 3936 3113 3992 Graecus
3168 3935 3335 3990 fuerit
3380 3935 3632 3990 lrenaeus.
3682 3933 3858 3987 Latini
3906 3947 4038 3986 ser-

2458 4031 2635 4084 monis
2667 4031 2852 4096 rudis;
2891 4044 2958 4083 an
2985 4040 3162 4083 tamen
3197 4026 3333 4080 adeo
3372 4026 3556 4090 hebes,
3598 4024 4036 4091 Latinarumque

2457 4135 2646 4173 vocum
2705 4120 2882 4187 inops,
2925 4129 2983 4172 ut
3031 4118 3298 4188 ignoratis
3348 4116 3414 4171 iis
3463 4131 3582 4184 qua:
3621 4117 3820 4184 passim
3849 4113 4035 4170 obvim

2457 4219 2610 4276 sunt,
2663 4209 2874 4274 faciles,
2926 4211 3178 4264 omnibus
3223 4217 3365 4262 notae
3411 4217 3466 4269 et
3514 4207 3600 4260 vel
3644 4207 3827 4275 pueris
3884 4207 4030 4275 ipsis

2457 4301 2618 4363 tritae.
2672 4302 2738 4356 iis
2787 4301 3143 4355 Hellenismos
3197 4300 3358 4369 longe
3405 4299 3621 4367 petitos,
3673 4299 3929 4354 obscuros
3969 4310 4034 4354 et

2453 4392 2719 4455 difﬁciles,
2748 4392 2960 4446 Latinis
2984 4393 3205 4446 auribus
3238 4393 3591 4460 aSperrimos,
3635 4391 4030 4459 mentibusque

2456 4484 2570 4538 fere
2635 4486 2930 4554 impervius
2972 4485 3363 4540 substitueret?
3406 4487 3488 4539 An
3537 4484 3860 4540 dillicilioris
3901 4496 4030 4540 erat

787 4584 1066 4640 ronymus.
1108 4572 1344 4640 optimus
1386 4573 1508 4643 styli
1543 4574 1869 4639 testimator,
1911 4584 2139 4629 testatur
2175 4577 2228 4630 in
2252 4593 2346 4632 sua
2376 4580 2426 4639 D
2451 4594 2630 4647 opera:
2662 4579 2923 4643 scribere,
2975 4580 3090 4632 Nus
3135 4578 3217 4633 vel
3266 4595 3297 4631 a
3337 4578 3427 4632 Nu
3459 4580 3640 4646 geniti,
3688 4578 4025 4640 Valentinus,

785 4667 853 4719 ad
886 4665 1227 4720 Theodoram
1265 4668 1483 4722 viduam
1521 4669 1773 4738 epistola,
1821 4671 2003 4724 lremei
2042 4672 2210 4726 libros
2251 4673 2346 4726 ad-

784 4771 976 4810 versus
1011 4758 1242 4812 haereses
1269 4758 1566 4810 doctissimo
1591 4770 1634 4810 ct
1665 4758 2086 4827 eloquentissimo
2112 4778 2346 4816 sermone

781 4850 1092 4917 compositos
1125 4867 1254 4903 esse.
1286 4852 1353 4902 At
1390 4851 1491 4904 nisi
1529 4851 1580 4903 in
1614 4851 1792 4920 lingua
1819 4851 2008 4905 Latina
2046 4853 2194 4907 rudis
2230 4869 2345 4906 Olll-

783 4941 911 4995 nino
943 4941 1105 4994 fuerit
1131 4941 1511 5013 Hieronymus,
1541 4944 1593 4996 id
1639 4943 1703 4996 de
1737 4942 1948 4996 Latinis
1974 4943 2160 4999 lrenaai
2197 4945 2346 4999 libris

782 5048 882 5085 nec
906 5033 1169 5101 rogitare,
1210 5048 1306 5086 nec
1334 5050 1579 5088 asserere
1628 5036 1824 5104 potuit.
1861 5035 2044 5105 Stylus
2080 5036 2343 5105 siquidem

783 5125 1045 5177 barbarus
1073 5134 1176 5187 est,
1231 5125 1555 5195 incorruptus,
1594 5143 1750 5194 asper
1795 5138 1846 5181 et
1895 5128 2224 5191 salebrosos,
2258 5144 2346 5184 so-

782 5212 1041 5267 lmcismis
1071 5224 1311 5277 scatens,
1339 5216 1684 5282 auctorisque
1713 5227 1944 5270 mentem
1973 5218 2156 5271 multis
2185 5219 2236 5271 in
2269 5219 2346 5271 lo-

779 5309 879 5369 cis,
924 5314 1016 5358 aut
1063 5322 1166 5359 non
1212 5309 1369 5369 satis,
1417 5318 1507 5360 aut
1554 5310 1694 5362 male
1745 5312 1967 5363 omnino
2010 5311 2338 5378 exprimens.

779 5396 1096 5448 Econtrario
1126 5413 1254 5449 ναι-ο
1286 5400 1502 5451 Graecus
1538 5411 1738 5463 textus,
1780 5403 1868 5466 qui
1909 5413 2188 5469 superest,
2236 5402 2342 5457 cle-

776 5501 909 5554 gans
940 5496 1040 5551 est,
1078 5490 1273 5541 nitidus
1315 5501 1366 5540 et
1396 5491 1593 5555 pravis,
1643 5493 1932 5558 verbisque
1978 5504 2193 5546 constat
2220 5511 2340 5564 pro-

777 5581 931 5646 priis.
980 5583 1432 5649 signiﬁcantibus,
1470 5599 1531 5636 ac
1566 5596 1674 5636 tum
1707 5588 1771 5638 ad
1811 5602 1894 5639 res
1931 5589 2090 5652 ipsas,
2140 5599 2249 5640 tum
2275 5590 2339 5642 ad

779 5672 963 5723 lrcnmi
997 5685 1224 5725 uentum
1253 5685 1302 5725 ct
1331 5690 1547 5740 scopum
1577 5679 2174 5732 accommodatissitnis.
2205 5681 2335 5744 Quis

780 5769 955 5811 autem
998 5763 1179 5812 credat
1228 5763 1349 5814 hinc
1398 5765 1649 5817 lrcumum
1706 5775 1885 5818 έ.ς.ε,‹‹;
1942 5769 2334 5832 doctissimum,

777 5853 1134 5922 acerrimiun
1179 5855 1370 5921 judicii
1423 5872 1626 5921 vu‘uni,
1675 5861 1848 5927 μιγῇ.)
1906 5862 2147 5927 neglecto
2199 5863 2330 5916 idio-

2449 4671 2789 4737 Ptolemwus,
2825 4671 2909 4724 vel
2955 4670 3241 4734 Valentini,
3289 4681 3381 4724 aut
3429 4669 3697 4724 Ptolema’i
3738 4671 4023 4735 discipuli,-

2448 4776 2609 4828 quam
2640 4763 2727 4828 qui
2758 4771 2877 4813 sunt
2905 4761 3043 4812 circa
3077 4760 3158 4812 vel
3187 4775 3311 4829 erga
3342 4759 3490 4820 Nun,
3518 4758 3881 4826 Ptolemwunt,
3911 4759 4023 4812 Va—

2448 4852 2739 4911 lentinum;
2777 4853 3046 4904 ostendere
3086 4868 3255 4919 posse,
3291 4867 3450 4920 quam
3488 4852 3677 4905 habere
3707 4855 4021 4914 ostendere;

2447 4943 2643 4993 creatio
2688 4941 2772 4995 vel
2817 4953 3093 5005 creatura,
3151 4957 3311 5010 quam
3356 4943 3620 5006 conditio;
3677 4945 4018 5010 principium,

2447 5051 2606 5102 quam
2647 5035 2888 5098 initium;
2943 5034 3210 5088 ablativos
3263 5036 3568 5097 absolutos,
3619 5049 3778 5101 (piam
3822 5037 4022 5102 geniti-

2446 5141 2563 5188 vos,
2603 5136 2657 5178 et
2688 5135 2943 5180 sexcenta
2988 5127 3248 5191 ejusmodi
3271 5167 3284 5184 .
3320 5143 3439 5196 qua:
3473 5127 3708 5194 propriis
3754 5125 3886 5179 locis
3922 5144 4021 5178 no-

2449 5229 2562 5271 tare
2592 5235 2694 5272 non
2723 5219 3044 5272 omisimus?
3091 5218 3313 5273 Graecus
3359 5230 3478 5273 erat
3521 5219 3838 5271 Ammianus
3871 5219 4018 5272 Mar-

2445 5311 2696 5371 cellinus,
2726 5309 2914 5364 Graece
2957 5310 3112 5375 longe
3151 5311 3323 5379 magis
3363 5325 3524 5378 quam
3572 5309 3757 5361 Latine
3793 5310 4015 5376 doctus,

2445 5413 2500 5457 et
2531 5404 2654 5457 ideo
2687 5402 2740 5455 in
2771 5403 2835 5454 iis
2865 5418 2982 5471 qum
3028 5402 3218 5455 Latine
3263 5401 3476 5470 scripsit
3517 5399 3785 5452 interdum
3811 5400 4016 5453 obscu-

2445 5510 2568 5558 rus;
2603 5496 2911 5548 durioribus
2957 5506 3134 5547 tamen
3179 5493 3442 5561 ejusmodi
3474 5493 3814 5546 llellenismis
3847 5492 4017 5546 absti-

2446 5592 2580 5641 nuit.
2615 5591 2777 5655 Quid,
2807 5590 2947 5657 quod
2980 5588 3189 5640 Latinis
3228 5588 3450 5641 vocibus
3481 5603 3540 5639 ea
3580 5586 3881 5655 significata
3918 5587 4018 5638 tri-

2445 5680 2701 5743 buuntur,
2734 5696 2849 5746 qua:
2875 5680 3088 5746 quidem
3123 5679 3311 5732 (ir-Luce
3341 5679 3404 5731 iis
3439 5678 3827 5745 respondentes
3853 5677 4014 5730 .l'acilc

2446 5774 2754 5832 admittunt,
2777 5775 2900 5838 ipszc
2929 5787 3053 5824 vero
3076 5771 3278 5822 Latina:
3304 5787 3520 5837 prorsus
3554 5770 3845 5835 reSpuuut‘?
3876 5767 4013 5821 Per-

2451 5869 2707 5918 transitu
2741 5868 2821 5919 alii
2847 5868 2933 5918 ubi
2985 5866 3243 5919 scribitur
3283 5881 3381 5932 pro
3415 5866 3626 5934 legendo
3670 5880 4007 5928 percurrens.
