4196 6330
198 413 304 471 229

765 415 1220 473 DISSERTATIO
1254 416 1320 482 ll,
1359 417 1524 474 ΛΒΤ.
1561 418 1626 482 li,
1663 417 1751 471 DE
1787 415 2042 473 IRENASI
2077 418 2300 474 LIBRIS
2337 419 2494 474 ADV.
2537 418 2898 476 HERESES.

3346 427 3467 484 ‘25“

198 526 548 596 perexivimus
576 542 678 597 pro
711 532 1096 593 enarravimus,
1120 532 1311 595 incipio
1340 530 1437 584 hoc
1460 531 1631 600 facere
1663 549 1785 602 pas-
1815 541 1861 595 Α
1891 550 1948 588 se
1993 536 2162 604 gessit
2212 534 2395 588 lrenzni
2450 535 2741 605 interpres.
2791 536 2847 590 Si
2895 537 3077 607 plures
3120 542 3465 598 occurrerint

199 617 302 672 sim
337 632 436 687 pro
461 620 560 671 hoc
603 619 844 688 [acturus
870 635 1010 684 sum,
1037 620 1346 688 principalis
1375 634 1472 688 pro
1511 621 1782 690 antiquus,

201 712 408 780 aliquid
454 729 557 784 pro
607 715 830 784 partim,
874 724 983 768 etc.
1029 713 1159 779 Quis
1193 715 1244 768 in
1278 715 1362 769 bis
1394 724 1448 769 et
1483 715 1606 769 aliis
1637 717 1782 785 ejus-

201 806 350 862 modi
375 808 606 862 vocibus
631 823 738 862 non
777 809 963 877 paucis
989 807 1246 862 Latinum
1279 819 1562 862 auctorem
1591 811 1784 879 depre-

201 901 436 955 hendat?
462 901 598 965 Quis
637 902 814 970 potius
840 903 932 956 hic
965 918 1074 956 non
1114 913 1375 971 agnoscat
1418 901 1670 955 Latinum
1703 903 1785 955 in-

200 1001 530 1060 terpretem,
573 993 670 1046 sed
724 993 1031 1060 imperitum
1080 1002 1132 1046 et
1184 993 1384 1047 nullius
1418 991 1634 1060 judicii,
1689 994 1783 1062 qui

195 1096 311 1151 pra
346 1082 524 1137 oculis
559 1084 764 1138 habens
798 1094 1004 1140 textum
1030 1083 1303 1146 Grazcum,
1343 1095 1396 1140 et
1425 1088 1477 1140 in
1517 1100 1582 1139 eo
1620 1100 1781 1140 voces

194 1174 567 1246 διερχόμενος,
617 1175 983 1247 διεξήλθομεν,
1025 1177 1205 1248 μέλλω
1249 1176 1407 1230 τοῦτο
1455 1180 1647 1242 ποιεῖν,
1684 1179 1783 1250 ἀρ-

196 1269 375 1338 χαῖος,
406 1268 484 1332 τί,
523 1278 658 1332 etc.,
707 1267 987 1339 lexicaqne
1031 1269 1220 1340 puerili
1271 1270 1430 1323 modo
1469 1269 1780 1336 consulens,

194 1373 228 1412 e
259 1360 431 1413 variis
453 1360 758 1428 cuicunque
793 1361 908 1416 voci
938 1361 1251 1430 subiunctis
1286 1359 1781 1428 signiﬁcationibus

194 1467 345 1514 eam,
377 1466 502 1520 quae
534 1452 686 1519 prius
717 1453 874 1506 obvia
920 1453 1104 1513 fuerit,
1152 1439 1526 1521 imprudenter
1557 1466 1780 1520 accepe-

198 1542 301 1596 rit?
333 1541 472 1609 Quid
512 1543 750 1610 demum,
788 1545 928 1613 quod
969 1543 1151 1600 Latini
1198 1554 1383 1600 textus
1423 1554 1616 1598 auctor
1672 1544 1781 1598 lre-'

194 1633 299 1689 mei
333 1650 556 1690 sensum
603 1636 747 1690 haud
783 1648 1086 1701 assecutus,
1127 1638 1334 1692 alienos
1375 1653 1515 1706 saepe
1539 1637 1780 1704 atlingit?

191 1729 277 1780 An
330 1728 397 1782 de
445 1729 664 1796 propria
708 1739 891 1784 mente
920 1730 1020 1798 ipsi
1073 1731 1271 1785 Irenaeo
1309 1747 1411 1784 non
1455 1730 1778 1786 constabat?

191 1818 358 1874 Certe
403 1821 616 1876 erroris
658 1821 766 1875 alia
818 1837 982 1876 causa
1033 1837 1154 1877 esse
1207 1839 1312 1876 non
1362 1824 1562 1892 potuit,
1612 1838 1776 1891 quam

192 1914 340 1980 quod
380 1913 654 1983 interpres
691 1921 786 1967 aut
824 1914 1024 1967 vitioso
1057 1914 1246 1968 codice
1282 1913 1473 1970 Graeco
1501 1930 1650 1982 usus,
1684 1925 1777 1969 aut

190 2003 560 2060 similitudine
604 2020 804 2060 vocum
847 2006 1108 2074 deceptus
1152 2007 1294 2062 male
1353 2006 1566 2078 legerit,
1627 2008 1707 2063 vel
1746 2024 1776 2063 a

190 2096 514 2152 Graecorum
574 2112 736 2152 sensu
793 2098 1056 2152 aberrans
1102 2098 1338 2153 alienum
1395 2102 1764 2170 supposuerit.

193 2189 472 2245 Sexcenta
507 2189 771 2258 ejusmodi
809 2192 1057 2260 exempla
1095 2193 1507 2246 observavimus
1541 2194 1591 2246 in
1637 2196 1776 2252 notis

190 2281 417 2334 nostris.
454 2279 546 2335 Sic
583 2281 848 2335 interdum
878 2297 974 2351 pro
1005 2281 1148 2350 φυτὰ
1191 2283 1318 2351 legit.
1342 2281 1532 2350 φύλλα,
1555 2284 1775 2352 ,γένεσιν

187 2387 287 2442 pro
320 2371 505 2440 φύσιν,
541 2372 618 2425 ἐτι
659 2389 757 2442 pro
779 2375 882 2437 ὅτι,
909 2374 1142 2427 ἑκάστου
1176 2391 1272 2443 pro
1305 2374 1556 2446 ἐσχάτου,
1591 2379 1776 2449 τρόπῳ

186 2481 286 2534 pro
318 2464 493 2535 τόπῳ,
595 2480 691 2534 pro
714 2466 767 2535 ἦ,
798 2465 854 2532 ἐξ
900 2463 968 2538 ἧς
993 2482 1090 2536 pro
1119 2465 1263 2536 ἑξῆς,
1295 2469 1396 2523 888
1424 2484 1521 2535 pro
1547 2468 1772 2538 Ἰησοῦς,

186 2558 346 2626 quasi
401 2557 634 2627 singula:
683 2557 846 2627 hujus
895 2560 1046 2614 vocis
1098 2560 1294 2614 litterae
1353 2562 1599 2615 totidem.
1632 2573 1774 2616 notae

184 2650 555 2705 arithmeticae
583 2659 789 2716 essent,
840 2661 892 2705 et
942 2651 1047 2706 alia
1103 2652 1370 2720 ejusmodi
1437 2653 1626 2708 multa.
1665 2654 1773 2708 Sed

184 2737 369 2797 Latini
417 2741 562 2795 illius
593 2741 946 2796 hallucinatio
998 2743 1051 2796 in
1097 2745 1314 2798 nomine
1367 2745 1663 2816 Ἐπιφανὴς
1688 2746 1774 2801 hic

185 2834 369 2888 omitti
416 2848 524 2887 non
575 2832 760 2888 debet.
803 2835 1125 2890 Arbitratus
1183 2835 1570 2905 appellativum
1624 2851 1766 2903 esse,

184 2926 356 2979 vertit
383 2925 599 2990 clarus;
628 2941 750 2980 cum
793 2935 1005 2980 certum
1040 2927 1110 2981 sit
1151 2927 1389 2982 haeretici
1416 2943 1609 2983 nomen
1644 2945 1771 2998 pro-

184 3017 367 3086 prium
404 3030 549 3077 esse,
598 3015 754 3084 cujus
799 3020 1126 3071 sententiam
1165 3016 1330 3070 refert
1365 3018 1603 3072 Irenaeus
1631 3017 1702 3074 lib
1731 3036 1769 3087 ι,

181 3125 234 3163 c.
262 3109 350 3172 11,
379 3125 436 3161 n.
468 3107 523 3163 5.
561 3107 693 3162 Tam
741 3109 994 3164 immanis
1027 3124 1188 3166 error
1221 3109 1274 3164 in
1307 3111 1568 3165 lrenteum
1595 3111 1769 3182 ipsum

181 3201 425 3258 conferri
480 3214 591 3255 non
648 3209 850 3270 potest,
915 3201 1002 3255 cui
1055 3210 1202 3256 certe
1249 3204 1317 3256 de
1359 3203 1577 3259 nomine
1621 3203 1768 3258 illius

181 3310 346 3364 quem
377 3292 804 3362 perstringebat,
836 3295 1004 3363 probe
1042 3294 1346 3358 constabat,
1372 3310 1494 3350 cum
1529 3297 1766 3352 maxime

181 3387 377 3441 Graece
410 3395 463 3440 et
497 3384 692 3439 Latine
725 3386 865 3438 idem
899 3387 992 3440 sit.
1025 3384 1080 3440 ln
1122 3387 1432 3455 imperitum
1476 3387 1643 3457 igitur
1681 3392 1768 3444 in-

183 3487 489 3547 terpretem
532 3476 858 3530 refundatur
903 3491 1128 3532 necesse
1166 3487 1267 3532 est.
1303 3477 1360 3532 5°
1399 3477 1456 3532 Si
1487 3477 1683 3536 Latine
1714 3488 1769 3534 et

185 3573 242 3625 in
273 3572 508 3642 gratiam
552 3570 868 3624 Latinorum
901 3571 1211 3640 scripsisset
1253 3569 1508 3636 Irenaeus,
1545 3570 1768 3628 Latinos

181 3666 366 3734 petius
407 3678 570 3732 quam
616 3663 837 3718 Grzecos
878 3671 1130 3718 auctores
1167 3663 1417 3730 citasset;
1463 3663 1640 3720 nullos
1687 3673 1767 3718 ta-

183 3773 308 3812 men
344 3758 460 3812 sive
499 3771 712 3822 sacros,
758 3756 874 3810 sive
906 3755 1171 3825 profanos
1211 3756 1275 3809 ab
1301 3771 1366 3810 eo
1392 3757 1635 3812 laudatos
1685 3774 1768 3812 re-

181 3852 394 3921 perias,
443 3851 547 3906 nisi
581 3849 826 3905 Graecos.
865 3847 977 3914 Sic,
1027 3857 1088 3900 ut
1137 3847 1306 3901 multa
1348 3847 1562 3915 sileam,
1597 3848 1690 3903 lib.
1724 3865 1763 3916 ι,

180 3959 305 4013 cap.
362 3945 417 4009 9,
472 3953 760 3998 centonem
813 3955 878 3995 ex
931 3938 1148 3994 Horneri
1198 3938 1446 3993 versibus
1504 3941 1763 3994 contexit.

180 4036 344 4090 Certe
364 4035 616 4103 quisquis
645 4033 839 4088 Latine
867 4032 1204 4102 scripsisset,
1243 4027 1529 4099 Virgilium
1562 4035 1764 4102 potius,

181 4135 275 4178 aut
311 4125 550 4193 aliquem
579 4123 748 4176 alium
783 4131 998 4191 poetam
1038 4119 1250 4173 Latinis
1288 4120 1618 4175 familiarem
1648 4123 1765 4177 ele‘

178 4219 370 4287 gisset,
407 4227 464 4270 ut
487 4232 552 4269 ex
579 4230 645 4269 eo
667 4225 959 4268 centonem
985 4212 1300 4267 conficeret.
1325 4211 1564 4282 Denique
1593 4214 1682 4269 lib.
1709 4231 1762 4277 v,

177 4322 302 4377 cap.
341 4306 432 4369 50,
465 4305 533 4359 de
560 4304 887 4359 Antichristi
925 4303 1238 4357 nominibus
1274 4303 1556 4371 disputans
1579 4344 1592 4368 ,
1637 4306 1761 4374 qui-

178 4401 280 4454 l‘us
315 4398 692 4453 continebitur
728 4412 993 4451 numerus
1019 4396 1142 4462 666,
1189 4412 1252 4450 ea
1288 4397 1553 4450 duntaxat
1579 4412 1765 4452 exeru-

181 4494 252 4562 pli
300 4506 467 4547 causa
514 4488 723 4557 profert
764 4505 884 4559 quae
924 4491 1060 4544 adeo
1103 4489 1292 4543 Graeca
1341 4498 1507 4553 sunt,
1555 4501 1610 4544 ut
1659 4493 1761 4546 nisi

1888 641 2102 687 versus,
2135 624 2324 680 Latine
2359 635 2599 694 tantum;
2654 629 2702 681 si
2751 644 2888 682 unus
2936 637 3029 683 aut
3069 630 3228 695 alter,
3274 631 3466 688 Graece

1887 726 1939 769 et
1971 716 2183 781 Latine,
2220 718 2381 786 idque
2425 718 2635 773 duobus
2692 721 2744 772 in
2798 720 2934 774 locis
2996 723 3284 788 duntaxat,
3320 725 3467 779 scri-

1887 810 2010 877 psit.
2049 808 2204 874 Quod
2240 810 2434 863 attinet
2478 811 2543 864 ad
2585 812 2904 881 interpretis
2954 829 3168 878 nomen,
3197 815 3338 870 haud
3366 816 3463 870 ad~

1891 902 2052 954 vertit
2091 901 2375 967 Erasmus,
2411 903 2776 970 objectionem
2810 920 2904 960 eos
2948 921 3012 960 ex
3057 922 3211 977 aequo
3251 919 3460 978 petere,

1886 994 1978 1060 qui
2008 1004 2229 1048 censent
2267 993 2516 1049 Graecum
2562 1003 2764 1050 textum
2801 1013 3006 1051 meram
3049 999 3461 1068 interpretatio-

1888 1100 2010 1138 nem
2057 1100 2218 1148 esse;
2270 1099 2447 1152 neque
2492 1087 2636 1140 enim
2686 1087 2751 1140 iis
2802 1086 3017 1142 facilius
3075 1099 3161 1144 est
3217 1091 3460 1147 indicare

1884 1176 2062 1232 Graeci
2107 1179 2419 1246 interpretis
2461 1194 2677 1238 nomen,
2735 1195 2897 1248 quam
2941 1182 3064 1234 aliis
3115 1182 3314 1242 Latini.
3349 1183 3460 1241 Sed

1886 1285 2007 1323 cum
2049 1269 2208 1338 paulo
2245 1271 2467 1338 majoris
2500 1270 2831 1326 diﬂicultatis
2861 1275 3044 1343 specie
3085 1277 3152 1329 ab
3199 1278 3462 1332 eruditis-

1885 1361 2041 1416 simis
2069 1363 2391 1430 quibusdam
2439 1363 2573 1418 viris
2609 1365 2880 1432 objectum
2921 1368 3123 1432 audivi,
3163 1370 3254 1422 vix
3280 1372 3461 1426 credi-

1884 1451 1992 1505 bile
2021 1466 2141 1506 esse
2174 1452 2436 1508 Irenazum
2462 1456 2552 1524 qui
2593 1454 2844 1526 Lugduni
2875 1458 3125 1528 degebat,
3158 1460 3247 1516 ubi
3280 1461 3460 1518 nullus

1884 1543 2078 1612 linguae
2128 1544 2331 1601 Graeca:
2375 1562 2508 1601 usus
2555 1558 2696 1613 erat,
2741 1552 2942 1618 quique
2979 1550 3032 1604 in
3083 1552 3314 1622 gratiam
3353 1551 3459 1606 Lu-

1881 1635 2240 1702 gdunensium
2273 1651 2493 1690 suorum
2526 1638 2835 1700 scribebat,
2888 1655 3118 1710 quorum
3163 1643 3298 1697 lines
3343 1643 3456 1711 jam

1883 1729 2123 1782 subierat
2164 1729 2429 1784 Marcosia
2483 1730 2634 1796 lues,
2695 1747 2762 1787 eo
2808 1747 3063 1788 sermone
3125 1737 3455 1805 scripturum

1882 1837 2044 1888 quem
2077 1824 2255 1878 nullus
2301 1825 2684 1880 intellexisset.
2727 1826 2798 1880 At
2844 1827 2918 1881 illi
2960 1840 3274 1898 supponunt
3313 1832 3457 1900 quod

1882 1915 1949 1968 ab
1978 1915 2094 1984 ipso
2134 1917 2320 1971 limine
2353 1917 2694 1986 probandum
2737 1920 3018 1982 incumbit,
3065 1922 3320 1978 videlicet
3362 1940 3459 1993 po-

1882 2005 2146 2059 tissimum
2185 2008 2284 2062 hoc
2318 2008 2522 2063 Irenaeo
2564 2010 2852 2064 consilium
2901 2011 3087 2080 fuisse,
3134 2024 3192 2067 ut
3240 2014 3294 2069 in
3334 2031 3460 2085 gra-

1883 2096 2014 2150 tiam
2051 2095 2492 2168 Lugdunensium
2527 2099 2816 2152 scriberet.
2854 2098 3155 2170 Scripsisse
3197 2112 3256 2155 nt
3291 2103 3455 2158 amici

1878 2189 2158 2255 cujusdam
2210 2192 2464 2258 precibus
2509 2189 2936 2260 obsequeretur,
2992 2193 3218 2262 singula:
3263 2195 3457 2265 cuique

1878 2282 2014 2336 libro
2038 2282 2274 2350 pradixa:
2309 2278 2662 2350 praefationes
2697 2281 3100 2336 demonstrant.
3129 2281 3298 2338 Porro
3320 2285 3459 2338 ami-

1877 2388 2001 2427 cum
2039 2372 2187 2425 illum
2234 2371 2486 2427 Graecum
2521 2372 2827 2436 exstitisse,
2877 2387 2982 2426 non
3014 2371 3454 2444 Lugdunensem,

1878 2465 2034 2534 longe
2070 2463 2409 2532 probabilius
2449 2464 2683 2519 videtur.
2719 2462 2904 2532 Neque
2948 2466 3094 2519 enim
3129 2466 3216 2522 bic
3245 2466 3314 2521 ab
3344 2464 3459 2523 Ire-

1879 2572 1996 2608 nzeo
2025 2555 2304 2624 quierebat
2331 2570 2581 2624 qurenam
2612 2567 2757 2611 esset
2785 2555 3202 2621 Marcosiorum,
3221 2559 3315 2628 qui
3351 2557 3456 2614 soli

1875 2647 2078 2702 Gallias
2116 2647 2474 2710 infestabant,
2529 2648 2622 2702 sed
2669 2645 3118 2704 Ptolemaitarum
3161 2650 3455 2714 sententia,

1875 2751 2020 2794 utex
2065 2740 2190 2795 libri
2232 2741 2394 2809 primi
2446 2739 2777 2796 Praefatione
2823 2753 3062 2798 constat.
3108 2743 3335 2798 Certum
3373 2752 3456 2799 est

1874 2842 2054 2886 autem
2074 2832 3080 2898 Ptolemaitarum,Valentinianorum,
3104 2835 3212 2889 imo
3233 2844 3288 2889 et
3305 2835 3458 2904 ipso-

1875 2940 1995 2980 rum
2024 2925 2440 2992 Marcosiorum,
2468 2937 2905 2994 cwteroruiiique
2931 2925 3323 2981 Gnosticornm
3347 2927 3460 2981 ha-

1873 3019 2002 3081 resi,
2041 3032 2201 3087 quam
2233 3017 2633 3086 explanandam
2683 3026 2737 3071 et
2779 3017 3166 3071 confutandam
3197 3017 3301 3072 sibi
3336 3032 3456 3073 sus-

1873 3120 2092 3177 ceperat
2147 3107 2420 3176 lrenaeus,
2477 3109 2640 3180 longe
2689 3111 2940 3166 acerbius
2999 3119 3222 3165 vexatas
3283 3108 3456 3165 fuisse

1871 3203 2199 3266 Orientales,
2254 3201 2366 3275 [Cl]
2424 3217 2587 3272 quam
2637 3200 3018 3257 Occidentales
3076 3201 3388 3270 provincias
3436 3219 3452 3256 :

1873 3298 2008 3350 adeo
2038 3307 2097 3350 ut
2132 3296 2216 3350 bis
2243 3295 2438 3365 Scl'ipli
2473 3293 2720 3349 remedio
2745 3294 3038 3349 consulere
3073 3295 3308 3348 voluerit
3338 3294 3453 3350 lre~

1871 3403 2043 3451 nens,
2104 3388 2287 3456 petius
2334 3402 2495 3457 quam
2556 3387 2686 3450 illis,
2747 3387 2944 3456 quibus
2990 3388 3106 3455 ipse
3154 3402 3341 3442 coram
3399 3397 3455 3445 et

1870 3479 1992 3532 viva
2026 3492 2160 3533 voce
2190 3477 2352 3532 facile
2383 3477 2589 3533 mederi
2633 3485 2868 3545 poterat.
2922 3477 3028 3531 Sed
3061 3487 3200 3543 esto,
3246 3477 3454 3534 amicus

1869 3570 1960 3626 ille
1993 3571 2136 3639 apud
2164 3569 2389 3625 Latinos
2419 3570 2613 3640 egerit,
2657 3584 2761 3624 non
2804 3570 2854 3624 id
2889 3579 3073 3623 tamen
3103 3570 3450 3627 adversario-

1868 3677 1992 3716 rum
2023 3676 2205 3718 causze
2233 3661 2573 3731 profuturum
2614 3671 2765 3732 puto.
2793 3661 2931 3728 Quid
2965 3664 3110 3717 enim
3154 3664 3198 3718 si
3231 3664 3338 3730 ille,
3378 3664 3449 3718 ii-

1867 3766 1957 3812 cct
1983 3759 2124 3828 apud
2152 3757 2376 3812 Latinos
2425 3757 2646 3826 degens,
2676 3755 2898 3811 Griecus
2943 3756 3143 3826 aliquis
3175 3758 3447 3812 exstiterit

1868 3867 1934 3905 ex
1964 3866 2153 3905 eorum
2188 3866 2440 3913 numero,
2486 3851 2578 3919 qui
2611 3867 2732 3906 cum
2783 3850 3015 3903 Pothino
3049 3849 3132 3903 vel
3168 3849 3368 3905 lrena‘o
3393 3843 3446 3905 in

1866 3942 2219 3997 Occidentem
2265 3941 2571 3995 venerant?
2621 3939 2740 3994 Jam
2794 3941 2900 3993 ruit
2947 3941 3151 4004 omnis,
3185 3957 3305 4010 qua:
3349 3944 3449 3994 lin-

1867 4038 2034 4107 gitur,
2069 4036 2367 4090 necessitas
2400 4035 2674 4089 scribendi
2711 4033 2922 4088 Latine.
2951 4033 3160 4101 Quippe
3194 4034 3244 4087 id
3281 4050 3445 4088 unum

1865 4130 1967 4183 sibi
2000 4129 2174 4198 primo
2216 4139 2578 4196 proposuerat
2617 4124 2884 4189 Irenarus,
2940 4136 2997 4179 ut
3046 4127 3162 4195 ipse
3206 4127 3449 4181 declarat

1868 4219 1918 4273 in
1956 4217 2279 4272 Przefatione
2307 4217 2427 4270 libri
2470 4216 2656 4284 primi,
2706 4227 2765 4267 ut
2806 4216 3003 4268 breves
3035 4214 3101 4266 ad
3130 4229 3254 4268 enin
3293 4228 3445 4267 com-

1865 4313 2168 4366 mentarios
2190 4321 2246 4367 et
2276 4310 2443 4364 veluti
2474 4308 2847 4363 memorialem
2877 4307 3171 4377 quemdam
3203 4306 3442 4360 libellum

1866 4406 2130 4466 mitteret,
2180 4406 2231 4458 in
2267 4420 2371 4472 quo
2404 4402 2589 4471 paucis
2623 4400 2888 4469 explicata
2932 4397 3440 4452 Valentinianorum

1865 4499 2162 4558 sententia,
2194 4505 2516 4566 argumenta
2550 4494 2794 4562 qumdam
2830 4492 2894 4545 ad
2926 4492 3066 4545 hanc
3092 4490 3440 4544 evertendam

180 4587 371 4641 Crtece
402 4585 741 4646 scribantur,
772 4598 984 4636 summa
1015 4598 1120 4634 non
1148 4592 1420 4635 occurrat.
1455 4581 1605 4636 Talia
1638 4594 1762 4638 sunt
1793 4591 1839 4647 ι)
1867 4600 2167 4659 opportuna
2217 4597 2528 4658 suggereret
2555 4605 2565 4638 :
2593 4598 2648 4636 ut
2673 4595 2718 4638 et
2742 4586 2832 4639 ille
2871 4600 3188 4652 cognoscens
3232 4593 3444 4650 porten-

181 4677 537 4741 ΕΥΑΝΘΑΣ,
581 4675 955 4739 ΛΑΤΕΙΝΟΣ,
1010 4673 1305 4740 TElTAN,
1349 4690 1467 4743 qua:
1501 4676 1544 4729 si
1579 4676 1766 4733 Latine

183 4777 418 4842 scribas,
466 4778 582 4846 jam
636 4789 895 4829 numerus
953 4776 1018 4828 ad
1081 4788 1276 4827 nomen
1307 4789 1412 4826 non
1456 4773 1763 4842 quadrabit.

182 4874 315 4941 Quis
344 4869 714 4942 putetLatine
751 4869 1082 4924 scribentem
1133 4867 1321 4922 Graeca
1355 4867 1573 4920 nomina
1607 4867 1764 4936 longe

182 4966 582 5034 qumsiturum,
641 4976 764 5014 cum
811 4960 1005 5014 Latina
1065 4958 1220 5028 plura
1270 4968 1375 5010 tam
1432 4958 1587 5013 facile
1633 4959 1762 5028 tingi

183 5056 533 5125 potuissent,
583 5064 650 5105 ex
697 5049 895 5120 quibus
946 5047 1089 5103 idem
1126 5062 1388 5104 numerus
1443 5049 1622 5117 colligi
1665 5064 1760 5117 po-

183 5151 382 5204 tuisset
403 5150 426 5198 ’ἒ

253 5241 343 5296 52.
389 5240 532 5292 Duas
594 5233 815 5288 Erasmi
873 5231 1306 5300 objectiuncnlas
1369 5248 1476 5288 non
1540 5248 1760 5297 moror,

186 5338 328 5407 quod
385 5336 648 5389 nimirum
704 5346 903 5384 versus
955 5331 1163 5399 aliquot
1215 5332 1438 5385 Graecos
1499 5329 1762 5383 admistos

186 5431 465 5484 videamus
498 5425 688 5479 lremei
720 5424 895 5486 libris,
935 5435 989 5477 et
1026 5424 1172 5491 quod
1215 5423 1398 5477 nullus
1443 5422 1763 5475 indicaverit

184 5521 506 5592 interpretis
554 5535 771 5573 nomen.
837 5519 1094 5572 Liberum
1137 5519 1404 5587 siquidem
1461 5527 1545 5570 est
1593 5515 1761 5568 inter-

184 5615 446 5681 pretibus,
478 5614 524 5665 si
556 5625 692 5677 quos
737 5610 1016 5664 offendant
1067 5620 1347 5676 poetarum
1385 5624 1574 5661 versus
1611 5609 1760 5660 (ira:-

182 5723 293 5764 cos,
329 5721 422 5758 eos
456 5703 540 5756 vel
581 5703 771 5755 Latine
803 5703 1082 5764 duntaxat,
1117 5701 1196 5753 vel
1233 5700 1454 5766 majoris
1478 5701 1757 5771 ἐνεργείας

184 5814 345 5852 causa
380 5799 570 5854 ϐτωςρ
608 5806 662 5848 et
698 5795 890 5848 Latine
926 5795 1151 5854 referre,
1190 5793 1493 5860 DI‘LBSCI‘lilll
1527 5794 1569 5844 si
1605 5792 1756 5857 pauci

186 5895 289 5946 sint
320 5902 370 5943 et
395 5890 688 5955 elegantes.
718 5885 970 5953 Exempla
1003 5886 1162 5939 obvia
1191 5893 1336 5937 sunt.
1375 5882 1574 5937 Eodem
1603 5884 1759 5935 nmdo

1867 4681 2170 4731 tuosissima
2217 4690 2264 4732 et
2315 4679 2582 4730 altissima
2629 4677 3004 4729 haircticorum
3055 4677 3326 4744 mysteria,
3381 4691 3444 4728 ea

1867 4773 2145 4836 omnibus,
2187 4773 2278 4841 qui
2323 4787 2439 4823 cum
2487 4786 2545 4823 eo
2590 4780 2773 4832 erant,
2814 4766 3096 4833 mamfesla
3138 4767 3355 4835 faceret,
3394 4776 3444 4819 et

1865 4867 2168 4931 prwciperet
2193 4867 2266 4917 eis
2308 4865 2582 4916 observare
2603 4879 2656 4916 se
2692 4881 2723 4914 a
2747 4862 3010 4930 profundo
3041 4861 3440 4926 inscmationis,

1865 4966 1912 5008 ct
1962 4959 2098 5025 ejus,
2140 4973 2257 5025 qua:
2307 4966 2382 5009 est
2436 4957 2490 5009 in
2541 4955 2731 5019 Deum,
2784 4953 3272 5022 blnsphemationis.
3308 4951 3445 5006 Hinc

1867 5059 2051 5118 postea
2100 5050 2351 5102 hortatur
2408 5064 2570 5111 eum,
2613 5058 2671 5101 ut
2703 5064 2799 5117 pro
2837 5064 2920 5108 ea,
2969 5062 3073 5115 qua
3126 5046 3441 5114 praestabat,

1866 5142 2181 5194 eruditione
2221 5149 2443 5207 accepta
2484 5138 2692 5192 semina
2743 5150 2796 5191 et
2839 5138 2994 5191 initia
3043 5137 3441 5203 amplificaret,

1865 5243 1918 5286 et
1948 5248 2068 5300 quae
2103 5232 2290 5300 paucis
2323 5242 2375 5284 ct
2423 5231 2659 5284 invaltde
2701 5230 2843 5282 dicta
2892 5238 3068 5289 erant,
3099 5228 3323 5281 uberius
3349 5243 3443 5279 ex-

1867 5323 2115 5390 plicaret,
2152 5333 2202 5374 et
2226 5323 2496 5389 patentius
2530 5331 2800 5374 assereret
2840 5322 2902 5374 iis
2926 5323 3013 5388 qui
3045 5335 3162 5372 cum
3182 5336 3240 5371 ρο
3269 5329 3438 5371 erant.

1865 5417 1932 5468 Et
1979 5417 2030 5468 in
2086 5417 2194 5468 line
2231 5415 2352 5468 libri
2396 5413 2580 5480 primi,
2632 5415 2696 5465 de
2742 5414 2929 5465 eadem
2981 5412 3173 5465 haeresi
3226 5425 3392 5491 agens
3433 5427 3446 5458 :

1865 5509 2049 5562 Canuti
2090 5525 2270 5560 sumus
2320 5525 2432 5569 nos,
2488 5506 2681 5572 inquit,
2726 5508 3018 5557 universum
3057 5505 3192 5555 male
3227 5518 3440 5568 compo-

1864 5604 1976 5654 sita?
2003 5601 2286 5669 rn/pecnlw
2340 5601 2496 5664 hujus
2534 5599 2908 5663 corpusrulum
2955 5597 3006 5648 in
3046 5596 3273 5647 medium
3312 5611 3444 5660 pru-

1865 5705 2071 5757 (ἔασεν-ιι,
2098 5707 2143 5747 ct
2180 5712 2268 5759 per
2296 5706 2341 5746 Ic
2369 5696 2541 5758 [arere
2576 5694 2932 5758 muni/ustum.
2972 5691 3094 5742 Jum
3124 5707 3224 5741 non
3256 5689 3436 5740 multis

1864 5804 1991 5853 ομιιε
2038 5790 2132 5839 erit
2179 5793 2504 5839 sermonibus
2560 5785 2628 5836 ad
2667 5787 2996 5835 ercrtcndu-n
3026 5783 3319 5832 doctrinam
3349 5795 3436 5830 eo-

1863 5901 1977 5934 rum
2018 5883 2347 5949 nurnifcatmn
2401 5883 2636 5934 omnibus
2687 5880 2995 5944 flutant...“
3033 5878 3187 5928 Adest
3216 5874 3349 5925 cnim
3385 5883 3435 5926 et
