4196 6330
743 382 841 439 εει

1550 381 2140 439 ΠιδΞΕΒΤΑΤΙΟΝΕΒ
2173 380 2475 438 ΡΒίΕἯίΕ
2511 382 2577 437 lN
2611 382 2863 437 lRENAEl
2905 380 3168 436 LIBROS.

3872 385 3976 441 232

745 501 862 560 tibi.
907 511 955 554 et
991 501 1231 555 omnibus
1261 503 1347 571 qui
1392 509 1558 554 tecum
1586 515 1729 566 sunt,
1764 505 1831 556 ad
1872 507 1982 557 lucc
2017 521 2134 573 qua:
2172 520 2312 573 prcr-
2343 507 2391 565 Α
2421 503 2692 572 quispiam
2726 502 2906 571 potius
2946 501 3252 565 exstiterit,
3299 499 3472 555 Latini
3514 500 3782 557 sermonis
3819 503 3976 570 plane

747 595 888 646 dicta
926 602 1045 646 sunt
1080 594 1331 657 exerceri,
1369 602 1418 646 et
1450 604 1672 647 evertere
1699 611 1918 664 nequam
1949 597 2182 664 ipsorum
2222 597 2316 649 do-

746 686 948 740 ctrinas
970 689 1286 749 inconditas,
1315 697 1362 742 et
1382 699 1504 753 apta
1529 689 1733 741 veritati
1754 690 2020 745 ostendere
2045 691 2311 760 dogmata.

750 780 826 834 Ex
863 779 1060 850 quibus
1096 779 1349 850 colligere
1391 780 1517 834 licet
1560 782 1700 849 quod
1761 781 1889 845 dixi,
1937 781 2040 836 hoc
2085 783 2315 850 primum

752 869 958 926 lrenzeo
989 873 1278 926 consilium
1315 871 1506 936 fuisse,
1537 889 1643 927 non
1676 884 1784 926 tam
1820 874 2034 944 scriptis
2087 873 2315 942 publicis

750 962 1188 1016 Valentinianum
1217 963 1463 1017 haeresim
1487 963 1799 1028 confutare,
1839 979 2000 1032 quam
2041 979 2316 1019 commen-

751 1053 908 1106 tariis
951 1056 1203 1120 privatim
1233 1053 1296 1106 ad
1324 1055 1556 1105 amicum
1592 1054 1769 1107 missis
1801 1055 1986 1123 ἐφόδια
2017 1052 2218 1117 δοῦναι,
2256 1063 2312 1108 ut

749 1143 863 1214 ipse
889 1144 988 1209 ait,
1016 1144 1148 1216 πρὸς
1171 1144 1228 1196 τὸ
1264 1143 1614 1197 ἐπιδεικνύειν
1645 1143 1812 1216 αὐτὴν
1844 1145 2029 1215 ψευδῆ,
2066 1145 2317 1200 submini-

749 1235 1083 1299 strationem,
1134 1235 1240 1299 vel,
1291 1247 1347 1289 ut
1391 1235 1514 1288 alibi
1561 1235 1836 1304 loquitur,
1878 1238 2176 1290 occasiones
2217 1253 2312 1291 seu

757 1338 1079 1394 argumenta
1128 1329 1460 1394 suppeditare
1511 1329 1578 1380 ad
1620 1327 1910 1390 falsitatem
1965 1329 2129 1396 ipsius
2172 1345 2315 1382 com-

749 1422 1187 1484 monstrandam;
1223 1431 1276 1474 ut
1309 1431 1354 1473 ct
1389 1421 1476 1474 ille
1502 1421 1773 1490 efficaciter
1795 1421 2009 1490 reliquis
2041 1423 2314 1475 ministra-

750 1524 848 1573 ret,
874 1514 1160 1565 secundum
1201 1514 1428 1583 gratiam
1467 1529 1586 1581 qua:
1609 1515 1709 1566 eia
1745 1513 1969 1566 Domino
2015 1515 2139 1567 data
2176 1527 2311 1573 erat.

749 1601 870 1667 Quo
900 1604 1195 1672 supposito,
1236 1604 1346 1674 jam
1390 1604 1521 1656 nihil
1569 1619 1788 1658 necesse
1823 1603 1985 1659 fuerit
2030 1606 2312 1673 Irenaeum,

747 1693 878 1748 licet
920 1696 971 1748 in
1001 1695 1192 1750 Galliis
1234 1697 1588 1762 scribentem,
1643 1706 1698 1751 et
1747 1699 1800 1750 in
1860 1699 2090 1767 gratiam
2153 1700 2311 1754 amici

749 1787 892 1855 apud
919 1785 1146 1841 Latinos
1170 1786 1436 1857 degentis,
1468 1785 1660 1840 Latine
1689 1789 1997 1855 scripsisse.
2027 1789 2173 1845 Satis
2198 1797 2314 1844 erat

749 1879 895 1934 hunc
919 1893 982 1933 ea
1011 1893 1133 1948 quae
1173 1879 1274 1934 sibi
1325 1879 1497 1934 instar
1534 1881 1862 1934 memorialis
1888 1880 2168 1948 cujusdam
2194 1882 2314 1937 libri

748 1970 1188 2034 destinabantur.
1224 1971 1558 2040 intelligere;
1587 1972 1774 2024 eadem
1800 1972 2058 2040 deinceps
2085 1974 2320 2028 uberiori

747 2077 1026 2129 sermone,
1073 2079 1171 2133 pro
1208 2067 1331 2117 data
1380 2065 1690 2127 occasione,
1746 2063 1869 2118 aliis
1899 2063 2317 2132 explicaturum.

746 2153 1092 2225 PrOpositnm
1117 2158 1362 2226 quidem,
1392 2167 1450 2209 ut
1475 2160 1728 2227 superius
1765 2156 1970 2211 dictum
2003 2165 2103 2219 est,
2132 2167 2319 2222 postea

748 2243 981 2297 mutavit
1003 2241 1260 2304 lrenams.
1285 2254 1337 2296 et
1373 2260 1469 2314 pro
1505 2246 1758 2300 brevibus
1790 2245 2220 2310 commentariis,
2251 2245 2317 2298 ad

748 2335 972 2404 majoris
1023 2351 1159 2406 Opus
1211 2337 1372 2390 molis
1432 2338 1676 2392 animum
1738 2339 1979 2406 appulit;
2030 2339 2124 2392 sed
2174 2338 2316 2407 quod

747 2425 939 2482 Graece
991 2429 1238 2482 scribere
1289 2438 1563 2498 eruperat,
1613 2445 1715 2483 non
1773 2441 2058 2499 propterea
2127 2429 2316 2485 Graece

747 2520 992 2575 scribere
1018 2521 1253 2577 destitit;
1287 2523 1632 2576 continuavit
1672 2523 1871 2590 potius,
1907 2533 2052 2576 ratus
2083 2523 2315 2576 amicum

747 2609 943 2667 Latine
974 2612 1391 2682 explicaturum,
1438 2627 1534 2668 aut
1573 2617 1736 2669 etiam
1763 2632 2154 2671 conversurum
2199 2635 2317 2688 quae

748 2707 853 2762 sibi
892 2707 1079 2762 Grieca
1111 2710 1487 2763 mittebantur.
1531 2710 1646 2764 Erit
1680 2711 1820 2766 forte
1856 2711 1946 2780 qui
1991 2725 2074 2765 me
2114 2712 2316 2767 diutius

747 2796 806 2851 in
836 2798 942 2861 his.
968 2814 1131 2868 quam
1163 2814 1263 2868 par
1291 2800 1381 2864 sit,
1412 2801 1752 2855 immoratum
1793 2815 1910 2855 esse
1929 2813 2313 2872 conqueratur,

747 2905 874 2944 cum
906 2889 1019 2958 jam
1055 2893 1394 2946 communior
1433 2894 1505 2946 sit
1549 2894 1690 2948 inter
1739 2896 1981 2949 eruditos
2021 2897 2310 2961 sententia,

752 2984 1017 3038 lrenazum
1043 2982 1233 3038 Graece
1257 2985 1561 3052 scripsisse.
1592 2984 1698 3039 Sed
1729 3001 1850 3039 cum
1874 2987 2055 3055 plures
2074 2984 2313 3040 oﬂ'eude-

750 3074 856 3126 rim
880 3073 1030 3128 viros
1060 3071 1248 3128 Graece
1299 3084 1352 3128 et
1387 3072 1574 3129 Latine
1614 3075 1977 3142 doctissimos,
2010 3078 2101 3146 qui
2137 3076 2184 3128 id
2214 3077 2314 3131 ad-

2419 595 2568 648 rudis
2619 609 2716 648 nec
2739 594 3025 648 admodum
3058 592 3170 646 acri
3193 591 3422 662 judicio,
3466 594 3558 662 qui
3590 606 3620 647 e
3646 592 3850 647 Gracis
3876 593 3973 647 bo-

2417 685 2500 738 nis
2532 685 2726 740 Latina
2758 686 2895 739 mala
2930 687 3156 748 fecerit,
3193 684 3507 753 alienasque
3545 699 3736 740 sensus
3767 684 3975 738 auctori

2415 791 2517 832 suo
2553 794 2657 834 non
2692 780 2858 833 semel
2904 778 3194 836 ailinxerit.
3240 779 3309 832 At
3349 777 3598 846 quisquis
3631 775 3720 830 ille
3768 774 3972 842 fuerit,

2415 871 2846 940 antiquissimam
2877 885 2998 924 esse
3022 870 3324 924 versionem
3359 868 3610 922 Latinam
3633 909 3648 933 ,
3677 875 3732 923 et
3769 866 3975 921 lrenato

2415 965 2532 1033 ipso
2559 962 2641 1018 vel
2663 965 2838 1018 adhuc
2867 964 2918 1017 in
2944 962 3088 1016 vivis
3111 962 3429 1031 superstite,
3461 959 3543 1012 vel
3569 973 3740 1028 nuper
3759 966 3972 1025 erepto,

2415 1059 2611 1113 editam
2638 1067 2878 1112 constat.
2917 1054 3058 1121 Quin
3088 1055 3231 1108 enim
3269 1051 3637 1107 Tertullianus
3674 1051 3766 1120 qui
3808 1051 3974 1122 paulo

2417 1159 2538 1221 post
2569 1149 2807 1218 scripsit,
2831 1162 2950 1202 eam
2988 1162 3096 1215 pra:
3132 1145 3304 1199 oculis
3344 1144 3616 1209 habuerit,
3652 1144 3777 1198 dum
3819 1158 3973 1197 suum

2417 1243 2678 1299 adversus
2703 1241 3111 1296 Valentinianos
3141 1239 3339 1293 librum
3383 1235 3760 1300 elucubravit,
3790 1235 3974 1306 negari

2414 1351 2524 1391 non
2558 1343 2758 1406 potest,
2787 1333 2890 1390 nisi
2915 1348 2944 1388 a
2982 1333 3097 1387 solo
3135 1330 3410 1386 Dodvvello
3438 1330 3503 1384 “.
3530 1330 3789 1398 Quisquis
3834 1328 3974 1383 alius

2409 1429 2670 1482 lrenzeum
2703 1428 2954 1481 Latinum
2989 1442 3114 1480 cum
3155 1425 3487 1480 Tertulliano
3517 1423 3828 1485 contulerit,
3866 1429 3977 1475 sta-

2410 1521 2504 1576 tim
2542 1521 2902 1589 deprehendet
2937 1521 3068 1574 adeo
3100 1521 3242 1574 hunc
3271 1519 3495 1587 vestigia
3529 1517 3674 1572 illius
3711 1529 3976 1585 premere,

2409 1614 2542 1668 adeo
2582 1613 2759 1667 verbis
2799 1611 2930 1680 ipsis
2956 1651 2970 1675 ,
3014 1611 3414 1679 verborumque
3452 1609 3639 1680 liguris
3692 1617 3746 1661 et
3797 1604 3977 1659 ordini

2413 1705 2727 1768 adhaerere,
2787 1711 2846 1756 ut
2900 1701 2952 1757 id
3010 1717 3177 1756 unum
3235 1702 3337 1756 sibi
3394 1699 3740 1771 proposuisse
3795 1696 3982 1750 videa-

2419 1804 2527 1857 tur,
2563 1790 2911 1861 paucioribus
2947 1788 3298 1851 contrahere,
3347 1786 3534 1839 iisdem
3566 1799 3712 1852 saepe
3746 1784 3983 1838 servatis

2421 1882 2622 1944 verbis,
2655 1878 2909 1932 immistis
2935 1886 3112 1932 tamen
3143 1892 3242 1947 pro
3273 1891 3424 1930 more
3450 1874 3718 1938 dicteriis,
3744 1888 3867 1943 quae
3893 1871 3985 1926 ille

2419 1971 2716 2026 fusioribns
2738 1980 3024 2025 exsecutus
3047 1979 3151 2025 est.
3173 1970 3262 2025 Sic
3293 1968 3534 2025 lrenaeus
3562 1967 3657 2027 lib.
3683 1985 3720 2034 ι,
3748 1985 3871 2040 cap.
3891 1970 3981 2033 ll,

2422 2079 2475 2118 n.
2505 2063 2560 2128 5,
2588 2063 2886 2132 Epiphanis
2929 2063 3255 2116 sententiam
3303 2062 3567 2127 referens,
3613 2061 3805 2117 scribit
3835 2079 3848 2116 :
3884 2060 3983 2115 Est

2418 2156 2620 2226 quidem
2648 2165 2766 2208 ante
2787 2169 2962 2208 omnes
3000 2152 3286 2217 Proarche,
3317 2164 3731 2222 proanennoetos
3754 2196 3768 2217 ,
3801 2165 3849 2208 et
3898 2155 3986 2207 in-

2418 2247 2762 2310 enarrabilis,
2798 2256 2845 2299 et
2883 2247 3303 2309 innominabilis,
3351 2262 3509 2315 quam
3543 2262 3637 2315 ego
3667 2254 3980 2299 monotetem

2418 2356 2559 2395 uoco.
2599 2336 2729 2391 Cum
2767 2337 2866 2390 hac
2896 2349 3153 2390 monotete
3195 2348 3272 2391 est
3308 2339 3494 2402 virtus,
3527 2353 3683 2407 quam
3721 2348 3768 2392 et
3810 2339 3982 2407 ipsam

2417 2445 2538 2483 voco
2570 2430 2877 2482 henotetem.
2909 2426 3035 2481 Htec
3068 2429 3278 2482 lienotes
3321 2438 3367 2482 et
3415 2439 3648 2482 monotes
3669 2469 3684 2494 ,
3715 2445 3831 2480 cum
3871 2429 3983 2481 sint

2416 2535 2602 2583 unum,
2633 2521 2937 2583 emiserunt,
2988 2536 3106 2572 cum
3155 2519 3289 2573 nihil
3330 2521 3629 2584 emiserint,
3663 2522 3982 2590 principium

2417 2609 2647 2662 omnium
2673 2619 2879 2671 noeton,
2906 2618 2953 2662 et
2983 2619 3294 2678 agenneton,
3343 2620 3391 2663 ει
3424 2622 3666 2676 αοναιοη,
3696 2628 3853 2682 quam
3893 2628 3988 2664 ar-

2417 2703 2560 2754 chem
2584 2716 2752 2755 sermo
2779 2701 3008 2754 monada
3037 2712 3202 2755 vocat.
3229 2700 3360 2756 Cum
3384 2703 3495 2757 lucc
3528 2703 3750 2757 monade
3772 2712 3847 2756 est
3875 2703 3985 2756 uir-

2415 2804 2498 2848 tus
2534 2795 2771 2863 ejusdem
2813 2795 3123 2848 substantia:
3162 2795 3241 2859 ei,
3281 2812 3437 2865 quam
3466 2806 3512 2850 et
3548 2811 3664 2850 eam
3696 2812 3819 2850 voco
3855 2798 3981 2850 lien.

2418 2885 2519 2942 Ha:
2554 2898 2729 2940 autem
2765 2889 2982 2942 uirtutes
3005 2930 3020 2951 ,
3048 2889 3103 2941 id
3151 2899 3227 2942 est
3267 2897 3506 2942 monotes
3548 2899 3598 2942 et
3643 2890 3891 2950 lienotes,
3934 2899 3985 2940 et

2416 2996 2624 3044 manas,
2656 2989 2705 3033 et
2733 2980 2853 3045 lien,
2895 2982 3180 3034 emiserunt
3226 2981 3455 3048 reliquas
3499 2981 3801 3034 emissiones
3845 2979 3984 3034 Δῖο-

2415 3091 2559 3129 num.
2593 3071 2962 3128 Tertullianus
2994 3088 3125 3126 vero
3175 3086 3297 3140 cap.
3326 3073 3415 3126 37.
3474 3071 3589 3137 Est,
3623 3073 3818 3141 inquit,
3861 3087 3987 3125 ante

753 3165 859 3219 huc
889 3163 942 3219 in
992 3165 1214 3221 dubium
1262 3176 1490 3231 vocent,
1532 3182 1708 3236 operae
1740 3171 1968 3238 pretium
2010 3170 2182 3223 visum
2231 3179 2313 3223 cst
2340 3182 2382 3241 ο
2417 3167 2594 3220 omnia
2627 3163 2917 3227 Proarclie,
2950 3164 3355 3234 inexcogilabile
3378 3175 3424 3217 et
3450 3165 3822 3225 inenarrabile,
3843 3165 3985 3231 quod

750 3257 1107 3326 quaestionem
1147 3258 1310 3327 paulo
1347 3261 1655 3316 accuratius
1701 3269 2073 3330 pertractare;
2124 3272 2180 3317 ut
2227 3263 2312 3318 vel

749 3350 1140 3415 eximerentur,
1181 3351 1272 3420 qui
1313 3366 1599 3418 superesse
1639 3354 1990 3420 videbantur,
2035 3355 2309 3424 scrupuli;

751 3441 834 3495 vcl
879 3441 1072 3497 saltem
1108 3442 1282 3498 lector
1312 3445 1596 3513 pensitatis
1641 3461 1792 3516 aequa
1827 3446 1981 3502 lance
2031 3447 2314 3517 utriusque

753 3535 926 3600 partis
959 3535 1289 3600 rationibus,
1332 3537 1396 3589 iis
1429 3537 1698 3592 ealculum
1743 3539 1978 3606 adjicere
2013 3550 2160 3596 tutus
2190 3555 2313 3609 pos-

749 3623 845 3689 sit,
882 3639 1018 3693 quas
1044 3625 1464 3692 ponderosiores
1503 3641 1621 3681 esse
1651 3628 2012 3694 perspexerit.

823 3716 910 3769 5'5.
953 3715 1249 3768 Dolendum
1284 3732 1415 3772 sane
1452 3720 1594 3787 quod
1630 3728 1812 3774 textus
1849 3719 2035 3774 lrentei
2059 3719 2308 3782 Graecus,

749 3810 839 3878 qui
869 3809 1104 3878 antiquis
1134 3808 1386 3865 Patribus
1424 3821 1573 3866 tanto
1607 3812 1658 3865 in
1694 3815 1871 3880 pretio
1901 3812 2024 3876 fuit,
2055 3813 2312 3881 nullaque

754 3909 1023 3954 vetustate
1059 3905 1466 3957 consumendus
1516 3903 1831 3968 videbatur,
1881 3905 2094 3974 integer
2130 3913 2312 3959 tamen

751 3991 830 4046 sic
871 3991 1174 4056 exciderit,
1218 4003 1276 4046 ut
1319 4009 1380 4047 ea
1420 3996 1684 4048 duntaxat
1719 4004 2021 4065 temporum
2055 3995 2312 4050 edacitati

751 4086 1262 4155 subducipotueriut
1296 4087 1600 4156 fragmenta
1624 4130 1641 4155 ,
1668 4105 1784 4158 qua:
1825 4091 2042 4160 scriptis
2078 4093 2188 4146 suis
2228 4093 2314 4145 in-

752 4191 973 4231 seruere
1023 4178 1272 4233 auctores
1313 4180 1507 4233 Graeci.
1553 4179 1660 4234 Sed
1705 4183 1894 4236 eadem
1935 4183 2036 4238 fuit
2082 4185 2309 4238 aliorum

751 4267 1104 4338 plurimorum
1133 4272 1456 4324 eximiorum
1486 4286 1714 4341 operum
1749 4274 1981 4342 pessima
2005 4291 2145 4329 sors.
2171 4276 2313 4329 Con-

752 4369 862 4413 stat
905 4359 1114 4415 Henna:
1155 4361 1461 4428 Pastorem,
1504 4371 1565 4416 ut
1600 4363 1736 4418 alios
1776 4367 1984 4421 similes
2030 4366 2196 4421 libros
2231 4376 2314 4420 ta-

749 4465 927 4515 ceam,
947 4453 1132 4507 (ἐι-κω
1161 4456 1422 4522 scriptum
1443 4455 1633 4521 fuisse,
1657 4467 1978 4528 tantumque
2002 4462 2140 4528 apud
2162 4460 2310 4515 Grae-

2413 3276 2505 3330 ego
2529 3263 2735 3314 nomino
2765 3271 3050 3314 monoteta.
3075 3259 3206 3314 Cum
3230 3261 3328 3312 hac
3354 3271 3464 3313 erat
3485 3258 3593 3312 alia
3619 3260 3801 3323 virtus,
3821 3275 3983 3329 quam

2414 3362 2460 3405 et
2508 3351 2675 3420 ipsam
2721 3349 2925 3418 appello
2969 3350 3233 3403 henoteta.
3277 3346 3518 3401 Monotes
3563 3359 3612 3402 et
3640 3348 3888 3414 henotes,
3931 3350 3987 3399 id

2414 3453 2487 3498 est
2515 3442 2699 3497 solitas
2725 3452 2770 3495 et
2797 3443 2992 3506 unitas,
3027 3459 3144 3495 cum
3189 3458 3350 3495 unum
3391 3450 3592 3505 essent,
3623 3437 3984 3507 protulerunt,

2416 3551 2520 3589 non
2547 3534 2909 3603 proferentes,
2954 3535 3165 3586 initium
3206 3534 3439 3586 omnium
3484 3531 3862 3592 intellectuale,
3901 3531 3988 3582 in-

2416 3624 2688 3692 nascibile,
2715 3625 2974 3678 invisibile
3005 3628 3143 3693 quod
3166 3641 3333 3678 sermo
3353 3625 3582 3677 monada
3605 3625 3820 3677 vocavit.
3842 3620 3991 3675 Huic

2414 3718 2558 3769 adest
2591 3716 3010 3770 consubstantiva
3053 3717 3237 3779 virtus,
3260 3731 3415 3785 quam
3441 3714 3669 3784 appellat
3701 3714 3845 3768 unio.
3880 3713 3988 3767 llic

2415 3809 2572 3878 igitur
2585 3806 3751 3876 virtutes,solitas,singularitas,unitas,unio,
3767 3817 3988 3860 crateras

2414 3899 2731 3968 prolationes
2756 3897 2989 3952 Eonum
3012 3909 3390 3967 propagarunt.
3440 3897 3536 3952 Ubi
3567 3899 3758 3952 eadem
3819 3894 3993 3950 verba

2416 3992 2547 4062 (nisi
2577 3992 2722 4062 quod
2751 3992 2938 4047 Graeca
2969 3992 3210 4060 qumdam
3239 3991 3430 4045 Latine
3457 3988 3986 4060 vertuntur),eadciu

2416 4087 2536 4157 styli
2567 4086 2866 4150 barbaries,
2899 4093 3062 4155 atque
3091 4083 3232 4155 apud
3267 4083 3452 4138 Irenaei
3488 4085 3843 4153 interpretem
3887 4099 3986 4138 oc-

2415 4187 2664 4234 currunt.
2711 4177 2810 4233 llic
2858 4194 2911 4232 n.
2955 4177 3016 4229 5:
3042 4177 3144 4230 Alii
3183 4194 3367 4232 rursus
3399 4178 3632 4245 ipsorum
3667 4177 3894 4245 primam
3927 4187 3984 4230 et

2414 4274 2744 4342 archegonon
2796 4272 3178 4324 octonationent
3223 4269 3302 4322 bis
3337 4271 3634 4324 nominibus
3675 4270 3987 4324 nominave-

2413 4375 2578 4418 runt:
2609 4366 2838 4433 primum
2872 4364 3202 4431 Proorclten,
3243 4366 3429 4420 deinde
3463 4366 3825 4427 Anennoeton,
3871 4374 3986 4416 ter—

2415 4460 2544 4511 tiam
2567 4469 2744 4510 autem
2786 4456 3071 4520 Arrlteton,
3117 4469 3164 4510 et
3213 4467 3460 4527 quartam
3505 4457 3763 4512 Aoraton.
3805 4454 3872 4509 Et
3917 4459 3988 4511 de

751 4560 844 4598 cos
876 4547 1207 4599 auctoritate
1239 4548 1494 4612 valuisse,
1529 4561 1586 4602 ut
1619 4553 1761 4619 apud
1794 4553 2080 4618 qttosdam,
2114 4554 2223 4608 imo
2259 4565 2312 4608 et
2343 4535 2389 4590 ί)
2416 4552 2586 4619 prima
2608 4551 2816 4619 quidem
2850 4548 3113 4604 Proarche
3140 4553 3382 4606 emissum
3409 4568 3517 4604 esse
3537 4552 3705 4619 primo
3722 4560 3773 4604 et
3796 4552 3987 4620 quinto

752 4636 893 4702 apud
941 4635 1242 4705 Irenaeum,
1294 4645 1379 4693 vix
1424 4643 1706 4697 canonicis
1760 4643 1912 4697 libris
1963 4644 2308 4700 concederet.

753 4725 922 4794 Hujus
949 4734 1146 4792 tamen,
1182 4742 1238 4784 ut
1271 4741 1325 4785 et
1362 4732 1548 4788 lrenaai
1572 4774 1586 4798 ,
1617 4733 1812 4789 Graeca
1847 4736 1927 4790 sic
1962 4736 2308 4799 interierunt.

753 4829 811 4872 ut
834 4818 947 4872 sola
975 4823 1250 4888 supersint
1282 4822 1580 4891 fragmenta
1609 4842 1728 4894 qua:
1768 4827 2055 4895 proferunt
2080 4827 2308 4894 antiqui,

751 4925 877 4964 cum
917 4910 1123 4980 integra
1151 4912 1596 4982 interpretatione
1627 4916 1839 4970 Latina.
1878 4918 2062 4972 lrenari
2092 4919 2312 4988 quidem

750 5001 1225 5069 interpretationis
1251 5013 1438 5058 amtor
1459 5008 1579 5073 quis
1606 5007 1793 5072 fuerit,
1821 5011 2082 5064 hactenus
2105 5012 2312 5066 incom-

751 5103 990 5163 pertum.
1045 5093 1184 5146 Sunt
1224 5096 1314 5163 qui
1368 5107 1557 5164 putant
1605 5097 1864 5153 lrcnzeum
1910 5102 2081 5170 ipsum
2125 5102 2311 5158 Graece

753 5183 984 5252 primum
1022 5184 1331 5252 scripsisse,
1368 5197 1475 5239 tum
1509 5190 1694 5242 eadem
1726 5189 1917 5245 Latine
1950 5195 2307 5249 convertisse.

753 5273 861 5327 Sed
898 5289 1086 5343 parum
1138 5275 1196 5329 S.
1239 5277 1478 5332 doctoris
1513 5279 1704 5334 honori
1751 5283 2039 5336 consulunt
2073 5285 2168 5336 illi.
2202 5285 2312 5339 lre-

753 5382 904 5421 nazus
934 5369 1074 5420 enim
1100 5368 1284 5422 lrenaei
1311 5386 1528 5425 sensum
1554 5375 1750 5429 saltem
1778 5390 2061 5432 assecutus
2100 5377 2308 5443 fuisset,

754 5477 853 5515 nec
896 5475 1174 5530 perperam
1229 5467 1528 5533 accepisset
1567 5471 2058 5541 expressissctquc,
2103 5474 2178 5525 uti
2213 5490 2309 5527 sa:-

753 5553 974 5626 pissime
1016 5554 1221 5622 accepit
1272 5559 1646 5630 expressitque
1694 5561 1984 5630 interpres.
2021 5564 2304 5620 Graeculus

857 5779 900 5814 “
939 5781 1070 5837 Diss.
1102 5784 1152 5850 5,
1191 5785 1240 5838 in
1274 5784 1435 5852 lrcn.,
1471 5788 1495 5859 ς
1526 5789 1574 5844 ϐ.

2415 4646 2528 4699 loco
2556 4646 2782 4712 Arciten,
2807 4662 2870 4700 ea:
2893 4645 3193 4699 Anennoeto
3219 4648 3448 4700 secundo
3471 4656 3519 4700 et
3537 4659 3682 4701 sexto
3706 4647 3819 4700 loco
3838 4648 3984 4703 Aca-

2417 4740 2672 4806 talepton,
2716 4748 2762 4792 et
2796 4739 2858 4791 de
2906 4739 3127 4792 Arrlteto
3161 4739 3314 4791 tertio
3351 4748 3397 4791 et
3429 4741 3648 4807 septimo
3690 4739 3804 4794 loco
3831 4741 3983 4795 Ano-

2419 4842 2717 4896 nomaston,
2765 4839 2828 4884 de
2878 4833 3078 4884 Aorato
3120 4843 3293 4885 autem
3324 4843 3512 4902 quarto
3552 4843 3600 4886 et
3646 4841 3829 4886 octavo
3865 4835 3989 4889 loco

2416 4923 2739 4991 Agenneton.
2777 4925 3147 4978 Tcrtnllianus
3186 4940 3306 4994 cap.
3354 4925 3443 4991 25,
3497 4927 3718 4980 totidem
3767 4927 3983 4983 verbis.

2414 5014 2597 5067 Primo
2625 5017 2761 5068 enim
2789 5016 3111 5068 constituunt
3165 5015 3488 5080 Proarchen,
3520 5021 3748 5071 secundo
3799 5019 3987 5072 Anon-

2415 5117 2621 5172 noeton,
2657 5109 2807 5161 tertio
2832 5108 3112 5171 Arrheton,
3137 5121 3326 5178 quarto
3362 5111 3616 5167 Aoraton.
3662 5111 3747 5164 Ex
3778 5112 3989 5167 Proar-

2414 5199 2504 5252 the
2551 5201 2726 5268 itaque
2766 5203 3079 5268 processisse
3116 5205 3285 5269 primo
3337 5211 3385 5254 et
3428 5206 3608 5272 quinto
3658 5202 3816 5276 [Cll]
3861 5207 3988 5260 loco

2413 5289 2654 5344 Are/ten:
2687 5307 2750 5345 ex
2787 5292 3109 5357 Anennoeto,
3155 5298 3382 5347 secundo
3422 5305 3468 5347 et
3507 5306 3654 5348 sexto
3693 5296 3806 5350 loco
3841 5301 3991 5352 Aca—

2415 5384 2678 5452 talepton;
2729 5401 2792 5437 ex
2836 5386 3057 5439 Arretho
3089 5389 3241 5439 tertio
3274 5400 3318 5439 et
3355 5388 3570 5454 septimo
3602 5389 3713 5441 loco
3760 5389 3987 5444 Anona—

2419 5486 2657 5540 maston;
2689 5493 2750 5529 ea;
2776 5475 3055 5542 lnvisibili,
3083 5489 3273 5546 quarto
3301 5488 3346 5531 et
3379 5488 3561 5531 octavo
3600 5479 3712 5532 loco
3744 5481 3991 5549 Agenne-

2420 5576 2528 5620 ton.
2557 5568 2716 5623 Certe
2745 5570 2786 5622 si
2818 5585 2846 5624 c
2879 5569 3067 5624 Grch
3106 5571 3414 5626 innncdiate
3441 5573 3828 5642 exscripsissct
3861 5590 3986 5629 om.
