4196 6330
243 365 347 422 253

804 364 1260 422 DISSERTATIO
1289 362 1353 424 ll.
1391 361 1548 416 ΛΒΤ.
1588 361 1652 422 ll.
1698 360 1782 415 DE

1887 361 2067 418 ΕΝᾹΞΙ
2104 361 2330 420 LIBRIS
2363 360 2520 416 ΜΝ.
2559 356 2920 415 ΙΙἉΕΒΕΞΕΞ.

3376 361 3484 417 εει

245 485 331 538 nia
369 487 485 540 ha:c
539 487 938 554 Tertullianus,
984 498 1062 541 tot
1109 491 1326 542 nomina
1385 484 1573 540 Grmca
1615 483 1790 538 Latini

1911 481 2204 554 ἐνθύμησιν
2249 482 2421 553 αὑτῆς
2449 483 2545 536 σὺν
2596 480 2672 550 τῷ
2715 479 2875 532 πάθει
2903 477 3006 531 ὑπὸ
3033 476 3126 532 τοῦ
3155 477 3322 550 Ὀρου
3349 479 3485 547 ἀφο-

244 580 538 644 vertisset;
574 594 673 634 nec
724 580 944 635 fortuito
971 591 1028 636 et
1074 595 1202 634 casn
1233 578 1347 632 fieri
1397 578 1572 645 potuit
1609 585 1668 629 ut
1706 575 1809 628 hoc

246 669 320 722 illi
345 686 468 723 cum
495 671 681 726 lrenaei
710 674 1010 742 interprete
1041 672 1382 728 convenerit.
1430 669 1531 724 Hic
1565 681 1687 735 cap.
1717 665 1805 730 12,

247 777 298 813 ιι.
351 762 428 825 3,
487 763 939 820 Colorbaseorum
999 764 1342 835 hypotliesim
1395 763 1474 818 sic
1533 760 1804 830 exponit:

243 854 472 917 Quando
499 858 747 926 cogitavit
776 857 975 926 aliquid
1003 861 1235 911 emittere
1262 853 1546 924 Propator,
1569 854 1666 906 hoc
1700 851 1806 904 Pa-

241 956 322 998 ter
337 956 558 1002 vocatus
579 958 693 1014 est;
718 959 771 1001 at
799 949 887 1002 ubi
919 966 1040 1018 qua:
1068 949 1263 1014 emisit,
1292 963 1416 1002 vera
1438 949 1673 1018 fuerunt,
1711 947 1809 999 hoc

239 1039 451 1094 Aletbia
501 1053 744 1096 vocatum
786 1053 886 1098 est.
930 1042 1064 1098 Cum
1104 1059 1227 1112 ergo
1267 1041 1428 1097 voluit
1470 1040 1808 1109 semetipsum

237 1139 541 1200 ostendere,
598 1138 695 1190 hoc
743 1139 1039 1208 Antlrropos
1078 1141 1246 1192 dictus
1301 1148 1398 1191 est.
1445 1135 1589 1202 Quos
1631 1144 1809 1189 autem

235 1229 676 1297 pra’cogitarerat
702 1239 1040 1300 posteaquam
1072 1231 1269 1292 emisit,
1307 1232 1403 1283 hoc
1442 1226 1680 1282 Ecclesia
1715 1243 1806 1281 vo-

232 1328 357 1368 cata
381 1327 478 1370 est.
522 1317 757 1373 Locutus
787 1329 863 1373 est
894 1320 1196 1388 Anthropas
1237 1319 1434 1390 Logon,
1467 1321 1551 1373 hic
1581 1330 1656 1372 est
1695 1319 1806 1387 pri-

233 1412 532 1480 mogenitus
558 1409 755 1466 Filius.
786 1411 1136 1484 Subsequitur
1167 1425 1342 1467 autem
1373 1411 1554 1483 Logon
1593 1410 1721 1477 Zoe,
1755 1421 1804 1466 et

233 1505 313 1555 sic
341 1505 515 1571 prima
545 1506 810 1559 octonatio
834 1507 1091 1574 completa
1120 1515 1216 1561 est.
1248 1506 1338 1561 Ille
1369 1521 1492 1575 cap.
1517 1503 1615 1559 36:
1647 1504 1802 1571 Cum,

231 1597 502 1664 inquiunt,
552 1600 800 1668 cogitarit
847 1601 1113 1670 proferre,
1153 1601 1248 1653 ltoc
1289 1598 1455 1653 Pater
1493 1601 1662 1654 dictus
1704 1609 1801 1654 est.

233 1689 368 1743 Cum
396 1692 634 1760 protulit,
659 1693 780 1761 quia
807 1709 927 1747 vera
952 1693 1194 1761 protulit,
1213 1694 1298 1746 hic
1319 1692 1523 1747 Veritas
1543 1693 1806 1761 appellata

230 1790 332 1837 est.
363 1781 495 1836 Cum
512 1785 846 1850 semetipsum
880 1783 1041 1838 voluit
1066 1784 1298 1855 probari,
1345 1783 1442 1836 hoc
1479 1782 1654 1836 Homo
1679 1801 1805 1851 pro-

1919 575 2164 647 ρισθῆναι
2192 576 2282 630 καὶ
2308 575 2817 647 ἀποσταυρωθῆναι.
2847 573 2978 639 Qua!
3018 572 3096 626 sic
3135 571 3371 626 reddidit
3400 573 3485 625 in-

1918 678 2172 736 terpres:
2210 666 2470 734 Separata
2506 669 2646 720 enim
2673 667 2962 720 intentione
3009 665 3073 716 ab
3113 680 3194 726 ea,
3232 681 3351 718 cum
3383 680 3481 732 ap-

1915 760 2130 827 pendice
2155 760 2424 828 passione,
2451 760 2619 829 ipsam
2643 758 2852 826 quidem
2882 756 3028 826 infra
3063 755 3317 810 Pleroma
3363 769 3484 825 per-

1916 868 2210 917 severasse;
2264 851 2740 921 concupiscentiam
2770 866 2888 905 vero
2917 850 3036 920 ejus
3074 865 3194 904 cum
3239 849 3484 919 passione

1915 947 1981 998 ab
2017 944 2162 1000 Horo
2193 958 2528 1015 separatam,
2568 954 2618 1001 et
2667 945 2980 1008 cruciﬁxum
3007 985 3023 1010 ,
3068 954 3119 999 et
3168 954 3321 999 extra
3358 961 3481 1000 eum

1918 1035 2115 1106 factam
2145 1053 2274 1100 esse,
2325 1046 2460 1103 etc.,
2508 1037 2597 1091 ubi
2631 1036 2734 1090 duo
2767 1043 2995 1104 peccat,
3040 1033 3274 1104 primum
3311 1034 3479 1102 quod,

1918 1127 2014 1181 σὺν
2036 1126 2116 1197 τῷ
2141 1127 2501 1199 ὲπιγινομένῳ
2548 1127 2708 1181 πάθει
2733 1166 2749 1192 ,
2783 1126 2981 1188 vertit.
3031 1141 3150 1179 cum
3199 1126 3482 1193 appendice

1915 1209 2200 1288 passione;
2228 1223 2554 1277 vertendum
2580 1233 2720 1286 erat,
2748 1239 2866 1276 cum
2891 1222 3133 1292 passione
3153 1236 3272 1291 qua
3293 1237 3482 1290 super—

1916 1324 2146 1366 venerat.
2193 1313 2535 1379 Secundum,
2576 1316 2719 1384 quod
2767 1314 3250 1387 ὰποσταυρωθῆναι
3293 1315 3481 1379 vertit,

1916 1405 2268 1472 cruci/imm;
2309 1407 2393 1461 hic
2429 1406 2719 1478 significat,
2758 1409 2912 1476 quasi
2964 1407 3104 1461 vallo
3144 1409 3369 1460 cinctam
3431 1416 3481 1459 et

1915 1497 2238 1564 disjunctam
2265 1513 2295 1551 a
2328 1496 2660 1562 Pleromatc.
2695 1498 2896 1553 Eadem
2946 1498 3171 1552 omnino
3211 1507 3400 1566 peccat
3426 1506 3484 1551 et

1916 1585 2314 1652 Tertullianus,
2365 1590 2654 1645 scribens:
2686 1589 3036 1660 Enthymesin
3080 1590 3194 1659 ejus
3231 1600 3279 1644 et
3330 1589 3480 1643 illam

1914 1679 2248 1746 appendicem
2275 1683 2573 1750 passionem
2600 1681 2665 1734 ab
2694 1679 2843 1733 Hora
2874 1682 3160 1750 relegatant
3209 1688 3262 1732 et
3303 1679 3482 1732 cruci-

1915 1769 2098 1837 ﬁxum.
2135 1770 2260 1828 Haec
2287 1780 2342 1827 et
2368 1773 2522 1843 plura
2569 1772 2709 1839 alia,
2753 1787 2874 1840 quae
2902 1772 3197 1827 identidem
3237 1773 3290 1826 in
3337 1773 3480 1825 notis

235 1874 513 1926 nuntiatus
535 1885 632 1928 est.
655 1873 798 1939 Quos
818 1885 990 1928 autem
1012 1876 1400 1945 prarcogitavit,
1425 1893 1541 1930 cum
1559 1876 1790 1940 protulit1

1911 1862 2221 1924 observavi,
2251 1839 2473 1928 invicte,
2499 1864 2550 1918 ni
2577 1839 3041 1933 fallor,probant,
3060 1864 3476 1925 Tertullianum,

231 1977 358 2019 tunc
392 1966 629 2020 Ecclesia
672 1978 974 2039 nuncupata
1017 1979 1114 2023 est.
1157 1969 1347 2024 Sonuil
1377 1969 1552 2024 Homo
1588 1970 1803 2025 Sermo-

229 2075 372 2122 nem,
405 2069 454 2112 et
485 2058 572 2111 hic
600 2068 676 2113 est
697 2060 1078 2130 primogenitus
1118 2059 1289 2115 Filius
1313 2102 1328 2122 .
1352 2073 1398 2115 et
1435 2061 1676 2118 Sermoni
1711 2080 1804 2116 ac-

229 2153 386 2204 cessit
446 2149 605 2215 Vita;
649 2160 699 2205 et
751 2152 950 2221 ogdoas
983 2153 1157 2222 prima
1201 2153 1448 2207 conclusa
1494 2165 1590 2208 est.
1638 2152 1801 2208 Plura

230 2240 338 2294 alia
365 2241 568 2296 similia
612 2243 816 2312 passim
862 2251 1167 2297 occurrunt
1199 2245 1344 2314 apud
1382 2245 1801 2301 Tertullianum.

229 2330 341 2386 Sed
366 2334 508 2395 quod
539 2333 756 2389 demum
799 2336 1038 2391 ostendit
1071 2336 1215 2390 hunc
1247 2353 1352 2391 non
1391 2353 1420 2392 c
1449 2338 1664 2403 Graeco,
1709 2340 1802 2393 sed

226 2439 297 2478 ex
341 2425 646 2491 interprete
685 2426 874 2481 lrenaai
914 2428 1214 2498 sumpsisse
1252 2445 1374 2498 quae
1416 2429 1622 2496 refert,
1671 2431 1801 2487 illud

227 2526 334 2580 est,
365 2517 510 2588 quod
543 2519 633 2572 ubi
676 2518 858 2588 lapsus
890 2528 975 2574 est
997 2519 1270 2589 interpres
1291 2520 1481 2577 Grmca
1513 2538 1798 2593 perperam

227 2609 492 2674 reddens,
545 2609 728 2680 lapsus
770 2623 854 2666 est
899 2620 955 2666 et
992 2611 1382 2668 Tertullianus.
1428 2615 1542 2682 llle,
1586 2625 1648 2671 ut
1687 2617 1800 2684 jam

226 2701 364 2762 dixi.
392 2716 588 2756 nomen
645 2702 942 2774 Ἐπιφανὴς
992 2704 1379 2774 appellativum
1416 2721 1536 2762 esse
1576 2715 1798 2775 putans,

225 2795 369 2849 male
413 2796 638 2848 omnino
680 2797 848 2850 vertit
890 2798 1092 2851 clarus.
1133 2796 1502 2853 'l‘ertullianus
1546 2799 1801 2856 similiter

224 2899 502 2942 errantem
535 2898 757 2943 secutus
782 2890 1025 2956 scripsit,
1070 2889 1351 2960 insignior.
1399 2892 1637 2947 Irenteus
1674 2907 1794 2961 cap.

221 2980 279 3042 2.
308 2998 366 3035 ιι.
398 2981 449 3041 5.
480 2979 698 3050 SOphiae
747 2983 1219 3051 perturbationem
1269 2996 1559 3047 enarrans,
1606 2983 1800 3038 scribit

223 3092 371 3138 eam,
404 3075 572 3130 fetum
627 3074 913 3129 informem
957 3091 1080 3129 cum
1115 3077 1434 3145 peperisset.
1480 3076 1650 3146 primo
1676 3079 1796 3149 qni-

223 3166 344 3220 dem
375 3167 745 3219 contristatam
780 3176 993 3233 propter
1042 3166 1603 3221 ineonsummationem
1640 3183 1789 3238 gene-

222 3259 476 3321 rationis,
508 3268 623 3326 post
651 3257 858 3318 deinde,
901 3257 1200 3328 φοϐηθῆναι
1243 3259 1317 3330 μὴ
1352 3260 1445 3312 καὶ
1480 3260 1610 3313 αὐτὸ
1648 3259 1800 3325 τέλος

222 3350 344 3423 ἔχῃ.
367 3351 461 3406 Sic
481 3351 672 3404 saltem
698 3350 825 3420 legit
856 3351 1161 3420 interpres;
1193 3352 1798 3418 vertitenim,timuisse

221 3462 286 3498 ne
321 3445 418 3498 hoc
448 3446 618 3513 ipsum
648 3445 806 3513 finem
835 3446 1064 3510 habeat;
1097 3444 1187 3497 ubi
1218 3444 1372 3508 τέλος
1399 3446 1794 3514 perfectionem,

219 3553 329 3591 non
362 3538 520 3606 finem
549 3538 871 3593 vertendum
902 3547 1044 3601 erat,
1078 3547 1138 3590 ut
1178 3538 1230 3591 in
1263 3538 1408 3592 notis
1435 3537 1502 3591 ad
1538 3537 1684 3591 hunc
1715 3538 1796 3593 lo-

219 3645 344 3684 cum
394 3630 656 3684 diximus.
696 3629 804 3684 Nec
855 3630 1051 3684 melius
1093 3629 1464 3685 Tertullianus
1511 3645 1632 3699 cap.
1683 3629 1791 3685 l0:

217 3722 389 3792 primo
416 3721 626 3791 quidem
659 3722 963 3774 contristari
990 3729 1204 3790 prapter
1231 3722 1794 3776 inconsummationem

215 3815 596 3883 generationis,
649 3825 695 3867 et
742 3822 969 3866 metuere
1007 3823 1264 3883 postremo
1288 3854 1302 3877 ,
1333 3831 1397 3867 ne
1427 3814 1549 3878 ﬁnis
1592 3830 1795 3883 quoque

215 3908 504 3960 insisteret.
562 3906 663 3961 Ubi
710 3907 964 3961 similiter
1011 3905 1072 3958 τὸ
1109 3906 1296 3969 ἀτελὲς
1350 3907 1449 3977 τῆς
1491 3908 1794 3977 γεννήσεως

219 4001 386 4053 vertit
450 4000 1012 4052 inconsummationem
1060 3999 1453 4067 generationis;
1497 4007 1556 4054 et
1599 3999 1791 4053 relicto

215 4092 423 4147 lrenmo
501 4091 730 4155 Grteco,
795 4090 1046 4144 Latinum
1121 4091 1474 4160 interpretem
1530 4101 1790 4154 secutus,

214 4186 458 4254 scripsit,
499 4201 561 4237 ne
586 4202 784 4254 quoque
815 4186 936 4252 ﬁnis
966 4185 1241 4238 insisteret.
1272 4185 1472 4238 Eodem
1503 4197 1624 4254 cap.
1651 4201 1703 4238 ιι.
1730 4185 1788 4250 4,

214 4277 386 4332 refert
441 4277 715 4342 lrenmns,
747 4279 888 4346 quod
922 4277 1083 4332 Pater
1129 4291 1224 4346 per
1257 4275 1608 4346 Monogenem
1647 4278 1789 4331 emi-

212 4374 347 4426 serit
377 4373 559 4428 ﬂoron
607 4374 659 4426 in
699 4373 934 4442 imagine
979 4386 1101 4436 sua,
1132 4371 1420 4439 ἀσύςυγον,
1450 4369 1750 4442 ἀθήλυντον
1771 4412 1786 4436 ,

212 4465 302 4518 ubi
341 4467 612 4530 interpres
648 4480 932 4534 perperam
962 4464 1143 4530 legens
1175 4462 1451 4533 ἀσυζὺγῳ,
1481 4462 1784 4533 ἀθηλύντῳ,

1909 1966 1970 2010 ιιι
1997 1957 2244 2014 Grtecum
2298 1959 2555 2014 Irenaeum
2601 1959 2795 2030 legerit
2824 1961 2996 2032 (quod
3048 1977 3155 2016 non
3195 1962 3380 2033 nego),
3411 1960 3479 2013 ah

1907 2063 1973 2104 eo
2001 2058 2180 2104 tamen
2213 2066 2357 2120 saepe
2384 2052 2672 2116 defecisse,
2703 2061 2762 2107 ut
2790 2052 2971 2108 Latini
3020 2053 3373 2124 interpretisj,
3420 2063 3477 2108 et

1908 2143 2123 2212 quidem
2154 2146 2430 2200 interdum
2461 2147 2706 2202 errantis
2739 2148 2970 2218 vestigia
3002 2156 3334 2202 sectaretur.

1976 2235 2066 2291 54.
2100 2236 2354 2293 Eamdem
2383 2239 2630 2294 Latinam
2667 2240 3203 2310 interpretationem,
3241 2241 3332 2295 sed
3357 2239 3473 2310 jam

1906 2328 2185 2394 vitiosam,
2217 2345 2329 2399 prae
2371 2333 2546 2388 oculis
2593 2333 2850 2389 habuisse
2897 2334 3110 2388 videtur
3139 2334 3472 2406 Cyprianus,

1908 2422 2033 2474 dum
2071 2421 2234 2490 epist.
2262 2422 2329 2478 τι
2356 2425 2510 2492 (edit.
2537 2426 2763 2497 Oxon.),
2787 2427 2851 2481 ad
2877 2425 3216 2496 Pompeium,
3245 2426 3312 2483 de
3341 2427 3476 2482 Cer-

1906 2513 2047 2568 done
2092 2523 2147 2568 et
2194 2513 2468 2572 Marcione
2523 2519 2750 2572 scribit:
2783 2518 2949 2589 Cujus
2991 2520 3326 2594 (Marcionis)
3360 2541 3475 2578 ma-

1906 2605 2068 2674 gister
2090 2605 2291 2660 Cerdon
2318 2609 2412 2661 sub
2447 2607 2659 2679 Hygino
2692 2619 2816 2663 tunc
2841 2612 3106 2680 episcopo,
3137 2615 3226 2682 qui
3258 2614 3314 2667 in
3340 2615 3474 2670 Urbe

1906 2713 2077 2752 nonus
2109 2699 2232 2768 fuit,
2265 2699 2491 2753 Romam
2534 2705 2711 2768 venit;
2741 2720 2891 2773 quem
2937 2703 3184 2760 Marcion
3226 2716 3472 2771 secutus,

1904 2791 2107 2845 additis
2137 2792 2204 2844 ad
2222 2792 2419 2846 crimen
2449 2795 2761 2862 augmentis,
2802 2794 3162 2865 impudentius
3186 2801 3391 2851 crcteris
3420 2807 3473 2851 et

1904 2882 2176 2952 abruptius
2218 2885 2275 2938 in
2309 2885 2476 2938 Deum
2523 2886 2738 2939 Patrem
2773 2898 3062 2940 creatorem
3105 2889 3471 2959 blasphemare

1905 2975 2153 3031 instituit.
2180 2976 2309 3043 Quae
2339 2979 2528 3033 iisdem
2572 2993 2708 3048 pene
2759 2981 2940 3036 verbis
2988 2981 3260 3036 habentur
3300 2983 3395 3038 lib.
3430 2999 3468 3041 I.

1905 3081 1955 3119 c.
1990 3064 2210 3130 27,n.l
2261 3077 2316 3124 et
2355 3069 2422 3133 2,
2458 3071 2560 3124 nisi
2623 3071 2765 3140 quod
2805 3073 3063 3129 mendoso
3113 3076 3302 3128 codice
3341 3091 3472 3130 usus

1905 3156 2232 3228 Cyprianus,
2260 3178 2429 3216 nonus
2485 3163 2681 3232 legerit
2733 3179 2831 3233 pro
2860 3175 3097 3222 octavus.
3136 3166 3468 3238 Cyprianum

1902 3263 2081 3309 autem
2106 3254 2292 3310 Graece
2320 3257 2541 3310 doctum
2577 3257 2768 3324 fuisse,
2801 3256 2948 3313 nullo
2979 3270 3303 3329 argumento
3335 3276 3470 3316 con-

1901 3354 2044 3400 stat:
2077 3348 2211 3401 adeo
2241 3357 2300 3401 ut
2326 3348 2660 3416 probabilius
2694 3349 2765 3404 sit
2809 3349 3060 3406 Latinum
3111 3353 3466 3423 interpretem

1901 3436 2119 3507 legisse.
2157 3439 2233 3492 uti
2281 3451 2336 3494 et
2375 3439 2579 3509 legerat
2611 3442 2874 3511 magister
2905 3442 3022 3509 ejus
3068 3443 3464 3502 Tertullianus.

1899 3528 2054 3600 Legit
2085 3539 2138 3584 et
2170 3531 2503 3602 Augustinus
2533 3546 2639 3588 :ex
2666 3547 2732 3587 eo
2755 3535 2957 3603 quippe
2999 3537 3313 3591 testimonia
3360 3541 3467 3592 duo

1899 3623 2256 3694 deprompsit,
2272 3627 2569 3695 citavitque
2587 3638 2778 3682 contra
2797 3628 3073 3683 Iulianum
3093 3630 3466 3701 Pelagianism,

1899 3712 1993 3770 lib.
2027 3731 2067 3778 ι,
2101 3732 2150 3770 c.
2178 3717 2211 3771 5
2231 3725 2286 3771 et
2319 3717 2372 3782 7,
2407 3732 2522 3786 quae
2559 3719 2856 3773 etiamnum
2887 3721 3110 3774 totidem
3141 3720 3258 3777 fere
3289 3723 3468 3780 verbis

1899 3817 2118 3862 exstant
2145 3794 2574 3876 apud‘lrenzeum
2599 3809 2850 3864 Latinum
2875 3810 2970 3866 lib.
2997 3826 3073 3875 tv,
3110 3827 3234 3882 cap.
3265 3813 3319 3875 2.
3340 3832 3392 3869 ιι.
3413 3815 3466 3878 7.

1898 3910 1952 3956 et
1983 3899 2078 3954 lib.
2112 3915 2165 3964 v,
2192 3916 2240 3954 c.
2271 3901 2357 3966 l9,
2385 3917 2439 3955 ιι.
2474 3903 2523 3956 l.
2559 3902 2770 3957 Paucos
2799 3902 3055 3974 deinceps
3080 3919 3110 3959 e
3140 3905 3351 3962 Latinis
3383 3924 3468 3962 re-

1897 3994 2095 4061 perias,
2123 4005 2189 4046 ex
2220 3992 2284 4046 iis
2306 3994 2472 4046 etiam
2504 3993 2594 4060 qui
2644 4004 2888 4048 veterum
2936 3993 3159 4050 Patrum
3208 4000 3462 4052 testium--

1899 4085 2004 4138 niis
2032 4085 2275 4139 studiose
2316 4084 2581 4149 collectis,
2622 4084 2785 4138 veluti
2821 4097 3084 4143 centones
3116 4102 3179 4142 ac
3216 4098 3462 4152 catenas,

1896 4190 1956 4229 ιιι
1984 4187 2201 4242 vocant,
2228 4186 2656 4239 contexuerunt,
2682 4177 2771 4245 qui
2797 4175 3058 4232 Irenaeum
3083 4181 3462 4250 allegaverint.

1892 4268 2153 4323 Faciebat
2180 4269 2574 4337 exemplarium
2617 4267 2937 4324 Latinorum
2992 4273 3252 4340 penuria,
3307 4283 3457 4328 tanta

1890 4362 1999 4429 jam
2033 4361 2100 4415 ab
2126 4362 2241 4432 ipso
2301 4362 2534 4430 septimo
2582 4371 2677 4414 aut
2714 4371 2868 4415 sexto
2915 4362 3202 4418 desinente
3238 4367 3462 4428 saeculo,

1896 4465 1952 4507 ut
1979 4470 2099 4509 cum
2117 4452 2399 4508 [Etherius
2424 4452 2804 4522 Lugdunensis
2821 4454 3106 4524 episc0pus
3140 4455 3282 4508 nulla
3319 4459 3461 4526 apud

208 4557 317 4621 vel,
352 4567 412 4610 ut
440 4557 531 4610 alii
564 4557 770 4621 volunt,
799 4557 1172 4629 ἁρῤενοθήλει,
1206 4570 1492 4625 perperam
1522 4565 1576 4610 et
1601 4557 1790 4620 vertit,

1898 4549 2295 4618 Lugdunenses
2324 4547 2469 4614 ipsos
2494 4547 2738 4601 nancisci
2772 4556 2988 4614 posset,
3025 4548 3220 4602 litteris
3256 4549 3463 4619 Grego-

204 4652 323 4704 sine
357 4649 579 4717 conjuge
607 4649 1092 4718 masculo-femina.
1130 4651 1330 4704 Eadem
1369 4651 1527 4719 culpa
1565 4659 1790 4706 tenetur

206 4752 262 4795 et
289 4741 663 4797 Tertullianns
682 4756 802 4810 cap.
821 4740 1113 4796 cit.:Pater
1134 4757 1226 4808 per
1258 4741 1598 4810 dlonogenem
1636 4741 1787 4805 Nun,

205 4848 358 4898 quem
387 4848 551 4900 supra
580 4833 808 4887 diximus
843 4831 1032 4886 Horon
1084 4835 1139 4886 in
1172 4833 1283 4885 Iure
1325 4833 1514 4901 promit
1561 4836 1618 4888 in
1652 4838 1789 4888 ima-

205 4928 328 4994 gine
356 4941 456 4977 sua
478 4924 877 4992 femina-mare.
916 4923 1123 4994 Nempe
1151 4934 1379 4994 uterque
1408 4927 1459 4980 id
1489 4929 1555 4982 ad
1592 4927 1786 4996 imagi-

207 5032 332 5071 nem
363 5017 553 5081 rel’ert,
583 5017 726 5086 quod
757 5017 903 5071 lloro
933 5017 1034 5071 soli
1085 5017 1381 5071 convenire
1425 5032 1589 5086 posse
1633 5027 1782 5071 recta

206 5110 348 5163 ratio
379 5108 744 5162 demonstrat.
764 5107 991 5176 Culpam
1027 5109 1169 5162 hanc
1194 5123 1299 5162 non
1323 5106 1618 5161 sustineret
1647 5109 1782 5161 Ter-

203 5201 491 5263 tullianus,
525 5200 569 5252 si
603 5211 806 5253 textum
827 5200 1076 5255 Graecum
1098 5201 1186 5255 hic
1215 5200 1397 5270 potius
1415 5215 1581 5268 quam
1612 5202 1781 5255 inter-

200 5300 413 5358 pretem
447 5290 837 5344 consuluisset.
873 5291 1036 5345 Paulo
1071 5299 1216 5359 post,
1254 5291 1492 5360 SOphian
1531 5290 1599 5343 al)
1629 5290 1777 5344 Horo

202 5383 516 5436 mandatam
547 5395 604 5437 et
632 5385 1034 5449 conﬁrmatam,
1072 5399 1136 5437 ac
1170 5399 1283 5436 sua:
1319 5383 1619 5436 restitutam
1650 5398 1780 5435 con-

199 5475 465 5546 iugationi
503 5493 628 5530 cum
653 5476 883 5530 dixisset
910 5476 1164 5541 lren:cus,
1183 5477 1330 5529 addit
1359 5474 1776 5548 εΧωρισθείσης

194 5573 302 5644 γὰρ
333 5571 430 5641 τῆς
475 5571 820 5642 ἐνθυμήσεως
857 5569 952 5623 ἀπ’
981 5571 1150 5641 αὐτῆς
1183 5569 1279 5622 σὺν
1312 5567 1388 5638 τῷ
1419 5568 1776 5637 ὲπιγινομένῳ

197 5667 380 5733 πάθει,
411 5665 583 5736 αὐτὴν
628 5665 726 5733 μὲν
757 5663 907 5728 ἐντὸς
944 5663 1314 5735 Πληρώματος
1344 5665 1521 5732 μεῖναι
1547 5679 1558 5690 ·
1589 5660 1688 5731 τὴν
1715 5660 1772 5712 δὲ

1888 4643 2028 4695 rium
2081 4641 2334 4710 Magnum
2387 4639 2604 4701 adierit,
2638 4650 2696 4692 ut
2751 4651 2894 4709 gesta
2922 4641 2999 4693 vel
3027 4643 3222 4709 scripta
3253 4642 3318 4695 Β.
3342 4641 3456 4696 Ire-

1887 4732 1991 4785 ηαιὶ
2029 4734 2094 4786 ab
2131 4747 2195 4786 eo
2218 4731 2513 4798 acciperet.
2559 4729 2657 4785 Cui
2699 4733 2994 4798 respondet
3038 4731 3336 4801 Gregorius
3364 4732 3406 4764 ¹⁸
3438 4753 3452 4788 :

1887 4823 2045 4879 Gesta
2078 4824 2156 4878 vel
2177 4824 2368 4888 scripta
2397 4821 2464 4875 B.
2500 4821 2826 4892 lrenteijam
2855 4824 2947 4876 diu
2972 4835 3044 4877 est
3068 4826 3206 4893 quod
3229 4826 3458 4879 sollicite

1883 4918 2216 4987 quaesivimus
2244 4932 2260 4979 ;
2298 4920 2387 4968 sed
2411 4917 2666 4968 hactenus
2695 4931 2759 4968 ex
2778 4917 2854 4968 eis
2877 4916 3101 4969 inveniri
3126 4917 3326 4985 aliquid
3351 4933 3455 4969 non

1883 5008 2067 5063 valuit.
2101 5008 2174 5062 Ea
2209 5022 2340 5061 vero
2373 5015 2536 5061 tantm
2560 5008 2803 5074 penuriae
2832 5006 3001 5061 fuisse
3027 5007 3243 5061 videtur
3265 5022 3451 5073 causa,

1887 5101 2030 5170 quod
2081 5099 2372 5155 exstinctis
2394 5098 2503 5166 jam
2530 5098 2828 5152 hmresibus
2859 5102 2925 5150 ab
2959 5098 3165 5158 Irenaeo
3193 5098 3453 5153 confuta-

1886 5194 1978 5256 tis,
2010 5191 2240 5260 aliisque
2267 5191 2316 5243 in
2353 5191 2469 5243 dics
2514 5189 2941 5257 emergentibus.
2993 5203 3113 5257 qum
3157 5188 3294 5242 nihil
3325 5205 3449 5244 cum

1882 5284 2160 5337 veteribus
2184 5281 2290 5335 illis
2321 5279 2480 5334 aliine
2524 5280 2826 5344 haberent;
2855 5294 2918 5332 ac
2951 5289 3061 5333 tum
3093 5279 3216 5349 ει)Ιί
3254 5281 3452 5335 barba-

1885 5377 1985 5439 rie,
2017 5386 2129 5428 tum
2166 5373 2474 5442 argumenti
2502 5371 2815 5426 difﬁcultate
2843 5371 3120 5426 deterritis
3148 5381 3200 5426 et
3231 5371 3472 5428 lectori-u

1882 5471 1984 5524 bus
2010 5478 2064 5522 et
2091 5467 2355 5529 librariis,
2384 5468 2467 5520 his
2495 5481 2561 5520 ne
2591 5466 2986 5527 exscribercnt,
3035 5464 3142 5517 illis
3179 5483 3246 5518 ne
3299 5467 3446 5534 lege-

1883 5570 2027 5623 rent,
2055 5559 2245 5611 eximii
2269 5557 2452 5626 operis
2468 5572 2598 5610 usus
2623 5571 2756 5624 pene
2779 5555 3126 5610 exsoleverit.
3162 5556 3330 5625 Hujus
3365 5570 3447 5611 ta-

1884 5668 2005 5706 men
2030 5650 2353 5719 superfuere
2379 5663 2595 5717 semper
2616 5649 2946 5713 exemplaria
2977 5647 3186 5716 aliqua;
3219 5649 3311 5702 sed
3333 5665 3449 5717 quae

284 5817 329 5846 ⁸³
365 5816 482 5871 Lib.
526 5831 583 5877 ιι,
611 5831 696 5882 cp.
735 5815 820 5879 Fili,
859 5816 924 5870 ad
955 5813 1166 5870 Ether.
1203 5817 1446 5887 Lugdun.
1480 5818 1672 5889 cpisc.,
1712 5825 1840 5872 tom.
1876 5816 1919 5870 ll
1960 5833 2081 5872 nov.
2123 5819 2248 5874 edit.

531 5916 773 5973 Parnm.
845 5915 958 5972 (in.
1009 5915 1145 5975 ΠΙ.

3035 5923 3072 5980 8
