4196 6330
741 346 845 402 255

1527 354 2117 413 DISSEliTATlONES
2155 356 2459 414 ΡΒΕΥΙΑΞ
2498 357 2565 412 IN
2604 356 2860 413 IRENEI
2900 357 3168 414 LIBROS.

3871 358 3982 416 236

752 476 1001 548 Gregorii
1037 477 1105 531 Μ.
1154 486 1307 533 aetate
1334 478 1384 531 in
1429 478 1615 531 forulis
1673 480 2120 534 bibliothecarum
2164 481 2299 533 deli-
2332 489 2375 541 Α
2402 482 2710 534 dere:etab
2734 481 2910 533 eodem
2940 479 3143 543 Paulo,
3168 498 3341 547 erth
3377 480 3523 534 nobis
3551 480 3861 549 quarstiones
3882 482 3975 533 in-

748 571 1048 635 tescebant,
1100 570 1221 624 inde
1266 570 1479 624 demum
1518 572 1829 627 novissimis
1871 574 2018 627 hisce
2054 575 2300 637 sarculis,

750 662 843 715 Dei
880 660 1162 725 beneﬁcio,
1214 669 1457 713 estracta
1512 678 1702 715 novam
1738 664 1907 717 lucem
1946 675 2299 734 aspexerant.

750 752 855 805 Sed
891 751 1021 805 fecit
1054 766 1138 815 ea,
1168 764 1328 819 quam
1357 754 1491 816 dixi,
1542 752 1668 823 styli
1718 755 2002 809 barbaries
2032 765 2085 809 et
2136 770 2300 821 argu~

743 845 908 897 menti
955 843 1273 908 dilIicultas,
1299 854 1357 897 ut
1392 845 1625 899 librariis
1642 848 2050 901 scribendorum
2083 862 2297 901 sensum

740 951 881 1006 stupe
909 938 1085 991 minus
1107 937 1539 1005 assequentilnts,
1601 953 1710 992 non
1740 939 2027 992 admodum
2067 954 2199 992 sana
2232 941 2299 991 ad

736 1043 839 1083 nos
866 1031 1232 1097 pervenerint.
1270 1029 1341 1083 Ea
1374 1031 1535 1084 etiam
1587 1030 1685 1084 fuit
1738 1032 2126 1085 audaculorum
2166 1047 2298 1099 quo-

737 1124 987 1175 rumdam
1049 1124 1359 1186 temeritas,
1415 1133 1471 1175 ιιι
1524 1125 1756 1178 resectis
1823 1126 2116 1195 postremis
2168 1124 2295 1179 libri

736 1210 918 1278 quinti
952 1211 1244 1281 Capitibus,
1270 1214 1464 1281 quibus
1488 1213 1913 1268 Millcnariorum
1952 1230 2109 1270 error
2142 1231 2293 1269 asse-

736 1306 902 1372 ritur,
929 1306 1174 1360 mutilum
1200 1306 1469 1362 ediderint
1501 1323 1516 1359 :
1549 1307 1687 1361 adeo
1721 1316 1778 1361 ut
1814 1308 2171 1376 paucissimos
2203 1324 2297 1361 co-

737 1398 886 1454 dices
916 1412 1047 1453 niss.
1079 1401 1321 1468 reperire
1344 1401 1436 1465 sit,
1470 1401 1521 1454 in
1550 1402 1746 1470 quibus
1779 1400 1988 1471 integer
2013 1412 2293 1470 appareat,

735 1492 875 1547 utin
898 1491 1225 1548 Praal'atione
1266 1492 1404 1547 dixi.
1449 1492 1559 1547 lino
1586 1494 1865 1547 existimat
1912 1494 2125 1548 clariss.
2153 1492 2293 1548 Gra-

732 1585 857 1639 bius
922 1586 973 1638 in
1018 1583 1134 1639 suis
1180 1584 1235 1638 in
1292 1583 1552 1638 Irenaeum
1593 1582 2025 1652 Prolegomenis,
2058 1593 2191 1639 sect.
2223 1600 2290 1649 tt,

734 1675 845 1747 §6,
884 1674 1081 1731 librum
1111 1689 1142 1727 ν
1181 1676 1357 1731 adhuc
1389 1676 1441 1731 in
1469 1676 1575 1731 line
1615 1692 1807 1751 magna
1861 1689 2016 1749 parte
2044 1679 2291 1732 mutilmn

733 1782 875 1824 esse.
926 1768 981 1823 ld
1033 1778 1211 1824 autem
1269 1780 1333 1823 ex
1388 1784 1456 1825 eo
1501 1769 1731 1839 probare
1784 1784 1843 1824 se
1895 1785 2054 1840 posse
2101 1780 2287 1840 putat,

2407 572 2604 639 ferunt,
2634 572 2970 640 manifestare
2997 572 3116 625 illos
3140 574 3345 641 quidem
3368 571 3975 640 mendaces,.4postolum

2404 680 2522 718 vero
2545 665 2939 732 pra’dicatorem
2955 680 3064 715 esse
3086 665 3341 730 veritatis,
3356 673 3407 717 et
3431 666 3611 717 omnia
3628 664 3974 716 consonantia

2404 756 2634 809 veritatis
2668 761 2929 822 prtz'conio
2957 758 3219 821 docuisse,
3237 773 3396 809 unum
3414 756 3577 809 Deum
3594 755 3829 819 Patrem,
3848 772 3972 808 eum

2400 846 2711 914 quilocutus
2743 847 2810 900 sit
2839 849 2907 899 ad
2931 847 3194 900 Abraham
3228 886 3243 911 ,
3266 848 3353 917 qui
3388 848 3781 916 legisdationem
3832 847 3969 917 fece-

2402 938 2488 999 rit,
2518 938 2606 1006 qui
2654 939 2929 1004 prophetas
2974 942 3283 1005 prtemiserit
3314 979 3330 1005 ,
3367 942 3453 1008 qui
3486 930 3778 993 novissimis
3841 948 3972 992 tem-

2400 1026 2613 1093 poribus
2663 1025 2864 1080 Filium
2926 1044 3078 1082 suum
3120 1030 3297 1093 misit,
3351 1042 3396 1083 et
3440 1029 3660 1083 salutent
3714 1044 3808 1080 suo
3848 1030 3972 1096 pla-

2399 1118 2555 1170 smati
2594 1119 2776 1183 donat,
2817 1120 2954 1188 quod
3001 1134 3072 1174 est
3124 1124 3300 1174 carnis
3350 1120 3666 1175 substantia.
3724 1119 3781 1174 Id
3832 1136 3969 1191 ergo

2399 1207 2630 1276 primqu
2671 1208 2773 1261 sibi
2830 1212 3163 1279 praponebat
3216 1212 3451 1266 lrcnzeus
3482 1252 3498 1277 ,
3551 1224 3773 1281 pravas,
3825 1226 3968 1281 quas

2396 1299 2640 1368 Apostuli
2676 1300 2855 1355 verbis
2885 1300 3125 1357 haeretici
3154 1305 3533 1373 subjiciebant,
3564 1303 3966 1371 explicationes

2395 1388 2716 1445 confutare:
2750 1407 2849 1447 nec
2880 1393 2983 1448 hoc
3006 1404 3242 1456 tantum,
3276 1397 3371 1449 sed
3416 1404 3471 1449 et
3502 1396 3792 1449 ostendere
3814 1392 3965 1462 Apo-

2396 1480 2595 1535 stulam
2613 1482 2883 1549 docuisse,
2919 1499 3027 1537 non
3079 1488 3321 1553 quidem,
3356 1496 3414 1539 ut
3446 1500 3732 1555 perperam
3763 1484 3964 1539 existi-

2394 1574 2564 1629 mavit
2585 1574 2841 1643 Grabius,
2875 1594 3042 1632 unum
3067 1594 3190 1634 esse
3223 1580 3389 1634 Deum
3426 1579 3643 1634 Patrem
3676 1580 3764 1649 qui
3804 1579 3963 1634 Iocu-

2394 1677 2480 1723 tus
2506 1669 2576 1723 sit
2604 1668 2671 1722 ad
2697 1668 2971 1723 Abraham
2999 1710 3013 1734 ,
3042 1683 3177 1734 etc.,
3209 1673 3260 1725 id
3321 1673 3465 1726 enim
3496 1674 3710 1727 abunde
3748 1685 3967 1742 praestt—

2396 1772 2532 1817 terat
2580 1763 2718 1817 libro
2766 1764 2946 1828 tertio,
2982 1765 3096 1825 ubi.
3154 1774 3211 1817 ut
3250 1766 3366 1833 ipse
3428 1768 3505 1819 ait
3550 1766 3603 1820 in
3634 1765 3966 1819 Praalatione

732 1858 876 1929 quod
913 1859 1148 1914 lrenaus
1189 1867 1301 1914 tum
1352 1859 1404 1913 in
1444 1860 1551 1915 nne
1586 1860 1705 1915 libri
1753 1876 1833 1926 ιν,
1885 1871 1996 1915 tum
2048 1863 2100 1915 in
2142 1860 2287 1916 Prw-
2325 1834 2363 1887 Β
2397 1855 2516 1909 libri
2551 1873 2604 1921 v,
2634 1857 2991 1925 apostolorum
3028 1860 3271 1915 doctrina
3312 1861 3593 1927 explanata
3626 1860 3835 1924 fuerat;
3860 1863 3965 1915 sed

735 1950 938 2008 t'atione
974 1951 1095 2006 libri
1143 1966 1203 2015 ν,
1254 1952 1543 2021 pollicetur
1591 1966 1649 2007 se
1683 1968 1748 2006 ea:
1788 1951 2005 2023 reliquis
2037 1955 2291 2007 doctrinae

734 2046 982 2111 Domini,
1052 2055 1096 2097 et
1172 2059 1235 2097 ea:
1302 2044 1602 2113 apostolicis
1671 2045 1904 2113 epistolis
1974 2056 2288 2100 conaturam

728 2140 1048 2192 ostensiones
1100 2134 1276 2205 facere
1310 2176 1325 2201 ,
1403 2137 1656 2191 videlicet
1719 2153 1882 2190 unum
1944 2148 1992 2191 et
2053 2138 2292 2191 eumdem

734 2230 892 2304 [CIII]
920 2247 1029 2288 esse
1070 2229 1308 2293 Patrem,
1333 2230 1587 2297 factorem
1616 2230 1797 2282 mundi
1830 2228 2010 2299 hujus,
2045 2246 2163 2284 eum
2198 2230 2291 2300 qui

728 2330 935 2380 locutus
958 2326 1027 2377 sit
1056 2325 1125 2377 ad
1146 2322 1541 2387 Abraltam,qui
1560 2320 1956 2391 tegistlationem
1981 2324 2182 2391 fecerit,
2199 2325 2290 2393 qui

728 2421 1006 2488 prophetas
1034 2417 1371 2489 prcmiserit,
1391 2415 1479 2485 qui
1506 2412 1552 2467 Ρ
1556 2415 1703 2467 ilium
1726 2430 1879 2468 suum
1904 2418 2121 2481 miserit,
2146 2416 2291 2471 salu-

727 2524 829 2565 tem
855 2526 950 2565 suo
974 2508 1464 2579 plasmatidonans,
1492 2508 1630 2577 quod
1658 2517 1732 2559 est
1764 2510 1937 2562 carnis
1964 2510 2284 2566 substantia.

724 2635 797 2649 —-
825 2604 1006 2677 Atqui,
1039 2605 1213 2674 inquit
1240 2603 1496 2669 Grabius,
1531 2616 1586 2658 ut
1630 2605 1806 2657 carnis
1853 2605 2287 2659 resurrectionem

723 2701 903 2757 multis
922 2698 1239 2768 argumentis
1270 2697 1564 2766 probaverit
1588 2699 1847 2762 lrenteus,
1878 2709 1935 2751 ut
1962 2699 2119 2751 etiam
2166 2714 2288 2766 pro-

722 2794 941 2848 missam
965 2807 1030 2846 ca:
1055 2792 1221 2846 verbis
1251 2790 1469 2855 Christi,
1492 2792 1625 2844 citra
1653 2791 2027 2859 parabolarum
2079 2791 2284 2844 involu-

720 2901 868 2939 crum
893 2884 1139 2954 prolatis,
1166 2884 1661 2936 demonstrationem
1694 2884 1756 2935 de
1804 2898 1908 2935 uno
1954 2881 2061 2936 Deo
2102 2883 2285 2935 mundi

721 2985 981 3039 creatore,
1010 2975 1290 3039 eodemque
1326 2969 1488 3026 Patre
1513 2970 1809 3027 Servatoris
1858 2971 2027 3023 nostri
2086 2986 2181 3038 cap
2214 2970 2277 3022 21

720 3069 929 3120 demum
960 3080 1236 3136 aggressus
1270 3062 1462 3134 fuerit;
1497 3080 1555 3117 eo
1578 3072 1753 3115 tamen
1774 3062 2050 3131 confestim
2072 3061 2283 3132 longius

718 3160 845 3217 inde
875 3160 1131 3231 digresso,
1174 3157 1389 3227 reliquie
1436 3173 1501 3210 ea:
1539 3157 1707 3210 verbis
1738 3156 1935 3211 Christi
1975 3168 2023 3210 et
2054 3158 2282 3227 apostoli

719 3253 884 3309 Pauli
910 3254 1119 3322 scriptis
1157 3252 1331 3320 petitae
1361 3249 1833 3303 demonstrationes
1878 3250 2033 3303 unius
2064 3258 2114 3303 et
2138 3250 2283 3319 ejus-

719 3349 837 3403 dem
873 3346 930 3401 in
961 3343 1131 3400 Veteri
1166 3353 1215 3397 et
1258 3342 1411 3398 Novo
1467 3341 1800 3397 Testamento
1843 3342 1941 3396 Dei
1979 3342 2284 3411 perierunt;

713 3441 857 3515 quod
883 3439 1089 3495 librarii
1107 3452 1328 3494 exosum
1352 3436 1583 3506 sequiori
1612 3444 1767 3491 tetate
1804 3436 2090 3491 millenarii
2134 3438 2282 3507 regni

718 3536 1014 3592 doctrinam
1051 3532 1272 3588 ulterius
1300 3530 1590 3585 describere
1611 3529 1842 3597 nollent,
1866 3531 2085 3601 ideoque
2131 3532 2283 3599 [ilum

716 3630 1044 3695 abruperint.
1068 3627 1163 3683 Sic
1198 3626 1308 3680 ille.
1348 3624 1457 3680 Sed
1504 3625 1697 3680 mirari
1751 3626 1919 3691 subit,
1976 3628 2118 3698 quod
2158 3637 2283 3697 post

716 3723 1052 3792 descriptam
1082 3734 1309 3775 exosum
1347 3719 1493 3777 illam
1549 3720 1842 3775 millenarii
1890 3721 2039 3787 regni
2072 3719 2280 3775 doctri-

715 3829 865 3879 nam,
901 3812 1283 3882 prolixamque
1325 3826 1391 3867 ea
1416 3813 1484 3867 de
1527 3827 1586 3867 re
1629 3813 1822 3868 lrenaei
1855 3812 2282 3883 argumentatio-

715 3920 863 3971 nem,
925 3920 1047 3973 qute
1092 3902 1206 3975 jam
1250 3904 1501 3959 absoluta
1550 3905 1859 3972 videbatur,
1918 3916 2282 3976 praeposterus

713 3998 973 4056 librarios
1019 4011 1207 4053 omnes
1245 3995 1525 4050 incessere
1573 3995 1802 4064 coeperit
1844 3997 2158 4065 scrupulus,
2210 3997 2284 4051 id-

716 4109 823 4165 que
870 4092 1098 4147 ulterius
1154 4086 1469 4145 describere
1521 4086 1798 4142 noluerint
1852 4088 1995 4152 quod
2051 4088 2120 4142 ad
2161 4103 2280 4143 eam

716 4187 1022 4242 doctrinam
1088 4181 1225 4237 nihil
1269 4189 1362 4236 aut
1431 4196 1621 4251 parum
1674 4190 1925 4249 spectare
1972 4180 2277 4236 videbatur.

718 4279 874 4334 llaud
897 4287 1045 4333 certe
1105 4274 1341 4329 attendit
1374 4276 1456 4328 vir
1496 4275 1873 4340 doctissimus,
1919 4274 2107 4329 lrenaei
2161 4289 2281 4330 sco-

715 4384 841 4439 pum
868 4369 919 4421 in
947 4366 1050 4421 hoc
1084 4365 1221 4419 libro
1250 4380 1281 4416 ν
1324 4380 1423 4418 nec
1472 4362 1665 4429 fuisse,
1714 4376 1813 4418 nec
1861 4378 1981 4418 esse
2014 4365 2279 4433 potuisse,

717 4478 784 4517 ex
845 4459 1023 4515 verbis
1064 4456 1267 4513 Christi
1308 4466 1362 4511 et
1389 4455 1620 4526 apostoli
1658 4454 1812 4509 Pauli
1869 4455 2087 4524 scriptis
2118 4472 2280 4524 gene-

2396 1962 2560 2000 unum
2593 1961 2647 2002 et
2692 1950 2941 2003 eumdem
2998 1948 3166 2004 Deum
3227 1951 3473 2015 Patrem,
3508 1967 3631 2007 eum
3680 1968 3839 2022 quem
3888 1955 3963 2005 ad

2391 2042 2668 2095 Abraham
2710 2043 2947 2096 locutum
2983 2044 3173 2108 fuisse,
3211 2057 3265 2099 et
3307 2046 3717 2116 legisdationem
3761 2046 3965 2102 fecisse

2384 2132 2494 2200 jam
2548 2137 2979 2190 demonstratum
3032 2136 3230 2203 fuerat,
3288 2140 3585 2193 novissimis
3637 2142 3964 2210 temporibus

2392 2220 2592 2280 Filium
2617 2243 2773 2280 suum
2813 2230 3037 2295 misisse,
3082 2240 3138 2283 ut
3180 2231 3399 2285 salutem
3431 2250 3533 2286 suo
3586 2235 3833 2302 plasntati
3860 2236 3967 2285 do-

2390 2329 2557 2385 naret,
2580 2321 2716 2389 quod
2742 2328 2817 2373 est
2870 2325 3047 2379 carnis
3100 2328 3416 2380 substantia.
3453 2326 3567 2381 lloc
3600 2327 3742 2381 enim
3795 2343 3966 2397 argu-

2392 2426 2653 2480 mentum,
2687 2429 2809 2468 cum
2840 2417 3075 2471 nondum
3102 2420 3234 2474 satis
3265 2421 3528 2475 hactenus
3554 2420 3964 2480 edisseruisset.

2390 2507 2610 2562 uberius
2663 2507 2800 2561 libro
2834 2524 2863 2561 ν
2902 2513 3337 2587 pertractandum
3384 2524 3779 2565 reservaverat.
3815 2510 3964 2564 Fuse

2392 2614 2521 2653 vero
2574 2605 2923 2669 pertractavit
2977 2606 3045 2659 ab
3106 2605 3262 2659 initio
3318 2619 3489 2672 usque
3544 2606 3609 2657 ad
3655 2614 3815 2672 caput
3869 2604 3962 2657 l7.

2388 2691 2631 2746 Alterum
2676 2703 2794 2748 erat
2872 2698 3013 2764 quod
3089 2696 3290 2750 Irenaeo
3335 2698 3602 2765 agendum
3686 2698 3959 2758 restabat,

2386 2781 2595 2836 scilicet
2622 2782 2851 2851 reliquos
2881 2802 3147 2839 sermones
3184 2786 3420 2851 Domini,
3445 2803 3574 2856 quos
3608 2787 3817 2856 quidem
3847 2802 3961 2839 non

2385 2890 2477 2940 per
2508 2876 2811 2941 parabolas,
2847 2879 2935 2931 sed
2950 2880 3255 2940 simpliciter
3279 2881 3407 2948 ipsis
3434 2882 3752 2933 dictionibus
3775 2883 3961 2932 docuit

2386 2969 2449 3020 de
2473 2965 2658 3035 Patre,
2692 2970 2991 3036 disponere.
3038 2974 3191 3038 Quod
3236 2974 3493 3040 prinstitit
3538 2989 3566 3026 a
3608 2988 3729 3042 cap.
3765 2974 3825 3027 l7
3858 2990 3950 3027 us-

2388 3076 2495 3130 que
2524 3065 2594 3118 ad
2624 3062 2714 3127 25,
2748 3081 2777 3119 a
2801 3082 2909 3134 quo
2935 3066 3000 3121 de
3030 3066 3389 3128 Antichristo,
3442 3076 3553 3119 tum
3588 3066 3651 3120 de
3706 3066 3958 3119 millcna-

2392 3159 2472 3213 rio
2500 3157 2700 3228 C_bristi
2749 3176 2917 3231 regno
2946 3177 3117 3230 usque
3160 3162 3225 3217 ad
3281 3162 3404 3214 libri
3468 3164 3630 3214 tinem
3679 3163 3945 3214 tlISSCI'CI't

2388 3250 2597 3321 incipit.
2631 3252 2864 3323 Scopum
2886 3256 3052 3325 igitur
3078 3272 3199 3309 cum
3221 3257 3469 3325 attigerit
3495 3256 3745 3319 lremeus,
3764 3259 3961 3310 tidem-

2386 3357 2492 3411 que
2521 3343 2855 3411 liberaverit,
2890 3345 3302 3401 lrustralibrum
3321 3348 3570 3417 quintum
3596 3364 3783 3417 magna
3801 3361 3963 3416 parte

2387 3434 2633 3488 mutilum
2655 3450 2775 3491 esse
2812 3440 3091 3493 contendit
3116 3438 3372 3495 Grabius.

2456 3525 2545 3581 55.
2578 3524 2655 3582 De
2711 3526 2919 3583 Latinis
2963 3531 3053 3601 qui
3098 3544 3389 3600 supersunt
3439 3532 3625 3586 lrenari
3673 3533 3961 3591 codicibus

2386 3632 2516 3672 mss.
2544 3618 2595 3673 in
2633 3617 2962 3675 Prtefatione
3005 3622 3263 3677 disserui.
3309 3623 3384 3679 De
3441 3623 3649 3679 Grtecis
3697 3626 3830 3680 nihil
3864 3638 3958 3682 est

2383 3711 2525 3778 quod
2568 3711 2780 3777 dicam;
2844 3712 2972 3766 nulli
3021 3716 3210 3779 enim,
3266 3716 3357 3785 qui
3412 3717 3601 3771 saltem
3640 3718 3749 3771 noti
3814 3718 3959 3784 sint,

2385 3802 2548 3857 hodie
2598 3814 2912 3871 supersunt.
2962 3804 3284 3871 Testantur,
3342 3810 3419 3862 ait
3472 3809 3864 3865 Feuardentius
3897 3813 3957 3867 in

2382 3896 2821 3955 Commonilione
2874 3901 2940 3954 ad
2994 3902 3224 3956 lectores
3263 3918 3373 3956 sua:
3415 3904 3640 3957 editioni
3702 3906 3956 3973 pra-lixa,

2385 3990 2625 4043 nonnulli
2646 3992 2721 4059 pii
2755 4003 2802 4045 et
2854 3994 2993 4045 docti
3039 3996 3159 4055 t'iri.
3204 4011 3258 4047 se
3303 3994 3545 4048 Crwcam
3591 3998 3855 4063 exemplar
3898 3998 3957 4051 in

2399 4081 2681 4137 Venetiana
2742 4083 3054 4137 bibliotheca
3089 4085 3304 4155 legisse;
3339 4088 3432 4140 alii
3475 4104 3680 4158 quoque
3707 4090 3761 4142 in
3795 4087 3950 4141 Vati-

2384 4172 2712 4224 canarisum
2763 4173 2981 4241 ferunt;
3025 4192 3141 4245 qua:
3195 4188 3390 4242 tamen,
3442 4180 3609 4243 addit,
3644 4180 3715 4233 ibi
3768 4191 3955 4246 postea

2383 4263 2583 4332 frustra
2609 4267 2827 4334 qua'sita
2857 4276 3000 4322 sunt.
3058 4270 3114 4322 In
3168 4267 3494 4324 bibliotheca
3529 4272 3746 4339 quidem
3798 4273 3957 4327 Vati-

2381 4371 2515 4411 cana
2567 4356 2769 4410 nullum
2802 4366 3021 4414 exstare
3048 4378 3147 4416 ms.
3191 4361 3377 4417 lremei
3400 4364 3642 4418 codicem
3676 4366 3955 4432 Graecum,

2384 4451 2489 4503 imo
2517 4451 2745 4519 necjam
2786 4453 3057 4518 Latinum,
3108 4464 3343 4509 constat.
3382 4455 3437 4509 In
3490 4456 3697 4511 Veneta
3730 4473 3858 4512 vero
3901 4462 3952 4514 si

711 4553 875 4607 ratim
908 4552 1309 4614 demonstrare,
1332 4563 1496 4601 unum
1520 4561 1642 4601 esse
1660 4547 1828 4601 Deum
1857 4548 2044 4602 mundi
2065 4558 2271 4603 crcato-
2308 4560 2351 4613 1)
2383 4541 2503 4607 quis
2526 4541 2758 4595 Γοΐδίιίιη
2790 4552 2957 4608 85861.
3012 4544 3155 4612 quod

2383 4541 2503 4607 quis
2526 4541 2758 4595 forsitan
2790 4552 2957 4608 esset,
3012 4544 3155 4612 quod
3207 4561 3315 4600 non
3366 4555 3533 4615 puto,
3581 4563 3678 4601 suo
3727 4549 3952 4615 pulvere

712 4663 853 4710 rem,
877 4646 1238 4712 eamdemque
1267 4642 1481 4696 Patrem
1512 4639 1821 4695 Servatoris
1868 4642 2061 4704 nostri,
2100 4656 2165 4695 ne
2188 4658 2276 4695 ac-

716 4752 829 4793 tum
854 4738 1229 4807 superioribus
1246 4736 1400 4791 libris
1416 4744 1623 4805 ageret.
1651 4734 1699 4786 ld
1720 4735 1832 4804 ipse
1846 4734 2085 4789 declarat
2102 4736 2151 4787 in
2174 4734 2276 4788 line

711 4833 838 4889 libri
865 4848 914 4885 tv
945 4846 960 4885 :
989 4830 1273 4896 Quoniam,
1300 4829 1497 4897 inquit,
1522 4828 1674 4881 multi
1699 4826 1907 4897 quidem
1936 4828 2146 4881 Domini
2170 4844 2277 4880 ser-

714 4940 893 4978 mones
916 4966 931 4989 ,
958 4939 1122 4976 unum
1152 4934 1325 4974 autent
1356 4932 1400 4975 et
1420 4923 1656 4975 eumdem
1686 4924 2004 4973 annuntiant
2036 4919 2274 4983 Patrem,

714 5019 968 5085 factorem
993 5014 1357 5082 mundiltnjus
1388 5032 1404 5078 ;
1440 5014 1767 5082 oportebntet
1788 5031 1882 5067 nos
1918 5023 2129 5079 prapter
2165 5031 2275 5075 eos,

710 5111 801 5180 qui
833 5110 886 5161 in
922 5107 1099 5159 multis
1135 5106 1403 5159 erroribus
1439 5108 1795 5168 continentur,
1833 5122 1925 5173 per
1954 5106 2118 5158 multa
2155 5123 2276 5157 con-

708 5213 909 5272 futare,
941 5202 987 5254 si
1013 5216 1114 5270 quo
1144 5200 1297 5253 modo
1330 5212 1536 5267 possent
1580 5217 1673 5267 per
1705 5202 1869 5253 multa
1908 5203 2167 5269 confutati
2208 5202 2275 5253 ad

710 5292 975 5349 veritatem
1026 5294 1284 5355 converti,
1323 5302 1370 5345 et
1403 5292 1620 5345 salrari.
1674 5292 1806 5358 Qua:
1848 5294 2011 5362 igitur
2065 5295 2273 5363 agenda

708 5387 1087 5458 supererant?
1133 5387 1246 5440 Duo
1296 5386 1454 5437 haec:
1508 5385 1557 5437 l°
1606 5398 1719 5452 post
1756 5386 1966 5440 Domini
2010 5404 2273 5440 sermones

704 5483 1023 5551 subiungere
1076 5494 1278 5547 quoque
1318 5478 1474 5529 Pauli
1517 5479 1845 5543 doctrinam,
1887 5491 1932 5531 et
1972 5482 2275 5532 examinare

704 5576 1017 5623 sententiam
1038 5574 1170 5637 ejus,
1196 5569 1566 5634 etApostolum
1585 5584 1860 5634 exponere,
1887 5578 1934 5619 et
1958 5582 2274 5635 quacunque

704 5666 768 5715 ab
790 5662 1056 5715 litareticis
1117 5662 1169 5713 in
1228 5672 1397 5713 totum
1448 5675 1550 5710 non
1612 5659 2022 5725 intelligentibus
2076 5675 2193 5725 qua:
2243 5674 2274 5710 a

708 5755 881 5808 Paulo
914 5755 1054 5804 dicta
1088 5764 1231 5815 sunt,
1284 5753 1419 5804 alias
1447 5761 1755 5818 aCreperunt
1793 5751 2269 5818 interpretationes,

702 5850 1011 5916 erIanare,
1036 5858 1079 5901 et
1113 5848 1428 5903 dementiam
1464 5847 1833 5902 insensationis
1885 5862 2063 5901 eorum
2092 5859 2268 5901 osten-

2380 4633 2621 4702 s0pultus
2660 4644 2924 4693 aeternum
2959 4634 3189 4703 iaceret.
3239 4637 3427 4702 Neque
3491 4639 3632 4692 enim
3674 4640 3830 4695 istius
3865 4638 3954 4694 bi-

2380 4726 2664 4779 bliotheca:
2693 4726 2975 4782 codicibus
3006 4728 3178 4783 lucem
3207 4730 3451 4796 aspicere
3476 4730 3829 4796 permittitur.
3852 4730 3951 4787 Sic

2380 4820 2585 4872 factum
2640 4830 2743 4885 est,
2806 4830 2865 4874 ut
2921 4821 3254 4891 archetypos
3310 4820 3401 4876 ille
3461 4822 3687 4877 Graecus
3739 4831 3948 4888 textus,

2381 4914 2534 4983 longe
2565 4913 2865 4981 elegantior
2909 4924 2965 4970 et
3004 4914 3196 4982 majori
3231 4916 3283 4968 in
3324 4916 3501 4983 pretio
3552 4917 3694 4986 apud
3734 4926 3948 4970 veteres

2380 5020 2541 5069 quam
2569 5002 2814 5068 Latinus,
2840 5005 2997 5075 lange
3023 5006 3245 5076 saepius,
3278 5007 3502 5072 diutius,
3543 5016 3597 5060 et
3621 5023 3648 5059 a
3700 5007 3949 5077 pluribus

2379 5097 2583 5153 Gtwcis
2626 5102 3002 5168 transcriptus,
3055 5103 3212 5156 tritus
3261 5110 3315 5155 et
3359 5102 3579 5164 citatus,
3638 5116 3803 5170 quam
3851 5118 3947 5156 us-

2380 5205 2539 5254 quam
2572 5191 2734 5247 fuerit
2789 5209 2817 5245 a
2864 5193 3075 5248 Latinis
3140 5194 3515 5261 interpretatio
3551 5193 3766 5258 Latina,
3826 5210 3949 5265 quae

2379 5283 2628 5353 Gregorii
2654 5286 2717 5338 Μ.
2747 5296 2911 5339 aetate
2939 5289 3075 5341 adeo
3108 5303 3233 5339 rara
3266 5296 3403 5352 erat,
3438 5298 3496 5342 ut
3538 5287 3667 5341 nulli
3702 5290 3948 5357 ejusdem

2379 5376 2592 5428 codices
2642 5378 2867 5445 reperiri
2926 5378 3236 5445 potuerint.
3282 5378 3385 5430 hac
3447 5386 3624 5430 tamen
3682 5378 3828 5431 salva
3891 5391 3955 5435 et

2380 5470 2673 5536 superstite
2706 5470 2950 5537 perierit.
2988 5467 3135 5522 Illius
3190 5470 3465 5522 enimnon
3500 5480 3705 5522 tantum
3740 5470 3957 5540 Grego.

2379 5563 2442 5615 rii
2480 5577 2612 5627 aevo,
2639 5570 2731 5616 sed
2757 5564 2846 5617 diu
2880 5573 3017 5631 post,
3057 5562 3369 5631 frequentes
3419 5565 3679 5618 exstitere
3707 5566 3953 5633 codices,

2379 5663 2435 5705 nt
2462 5665 2609 5722 patct
2648 5670 2713 5708 ex
2746 5656 3014 5710 Gertnano
3069 5656 3689 5725 Constantinopolitano,
3723 5657 3952 5723 Photio,

2380 5749 2589 5804 Joanne
2625 5750 2965 5805 Damasceno
2995 5759 3048 5803 et
3078 5750 3195 5803 aliis
3222 5751 3489 5820 pluribus,
3522 5752 3609 5819 qui
3644 5752 3787 5805 hunc
3814 5753 3956 5806 alle-

2378 5852 2577 5911 garunt
2614 5861 2625 5898 :
2655 5860 2964 5914 quanquam
3033 5856 3209 5900 tamen
3261 5859 3365 5899 non
3401 5844 3705 5901 existimem
3740 5858 3805 5899 ca
3834 5861 3956 5902 om-
