4196 6330
205 399 312 456 237

776 398 1234 455 DlSSERTATIO
1275 396 1338 461 ll,
1381 397 1540 452 ΛΒΤ.
1580 389 1648 459 ιι,
1690 394 1776 449 DE

1886 391 2064 449 ΕΝᾸΞΙ
2100 394 2325 449 LIBRIS
2364 393 2521 451 ADV.
2560 390 2927 452 HERESES.

3363 394 3469 451 238

204 523 293 577 nia
356 520 547 576 (ἐπ-τερα
630 519 816 574 Ιτειιαξί
878 520 1179 589 fragmenta
1258 532 1377 586 quae
1434 518 1486 571 in
1568 514 2011 579 JoannisAquze
2060 512 2319 566 continua
2378 528 2501 565 esse
2538 514 2918 571 debebant.et
2949 514 3251 585 saepissime
3304 517 3373 571 ab
3407 518 3472 571 iis

207 612 531 667 Damasceni
594 627 698 665 ms.
762 613 884 665 cod.
954 612 1378 665 Claromontano
1452 612 1653 664 inserta
1702 608 1782 662 le-

203 714 430 774 guntur,
457 704 523 758 ab
551 705 665 772 ipso
684 704 892 758 Joanne
923 704 1261 758 Damasceno
1291 704 1566 771 exscripta
1595 701 1782 755 fuisse.

202 796 250 851 A
280 795 472 851 Graeco
502 798 794 851 recentiori
822 798 1050 851 collecta
1110 796 1274 851 fuisse
1334 796 1609 851 videntur.
1672 793 1783 849 Sed

205 889 272 942 de
302 888 407 943 hoc
467 887 643 944 fusius
701 890 925 944 disserit
986 890 1030 943 is
1089 890 1182 959 qui
1239 896 1439 943 ueram
1492 886 1784 942 editionem

201 994 428 1047 operum
464 981 522 1035 S.
552 979 783 1036 Joannis
807 981 1132 1036 Damasceui
1194 983 1502 1045 adornavit,
1538 981 1624 1033 vir
1653 994 1784 1035 eru-

204 1072 413 1125 ditione
441 1073 750 1142 singulari,
779 1090 880 1128 nec
912 1074 1107 1127 minori
1162 1074 1503 1127 humanitate
1555 1072 1783 1141 cormpi-

204 1179 362 1229 citus,
382 1166 445 1219 R.
482 1166 540 1219 Ρ.
568 1165 793 1221 Michael
830 1164 1782 1234 Lequieu,ordinisPrzedicatorum,

207 1262 250 1308 ι.
282 1251 321 1307 ll
354 1254 598 1322 eiusdem
619 1258 898 1311 editionis.
946 1256 1086 1312 Sunt
1140 1259 1231 1327 qui
1276 1266 1508 1326 putant,
1540 1273 1639 1311 nec
1686 1257 1786 1310 im-

204 1348 585 1417 probabiliter,
635 1360 834 1417 praeter
866 1348 1119 1404 Latinam
1178 1350 1422 1418 quinque
1473 1348 1659 1403 Irenari
1713 1341 1784 1401 li-

204 1441 429 1495 brorum
484 1438 1016 1511 interpretationem,
1067 1439 1297 1497 alteram
1349 1443 1634 1515 Syriacam
1684 1456 1782 1495 ex-

202 1534 431 1589 sti:isse.
483 1533 615 1588 Nam
672 1532 910 1604 Ephrem
974 1533 1240 1591 diaconus
1305 1536 1645 1601 Edessenus,
1688 1534 1781 1604 qui

203 1624 392 1683 Graece
439 1630 738 1691 nesciebat,
800 1630 1071 1699 integrum
1117 1644 1185 1683 ex
1245 1629 1341 1682 lib.
1391 1645 1429 1692 ι,
1478 1642 1529 1683 c.
1562 1629 1616 1695 8,
1654 1629 1781 1689 n.1,

204 1719 379 1774 locum
405 1720 723 1791 exscripsit,
773 1722 1112 1790 inseruitque
1140 1718 1384 1791 capitulo
1409 1722 1442 1776 8
1490 1713 1785 1774 Tractatus

200 1812 283 1866 De
309 1815 539 1879 virtute;
571 1815 663 1883 qui
701 1814 919 1884 quidem
975 1811 1271 1868 Tractatus
1318 1815 1367 1867 ei
1407 1811 1568 1883 vulgo
1613 1812 1784 1873 ascri-

202 1907 377 1969 bitur,
414 1922 537 1972 nec,
569 1879 698 1975 quin
723 1879 733 1884 I
757 1908 1084 1973 ascribatur,
1123 1907 1426 1977 quidquam
1490 1879 1782 1976 repugnat.
1820 1879 1861 1933 Β

275 1998 367 2053 56.
402 1996 464 2053 Id
509 2013 637 2053 vero
682 2000 901 2067 utrique
952 1999 1164 2065 tenui,
1218 2008 1331 2052 tum
1378 1996 1612 2065 Graeco,
1671 2007 1784 2050 tum

202 2090 403 2146 Latino
426 2106 714 2146 commune
746 2090 867 2157 fuit,
924 2102 983 2145 ut
1021 2091 1228 2145 divisus
1259 2091 1481 2161 quidem
1521 2092 1575 2145 in
1614 2088 1787 2146 libros

196 2186 469 2255 quinque,
502 2184 666 2238 nullis
692 2199 821 2238 vero
849 2183 1148 2253 capitibus,
1204 2192 1297 2237 aut
1335 2185 1583 2254 capitum
1622 2191 1787 2253 argu-

202 2278 411 2332 mentis
448 2272 739 2332 distinct‘us
796 2277 1088 2346 prodierit.
1142 2271 1495 2332 Divisionem-
1536 2277 1587 2331 in
1618 2275 1787 2330 libros

205 2371 449 2440 quinque
474 2371 681 2426 indicat
727 2370 844 2440 ipse
874 2371 1112 2426 lreneeus
1165 2372 1218 2425 in
1262 2370 1368 2425 fine
1423 2382 1473 2425 et
1500 2370 1658 2425 initio
1686 2387 1785 2425 cu-

209 2462 399 2531 iisque
430 2460 575 2528 libri,
598 2460 688 2517 ubi
714 2460 935 2530 insuper
960 2460 1271 2516 summatim
1299 2460 1545 2530 repetitis
1570 2460 1636 2516 iis
1661 2468 1783 2529 quae

196 2554 534 2626 praecedenti
564 2552 705 2608 libro
727 2562 1182 2624 pertractaverat,
1203 2551 1480 2624 sequentis
1493 2564 1783 2622 argumen-

201 2659 320 2701 tum
349 2645 589 2703 dilucide
615 2660 678 2701 ac
710 2644 949 2702 breviter
981 2646 1179 2715 aperit.
1228 2642 1335 2699 Sed
1367 2645 1624 2713 deinceps
1648 2657 1785 2699 con-

201 2737 417 2795 tinuum
448 2738 981 2810 proceditoratiornis
1025 2731 1195 2804 ﬁlum,
1227 2739 1412 2807 sicque
1441 2740 1779 2802 contextum,

201 2841 264 2887 ut
293 2832 440 2886 nulla
472 2832 785 2901 partitionis
810 2830 1182 2900 cujuscunque
1233 2844 1294 2884 se
1338 2830 1573 2901 prodant
1615 2833 1784 2886 'v’esti-

198 2925 311 2994 gia,
368 2918 527 2977 nulla:
580 2921 952 2987 transitiones,
990 2930 1085 2976 aut
1118 2921 1264 2975 aliud
1305 2923 1583 2991 Quidpiam
1636 2924 1782 2993 quod

1890 605 2072 659 verbis
2102 620 2296 659 novum
2331 615 2492 675 caput
2542 604 2866 675 inceperim,
2906 624 3025 676 qua:
3069 609 3159 663 vix
3188 610 3307 664 colo
3353 610 3469 664 dis-

1896 698 2191 767 tinguenda
2248 706 2403 750 erant
2441 712 2467 749 a
2497 701 2955 765 praecedentibus.
2990 698 3109 756 Uno
3144 704 3313 757 verbo
3351 713 3470 761 lex-

1886 799 2001 844 tum
2032 791 2232 845 misere
2291 791 2622 853 lacerarunt,
2681 793 2862 859 potius
2915 808 3076 862 quam
3130 795 3466 851 diviserunt.

1890 868 2059 951 llujus
2091 884 2165 936 rei
2212 885 2645 951 experimentum
2704 885 2821 938 lieri
2880 897 3057 954 potest
3106 888 3156 941 in
3210 890 3467 946 omnibus

1887 989 2007 1042 quae
2050 976 2315 1029 hactenus
2371 976 2696 1043 prodierunt
2728 976 2921 1030 Irenaei
2963 979 3317 1035 editionihus.
3355 982 3465 1037 Eae

1888 1068 2011 1121 dem
2065 1066 2256 1135 judicii
2294 1070 2612 1123 maturitate
2642 1077 2803 1137 atque
2834 1071 3054 1125 solertia
3111 1075 3461 1142 concinnata,

1890 1169 2009 1229 quae
2038 1162 2267 1231 singulis
2327 1171 2563 1230 quatuor
2592 1160 2836 1229 priorum
2894 1162 3153 1219 librorum
3191 1158 3466 1236 capitibus

1891 1254 2107 1321 praeﬁxa
2146 1253 2398 1323 leguntur
2440 1263 2788 1322 argumenta.
2848 1254 2924 1309 Ex
2984 1258 3187 1314 veteris
3241 1261 3462 1331 quidem

1889 1345 2206 1415 interpretis
2248 1349 2429 1403 verbis
2461 1351 2787 1421 plerumque
2816 1351 3034 1405 condita
3098 1362 3246 1421 sunt,
3301 1357 3464 1411 novis

1887 1447 2069 1495 tamen
2101 1456 2206 1494 non
2236 1456 2358 1495 raro
2390 1441 2673 1499 fabricatis
2703 1485 2717 1507 ,
2748 1447 2909 1515 quasi
2948 1445 3013 1499 de
3064 1446 3320 1504 barbarie
3344 1459 3465 1503 ser-

1888 1532 2065 1586 monis
2110 1534 2393 1590 contentio
2428 1534 2656 1600 ruisset;
2705 1538 2798 1591 sed
2856 1539 2992 1592 adeo
3033 1538 3238 1593 insulse
3299 1550 3467 1611 atque

1890 1625 2070 1692 inepte
2103 1626 2388 1697 disposita,
2420 1637 2479 1683 ut
2503 1630 2806 1700 saepissime
2838 1630 2919 1683 vel
2946 1632 3082 1685 nihil
3106 1634 3283 1688 minus
3301 1644 3467 1704 quam

1888 1718 2118 1785 subjecti
2170 1722 2367 1791 capitis
2424 1733 2649 1792 scopum
2698 1733 2862 1794 atque
2912 1728 3208 1781 censilium
3243 1770 3257 1791 ,
3296 1730 3380 1784 vel
3410 1728 3469 1786 id

1890 1822 2198 1879 perperam,
2230 1811 2312 1865 vei
2344 1812 2672 1867 levissimam
2704 1815 2971 1870 duntaxat
3026 1817 3273 1888 ejusdem
3292 1819 3471 1888 partid

1890 1903 2089 1967 culam,
2119 1917 2349 1974 eamque
2382 1906 2561 1961 minus
2605 1908 2955 1976 praecipuam,
2981 1909 3278 1966 lectoribus
3313 1912 3470 1968 exbi-I

1888 1995 2071 2051 beant.
2104 1996 2498 2065 Antiquissima
2531 2000 2750 2067 quidem
2781 2016 2843 2055 ea
2888 2014 3014 2057 esse
3061 2014 3168 2057 non
3222 2018 3464 2075 negave-

1889 2090 2014 2152 rim,
2050 2096 2235 2158 utpote
2266 2105 2388 2161 quas
2428 2090 2482 2144 in
2516 2092 2931 2149 'vetustioribus
2979 2094 3286 2165 quibusque
3329 2112 3464 2154 mss.

1888 2182 2196 2246 codicibus,
2224 2188 2538 2253 quanquam
2574 2185 2679 2239 alia
2707 2194 2875 2256 atdue
2896 2187 3001 2242 alia
3048 2189 3265 2245 ratione
3290 2189 3467 2245 collo-

1888 2279 2387 2334 cata,occurrant.
2442 2272 2551 2329 Sed
2598 2278 2977 2345 quamtumvis
3030 2280 3258 2348 antiqua
3314 2282 3466 2345 sint.

1889 2374 1954 2416 ex
1986 2375 2092 2431 quo
2123 2373 2333 2418 certqu
2382 2378 2466 2419 est
2512 2365 2775 2422 Irenaum
2827 2370 3003 2438 ipsum
3037 2381 3320 2427 auctorem
3358 2390 3464 2427 non

1891 2454 2121 2518 habere,
2167 2456 2578 2527 lectoribusque
2652 2462 2996 2518 incommodo
3066 2464 3251 2533 potius
3298 2481 3463 2533 quam

1890 2542 2198 2601 levamento
2228 2562 2371 2611 esse,
2399 2549 2543 2602 haud
2576 2549 2735 2603 aliter
2763 2553 3058 2619 spectanda
3089 2568 3253 2624 quam
3279 2564 3339 2609 ut
3365 2557 3468 2610 int-

1892 2638 2052 2708 periti
2083 2639 2389 2710 cujuspiam
2410 2650 2547 2711 opus
2566 2642 2640 2697 illi
2665 2642 2853 2698 irenzei
2887 2658 3171 2716 perperam
3199 2647 3468 2703 additum.

1959 2731 2051 2787 57.
2096 2731 2325 2802 Utrique
2354 2734 2519 2802 malo,
2558 2736 2753 2808 inepta!
2784 2738 3038 2794 videlicet
3057 2737 3246 2794 lreumi
3279 2749 3466 2797 textus

1888 2824 2253 2889 divisioni,et
2293 2825 2656 2895 ineptioribus
2709 2828 2891 2885 adhuc
2943 2833 3285 2901 argumentis
3339 2848 3471 2891 cond

1886 2917 2175 2973 sulendum
2205 2934 2327 2973 esse
2379 2920 2584 2975 dudum
2640 2933 2869 2977 censent
2896 2924 3120 2980 eruditi.
3158 2924 3465 2983 Posteriori

197 3015 401 3085 capitis
435 3015 597 3070 unius
648 3014 811 3069 linem
839 3025 895 3069 et
922 3014 1165 3079 initium,
1218 3025 1313 3068 aut
1357 3017 1559 3087 stylum
1603 3016 1782 3071 inter-
1879 3011 1994 3082 jam
2023 3012 2376 3067 consuluerat
2404 3011 2645 3069 Joannes
2698 3011 2937 3070 Iacobus
2967 3014 3236 3087 Grynaeus
3277 3017 3332 3073 in
3367 3034 3467 3074 sua

200 3117 423 3178 ruptum
491 3108 704 3177 probet.
759 3105 899 3162 Hinc
948 3107 1042 3177 qui
1095 3122 1128 3162 e
1178 3106 1459 3163 veteribus
1516 3107 1779 3164 lrenmum

1886 3106 2071 3161 lrenaei
2110 3107 2382 3173 editione;
2420 3123 2545 3161 nam
2602 3108 2886 3165 veteribus
2922 3112 3160 3167 maxima
3211 3127 3277 3167 ex
3308 3124 3465 3183 parte

198 3199 530 3271 allegaruut,
585 3196 875 3289 Eusebius,
927 3200 1271 3271 Epiphanius
1303 3242 1318 3266 ,
1372 3199 1778 3270 Theodoretus,
1810 3234 1854 3296 Ο
1886 3199 2136 3263 sublatis,
2167 3212 2355 3264 novas,
2392 3210 2596 3269 easque
2624 3202 2866 3270 aptiores
2911 3201 3152 3272 capitum
3202 3205 3471 3278 περιοχὰς

198 3296 542 3365 Augustinus
567 3303 622 3349 et
648 3286 740 3348 alii
793 3290 992 3349 librum
1049 3306 1193 3365 saepe
1258 3294 1785 3367 designant,caput

200 3402 334 3445 vero
360 3399 457 3444 aut
488 3388 724 3458 quodvis
761 3388 902 3444 alius
928 3388 1218 3445 divisionis
1255 3407 1450 3459 genus,
1484 3409 1779 3463 nusquam.

200 3474 341 3536 ﬂint:
367 3481 538 3534 etiam
568 3480 623 3535 in
650 3480 908 3536 omnibus
936 3496 1069 3535 mss.
1092 3478 1375 3537 Codicibus
1401 3476 1617 3539 Latinis
1644 3484 1783 3540 liber

194 3574 426 3644 quintus
455 3572 719 3627 continuo
747 3584 850 3628 nec
884 3574 1190 3642 interrupto
1226 3576 1368 3645 stylo
1421 3580 1490 3631 ab
1521 3578 1679 3633 initio
1714 3579 1780 3632 ad

201 3662 369 3718 tinem
428 3669 603 3732 usqtte
658 3664 930 3733 procedit,
963 3662 1219 3734 nullaque
1251 3676 1517 3736 apparent
1574 3669 1778 3737 capita,

195 3756 550 3826 capitumque
574 3763 915 3824 argumenta.
944 3750 1105 3827 [CIV]
1138 3755 1308 3811 Primi
1341 3760 1587 3812 omnium
1636 3760 1780 3815 hunc

197 3849 253 3903 in
321 3849 507 3918 capita
562 3857 862 3903 secuerunt
914 3848 1189 3904 Gallasius
1236 3859 1294 3903 et
1351 3842 1778 3915 Feuardentius.

194 3954 521 4015 quanquam
551 3958 654 3999 nec
708 3943 900 3999 eodem
948 3942 1142 4009 modo,
1201 3944 1424 4014 praeﬁxo
1484 3947 1782 4017 unicuique

197 4034 361 4106 capiti
390 4050 492 4091 suo
525 4044 874 4106 argumento.
907 4031 1041 4089 Nam
1073 4046 1232 4091 antea
1269 4032 1529 4094 Erasmus
1555 4049 1610 4095 et
1636 4032 1781 4112 Gry-

197 4144 347 4184 naeus
376 4124 577 4184 librum
610 4128 755 4184 hunc
780 4122 1090 4193 ediderant,
1120 4132 1337 4198 qualem
1376 4148 1503 4189 mss.
1538 4130 1757 4188 codices

194 4224 553 4279 exhibebant.
608 4222 745 4277 Hinc
789 4222 1023 4292 denique
1070 4236 1171 4278 nec
1220 4230 1272 4277 in
1308 4220 1429 4279 aliis
1480 4219 1653 4291 libris,
1724 4229 1777 4281 in

195 4317 439 4370 secundo
458 4315 792 4385 praesertim,
814 4330 999 4370 secum
1019 4316 1251 4370 invicem
1274 4319 1627 4373 consentiunt
1647 4335 1775 4374 mss.

195 4407 452 4471 codices,
486 4407 539 4460 in
572 4407 771 4476 quibus
805 4401 912 4462 alia
944 4412 1108 4477 atque
1143 4405 1247 4462 alia
1280 4409 1477 4464 divisio
1499 4412 1776 4477 occurrit;

195 4501 250 4555 in
268 4501 352 4555 bis
371 4499 617 4568 longiora
638 4500 838 4570 capita,
865 4501 919 4554 in
945 4500 1051 4555 illis
1070 4500 1321 4555 breviora
1344 4519 1358 4568 ;
1380 4502 1432 4555 in
1460 4500 1579 4557 istis
1604 4503 1779 4572 major

1886 3290 2106 3359 adjecit.
2139 3292 2427 3362 Displicuit
2450 3293 2741 3347 consilium
2772 3294 3172 3363 Fenardentlo,
3210 3315 3335 3354 nam
3369 3314 3463 3356 ve-

1889 3396 2034 3440 teres
2087 3387 2391 3440 summulas
2452 3386 2726 3451 restituit;
2788 3398 2854 3443 eo
2892 3390 3139 3455 nomine,
3197 3403 3255 3446 ut
3315 3404 3467 3464 puto,

1884 3476 2030 3545 quod
2061 3479 2297 3546 antiqua:
2338 3486 2525 3532 essent
2559 3496 2573 3532 :
2603 3480 2761 3548 quasi
2793 3482 2959 3535 rebus
2988 3480 3242 3538 absurdis
3271 3494 3468 3539 aucto-

1888 3570 2104 3624 ritatem
2141 3580 2196 3625 et
2229 3570 2463 3639 pretium
2524 3572 2752 3627 adderet
2803 3574 3124 3642 antiquitas.
3182 3573 3470 3646 Displicuit

1886 3672 1938 3717 et
1963 3659 2171 3717 Grabio
2200 3704 2215 3729 ,
2245 3663 2338 3732 qui
2373 3663 2516 3717 male
2539 3678 2569 3717 a
2597 3663 2830 3735 Grynaio
2857 3665 3065 3721 factum
3115 3660 3292 3736 palam
3342 3686 3469 3740 pros

1886 3752 2120 3808 nuntiat.
2154 3753 2238 3808 An
2297 3769 2431 3810 vero
2477 3753 2671 3810 melius
2700 3772 2729 3809 a
2761 3751 2965 3813 Grahlo
2995 3757 3151 3829 ipso?
3177 3756 3456 3817 Iudicium

1884 3861 2051 3917 penes
2090 3848 2323 3904 lectores
2379 3856 2516 3904 esto.
2570 3848 2665 3905 Sic
2714 3851 2861 3904 enim
2907 3859 3094 3908 vetera
3146 3869 3469 3925 argumenta

1886 3940 2150 4007 restituit,
2188 3949 2247 3994 ut
2297 3948 2478 4012 spreta
2523 3940 2775 3997 codicum
2840 3946 3194 4011 auctoritate,
3225 3962 3333 4019 qua
3385 3960 3470 4005 tas

1886 4044 2009 4089 men
2050 4034 2167 4091 sola
2199 4033 2375 4090 fretus
2408 4034 2691 4092 retinenda
2722 4051 2785 4091 ea
2826 4052 2948 4093 esse
2977 4042 3213 4108 censuit,
3243 4047 3471 4114 proprio

1884 4127 2153 4182 arbitratu
2197 4128 2555 4198 disposuerit,
2605 4132 3149 4203 transposueritque,
3185 4134 3465 4191 interdum

1886 4230 1995 4277 uno
2021 4231 2077 4277 et
2108 4224 2303 4277 eOdem
2338 4223 2390 4275 iu
2420 4221 2576 4292 plura
2612 4222 2876 4293 dissecto,
2912 4224 3187 4283 interdum
3216 4228 3468 4298 pluribus

1886 4316 1938 4369 in
1967 4331 2134 4368 unum
2166 4321 2467 4385 congestis.
2498 4316 2578 4372 Ex
2638 4333 2751 4387 quo
2806 4318 3040 4385 iactatu,
3100 4330 3162 4375 ut
3219 4320 3468 4392 pluribus

1885 4408 2157 4481 capitibus
2184 4404 2478 4480 aliquando
2508 4414 2677 4479 idem,
2707 4408 3005 4485 aliquando
3056 4420 3223 4474 etiam
3255 4417 3463 4476 nullum

1884 4504 2111 4559 omnino
2138 4545 2153 4568 ,
2186 4504 2482 4573 aliquando
2525 4508 2670 4575 quod
2723 4509 2861 4563 nihil
2892 4520 2989 4563 aut
3018 4526 3210 4579 parum
3265 4523 3468 4569 conve-

193 4597 438 4666 capitunt
472 4610 751 4657 numerus,
812 4595 862 4647 in
902 4594 1008 4649 illis
1053 4594 1254 4649 minor.
1303 4595 1474 4661 Quam
1526 4598 1774 4649 etiamin
1809 4586 1852 4640 ῐ)
1883 4598 1998 4649 aiat
2028 4636 2043 4663 ,
2096 4609 2479 4663 argumentum
2547 4600 2888 4671 prmﬁgatur.
2951 4596 3147 4660 Tutius
3193 4602 3339 4661 forte
3395 4604 3466 4662 ah

193 4704 322 4745 suos
350 4687 573 4744 codices
610 4689 868 4743 invexere
897 4688 1227 4743 divisionem
1260 4692 1593 4744 recentiores
1619 4688 1773 4744 Grae-

194 4784 267 4848 ci,
297 4799 325 4836 a
356 4781 549 4837 Latina
583 4783 773 4850 procul
828 4781 1180 4846 discedebat;
1236 4783 1532 4835 minutiora
1569 4784 1779 4854 quippe

194 4876 345 4931 illius
373 4890 536 4945 quam
576 4876 734 4945 hujus
761 4876 961 4944 capita,
1014 4886 1073 4929 ut
1124 4875 1361 4931 solerter
1410 4876 1619 4947 colligit
1647 4878 1780 4931 doc-

198 4967 442 5020 tissimus
478 4964 715 5020 Grabius
755 4982 819 5018 ex
862 4964 1118 5035 Procopii
1160 4965 1336 5020 Gazaei
1368 4965 1663 5021 Comment.
1723 4967 1777 5019 in

193 5073 314 5125 cap.
378 5072 435 5110 Ill
491 5054 769 5121 Ceneseas,
824 5059 910 5111 ubi
965 5073 1027 5112 ea
1084 5072 1203 5126 qua).
1257 5058 1490 5113 lrenznus
1545 5052 1635 5111 lib.
1692 5073 1775 5122 nt,

194 5166 317 5221 cap.
346 5148 418 5203 25
448 5148 607 5218 (alias
664 5150 778 5219 58),
818 5165 873 5202 ιι.
929 5149 982 5212 5,
1014 5152 1081 5205 de
1109 5148 1337 5218 pelliceo
1365 5149 1559 5204 Adami
1612 5150 1779 5205 vesti-

192 5254 383 5301 mento
434 5244 617 5310 docet,
673 5255 929 5312 tauquam
980 5258 1045 5297 ex
1081 5258 1203 5313 cap.
1259 5244 1327 5299 59
1372 5253 1426 5297 et
1454 5242 1523 5298 65
1550 5244 1773 5313 allegat.

190 5339 405 5407 Quibus
431 5338 687 5392 omnibus
740 5339 792 5390 id
829 5336 1143 5401 coniicitur,
1208 5338 1469 5391 lrenmum
1508 5339 1573 5391 de
1626 5347 1773 5391 textu

190 5435 247 5487 in
286 5441 440 5486 certa
469 5431 644 5501 capita
676 5431 971 5483 dividendo
1000 5447 1065 5483 ne
1090 5431 1361 5500 cogitasse
1390 5430 1635 5498 quidem,
1669 5432 1777 5484 imo

188 5540 293 5580 nec
314 5535 555 5578 veterem
586 5525 963 5592 interpretem.
996 5522 1293 5578 Divisiouis
1314 5523 1472 5589 hujus
1493 5534 1773 5589 auctores,

192 5618 531 5673 recentiores
548 5617 790 5686 quipiam
821 5658 834 5681 ,
864 5632 957 5669 seu
1015 5617 1225 5671 librarii
1260 5658 1275 5681 ,
1312 5632 1405 5670 seu
1436 5616 1527 5670 alii
1559 5616 1771 5685 quivis;

189 5713 281 5765 sed
304 5714 443 5766 adeo
475 5710 1055 5780 imperiti,judicioque
1078 5710 1346 5769 destituti,
1368 5722 1425 5763 ut
1445 5712 1625 5764 omnia
1656 5726 1773 5765 sus—

192 5822 295 5873 que
322 5807 499 5875 deque
526 5805 849 5866 miscentes,
881 5804 1258 5871 orationisque
1286 5802 1433 5855 tilum
1469 5811 1677 5856 temere
1708 5817 1769 5854 ac

195 5916 475 5969 perperam
532 5898 939 5967 abrumpentes,
974 5912 1033 5951 ca
1086 5898 1405 5968 plerumque
1460 5898 1757 5963 secuerint,

1883 4685 2137 4741 omnibus
2176 4689 2241 4741 iis
2270 4688 2633 4744 incommodis
2687 4702 2809 4745 sese
2851 4693 3166 4761 expediret,
3192 4696 3284 4765 qui
3346 4710 3463 4751 rem

1883 4784 1949 4836 ad
1978 4779 2166 4836 lrenmi
2198 4783 2509 4837 institutum
2542 4796 2831 4849 revocans,
2882 4798 3092 4842 textum
3147 4788 3266 4855 ejus
3298 4792 3466 4846 nullis

1882 4876 2151 4945 capitibus
2183 4887 2239 4931 et
2292 4878 2631 4947 argumentis
2683 4874 3002 4934 distinctum
3062 4884 3271 4937 ederet.
3306 4882 3463 4940 Haec—

1882 4985 1988 5038 que
2020 4970 2123 5023 fuit
2148 4970 2436 5023 doctorum
2466 4967 2675 5040 aliquot
2716 4972 3040 5037 hominum,
3071 4989 3209 5043 quos
3254 4993 3463 5033 consu-

1882 5065 2107 5128 luimus,
2138 5064 2229 5120 sed
2261 5077 2583 5134 paucorum,
2615 5068 2908 5125 sententia.
2948 5068 3055 5121 Alii
3097 5084 3226 5125 vero
3249 5109 3268 5136 ,
3317 5071 3466 5141 iique

1883 5159 2051 5213 multo
2094 5159 2298 5227 plores,
2365 5175 2519 5215 secus
2561 5175 2816 5226 sensere;
2848 5178 3149 5233 eorumque
3192 5164 3461 5233 judicium

1880 5252 2203 5320 prawaluit,
2250 5246 2353 5305 hac
2400 5253 2745 5321 potissimum
2782 5256 2996 5308 ratione
3047 5257 3260 5320 nixum,
3314 5256 3461 5325 quod

1881 5344 2050 5398 lector
2102 5344 2356 5397 divisioni
2397 5354 2453 5399 et
2504 5348 2843 5414 argumentis
2887 5346 3005 5416 jam
3062 5358 3319 5403 assuetus
3355 5366 3461 5404 non

1881 5442 2150 5494 modicam
2180 5454 2245 5491 ex
2278 5440 2365 5505 iis,
2416 5440 2461 5491 si
2519 5438 2681 5491 modo
2740 5448 2892 5492 recte
2942 5439 3097 5506 iiant,
3157 5438 3457 5495 utilitatem

1881 5534 2132 5602 colligere
2160 5531 2349 5599 possit.
2391 5528 2574 5596 Quare
2636 5544 2772 5583 nova
2800 5543 2856 5584 et
2891 5532 3252 5585 commodiori
3309 5535 3463 5603 capi-

1882 5637 1990 5680 tum
2026 5629 2272 5680 instituta
2322 5625 2610 5686 divisione,
2673 5640 2809 5676 nova
2845 5624 3075 5693 singulis
3134 5638 3458 5695 argumenta

1882 5720 2232 5786 przeliximus,
2271 5718 2467 5785 quibus
2520 5714 2949 5784 uniuscujusque
2994 5730 3193 5783 scopus
3224 5726 3276 5771 et
3326 5734 3463 5772 con-

1878 5812 2055 5866 silium
2099 5811 2318 5864 lectoris
2350 5812 2522 5861 oculis
2560 5809 2869 5861 summatim
2903 5808 3219 5875 exhibetur,
3260 5823 3312 5864 ut
3341 5813 3452 5881 jam

1877 5908 1929 5965 in
1963 5907 2287 5963 Prmhtione
2320 5908 2577 5962 diximus.
