4196 6330
777 385 881 440 9.39

1550 375 2138 437 DlSSERTATIONES
2177 375 2478 433 PREVIAE
2518 373 2584 429 IN
2627 373 2884 431 ΙΒΕΝᾸΞΙ
2920 373 3185 433 LIBROS.

3911 378 4019 432 240

1915 595 2584 688 ARTICULUS
2661 596 2847 683 Ill.

1809 815 1912 880 DE
1972 816 2176 879 ALIIS
2236 814 2531 876 ιιιΕΝλΕι
2596 813 2965 876 SCRIPTIS.

844 1144 934 1202 58.
967 1143 1220 1202 Pluribus
1248 1143 1392 1208 aliis,
1427 1143 1604 1214 iisque
1637 1144 2146 1214 egregiisoperihus
2174 1143 2333 1199 Chri-
2365 1148 2405 1204 Α
2438 1157 2557 1198 esse
2588 1142 2742 1198 dicit.
2779 1141 3099 1198 Gennadius
3137 1142 3183 1174 ”
3221 1156 3350 1198 vero
3379 1141 3718 1210 Florianum,
3749 1157 3846 1198 seu
3881 1141 4011 1200 Flo-

773 1239 1006 1294 stianam
1041 1247 1090 1293 et
1144 1237 1474 1292 catholicam
1532 1236 1690 1289 ﬁdem
1740 1235 2033 1290 illustravit
2064 1237 2330 1302 lrenzens;

771 1333 864 1388 sed
888 1348 1006 1402 quae
1033 1341 1335 1406 temporum
1362 1329 1553 1401 injuria
1579 1330 1658 1386 sic
1689 1329 1958 1391 excidere.
1989 1337 2050 1383 ut
2084 1344 2144 1384 ea
2184 1331 2328 1384 dun-

772 1435 926 1480 taxat
985 1426 1262 1494 supersint
1309 1425 1630 1493 fragmenta,
1668 1438 1787 1493 qua:
1832 1423 1946 1478 suis
2001 1422 2053 1477 in
2120 1421 2336 1492 scriptis

775 1526 1138 1572 servaverunt
1174 1517 1378 1586 antiqui
1420 1515 1631 1570 Patres.
1667 1513 1897 1584 Scripsit
1925 1513 2184 1570 adversus
2209 1513 2335 1568 Flo-

768 1612 947 1665 rinutn
977 1609 1284 1680 epistolam,
1322 1609 1476 1678 cujus
1516 1608 1727 1679 insigne
1771 1608 2134 1678 fragmentum
2187 1618 2336 1661 tran-

768 1703 989 1772 scripsit
1040 1702 1308 1758 Eusebius
1349 1703 1393 1734 “
1424 1740 1440 1767 ,
1476 1710 1531 1755 et
1585 1716 1685 1756 nos
1729 1717 1796 1756 ex
1845 1702 1960 1770 ipso
2011 1702 2078 1755 ad
2130 1701 2334 1755 calcem

766 1795 929 1864 huius
959 1795 1149 1865 operis
1177 1794 1744 1852 edidimus.Florinus
1764 1809 1919 1860 vero,
1941 1794 2145 1849 lrenazo
2171 1803 2331 1859 teste,

765 1887 821 1943 in
847 1888 1183 1958 imperatoris
1209 1888 1336 1943 aula
1365 1887 1632 1956 splendide
1666 1903 1826 1956 agens
1846 1927 1863 1954 ,
1893 1902 2087 1942 munus
2117 1887 2332 1956 aliquod

765 1980 1076 2050 gesseratin
1093 1979 1344 2048 inferiore
1364 1979 1517 2044 Atia,
1545 1995 1668 2036 cum
1689 1981 1763 2034 ibi
1787 1979 2102 2035 sanctitatis
2125 1990 2180 2034 et
2201 1980 2333 2035 doc-

765 2070 924 2125 trinae
954 2070 1117 2124 laude
1135 2069 1355 2126 ﬂoreret
1373 2069 1726 2141 Polycarpus.
1750 2071 1912 2126 Tanti
1933 2071 2033 2125 viri
2051 2069 2191 2125 fama
2212 2086 2334 2141 per-

765 2171 976 2226 motus,
1000 2176 1060 2215 se
1088 2161 1138 2214 in
1165 2159 1284 2233 ejus
1309 2162 1654 2232 disciplinam
1685 2161 1928 2228 tradidit,
1962 2161 2208 2232 nihilque
2228 2177 2334 2217 non

765 2253 875 2323 egit
906 2263 1106 2308 utsese
1131 2253 1231 2324 ipsi
1259 2254 1534 2323 probaret.
1556 2253 1841 2309 ".Factus
1865 2263 2051 2324 postea
2080 2255 2336 2312 Romanae

761 2343 1020 2399 Ecclesia:
1034 2345 1340 2415 presbyter,
1371 2356 1483 2399 tum
1507 2344 1560 2400 in
1582 2360 1820 2401 errorem
1845 2345 2050 2415 lapsus,
2077 2346 2335 2402 aliorum—

760 2451 865 2505 que
903 2436 1062 2492 lidem
1081 2437 1382 2492 sollicitans
1405 2447 1466 2492 ut
1485 2437 1726 2506 ejusdem
1745 2440 1950 2496 erroris
1965 2455 2090 2497 reos
2108 2441 2329 2511 faceret,

2441 1233 2616 1288 riuum
2645 1233 2846 1302 culpat,
2875 1232 3020 1303 quod
3053 1246 3269 1287 carnem
3309 1233 3433 1287 mali
3473 1247 3692 1288 causam
3726 1251 3847 1291 esse
3884 1251 4010 1290 cre—

2436 1325 2656 1379 diderit.
2693 1323 2824 1390 Quae
2848 1323 3092 1392 quidem,
3125 1324 3168 1377 si
3201 1332 3428 1393 uterque
3452 1323 3728 1380 Florinum
3757 1334 4007 1380 nostrum

2439 1415 2791 1482 intellexerit,
2838 1431 2944 1470 non
2996 1416 3217 1471 omnino
3249 1431 3369 1471 cum
3418 1417 3651 1472 Eusebio
3683 1428 3738 1473 et
3779 1417 4010 1486 Irenaeo,

2436 1508 2633 1578 quibus
2661 1507 2840 1578 potior
2868 1507 3023 1570 fides,
3053 1507 3418 1562 consentiunt.
3452 1507 3722 1579 Quidquid
3757 1510 3846 1577 sit,
3874 1509 4008 1564 Flo-

2437 1601 2587 1656 rinus
2629 1601 2813 1657 lrenmi
2858 1601 3162 1655 rationibus
3189 1609 3242 1654 et
3277 1603 3614 1669 argumentis
3666 1603 3861 1669 victus,
3893 1618 4006 1657 non

2437 1705 2616 1750 tamen
2649 1695 2954 1759 convictus,
3001 1709 3070 1747 ne
3117 1693 3247 1748 hinc
3287 1693 3455 1748 Deum
3504 1695 3678 1765 ipsum
3726 1707 4006 1750 auctorem

2436 1788 2560 1842 mali
2590 1787 2817 1854 faceret,
2848 1787 3000 1843 illinc
3031 1803 3161 1844 vero
3200 1804 3229 1844 a
3279 1789 3569 1863 μοναρχίᾳ,
3615 1805 3773 1860 quam
3813 1791 4011 1846 hacte-

2437 1894 2541 1935 nus
2602 1888 3056 1950 propugnaverat,
3113 1880 3402 1947 deficiens,
3460 1896 3582 1936 cum
3647 1881 3894 1937 Cerdone
3949 1889 4012 1937 et

2436 1970 2709 2026 Marcione
2757 1971 3022 2040 duplicem
3069 1974 3238 2027 Deum
3291 1972 3604 2037 induceret;
3648 1976 3912 2041 mediam,
3947 1982 4014 2029 ut

2435 2066 2536 2120 sibi
2571 2064 2881 2133 videbatur,
2931 2066 3072 2120 inter
3122 2076 3414 2136 utrumque
3449 2076 3754 2122 extremmn
3810 2069 4014 2125 Valen-

2436 2158 2533 2214 tini
2586 2157 2908 2212 sententiam
2960 2157 3265 2225 amplexus,
3318 2173 3439 2210 cum
3496 2173 3561 2212 eo
3617 2160 3856 2213 insanire
3891 2177 4014 2214 rna-

2436 2249 2536 2304 luit
2583 2264 2743 2318 qnam
2786 2263 2908 2304 cum
2946 2248 3244 2305 Catholicis
3287 2264 3499 2319 sapere.
3545 2249 3724 2317 Quare
3769 2252 4012 2309 Irenams

2435 2341 2579 2397 illius
2613 2341 2804 2396 salutis
2838 2356 3053 2411 semper
3084 2341 3372 2408 sollicitus,
3405 2357 3640 2412 eumque
3666 2359 3697 2398 e
3725 2357 3861 2398 novo
3885 2345 4009 2410 illo,

2437 2435 2489 2487 in
2527 2434 2671 2503 quod
2697 2447 2938 2503 prazceps
2978 2448 3099 2489 sese
3140 2434 3382 2499 dederat,
3428 2435 3690 2489 barathro
3716 2437 4013 2491 extrahere

761 2529 932 2598 gradu
965 2528 1210 2598 deiectus
1238 2538 1342 2583 est.
1369 2505 1763 2600 Condiscipuli,
1792 2545 1953 2599 quem
1996 2530 2138 2599 apud
2166 2505 2326 2602 Poly;
2360 2505 2404 2561 Β
2432 2528 2678 2592 studens,
2731 2527 2952 2598 scripsit
3003 2525 3202 2581 librum
3249 2527 3390 2596 Περὶ
3435 2527 3741 2597 ὀγδοάδος,
3800 2528 3877 2582 De
3916 2545 4013 2598 og-

755 2635 984 2690 carpum
1041 2622 1254 2678 viderat
1305 2631 1674 2691 noveratque.
1732 2637 1918 2678 casmn
1972 2622 2164 2679 dolens
2221 2625 2331 2680 lre-

757 2728 909 2767 naeus
932 2713 998 2777 η,
1025 2727 1259 2782 eumque
1297 2711 1365 2768 ab
1391 2728 1579 2768 errore
1605 2729 1865 2770 revocare
1910 2717 2161 2785 cupiens,
2185 2719 2327 2772 scri-

756 2809 870 2877 psit
912 2808 1180 2861 adversus
1208 2822 1330 2862 eum
1381 2807 1668 2876 epistolam
1715 2807 1856 2880 Περὶ
1876 2809 1976 2879 τῆς
2009 2810 2326 2881 μοναρχίας,

757 2899 793 2970 ἢ
817 2901 944 2970 περὶ
974 2898 1069 2952 τοῦ
1096 2899 1169 2970 μὴ
1187 2895 1322 2952 εἶναι
1337 2898 1427 2953 τὸν
1449 2899 1579 2952 Θεὸν
1605 2900 1827 2972 ποιητὴν
1855 2900 2057 2964 κακῶν,
2075 2901 2153 2956 De
2182 2919 2331 2955 mon-

760 2990 978 3052 nrcltia,
1027 2991 1133 3043 sive
1157 2993 1295 3060 quod
1340 2989 1480 3044 Deus
1520 3007 1624 3044 non
1664 2991 1736 3045 ait
1775 2993 2016 3046 conditor
2042 2992 2324 3047 malorum.

747 3078 963 3151 Ταύτης
1015 3079 1124 3151 γάρ
1198 3097 1280 3133 τοι
1333 3082 1433 3152 τῆς
1483 3080 1706 3155 γνώμης
1739 3123 1754 3148 ,
1829 3084 1977 3138 addit
2039 3083 2326 3154 Eusebius,

751 3167 906 3235 οὗτος
967 3173 1140 3226 ἐδόκει
1207 3175 1603 3246 προασπίζειν,
1655 3193 1768 3231 eam
1828 3177 1976 3230 enim'
2034 3178 2327 3248 opinionem

754 3265 841 3316 hic
877 3263 1161 3332 defendere
1206 3265 1502 3319 videbatur.
1543 3265 1675 3332 Quae
1717 3266 1932 3336 quidem
1986 3267 2065 3322 sic
2093 3267 2328 3338 explicat

754 3351 819 3407 ll.
865 3353 1132 3420 Valesius,
1159 3356 1313 3423 quasi
1343 3353 1620 3422 Florinus,
1652 3355 1947 3410 Marcionis
1976 3365 2032 3412 et
2062 3357 2326 3413 Cerdonis

754 3447 1102 3515 dogmatibus
1151 3447 1454 3511 adhaerens,
1515 3449 1618 3503 duo
1663 3450 1928 3518 principia
2007 3451 2322 3518 invexisset,

753 3538 986 3591 alterum
1037 3536 1327 3604 bonorum,
1387 3538 1617 3592 alterum
1681 3539 1943 3614 malorum
2022 3550 2323 3597 auctorem.

756 3626 864 3682 Sed
922 3635 1192 3698 repugnat
1234 3627 1473 3683 Irenaeus
1501 3628 1772 3693 scribens,
1831 3629 2034 3684 Florini
2080 3632 2326 3700 dogmata

755 3737 820 3774 ne
861 3721 1070 3789 quidem
1116 3719 1391 3775 hereticos
1444 3730 1594 3776 extra
1645 3719 1940 3776 Ecclesium
1974 3723 2170 3792 positos
2198 3740 2326 3791 pro-

751 3813 894 3882 ferre
953 3828 1183 3882 unquam
1238 3828 1395 3866 ausos
1448 3812 1631 3881 fuisse.
1684 3812 1921 3868 Gravior
1966 3815 2134 3884 igitur
2162 3829 2322 3885 quam
2353 3848 2393 3906 Ο

750 3903 1021 3961 Cerdonis
1065 3919 1131 3959 ac
1191 3903 1488 3960 Marcionis
1541 3915 1661 3961 erat
1718 3906 1922 3961 Florini
1974 3922 2130 3961 error
2183 3925 2196 3961 :
2259 3922 2322 3962 ac

751 3995 976 4063 proinde
996 3996 1129 4050 ineo
1156 3996 1551 4066 positusfuisse
1575 3999 1814 4064 videtur,
1835 3999 1980 4068 quod
2004 4011 2206 4064 non,ut
2224 4001 2321 4066 illi,

751 4087 1024 4157 duplicem
1038 4087 1227 4152 Deum,
1246 4087 1477 4142 alterum
1494 4088 1644 4155 boni,
1663 4090 1891 4144 alterum
1909 4091 2033 4146 mali
2047 4101 2321 4147 auctorem

755 4180 984 4248 ﬁngeret
1015 4197 1029 4245 ;
1068 4181 1162 4235 sed
1199 4182 1250 4235 in
1272 4197 1438 4236 unum
1463 4191 1516 4237 et
1541 4184 1790 4238 eumdem
1824 4183 2012 4255 Deum,
2064 4195 2320 4254 tanquam

755 4273 812 4326 in
845 4288 1092 4338 causam,
1150 4274 1292 4328 mala
1346 4277 1527 4330 omnia
1561 4290 1626 4330 ac
1677 4286 1900 4345 peccata
1960 4277 2318 4333 refunderet:

750 4365 897 4434 quod
932 4381 1122 4420 revera
1189 4367 1371 4421 nullus
1429 4368 1694 4424 hactenus
1731 4367 2020 4423 haereticus
2075 4372 2322 4438 proferre

749 4471 918 4510 ausus
955 4456 1154 4511 fuerat.
1187 4457 1342 4513 Unde
1365 4459 1491 4512 licet
1514 4475 1610 4527 pro
1630 4458 1913 4530 μοναρχίᾳ,
1945 4475 2038 4514 seu
2072 4462 2319 4532 principii

748 4549 961 4602 unitate
987 4561 1175 4603 contra
1218 4551 1569 4605 Marcionitas
1596 4553 2034 4608 cumCatholicis
2071 4554 2322 4609 decerta-

747 4650 852 4707 ret,
891 4641 1031 4695 banc
1053 4653 1231 4696 tamen
1253 4644 1402 4712 pejus
1421 4644 1528 4697 illis
1555 4644 1814 4708 violabat,
1833 4647 1954 4699 dum
1980 4646 2137 4700 tnalis
2155 4649 2321 4702 omni-

747 4734 848 4788 bus
863 4734 1284 4788 contaminabat.
1304 4735 1537 4789 lrenmtts
1552 4750 1679 4790 vero
1693 4736 2031 4791 retinendam
2051 4753 2169 4792 esse
2189 4756 2319 4810 μον⁶

743 4825 963 4897 αρχίαν,
991 4842 1087 4880 nec
1118 4835 1298 4880 tamen
1324 4829 1584 4882 malorum
1614 4829 1734 4884 labe
1758 4833 2149 4900 aspergendam
2177 4847 2316 4900 esse,

745 4927 858 4970 tam
891 4933 1018 4972 vere
1067 4932 1226 4986 quam
1259 4921 1344 4988 pie
1367 4920 1758 4975 contendebat.
1791 4921 1962 4988 Quam
1992 4937 2121 4976 vero
2148 4939 2316 4993 apes-

747 5010 902 5063 til’era
930 5011 1131 5064 Florini
1179 5015 1427 5066 doctrina
1461 5013 1673 5070 alienus
1693 5017 2015 5077 exstitisset,
2047 5032 2318 5086 quamque

747 5101 1019 5156 nefarium
1067 5103 1200 5176 [CV]
1264 5105 1455 5172 dogma
1518 5110 1893 5164 exhorruisset
1947 5110 2312 5182 Polycarpus,

2428 2621 2634 2686 doade,
2664 2619 2771 2686 vel,
2817 2629 2872 2674 ut
2902 2618 3066 2674 habet
3106 2618 3468 2691 Hieronymus
3513 2621 3568 2676 in
3617 2621 3893 2691 Catalogo,
3931 2621 4015 2677 De

2430 2722 2635 2776 octava,
2654 2711 2806 2778 cujus
2828 2712 3128 2768 clausulam
3171 2713 3428 2767 duntaxat
3460 2712 3626 2768 refert
3645 2711 3916 2768 Eusebius
3934 2713 4008 2768 “.

2431 2801 2648 2858 Utinam
2705 2804 2896 2858 saltem
2949 2804 3220 2874 opusculi,
3257 2821 3375 2870 seu,
3437 2814 3496 2859 ut
3532 2815 3707 2871 vocat,
3740 2803 4018 2861 σπουδά-

2431 2911 2658 2964 σματος
2718 2896 2864 2951 illius
2914 2907 3292 2968 argumentum
3340 2897 3698 2953 exhibuisset.
3735 2898 3788 2953 Id
3833 2898 4012 2953 fuisse

2429 2990 2664 3053 videtur,
2727 2999 2788 3044 ut
2844 2989 3104 3044 famosam
3158 2990 3664 3045 Valentin‘ianorum
3725 2991 4002 3061 ogdoada,

2429 3097 2524 3138 seu
2558 3082 2916 3152 primigenum
2955 3081 3103 3136 illum
3137 3081 3378 3136 Eonum
3411 3082 3788 3148 octonarium,
3834 3090 4010 3136 crete-

2430 3191 2613 3230 rorum
2649 3176 2894 3229 omnium
2936 3175 3199 3240 radicem,
3231 3175 3381 3229 brevi
3430 3175 3633 3246 scripto
3672 3173 4006 3243 selectisque

2429 3265 2736 3322 rationibus
2770 3267 3134 3332 convelleret;
3171 3283 3332 3337 quem
3379 3266 3571 3322 fusiori
3602 3266 3742 3339 stylo
3775 3267 3855 3321 vel
3880 3267 4005 3337 jam

2428 3358 2822 3428 exagitaverat,
2847 3358 2928 3412 vel
2959 3368 3067 3412 tum
3096 3359 3403 3427 exagitabat
3445 3358 3496 3412 in
3543 3357 3773 3427 longiori
3802 3358 3892 3412 illo
3925 3357 4011 3411 De

2429 3451 2717 3504 delectione
2744 3461 2788 3502 et
2822 3451 3084 3504 eversione
3121 3450 3258 3518 falso
3283 3451 3662 3519 cognominata:
3689 3451 4006 3520 agnitionis.

2430 3540 2540 3594 Nec
2569 3542 2710 3595 enim
2739 3541 2866 3594 tnihi
2893 3550 3129 3608 constat,
3177 3539 3372 3610 anjam
3403 3543 3470 3596 ad
3523 3543 3835 3597 umbilicum
3871 3558 4010 3611 per-

2431 3635 2653 3686 ductum
2684 3642 2826 3686 esset
2874 3632 2979 3686 hoc
3022 3647 3178 3702 opus.
3228 3633 3438 3687 Scribit
3490 3634 3708 3703 quidem
3758 3633 4014 3688 Theodo-

2429 3726 2668 3791 retus",
2699 3740 2803 3778 non
2845 3723 3071 3778 affirmat
3130 3733 3311 3779 tamen
3367 3725 3589 3794 (ferunt,
3641 3725 4012 3797 inquit),lre-

2428 3832 2604 3871 naeum
2650 3817 2860 3872 Florini
2931 3817 3180 3871 morbum
3240 3818 3649 3887 deplorantem,
3712 3820 4009 3891 scripsisse

2429 3908 2690 3962 adversus
2731 3907 3098 3962 Valentinum.
3146 3906 3248 3962 Sed
3310 3909 3583 3964 incertum
3630 3927 3696 3964 an
3751 3912 4000 3981 quinque

2427 3999 2749 4054 Detectionis
2782 4011 2827 4054 et
2853 4000 3129 4054 eversionis
3158 3999 3324 4056 libros
3347 4043 3362 4068 ,
3396 4018 3462 4055 an
3500 4003 3664 4058 breve
3699 4003 3824 4058 illud
3855 4002 4009 4073 Περὶ

2427 4089 2715 4160 ὀγδοάδος
2739 4090 3058 4159 opusculum
3108 4090 3455 4145 intellexerit.
3507 4090 3809 4162 Utrumque
3847 4095 4006 4149 enim

2425 4184 2684 4237 adversus
2717 4182 3061 4237 Valentinum
3101 4183 3361 4251 scriptum
3399 4184 3566 4238 fuisse
3602 4184 3836 4238 videtur.

2494 4275 2582 4330 59.
2614 4275 2658 4306 “
2688 4273 2917 4342 Scripsit
2947 4272 3183 4327 lrenzeus
3209 4271 3436 4327 alteram
3467 4276 3755 4344 epistolam
3793 4277 4003 4334 adver-

2425 4383 2516 4421 sus
2547 4369 2805 4430 Blastum,
2837 4381 3003 4435 quam
3047 4367 3329 4435 inscripsit
3363 4367 3505 4434 Περὶ
3537 4369 3890 4439 σχίσματος,
3919 4371 4005 4427 De

2422 4459 2721 4512 schismate.
2750 4456 2848 4510 llic
2879 4471 3098 4525 quoque
3130 4457 3412 4526 presbyter
3436 4458 3696 4513 Romanae
3730 4461 4001 4518 Ecclesiae

2424 4553 2518 4605 σὺν
2548 4551 2720 4622 τούτῳ
2749 4549 3044 4620 (Φλωρίνῳ)
3068 4550 3431 4622 παραπλησίῳ
3452 4551 3704 4622 πτώματι
3726 4572 4005 4628 κατεσχη-

2425 4649 2602 4719 μένος,
2656 4661 2763 4699 non
2803 4644 2966 4698 simili
3019 4657 3207 4697 errore
3250 4658 3372 4696 cum
3424 4643 3646 4698 Florino
3686 4647 4002 4715 implicatus

2422 4744 2621 4802 luerat,
2665 4750 2720 4791 ut
2768 4750 3048 4806 perperam
3101 4734 3563 4799 vertitValesius,
3611 4738 3706 4790 sed
3755 4738 3996 4795 similem

2420 4847 2540 4886 cmn
2578 4832 2667 4884 illo
2691 4828 3047 4899 depositionis
3071 4827 3396 4881 sententiam
3422 4839 3730 4897 exceperat.
3759 4830 4002 4900 Utrique

2420 4925 2634 4995 quidem
2673 4924 2777 4977 hoc
2807 4934 3095 4976 commune
3140 4919 3264 4984 fuit,
3296 4919 3437 4987 quod
3468 4920 3664 4974 multos
3692 4922 3760 4974 ab
3799 4922 3999 4988 Eccle-

2419 5017 2514 5070 sia:
2543 5015 2754 5083 gremio
2787 5012 3190 5074 abstrahentes,
3226 5009 3277 5062 in
3323 5023 3475 5061 suam
3511 5011 3833 5065 sententiam
3863 5027 4001 5081 per-

2419 5108 2704 5170 ducerent,
2741 5113 2795 5159 et
2822 5105 2911 5157 τὸν
2951 5103 3077 5172 ὑγιῆ
3111 5104 3209 5174 τῆς
3253 5103 3577 5169 Ἐκκλησίας
3624 5102 3843 5174 θεσμὸν,
3876 5106 4003 5159 sin-

747 5208 907 5262 quem
944 5194 1140 5247 dudum
1198 5206 1584 5266 praeceptorem
1624 5198 1888 5264 audierat,
1931 5200 1978 5254 ei
2029 5200 2096 5253 ob
2127 5198 2316 5253 oculos
2350 5192 2390 5246 0
2419 5213 2602 5253 ceram
2636 5195 2892 5252 Ecclesiae
2941 5195 3111 5264 legem
3158 5195 3571 5258 adulterarent;
3602 5196 3692 5249 sed
3721 5204 3997 5264 praeterea

750 5285 953 5352 ponit:
1010 5296 1064 5338 ιιι
1104 5288 1239 5340 tanti
1292 5288 1645 5358 praeceptoris
1686 5292 1949 5344 memoria
1998 5292 2216 5345 devium
2263 5292 2313 5344 in

748 5378 1029 5434 catholiczr
1076 5383 1320 5436 veritatis
1350 5383 1492 5436 viam
1528 5382 1799 5438 eilicacius
1843 5384 2144 5438 reduceret.
2189 5383 2312 5438 Phi-

752 5471 975 5527 lastrius
1004 5471 1046 5503 "
1090 5472 1470 5529 Florianorum
1519 5477 1881 5544 quorumdam
1934 5477 2314 5532 hatreticorum

2419 5289 2662 5360 θάτερος,
2710 5287 2870 5350 alter,
2898 5284 3149 5338 Florinus
3194 5284 3463 5349 videlicet,
3507 5299 3610 5338 non
3658 5293 3899 5354 uterque,
3931 5293 3997 5340 ut

2418 5383 2506 5437 hic
2535 5383 2704 5434 etiam
2757 5379 2898 5433 male
2938 5377 3167 5432 reddidit
3197 5373 3472 5439 Valesius,
3519 5375 3748 5430 seorsim
3784 5390 3988 5431 novam

2418 5473 2722 5529 doctrinam
2767 5477 3026 5525 adversus
3063 5470 3185 5523 fidei
3220 5468 3504 5522 veritatem
3539 5467 3798 5522 invehere
3836 5465 3998 5519 labo-

754 5563 1030 5629 tnemiuit;
1080 5565 1175 5619 sed
1231 5581 1365 5633 quos
1429 5565 1982 5635 Carpocratianorum
2038 5567 2320 5623 surculum
2417 5565 2595 5623 rabat.
2651 5565 2957 5634 Utrumque
3001 5563 3054 5619 in
3101 5561 3366 5616 Valentini
3417 5561 3670 5616 lateresitn
3724 5560 3992 5615 incidisse

819 5720 860 5750 “
895 5718 1012 5773 Lib.
1044 5738 1096 5783 v,
1124 5738 1171 5777 c.
1199 5721 1292 5776 20.
1367 5721 1407 5754 ¹¹
1445 5721 1603 5790 lbid.,
1638 5742 1687 5782 c.
1721 5727 1809 5783 15.

747 5791 837 5846 25.
915 5795 958 5823 ³³
986 5793 1204 5858 Euscb.,
1229 5811 1275 5846 c.
1311 5792 1376 5848 15
1398 5804 1451 5848 et
1471 5794 1561 5850 20.

1954 5725 2117 5794 Ibid.,
2148 5743 2198 5783 c.
2221 5726 2309 5785 so.
2390 5728 2431 5760 ιν
2457 5728 2587 5799 Cap.
2621 5729 2706 5784 57.

3361 5727 3403 5757 ’ί
3434 5725 3495 5782 C.
3526 5724 3618 5780 ΞΟ.
3696 5725 3742 5760 ³⁸
3768 5723 3833 5779 L.
3862 5739 3903 5792 t,
3933 5740 3993 5782 c.

2785 5729 2831 5761 ²⁰
2860 5729 3072 5800 Dogm.,
3103 5744 3153 5784 c.
3183 5725 3271 5785 '6.
