4196 6330
202 371 288 430 241

879 367 1335 427 DISSERTATIO
1367 366 1432 436 ll,
1467 366 1628 427 ΛΒΤ.
1665 365 1752 434 lll,
1787 366 1879 422 DE
1905 367 2085 424 ALllS
2115 354 2373 423 meum
2413 361 2749 422 SCRIPTIS.

3317 353 3426 415 Sid

203 489 463 563 signiﬁcat
517 487 896 546 Theodoretus
945 491 1178 557 citatus,
1219 500 1404 559 postea
1452 503 1582 544 vero
1637 486 1755 541 Bla-
1787 491 1834 548 Α
1861 489 2110 544 ceutibus
2134 490 2431 552 veteribus.
2456 488 2570 544 dici
2595 503 2702 543 non
2725 480 3047 556 potestuoli
3073 479 3423 554 sagacissimo

207 583 502 637 stuminter
515 579 805 636 Marcionis
819 581 1117 652 discipulos
1133 590 1451 636 annumerat
1471 599 1486 647 ;
1509 581 1601 635 sed
1617 595 1755 649 pra:-

211 685 282 731 ter
309 676 531 731 Eusebii
562 684 614 730 et
636 674 822 732 Irenzei
855 684 1121 730 mentem:
1147 690 1252 728 una
1271 674 1580 730 schismatis
1597 672 1754 741 culpa

209 767 488 822 tenebatur
508 767 761 834 Blastus;
794 764 935 821 unde
964 777 1020 820 et
1050 767 1310 836 inscripta
1334 767 1598 820 adversus
1630 781 1753 820 eum

207 860 446 930 epistola,
474 861 553 914 De
587 861 882 914 schismate.
921 858 1050 926 Quae
1084 875 1212 914 vero
1252 860 1568 915 schismatis
1598 858 1758 929 hujus

207 968 356 1008 causa
408 953 597 1015 fuerit.
643 952 800 1008 docet
844 954 1096 1023 antiquus
1147 961 1338 1006 auctor
1389 951 1758 1006 Additameuti

205 1047 337 1113 quod
372 1044 441 1098 ad
488 1044 691 1099 calcem
739 1043 866 1099 libri
919 1043 996 1098 De
1041 1045 1524 1112 prtescriptionibus
1579 1053 1761 1100 exstat

205 1142 337 1211 apud
378 1139 772 1195 Tertullianutn
807 1140 889 1196 “z
937 1140 1081 1208 quod
1126 1140 1380 1193 nimirum
1428 1139 1641 1193 Blastus
1677 1139 1760 1194 la-

206 1241 364 1287 tenter
390 1230 732 1286 Judaismum
765 1231 912 1286 vellet
959 1232 1323 1286 introducere:
1377 1231 1582 1286 Pascha
1625 1234 1762 1286 enim

204 1326 402 1380 dicebat
431 1342 536 1379 non
568 1325 724 1381 aliter
754 1325 1154 1379 custodiendum
1181 1340 1313 1391 esse,
1343 1326 1449 1379 nisi
1478 1327 1765 1382 secundum

206 1417 358 1487 legem
395 1416 592 1486 Moysi,
624 1432 716 1473 xiv
741 1417 952 1472 mensis.
986 1415 1117 1484 Quae
1161 1416 1324 1472 etiam
1363 1415 1569 1473 Florini
1609 1419 1764 1490 culpa

206 1508 328 1562 fuit:
371 1509 537 1596 idque
571 1510 846 1580 significat
884 1511 1166 1580 Eusebius,
1217 1515 1342 1569 dum
1379 1513 1454 1567 ait
1487 1513 1763 1567 sinceram

206 1601 456 1656 Ecclesia:
482 1603 612 1671 (non
654 1602 815 1667 dicit,
845 1604 1024 1671 ﬁdem,
1057 1607 1172 1676 sed)
1205 1605 1370 1676 legem
1410 1605 1765 1660 adulteratam

206 1690 270 1744 ab
296 1701 529 1760 utroque
567 1690 759 1748 fuisse.
801 1692 936 1748 Cum
972 1694 1118 1748 enim
1169 1695 1312 1750 alter
1341 1695 1628 1769 Polycarpi
1661 1694 1770 1750 dis-

207 1781 411 1852 cipulus
443 1781 656 1847 fuisset,
694 1783 853 1851 alter,
885 1785 1120 1841 Paciano
1154 1796 1290 1842 teste
1322 1789 1388 1855 ³⁵,
1434 1787 1656 1844 Graecus
1683 1803 1767 1844 es-

209 1882 308 1941 set,
335 1873 598 1929 Asianum
630 1874 915 1931 Paschalis
941 1877 1255 1934 celebrandi
1296 1895 1500 1935 morem
1539 1879 1764 1935 Romam

211 1967 462 2023 inducere
514 1969 872 2039 satagebant:
919 1970 1106 2040 sicque
1136 1972 1341 2028 Pascha
1385 1984 1581 2042 praeter
1608 1974 1768 2045 hujus

209 2060 458 2114 Ecclesiae
504 2061 953 2116 consuetudinem
987 2064 1350 2128 celebrantes,
1397 2080 1514 2120 eam
1556 2067 1768 2121 scinde-

207 2153 335 2206 bant
371 2151 797 2221 turbabantque.
830 2153 1024 2210 Merito
1055 2158 1289 2226 proinde
1345 2158 1618 2215 Paeianus
1646 2159 1770 2215 Bla-

204 2254 346 2298 stum
376 2244 723 2302 Montanistis
750 2246 1044 2304 adhaesisse
1070 2251 1300 2318 scribit;
1333 2267 1436 2306 non
1451 2254 1594 2323 quod
1614 2255 1768 2309 novis

209 2338 487 2405 prophetis
522 2337 681 2394 [idem
712 2340 1032 2410 adhiberet,
1069 2344 1162 2397 sed
1203 2343 1348 2414 quod
1392 2353 1446 2398 et
1479 2345 1580 2415 ipsi
1620 2345 1767 2401 Mon-

210 2430 422 2484 tanistaa
454 2430 664 2486 Pascha
714 2432 837 2486 luna
889 2449 980 2487 xiv
1033 2436 1194 2504 primi
1247 2437 1450 2492 mensis
1482 2437 1766 2493 celebran-

209 2521 328 2576 dum
381 2537 505 2578 esse
537 2524 758 2579 vellent.
809 2525 986 2581 Porro
1036 2537 1266 2595 utraque
1299 2527 1487 2583 lrenzei
1525 2538 1634 2584 tum
1674 2530 1770 2583 ad-

208 2627 396 2668 versus
424 2613 725 2682 Morinum,
777 2625 890 2671 tum
934 2619 1201 2673 adversus
1249 2620 1488 2676 Blastum
1541 2622 1765 2690 epistola

206 2707 396 2760 eodem
444 2714 689 2776 tempore
731 2710 933 2778 scripta
978 2713 1213 2767 videtur.
1247 2713 1364 2781 Quo
1420 2730 1555 2770 vero
1603 2729 1767 2782 anno,

203 2797 497 2852 incertum.
522 2799 654 2854 Cum
688 2810 864 2856 tamen
897 2802 1162 2859 Eusebius
1189 2815 1477 2876 utramque
1509 2806 1576 2860 ad
1609 2806 1772 2862 Com-

206 2890 347 2945 modi
387 2892 674 2960 imperium
710 2905 764 2948 et
796 2895 1066 2952 Eleutheri
1122 2898 1493 2967 pontiﬁcatum
1545 2899 1768 2965 referat,

206 2979 307 3035 sub
359 2983 645 3054 utriusque
701 2986 866 3042 linem
921 2990 1180 3059 scriptam
1220 2989 1392 3047 fuisse
1432 2991 1772 3062 probabilius

205 3074 440 3129 videtur.

277 3164 369 3219 60.
405 3166 480 3221 De
506 3165 649 3234 aliis,
688 3183 828 3238 quas
857 3180 969 3225 tum
998 3173 1064 3227 ad
1095 3171 1368 3229 Victorem
1403 3190 1616 3246 papam,
1660 3187 1772 3231 tum

205 3255 272 3310 ad
300 3256 439 3313 alios
465 3261 689 3330 scripsit
715 3262 969 3327 lrenaeus,
1001 3266 1246 3334 epistolis
1268 3267 1336 3322 de
1364 3268 1504 3324 festo
1538 3269 1777 3326 Pascha-

206 3350 300 3415 tis,
352 3351 712 3410 disseruimus
762 3356 814 3410 in
862 3357 980 3421 ejus
1016 3358 1158 3413 Vita.
1202 3359 1280 3413 Ex
1319 3361 1501 3430 aliqua
1545 3361 1773 3419 istarqu

202 3442 561 3510 epistularum
595 3445 973 3514 depromptum
1001 3448 1240 3508 videtur.
1283 3449 1426 3519 quod
1459 3466 1525 3505 ex
1571 3451 1774 3511 lrenteo

203 3537 340 3591 citat
367 3548 558 3594 auctor
587 3538 952 3604 Quaestionum
985 3551 1032 3595 et
1065 3540 1220 3609 Resp.
1260 3543 1330 3595 ad
1367 3541 1588 3600 Ott/cod.
1631 3549 1776 3603 inter

201 3646 370 3699 opera
419 3631 643 3696 Justiui,
700 3645 893 3703 qua:st.
949 3634 1073 3698 115,
1122 3651 1227 3690 non
1277 3635 1600 3695 ﬂectendum
1655 3656 1775 3698 esse

203 3739 372 3793 genu,
423 3739 599 3792 neque
630 3725 912 3782 Dominico
941 3728 1050 3793 die,
1099 3745 1276 3798 neque
1304 3730 1374 3785 50
1407 3731 1513 3788 illis
1539 3749 1662 3802 quae
1693 3751 1778 3790 se-

202 3825 448 3882 quuntur
476 3815 705 3872 Pascha.
761 3818 975 3873 Editum
1031 3820 1098 3874 ab
1147 3820 1338 3874 eodem
1395 3819 1598 3877 lrenteo
1638 3826 1778 3898 πρὸς

204 3907 474 3978 Ἕλληνας
522 3909 680 3978 λόγον
720 3911 1127 3982 συντομώτατον
1156 3916 1248 3968 καὶ
1276 3915 1342 3969 τὰ
1366 3915 1599 3986 μάλιστα
1620 3917 1778 3987 ἀναγ-

202 4003 512 4066 καιότατον,
534 4004 660 4073 περὶ
677 4005 982 4076 ἐπιστήμης
997 4006 1492 4078 ἐπιγεγραμμένον,
1515 4011 1775 4066 brevissi-

205 4107 355 4146 mum
386 4102 439 4146 et
470 4094 522 4148 in
572 4097 761 4163 primis
789 4101 1158 4152 necessarium
1193 4099 1414 4162 librum,
1467 4116 1560 4155 seu
1597 4102 1776 4170 potius

207 4183 560 4249 Sermonem,
601 4186 686 4239 vel
735 4184 1051 4243 Orationem
1101 4190 1364 4245 adversus
1396 4189 1633 4254 Graecos,
1669 4193 1776 4259 vel,

202 4287 261 4330 ut
304 4287 532 4331 vertunt
585 4278 697 4343 alii,
746 4281 993 4333 adversus
1045 4290 1241 4350 gentes,
1288 4282 1379 4350 qui
1441 4281 1518 4336 De
1554 4284 1777 4337 scientia

202 4369 632 4437 inscribebatur,
679 4379 944 4425 memorat
993 4371 1255 4427 Eusebius
1289 4374 1334 4404 ³⁸
1380 4390 1393 4426 :
1442 4373 1602 4441 cujus
1635 4390 1780 4428 men-

202 4472 312 4518 tem
341 4478 630 4534 perperam
651 4464 882 4532 accepit,
907 4464 1138 4534 aliisque
1161 4479 1447 4534 perperam
1475 4468 1774 4534 accipiendi

1864 581 2137 639 Dodwello
2167 581 2352 637 dicere
2403 581 2557 646 licet,
2586 579 2679 649 qui
2723 577 2876 648 plura
2918 575 2985 630 de
3020 571 3086 630 lis
3130 589 3228 644 pro
3273 586 3420 627 more

1859 681 2127 743 disputat.
2156 693 2255 732 nec
2283 676 2471 733 verbis
2501 684 2557 731 et
2579 671 2905 744 conjecturis
2929 669 3142 741 parcit;
3173 668 3265 724 sed
3292 666 3420 721 Dod-

1862 769 2128 826 welliane
2155 767 2484 835 conjecture
2517 773 2663 826 sunt,
2697 777 2832 833 quas
2861 761 2954 830 qui
3002 758 3213 830 legerit,
3256 758 3422 813 mira-

1864 871 1952 914 tur
1979 869 2035 915 et
2064 859 2474 915 dissertatorem
2508 855 2679 912 multa
2709 854 2911 910 dixisse
2945 861 3003 907 ut
3035 851 3166 908 nihil
3197 850 3423 915 diceret.

1863 954 2126 1009 lectorem
2145 965 2276 1006 vero
2305 949 2472 1005 multa
2501 948 2700 1019 legisse
2729 955 2787 1002 ut
2815 945 2954 1001 nihil
2986 945 3234 1001 disceret.
3265 941 3428 1000 Polli-

1864 1047 2008 1102 citus
2031 1055 2113 1101 est
2141 1042 2383 1099 lrenaaus
2407 1041 2476 1108 "’,
2509 1057 2611 1098 nec
2640 1040 2830 1107 semel,
2862 1037 3190 1094 Mareionem
3220 1036 3431 1106 specia-

1867 1141 1960 1195 tim
1992 1154 2051 1196 se
2087 1138 2518 1202 confutaturum,
2572 1136 2841 1206 hujusque
2878 1133 3132 1205 promissi
3183 1131 3430 1189 meminit

1865 1232 2132 1287 Eusebius
2155 1230 2220 1287 ³⁸.
2277 1231 2347 1284 At
2397 1229 2681 1285 liberatam
2731 1230 2800 1283 ab
2839 1226 3043 1282 Irenaeo
3087 1226 3245 1283 fidem
3293 1225 3431 1282 satis

1869 1321 2141 1393 significat
2170 1321 2310 1376 idem
2341 1317 2602 1375 Eusebius
2622 1317 2689 1384 ",
2720 1332 2844 1372 cum
2870 1331 2991 1372 eum
3025 1327 3265 1373 recenset
3290 1317 3426 1372 inter

1868 1413 1991 1470 illos
2019 1413 2113 1483 qui
2143 1412 2474 1467 Marcionem
2499 1410 2733 1482 egregiis
2760 1410 3018 1480 operibus
3051 1408 3430 1465 confutarunt.

1866 1506 2011 1562 Citat
2037 1506 2304 1562 Maximus
2343 1505 2513 1562 abbas
2541 1514 2596 1561 et
2627 1510 2910 1562 confessor
2933 1505 2978 1539 ³⁸
3015 1508 3282 1578 quosdam
3322 1505 3428 1561 Ire-

1870 1598 1972 1654 naei
2008 1600 2246 1671 episcopi
2289 1596 2664 1670 Lugdunensis
2719 1597 3002 1654 Sermones
3048 1599 3114 1653 de
3159 1595 3320 1659 Fide,
3367 1589 3435 1653 ad

1871 1692 2204 1747 Demetrium
2237 1692 2598 1748 Viennensem
2652 1691 2968 1759 diaconum,
3009 1707 3240 1760 quorum
3269 1693 3436 1746 etiam

1873 1784 2085 1840 initium
2136 1793 2191 1840 et
2222 1783 2523 1840 sententias
2571 1784 2788 1854 aliquas
2835 1782 3024 1839 Greece
3059 1783 3248 1839 refert.
3278 1783 3435 1838 Aliud

1871 1877 2234 1946 fragmentum
2258 1889 2326 1930 ex
2349 1889 2601 1931 sermone
2626 1876 2692 1928 ad
2715 1874 3032 1930 Demetrium
3054 1876 3440 1932 ediditFenar-

1869 1968 2108 2034 dentius,
2143 1969 2238 2024 sed
2283 1967 2474 2024 Latine
2516 1969 2815 2024 duntaxat:
2859 1970 3003 2038 quod
3043 1968 3262 2038 quidem
3304 1984 3334 2022 a
3369 1968 3437 2026 Ν.

1867 2062 2045 2119 Fabro
2077 2063 2353 2131 accepisse
2392 2076 2450 2117 se
2491 2061 2665 2127 dicit;
2713 2061 2806 2116 sed
2839 2062 2980 2117 unde
3013 2062 3102 2118 hic
3139 2063 3437 2131 acceperit,

1869 2155 2055 2209 dicere
2081 2153 2285 2209 omisit.
2318 2153 2373 2208 Si
2399 2153 2587 2209 Graeca
2621 2153 2899 2219 adessent,
2925 2153 3265 2210 emendatius
3294 2153 3441 2208 forte

1870 2247 2089 2316 prodire
2117 2255 2318 2314 posset.
2342 2245 2413 2300 At
2443 2261 2566 2302 cum
2592 2245 2859 2316 ejusmodi
2893 2262 3174 2302 sermones
3204 2243 3440 2304 Eusebio

1870 2347 1923 2394 et
1958 2338 2287 2410 Hieronymo
2313 2341 2481 2413 igu0ti
2510 2341 2731 2407 fuerint,
2751 2341 2975 2396 dubium
3007 2354 3093 2396 est
3118 2358 3189 2397 an
3217 2342 3440 2413 genuini

1871 2434 1981 2488 sint
2010 2432 2202 2490 lrenzei
2229 2431 2392 2490 fetus.
2427 2434 2593 2490 Paulo
2634 2436 2796 2489 aliter
2824 2435 3175 2490 sentiendum
3214 2444 3346 2505 puto
3370 2434 3440 2489 de

1873 2523 1940 2578 iis
1969 2539 2087 2595 quae
2115 2523 2321 2582 [renato
2355 2527 2542 2581 tribuit
2573 2526 2731 2600 [CVI]
2764 2528 2944 2582 verbis
2973 2525 3348 2582 (Ecumenius
3387 2524 3438 2580 iu

1876 2613 2167 2670 Comment.
2203 2619 2272 2670 ad
2303 2617 2332 2671 1
2365 2617 2513 2672 Petri
2544 2617 2713 2689 Epist.
2751 2635 2866 2687 cap.
2896 2633 2978 2672 Ill.
3009 2616 3164 2674 Haud
3197 2617 3439 2673 dubitem

1873 2708 2004 2776 quin
2043 2710 2358 2781 deprompta
2399 2710 2510 2766 sint
2541 2725 2604 2766 ex
2656 2711 2860 2767 celebri
2911 2709 3354 2781 Lugdunensium
3386 2718 3443 2762 et

1878 2797 2263 2856 Viennensium
2297 2803 2364 2857 de
2391 2803 2722 2874 martyribus
2750 2803 2866 2858 suis
2899 2802 3150 2869 epistola,
3183 2813 3346 2872 quam
3377 2802 3449 2857 ab

1873 2889 2077 2948 Irenaeo
2119 2894 2234 2964 ipso
2280 2895 2540 2964 scriptam
2593 2893 2760 2950 fuisse
2792 2894 2948 2949 valde
3002 2894 3283 2964 probabile
3325 2909 3448 2951 esse

1874 2983 2130 3052 diximus,
2191 2990 2589 3056 confirmatque
2644 2987 2690 3041 is
2741 2984 3062 3042 (Ecumenii
3118 2986 3292 3043 locus.
3345 2986 3447 3043 Hic

1874 3076 2018 3131 enim
2052 3093 2116 3134 ea
2160 3077 2525 3149 desumpsisse
2563 3095 2620 3137 se
2651 3080 2787 3135 dicit
2834 3094 2898 3134 ex
2948 3081 3015 3136 iis
3059 3097 3180 3152 qua:
3228 3082 3448 3152 scripsit

1799 3172 1846 3234 Ω
1879 3169 2113 3225 [renatus
2142 3172 2285 3241 Περὶ
2316 3171 2584 3243 Σάγκτου
2615 3175 2714 3229 καὶ
2747 3175 3108 3245 Βλανδίνης,
3137 3172 3211 3229 De
3250 3173 3449 3229 Sancto

1878 3269 1929 3314 et
1977 3259 2243 3316 Blandina
2268 3279 2289 3328 ;
2335 3279 2442 3319 non
2493 3264 2711 3333 quidem
2761 3266 2926 3320 verbo
2961 3268 3027 3321 ad
3062 3266 3310 3330 verbum,
3343 3267 3445 3322 sed

1879 3355 2258 3422 compendium
2299 3355 2588 3411 verborum
2616 3357 2856 3412 faciens:
2885 3358 2959 3422 ὡς
2991 3357 3049 3413 δὲ
3080 3357 3168 3414 διὰ
3201 3358 3450 3432 βραχέων

1878 3445 2218 3518 παραθέσθαι
2241 3449 2356 3503 ἐστι
2385 3452 2577 3504 ταῦτα.
2603 3451 2668 3506 Et
2696 3467 2883 3508 revera
2911 3468 3031 3522 qua:
3058 3455 3128 3510 ibi
3150 3454 3219 3508 de
3245 3451 3451 3508 Sancto

1877 3548 1933 3594 et
1971 3538 2236 3594 Blandina
2271 3542 2465 3598 recitat
2509 3543 2893 3613 (Ecumeuius,
2942 3546 3010 3600 ad
3041 3560 3106 3599 ea
3138 3560 3259 3614 quae
3287 3547 3338 3600 iu
3368 3545 3452 3601 ci-

1879 3641 1996 3688 tata
2037 3633 2475 3704 Lugdunensium
2511 3638 2740 3707 epistola
2775 3639 3104 3705 referuntur,
3140 3640 3276 3696 satis
3307 3655 3448 3710 qua-

1878 3726 2076 3782 drant:
2137 3726 2272 3784 adeo
2324 3736 2382 3783 ut
2427 3728 2644 3784 aliunde
2691 3730 2862 3800 accipi
2911 3733 3154 3802 potuisse
3207 3749 3314 3789 non
3367 3735 3450 3790 vi-

1879 3821 2134 3876 deautur.

1949 3913 2038 3970 6i.
2080 3915 2415 3985 Explicatam
2447 3916 2517 3971 ab
2565 3915 2767 3972 Irenaeo
2814 3917 3042 3975 Joannis
3083 3922 3445 3994 Aporalypsin

1880 4004 2046 4059 tradit
2088 4003 2450 4077 Hieronymus
2497 4008 2550 4062 in
2600 4006 2853 4078 Catalogo
2879 4011 2962 4066 "z
3013 4028 3190 4079 quant,
3242 4014 3445 4082 inquit,

1879 4097 2289 4166 interpretantur
2309 4099 2555 4153 Justinus
2589 4099 2797 4170 Martyr
2819 4111 2866 4155 et
2901 4101 2932 4156 I
2939 4120 3161 4159 remeas.
3189 4105 3330 4159 l-liuc
3366 4115 3447 4157 ta-

1881 4203 2003 4243 men
2026 4190 2202 4261 colligi
2223 4207 2380 4261 posse
2400 4209 2505 4248 non
2534 4205 2663 4264 puto
2683 4197 2925 4268 integros
2951 4199 3018 4253 ab
3045 4199 3248 4252 lrenmo
3274 4199 3448 4252 editos

1880 4280 2048 4338 fuisse
2075 4283 2487 4339 Commentarios
2517 4288 2572 4340 in
2605 4289 2983 4359 Apocalypsin;
3013 4305 3110 4344 nec
3155 4304 3216 4343 ea
3251 4289 3445 4343 Hiero-

1881 4376 2025 4446 nymi
2051 4391 2202 4432 mens
2240 4376 2407 4434 fuisse
2439 4380 2665 4434 videtur.
2703 4381 3055 4450 Respiciebut
3083 4381 3452 4454 Hieronymus

1882 4466 1950 4520 ad
1984 4467 2134 4521 varia
2166 4468 2561 4540 Apocalypseos
2599 4469 2749 4534 loca,
2784 4487 2902 4540 qua:
2946 4473 2996 4525 in
3047 4473 3161 4526 suis
3210 4475 3451 4541 quinque

201 4570 399 4611 ansam
435 4557 583 4610 dedit
618 4554 980 4626 Hieronymus
1008 4596 1024 4621 ,
1071 4556 1202 4610 dunt
1249 4557 1324 4610 ait
1385 4557 1436 4610 in
1499 4554 1773 4628 Catalogo,
1811 4541 1853 4594 ί)
1885 4558 2040 4613 libris
2065 4561 2299 4627 explicat
2327 4561 2582 4626 lrenmus,
2614 4574 2669 4619 et
2699 4565 2996 4632 praisertim
3023 4565 3072 4618 in
3107 4566 3321 4634 quinto,
3346 4566 3448 4619 sub

202 4653 486 4721 scriptum
514 4653 582 4705 ab
612 4650 814 4705 Irenaeo
846 4662 1031 4705 contra
1061 4661 1237 4721 gentes
1272 4653 1508 4708 volumen
1538 4655 1705 4719 breve,
1731 4666 1775 4706 et

200 4748 267 4799 de
297 4746 588 4812 disciptina
616 4743 800 4798 aliud:
835 4745 988 4813 quasi
1020 4745 1339 4812 opusculum
1374 4757 1566 4799 contra
1591 4757 1777 4815 gentes

203 4840 275 4893 ab
305 4839 400 4892 illo
433 4838 505 4890 de
535 4837 818 4906 disciplina
849 4852 943 4891 seu
992 4835 1223 4891 scientia
1257 4835 1533 4891 diversum
1568 4838 1782 4892 fuisset.

203 4930 460 4984 Meminit
489 4940 718 4997 uterque
747 4929 973 4982 alterius
998 4929 1182 4982 lrenaei
1206 4928 1484 4983 Sermonis
1508 4928 1782 4985 Marciano

203 5022 368 5074 lratri
423 5024 739 5088 nuncupati,
774 5022 867 5090 qui
917 5022 1435 5076 demonstrationem
1469 5020 1781 5076 continebat

200 5112 523 5181 apostolicae
592 5113 991 5180 praedicationis
1026 5152 1042 5177 ,
1113 5123 1167 5168 et
1221 5113 1390 5168 libelli
1451 5114 1782 5178 Διαλέξεων

197 5202 531 5272 διαφόρων,
592 5203 867 5257 Variarum
910 5207 1349 5272 disputationum,
1385 5207 1489 5270 vel,
1523 5217 1582 5260 ut
1617 5208 1780 5261 vertit

200 5296 602 5366 Hieronymus,
641 5295 919 5350 Variorum
940 5308 1289 5361 tractatuum,
1311 5299 1362 5351 in
1394 5314 1502 5369 quo
1534 5299 1785 5368 Epistolas

200 5393 274 5446 ad
317 5391 579 5444 Hebraeos
636 5400 691 5444 et
757 5390 1050 5460 Sapientiae
1099 5392 1407 5447 Salomonis
1448 5394 1782 5447 mentionem

204 5484 468 5548 faciebat,
496 5493 550 5537 et
576 5485 837 5551 quasdam
863 5485 1168 5539 sententias
1187 5501 1252 5538 ex
1282 5484 1402 5539 istis
1431 5485 1586 5539 libris
1611 5485 1784 5537 addu-

200 5580 392 5632 cebat.
447 5578 580 5644 Quis
637 5593 764 5632 vero
812 5587 954 5632 esset
1008 5581 1250 5632 auctoris
1296 5579 1348 5632 iu
1404 5579 1487 5631 his
1529 5578 1784 5631 omnibus

200 5670 489 5739 opusculis
531 5684 624 5723 seu
657 5669 812 5722 libris
845 5684 1059 5737 scopns,
1113 5669 1324 5737 quodve
1355 5669 1668 5733 consilium,
1701 5679 1780 5722 ta-

310 5783 356 5810 ”
390 5782 462 5834 De
494 5797 742 5849 pr.i-scr.,
775 5797 824 5831 c.
855 5781 941 5832 55.
1043 5782 1087 5812 ³⁸
1117 5782 1206 5849 Ep.
1242 5785 1287 5833 l.

203 5853 247 5881 "-
278 5852 405 5908 Liil.
442 5867 491 5916 ν,
523 5870 567 5906 L'.
603 5857 656 5907 8.
740 5853 780 5883 ³³
815 5851 930 5905 Lib.
962 5869 1032 5918 IV,
1066 5870 1178 5923 cup.

1370 5783 1412 5812 ³⁸
1442 5783 1563 5834 Lib.
1592 5799 1642 5842 γ,
1678 5799 1722 5836 c.
1757 5784 1845 5836 9.6.

1389 5855 1428 5884 3°
1461 5853 1520 5907 Ἰ.
1556 5852 1618 5920 ΙΙ,
1650 5872 1703 5921 p.
1745 5855 1864 5911 152,

1885 4651 2039 4721 cujus
2065 4652 2223 4707 linem
2249 4654 2314 4707 de
2348 4655 2652 4711 Inillenario
2673 4658 2874 4711 Christi
2906 4671 3088 4726 regno,
3121 4666 3172 4712 et
3200 4658 3267 4710 de
3300 4657 3451 4711 Anti-

1885 4743 2091 4797 christo
2121 4745 2415 4812 disserens,
2447 4749 2597 4816 plura
2635 4751 2773 4802 sacri
2803 4751 3024 4819 hujusce
3051 4750 3171 4803 libri
3206 4752 3449 4804 testimo-

1881 4838 1969 4891 nia
2017 4838 2425 4908 interpretatur,
2477 4851 2530 4894 et
2577 4843 2643 4896 ad
2691 4844 2996 4898 institutum
3051 4845 3444 4897 accommodat.

1881 4930 2137 4996 Quidam,
2168 4930 2360 4985 Pltutio
2391 4942 2527 4986 teste
2557 4934 2625 4998 δ’,
2654 4935 2851 4987 Irenu-o
2875 4935 3226 4988 ascribehant
3252 4933 3448 4987 librum

1880 5026 1964 5078 cui
1996 5025 2204 5090 titulus,
2255 5025 2332 5078 De
2365 5023 2616 5079 Universo
2652 5043 2743 5080 seu
2787 5027 2860 5079 De
2904 5028 3196 5080 substantia
3242 5028 3448 5079 mundi.

1882 5116 1988 5170 Sed
2037 5117 2150 5170 Caii
2207 5117 2515 5186 presbyteri
2561 5117 2809 5182 Romani,
2849 5130 2901 5171 et
2937 5117 3126 5173 lrenwi
3171 5118 3448 5185 discipuli,

1881 5222 2016 5276 opus
2051 5223 2172 5264 esse
2210 5209 2561 5264 verisimilius
2595 5218 2698 5264 est.
2737 5210 2812 5264 De
2839 5211 2960 5264 aliis
2988 5227 3106 5279 qua:
3137 5212 3204 5263 ad
3239 5212 3446 5264 calcem

1882 5301 2152 5355 edidimus
2182 5301 2367 5355 lreutei
2405 5300 2748 5369 fragmentis,
2779 5303 3002 5370 prpprio
3038 5303 3156 5356 loco
3189 5301 3447 5355 diximus.

1881 5395 2007 5450 Haec
2050 5405 2179 5448 sunt
2224 5409 2344 5466 qua:
2393 5396 2458 5448 de
2490 5395 2622 5448 tanti
2659 5394 2756 5447 viri
2791 5395 3010 5463 scriptis
3037 5394 3266 5448 dicenda
3298 5394 3456 5447 nobis

1881 5499 2060 5543 erant.
2087 5486 2206 5542 Jam
2236 5488 2303 5542 de
2331 5488 2497 5543 variis
2530 5487 2795 5542 doctrinae
2826 5486 2942 5556 ejus
2972 5486 3243 5557 capitibus
3275 5500 3456 5542 serum

1885 5579 2261 5636 instituendus
2299 5590 2402 5633 est.

1945 5785 1988 5814 ’⁷
2021 5782 2133 5835 Lib.
2171 5797 2207 5845 t,
2237 5796 2352 5846 Cap.
2384 5779 2472 5840 97,
2507 5795 2557 5829 n.
2591 5778 2647 5843 4,

1944 5856 1982 5886 ³¹
2016 5855 2073 5908 C.
2111 5853 2189 5907 l9.
2270 5854 2311 5882 ³³
2347 5851 2477 5905 (iud.
2509 5848 2593 5904 48.

2723 5788 2776 5834 et
2821 5777 2914 5833 lib.
2951 5793 3031 5844 tu,
3072 5793 3120 5832 c.
3158 5777 3244 5838 12,
3285 5793 3335 5829 n.
3370 5778 3450 5834 l3.
