4196 6330
683 299 791 352 ἓὸἵι
1451 297 2046 356 DISSERTATIONES
2075 296 2158 346 PR
2180 296 2381 353 .EVIIE
2417 297 2480 350 IN
2515 295 2722 350 IRENA

2417 297 2480 350 IN
2515 295 2771 350 IRENIE‘I
2806 293 3050 348 LIBROS
3803 295 3921 350 244

687 460 1034 473 w—

1499 646 2444 764 DISSERTATIO
2522 644 3100 760 TERTIA.

1845 900 1946 960 DE
1985 896 2280 958 IRENJEI
2323 896 2753 958 DOCTRINA.

762 1243 810 1295 1.
850 1238 1028 1292 Solius
1054 1237 1291 1303 supremi
1328 1230 1566 1285 numinis
1589 1239 1673 1283 est
1708 1241 1809 1282 nec
1849 1227 1986 1292 falli,
2017 1241 2116 1280 nec
2147 1224 2251 1278 laI-
2283 1227 2324 1285 Α
2359 1227 2653 1282 inﬁrmiora
2697 1229 2829 1283 sint.
2884 1228 3084 1283 Deinde
3135 1237 3190 1280 ut
3243 1228 3311 1282 de
3358 1225 3626 1280 rationum
3657 1241 3926 1294 quarum-

691 1333 802 1385 lere
837 1344 1036 1398 posse:
1075 1324 1386 1382 mortalium
1423 1323 1692 1390 omnium,
1725 1322 1829 1376 nisi
1863 1321 2123 1391 singulari
2161 1320 2253 1373 Dei
2356 1334 2568 1387 cunque
2635 1320 2870 1388 pondere
2927 1329 2982 1373 et
3047 1317 3286 1373 efficacia
3332 1316 3595 1385 judicium
3659 1318 3925 1381 feramus,

693 1423 977 1487 beneficio,
1012 1421 1143 1475 solis
1195 1417 1554 1486 scriptoribus
1601 1417 1776 1472 sacris
1820 1429 2102 1478 concesso,
2140 1413 2257 1467 cxi-
2358 1411 2632 1480 aequitatis
2687 1411 2825 1468 ratio
2880 1411 3134 1479 postulat,
3180 1421 3238 1465 ut
3287 1412 3354 1465 ad
3406 1411 3454 1464 id
3498 1412 3840 1464 attendamus
3873 1409 3928 1461 in

696 1524 934 1579 mantur,
964 1530 1028 1569 ea
1073 1523 1156 1568 est
1188 1528 1307 1568 sors
1333 1521 1389 1567 et
1414 1512 1677 1575 conditio,
1724 1519 1782 1565 ut
1819 1526 1912 1565 eos
1939 1525 1967 1562 a
2001 1525 2125 1564 vero
2160 1509 2255 1562 de-
2358 1502 2501 1572 quod
2559 1504 2903 1571 potissimum
2949 1504 3262 1558 intendebat
3315 1513 3529 1559 auctor.
3592 1500 3648 1556 Si
3704 1503 3929 1571 quidem

693 1613 812 1665 vius
858 1624 1015 1666 error
1064 1607 1334 1663 interdum
1368 1606 1624 1675 decipiat.
1674 1603 1887 1659 Nullum
1931 1604 2095 1673 igitur
2122 1618 2260 1671 opus
2363 1596 2543 1663 plures
2583 1595 2766 1650 lrenaei
2800 1597 3240 1650 ratiocinationes
3287 1597 3337 1648 in
3384 1595 3583 1664 seipsis
3614 1605 3667 1647 et
3701 1610 3728 1646 a
3762 1608 3932 1661 scopo

696 1706 832 1762 adeo
858 1705 1208 1773 castigatum,
1248 1703 1597 1770 numerisque
1641 1701 1894 1754 omnibus
1921 1698 2260 1763 absolutum,
2362 1688 2600 1743 auctoris
2646 1687 2887 1757 prmcism
2931 1696 3259 1755 spectentur,
3299 1687 3526 1740 inﬁrma:
3556 1686 3928 1745 videbuntur;

696 1800 824 1871 quin
873 1799 1044 1851 m2ij
1090 1796 1411 1865 quibusdam
1461 1795 1828 1864 inspergalur,
1876 1793 2121 1862 pluribus
2168 1802 2262 1846 aut
2362 1794 2522 1837 secus
2549 1796 2679 1834 vero
2705 1780 2749 1834 Si
2784 1781 2996 1835 consilii
3039 1779 3153 1843 ejus
3193 1781 3456 1834 habeatur
3501 1780 3665 1832 ratio.
3700 1778 3834 1844 Quia
3875 1776 3930 1830 in

695 1891 1066 1960 paucioribus,
1097 1888 1509 1958 majoribusque
1550 1888 1631 1941 vel
1674 1887 1994 1950 minoribus,
2026 1902 2124 1956 pro
2154 1903 2266 1940 ma.
2364 1876 2566 1944 apertis
2602 1873 3008 1941 Scripturarum
3039 1874 3220 1927 verbis
3257 1873 3395 1927 nulla
3429 1882 3587 1927 erant
3621 1872 3937 1926 vanissitnis

692 1981 799 2052 jori
828 1995 922 2036 aut
950 1983 1142 2038 minori
1176 1983 1463 2050 scriptoris
1505 1981 1782 2049 diligentia
1831 1991 1884 2035 ει
1931 1980 2260 2035 eruditione,
2365 1968 2743 2022 haereticorum
2783 1966 3125 2035 dogmatibus
3161 1967 3428 2035 pnesidia,
3470 1966 3572 2018 alia
3603 1966 3701 2018 sibi
3742 1967 3793 2018 in
3831 1980 3932 2032 pa-

698 2075 900 2136 Neutra
929 2077 1145 2145 quidem
1176 2076 1379 2130 Irenaeo
1409 2075 1577 2130 deruit
1605 2091 1617 2137 ;
1653 2075 1726 2127 ita
1760 2086 1932 2128 tamen
1969 2074 2070 2129 sibi
2124 2089 2266 2129 sem-
2364 2062 2565 2115 rabolis
2596 2071 2649 2115 et
2675 2061 2970 2129 allegoriis,
3009 2074 3145 2128 quas
3178 2076 3274 2127 pro
3304 2059 3452 2111 libita
3486 2060 3932 2125 interpretaban-

699 2185 794 2238 per
852 2185 957 2228 non
1009 2170 1172 2232 cavit,
1227 2179 1286 2222 ut
1332 2169 1624 2236 aliquando
1671 2181 1777 2219 non
1817 2167 2140 2228 olle-aderit,
2172 2167 2265 2220 sed

701 2264 1017 2333 plerumque
1070 2262 1279 2328 levius;
1335 2261 1509 2317 sicubi
1560 2276 1688 2316 vero
1718 2260 1878 2325 paulo
1921 2260 2165 2329 gravius,
2199 2273 2267 2312 eo

704 2361 878 2427 magis
927 2373 1082 2411 error
1123 2358 1536 2418 eoudonandus,
1587 2369 1696 2425 quo
1738 2355 1975 2408 nonlum
2023 2354 2158 2408 satis
2200 2354 2266 2406 ad

703 2452 963 2519 liquidum
1029 2451 1329 2521 exploratis
1389 2450 1557 2506 certis
1619 2449 1940 2515 quibusdam
2008 2446 2268 2501 doctrina:

701 2546 1028 2607 Cluistiana:
1061 2546 1350 2615 capitibus,
1406 2545 1494 2596 vix
1546 2545 1658 2597 lieri
1692 2550 1903 2612 poterat
1933 2553 1990 2593 ut
2016 2543 2269 2595 attentio-
2303 2581 2344 2634 Β

705 2644 855 2700 ribus
908 2645 1068 2695 etiam
1113 2641 1310 2695 animis
1355 2640 1576 2694 nebulas
1624 2657 1726 2692 non
1763 2636 2102 2691 ollundcrent
2134 2650 2272 2704 prte-

706 2747 984 2804 conceptae
1033 2733 1278 2802 quaedam
1332 2747 1395 2786 ac
1421 2745 1738 2787 communes
1778 2729 2018 2798 priorum
2047 2726 2271 2780 s:eculo-

708 2845 826 2892 runi
881 2829 1188 2896 opiniones.
1248 2825 1318 2881 Ut
1348 2840 1477 2880 vero
1511 2823 1855 2879 excusandus
1904 2837 2009 2876 non
2043 2830 2126 2874 est
2158 2818 2271 2871 Ire-

711 2941 879 2988 umus,
937 2924 1023 2978 ubi
1080 2923 1259 2991 lapsus
1302 2930 1423 2983 est;
1476 2921 1555 2972 sic
1583 2933 1682 2971 nec
1720 2926 1922 2969 temere
1948 2914 2271 2982 culpandus,

713 3018 801 3071 ubi
846 3015 1005 3083 culpa
1047 3023 1224 3076 vacat,
1266 3027 1365 3067 nec
1395 3012 1564 3065 aliena
1598 3011 1645 3066 ei
1692 3005 1994 3074 aliingenda
2023 3007 2272 3073 dogmata

711 3126 830 3178 qua:
883 3111 1108 3177 respuit.
1161 3107 1300 3162 Sunt
1329 3108 1475 3160 enim
1525 3104 1797 3168 homines,
1849 3103 2045 3171 quibus
2093 3101 2272 3153 onmia

714 3212 997 3259 auctorum
1045 3201 1188 3255 dicta
1234 3200 1542 3254 excusanda
1595 3197 1885 3261 videntur;
1932 3203 2060 3250 sunt
2105 3203 2157 3248 et
2184 3192 2274 3246 alii

715 3298 805 3359 qui
847 3293 1045 3348 infesto
1075 3294 1234 3349 dente
1270 3301 1500 3358 carpunt
1548 3288 1810 3357 quidquid
1853 3288 2030 3340 minus
2079 3284 2279 3338 intelli-

716 3398 886 3458 gunt;
921 3397 1050 3440 sunt.
1075 3387 1164 3439 alii
1204 3385 1438 3453 denique
1466 3384 1555 3451 qui
1609 3382 1748 3450 apud
1783 3393 1993 3434 veteres
2024 3377 2281 3432 Each-sia:

717 3484 909 3546 Patres
963 3482 1144 3534 videre
1189 3496 1247 3534 se
1294 3490 1486 3547 putant
1528 3478 1670 3545 quod
1701 3476 1880 3528 videre
1930 3473 2178 3541 cupiunt,
2225 3481 2282 3525 ut

717 3575 925 3635 erroris
963 3584 1245 3630 consortes
1287 3572 1541 3628 habeant.
1573 3569 1649 3622 Ne
1677 3569 1740 3621 ad
1779 3569 1999 3620 eosdem
2033 3565 2282 3633 scopulos

722 3663 1080 3731 appellamus,
1113 3663 1284 3715 visum
1314 3672 1396 3720 est
1442 3661 1710 3730 praecipua
1758 3672 1986 3728 quaeque
2021 3658 2284 3710 docti-inre

723 3759 907 3814 lt'enazi
938 3763 1141 3826 capita,
1187 3775 1347 3826 quam
1379 3759 1621 3811 breviter
1652 3758 1766 3810 ﬁeri
1811 3755 2031 3824 poterit,
2061 3770 2285 3824 pert-nr-

725 3867 872 3916 t'el'e;
903 3863 953 3907 et
983 3855 1024 3910 si
1056 3855 1182 3924 quid
1215 3853 1394 3920 lapsos
1418 3861 1522 3912 est,
1547 3851 1596 3902 id
1617 3851 1912 3912 adnotare;
1937 3847 1978 3901 si
2011 3847 2136 3915 quid
2161 3860 2286 3897 vero

724 3943 958 3998 alienum
988 3944 1288 4012 afﬁngitur,
1308 3944 1358 3996 id
1389 3943 1457 4000 ab
1483 3957 1548 3995 eo
1578 3941 1867 4009 depellere.

794 4036 851 4089 2.
880 4035 1149 4091 Observat
1179 4035 1421 4098 Photius.
1455 4037 1507 4087 in
1558 4034 1823 4102 aliquibus
1855 4031 2038 4083 lreuaei
2079 4028 2287 4095 scriptis

725 4129 1203 4190 ecclesiasticarum
1252 4129 1551 4196 dogmatum
1583 4136 1775 4178 certum
1794 4126 2061 4178 veritatem
2095 4121 2288 4189 spuriis

727 4219 1019 4272 rationibus
1069 4222 1262 4288 fucari.
1298 4220 1388 4273 Sic
1417 4218 1609 4274 Saltem
1638 4218 1825 4271 Graeca
1858 4218 1969 4269 ha-c
2022 4216 2290 4281 interpre-

731 4325 812 4370 ιω
836 4332 856 4368 :
881 4314 944 4367 El
975 4314 1066 4366 καὶ
1102 4312 1157 4365 ἐν
1187 4330 1325 4365 τισιν
1355 4313 1531 4370 αὑτῶν
1563 4307 2028 4381 (συγγραμμάτων
2054 4308 2148 4359 καὶ
2177 4307 2294 4357 ἐπι-

730 4406 954 4476 στολῶν)
989 4407 1021 4474 ὴ
1055 4406 1150 4476 τῆς
1185 4405 1322 4460 κατὰ
1353 4405 1420 4457 τὰ
1451 4402 1876 4474 ὲκκλησιαστικὰ
1896 4402 2141 4471 δόγματα
2171 4398 2296 4467 ἁλη-

730 4501 878 4561 Θειας
903 4497 1155 4568 ἀκρίόεια
1179 4497 1352 4560 νόθοις
1377 4497 1652 4566 λογισμοῖς
1674 4494 2064 4565 κιϐδηλεύεται.
2094 4491 2148 4543 ln
2179 4505 2296 4559 quae

733 4590 922 4656 Irenaei
976 4592 1182 4660 scripta.
1221 4590 1659 4658 scriptorumque
1695 4588 1809 4640 loca
1851 4585 2077 4653 digitum
2116 4584 2296 4637 inten—

735 4683 874 4746 derit
907 4684 1131 4742 Photius
1193 4685 1483 4738 incertum.
1534 4678 1640 4734 Sed
1690 4680 1732 4732 si
1783 4678 1825 4730 is
1861 4679 1930 4729 sit
1968 4675 2148 4729 l’hotii
2178 4691 2298 4727 ver-

734 4781 924 4834 borum
981 4792 1195 4838 seusus,
1249 4775 1459 4827 inlirma
1516 4772 1784 4827 interdum
1837 4778 2184 4836 argumenta,
2235 4765 2300 4818 ad

737 4870 1049 4938 probandae
1099 4877 1280 4926 certas
1329 4866 1760 4922 Iidei'reritates.
1799 4866 1866 4916 ab
1916 4861 2119 4914 Irenaeo
2147 4858 2301 4913 adbi-

739 4965 881 5026 beri,
935 4963 1267 5019 levissimum
1320 4958 1438 5012 vitii
1491 4971 1660 5025 genus
1713 4964 1834 5016 est,
1890 4951 2142 5005 omnibus
2194 4950 2304 5002 fere

743 5059 1098 5126 srriptoribus
1128 5067 1439 5115 commune,
1459 5051 1709 5119 quodque
1730 5063 1795 5102 eo
1819 5047 2089 5099 dillieilius
2110 5057 2302 5097 cavere

745 5151 870 5220 quis
900 5159 1096 5218 potest,
1128 5163 1237 5214 quo
1274 5144 1619 5198 adversarios
1653 5139 1952 5194 studiosius
1983 5138 2304 5192 insectatur,

749 5259 812 5299 sc
868 5241 1176 5309 omnigenis
1229 5239 1567 5307 argumentis
1620 5233 1854 5288 obruere
1910 5229 2123 5284 nititur.
2177 5224 2309 5291 Quis

746 5339 888 5391 enim
948 5347 1139 5388 auctor
1193 5341 1400 5385 tantum
1450 5329 1645 5384 valeat.
1679 5337 1736 5379 ut
1779 5341 1838 5377 ea
1880 5317 2309 5386 omnia,quibus

746 5427 1088 5484 adversarios
1118 5425 1328 5488 refellit,
1355 5431 1691 5492 argumenta,
1724 5419 1944 5473 t0tidcm
1971 5416 2310 5469 demonstra-

746 5522 923 5574 tiones
951 5519 1106 5573 sint?
1136 5519 1235 5583 Yix
1287 5517 1404 5571 ﬁeri
1435 5525 1610 5584 potest
1638 5513 1788 5579 quin,
1837 5509 1880 5562 si
1916 5502 2218 5573 prirscrtim
2246 5499 2310 5550 de

747 5622 850 5660 una
877 5618 930 5662 et
960 5608 1149 5668 eadem
1180 5623 1236 5670 re
1269 5606 1432 5658 multa
1463 5606 1592 5665 sint,
1622 5602 1720 5653 alia
1752 5601 1871 5652 aliis
1899 5594 2199 5648 elliraciora
2230 5589 2309 5641 vel

822 5758 1052 5824 “irem,
1079 5761 1169 5816 lib.
1203 5777 1258 5820 ιι.
1293 5776 1337 5814 r.
1373 5761 1462 5821 27,
1497 5777 1545 5814 n.
1594 5769 1639 5809 1.
1721 5757 1762 5788 “
1794 5754 1984 5810 Matth.
2024 5747 2262 5817 “11,32.

2369 2166 2473 2215 tur,
2508 2168 2831 2219 comparare
2862 2152 2962 2205 sibi
2995 2153 3303 2205 studebant.
3329 2152 3495 2204 (lassa
3526 2161 3578 2204 et
3608 2149 3784 2203 Iulilia
3810 2163 3937 2203 esse

2369 2253 2559 2302 merito
2588 2248 2868 2303 contendit
2901 2247 3156 2301 Irenaeus.
3177 2244 3341 2307 Nam,
3375 2245 3549 2313 inquit
3578 2245 3642 2305 ³³,
3669 2242 3938 2310 parabolae

2368 2344 2550 2395 debent
2628 2358 2729 2393 non
2810 2340 3070 2409 ambiguis
3140 2339 3406 2404 adaptari.
3467 2337 3939 2390 Absurdissimmu

2371 2437 2566 2505 quippe
2611 2445 2694 2487 est
2740 2448 2802 2488 ea
2859 2450 2976 2502 qua:
3025 2448 3127 2486 non
3161 2441 3336 2500 aperte
3383 2430 3524 2481 dicta
3581 2436 3728 2488 sunt,
3777 2443 3943 2493 neque

2373 2544 2492 2585 ante
2526 2529 2704 2585 oculos
2745 2529 2941 2596 posita,
2976 2526 3220 2592 capularc
3262 2522 3679 2576 absolutionibus
3711 2520 3945 2588 parabo-

2375 2628 2563 2684 larum,
2606 2639 2733 2690 quas
2786 2618 3141 2688 unusquisque
3171 2625 3324 2683 prout
3370 2613 3476 2666 vult
3525 2613 3808 2665 adiuvem't.
3865 2610 3947 2666 Ne

2377 2727 2553 2767 tamen
2581 2713 2706 2776 boc,
2739 2710 2956 2764 inﬁrmo
2985 2707 3406 2776 licet,pra2sidio
3435 2705 3800 2773 gloriarentur
3827 2701 3944 2754 ha:-

2377 2807 2556 2866 retici,
2604 2805 2895 2870 lucumque
2928 2799 3170 2853 lacerent
3212 2796 3505 2865 imperitis,
3547 2795 3597 2848 id
3650 2794 3750 2846 sibi
3801 2792 3949 2845 libro

2376 2911 2569 2967 quarto
2603 2896 2904 2966 praesertim
2953 2892 3289 2963 probandum
3322 2888 3570 2958 suscipit,
3599 2888 3943 2955 desperatam

2377 3006 2563 3045 eorum
2614 3005 2831 3043 causam
2885 2985 3161 3057 parabolis
3217 2982 3350 3036 nihil
3396 2983 3598 3050 juvari,
3631 2992 3681 3034 et
3735 2981 3776 3032 si
3811 2979 3948 3046 quid

2377 3085 2556 3137 valeat
2622 3083 2672 3135 id
2730 3081 3035 3149 argumenti
3088 3095 3282 3148 genus,
3341 3087 3511 3129 totum
3549 3075 3601 3127 iu
3653 3089 3947 3140 pravorum

2379 3177 2692 3244 dogmatum
2726 3175 2932 3228 ruinam
2967 3173 3183 3226 cedere.
3212 3170 3468 3238 Quisquis
3506 3183 3635 3236 ergo
3672 3167 3948 3234 queritur,

2383 3289 2443 3328 ca
2481 3271 2753 3326 interdum
2787 3283 2814 3320 a
2844 3265 3116 3335 parabolis
3146 3273 3199 3318 et
3228 3261 3505 3331 allegoriis
3539 3260 3604 3312 ad
3638 3258 3958 3326 probandus

2388 3364 2508 3418 lidei
2537 3363 2794 3415 veritates
2823 3367 3142 3427 argumenta
3173 3354 3241 3408 ab
3284 3354 3484 3408 [arenam
3529 3351 3678 3412 duci,
3706 3365 3825 3418 qum
3857 3363 3957 3414 pa-

2385 3474 2501 3513 rum
2556 3456 2764 3510 roboris
2821 3453 3021 3507 habere
3073 3451 3361 3511 videntur,
3411 3445 3720 3499 meminerit
3778 3451 3833 3495 et
3892 3442 3952 3493 S.

2385 3551 2659 3604 doctorem
2721 3563 2826 3602 non
2893 3545 3136 3600 nescium
3193 3542 3358 3594 fuisse
3405 3540 3534 3609 quid
3579 3543 3959 3603 quantumque

2385 3642 2632 3694 valerent
2681 3638 2945 3706 ejusmodi
2990 3643 3304 3704 argumenta
3368 3629 3663 3685 secundum
3721 3642 3778 3679 se
3824 3641 3956 3692 spe-

2387 3742 2566 3791 ctata;
2625 3731 2693 3783 ab
2741 3746 2806 3784 eo
2855 3739 3033 3781 tamen
3086 3741 3184 3795 pro
3227 3724 3352 3793 jure
3387 3737 3486 3776 suo
3521 3719 3792 3787 usurpari,
3827 3717 3958 3783 quia

2393 3825 2688 3891 usurpandi
2742 3822 3050 3890 exemplum
3113 3819 3272 3888 primi
3329 3817 3590 3870 dederant
3631 3813 3664 3866 ii
3702 3827 3835 3878 quos
3869 3825 3957 3860 rc-

2317 3944 2359 3998 ο
2396 3918 2629 3972 fellebat.
2666 3916 2821 3972 Unde
2846 3925 3163 3983 argumenta
3196 3920 3354 3975 erant
3378 3909 3527 3961 velut
3561 3907 3625 3958 ad
3659 3905 3960 3964 hominem,

2390 4020 2444 4068 et
2492 4026 2558 4067 ex
2615 4011 3057 4061 adversariorum
3091 4002 3379 4072 principiis
3404 4010 3460 4054 et
3493 4000 3742 4052 confesso
3769 3997 3961 4064 petita,

2394 4119 2513 4172 qua:
2561 4100 2854 4154 cﬂieaciam
2911 4099 2977 4151 ab
3034 4099 3100 4149 iis
3139 4095 3266 4164 ipsis
3302 4093 3692 4148 sortiebantur.
3748 4089 3818 4141 Ex
3854 4103 3969 4154 quo

2396 4195 2540 4250 enim
2599 4192 2872 4261 parabolis
2916 4202 2972 4243 et
3024 4185 3302 4254 allegoriis
3353 4186 3644 4238 utebantur
3698 4182 3970 4244 adversus

2397 4286 2727 4350 Catholicos,
2747 4300 2810 4338 co
2839 4284 3016 4336 minus
3043 4290 3486 4349 argumentorum
3522 4276 3647 4327 inde
3673 4273 3965 4340 pelilorum

2399 4378 2611 4448 pondus
2643 4378 2916 4431 declinare
2958 4381 3241 4443 poterant,
3274 4385 3381 4439 quo
3413 4369 3477 4422 iis
3506 4369 3571 4420 ad
3602 4364 3984 4437 dirimendum,

2402 4473 2549 4525 litem
2605 4470 2708 4523 sibi
2765 4468 3022 4520 utendum
3077 4482 3198 4519 esse
3245 4464 3404 4533 primi
3441 4469 3792 4517 censuerant.
3824 4458 3877 4512 ld
3921 4459 3986 4524 si,

2400 4566 2724 4619 advertisset
2760 4560 3054 4621 Gallasius,
3090 4559 3158 4611 ab
3199 4556 3402 4611 insulsa
3435 4565 3491 4608 et
3523 4555 3701 4620 inepta
3732 4565 3982 4614 censura,

2405 4664 2807 4723 temperasset,
2865 4667 2970 4720 qua
3046 4649 3305 4702 lrenamm
3373 4656 3582 4712 vexat,
3648 4643 3788 4712 quod
3865 4641 3973 4694 hac

2403 4748 2609 4802 Christi
2661 4744 2960 4814 parabola:
3023 4742 3305 4806 Pmpterea
3359 4738 3527 4792 omnis
3579 4736 3748 4789 scriba
3784 4724 3984 4797 (lactus,

2403 4844 2457 4894 iu
2507 4857 2661 4910 regno
2715 4840 2956 4891 calorum
3002 4835 3192 4889 similis
3232 4843 3304 4886 est
3334 4829 3536 4884 homini
3573 4826 3974 4896 patrifamilias,

2409 4931 2591 5006 [CVII]
2625 4935 2712 5000 qui
2742 4932 2937 5001 profert
2966 4929 3030 4980 de
3063 4928 3312 4980 thesauro
3329 4939 3423 4976 suo
3453 4937 3583 4973 nova
3616 4930 3663 4972 et
3695 4930 3861 4971 vetera
3885 4917 3933 4947 ”
3957 4959 3972 4982 ,

2411 5037 2593 5084 utatur
2624 5035 2683 5080 ut
2723 5026 2932 5094 probet,
2971 5037 3139 5074 unum
3171 5028 3223 5074 et
3267 5016 3518 5071 eumdem
3559 5013 3724 5066 Deum
3766 5010 3979 5062 utrius-

2411 5137 2516 5191 que
2541 5117 2877 5175 Testamenli
2923 5126 3200 5167 auctorem
3246 5125 3384 5164 esse.
3427 5107 3562 5160 Nam
3605 5117 3976 5173 praeterquam

2411 5217 2551 5285 quod
2576 5212 2760 5270 lrenmi
2797 5210 2839 5241 ⁸⁵
2874 5208 3270 5274 expositionem
3303 5202 3474 5257 secuti
3509 5199 3982 5267 suot;Chrysosto-

2343 5285 2384 5338 D
2417 5326 2560 5373 mus,
2595 5304 3053 5374 TheOphylactus,
3103 5299 3360 5360 Hilarius,
3402 5295 3761 5363 Hieronymus
3794 5297 3844 5343 et
3884 5290 3982 5343 alii

2418 5403 2619 5472 plures,
2677 5407 2733 5450 ut
2787 5406 2939 5450 recte
2988 5394 3210 5447 adnotat
3251 5385 3677 5444 Feuarden‘tius;
3734 5391 3791 5433 ut
3837 5378 3988 5434 forte

2419 5497 2681 5548 adversus
2717 5491 2852 5544 alios
2884 5487 3168 5542 brereticos
3192 5500 3295 5536 non
3317 5480 3576 5533 valuisset
3593 5475 3862 5545 ejusmodi
3891 5490 3989 5527 ar-

2418 5596 2751 5656 gumentum,
2780 5583 3009 5635 maxime
3033 5578 3242 5634 valebat
3262 5575 3520 5630 adversus
3546 5566 3986 5632 Valentinianus,

2363 5746 2403 5775 ³³
2435 5743 2552 5800 Lib.
2584 5759 2657 5808 ιγ,
2697 5757 2742 5796 c.
2779 5739 2832 5805 9,
2863 5757 2912 5795 η.
2950 5741 2992 5790 l.
