4196 6330
212 371 313 429 285

1146 374 1601 433 υιΞΞΕΒΤΛΤΙΟ
1638 375 1725 442 III,
1762 376 1849 431 DE
1890 375 2145 444 [BEN/EI
2182 374 2547 434 DOCTRINA.

3368 379 3471 438 246

220 492 310 560 qui
357 506 387 547 e
424 491 713 562 parabolis
776 494 1010 548 eliicacia
1068 495 1175 563 peti
1233 510 1395 565 posse
1445 495 1739 550 censebant
1776 512 1788 549 :
1822 499 2017 555 Arum
2070 492 2306 564 ipsorum
2364 502 2527 565 caput
2593 501 2921 565 retorqueat.
2984 495 3163 565 Quare
3217 498 3348 568 quid
3417 509 3469 553 ct

222 584 286 638 ad
311 599 444 655 quos
471 586 709 656 proinde
739 587 1107 642 retundendos
1140 584 1444 641 suﬁiciebat
1479 587 1791 657 parabolam

220 694 284 732 eo
318 694 482 734 sensu
518 680 807 749 explicari,
838 680 931 751 qui
961 696 1084 736 cum
1114 680 1319 737 Christi
1340 681 1524 736 verbis
1555 691 1609 735 et
1640 682 1795 736 insti-

223 781 337 827 tuto
371 788 477 828 non
502 785 793 844 pugnaret.
829 775 945 830 Alia
977 790 1098 831 esse
1122 776 1361 831 clariora
1393 775 1599 832 Christi
1621 776 1793 843 dicta,

218 883 253 921 υ
283 869 479 934 quibus
514 880 832 941 argumenta
877 870 1001 925 duci
1058 879 1328 939 poterant,
1376 872 1545 941 probe
1590 870 1794 925 sciebat

217 957 492 1025 Irenaeus;
527 961 620 1015 sed
659 961 776 1016 hac
811 960 951 1015 libro
984 962 1175 1032 quinto
1205 961 1544 1026 reservabat,
1587 972 1648 1018 ut
1674 964 1796 1033 ipse

216 1052 506 1122 proﬁtetur
568 1054 724 1109 initio
792 1054 950 1123 hujus
1008 1054 1132 1111 libri
1204 1066 1259 1110 et
1317 1058 1369 1112 in
1417 1057 1525 1111 ﬁne
1586 1057 1787 1128 quarti.

216 1142 365 1198 Idem
400 1144 510 1198 dici
544 1145 704 1198 velim
742 1146 809 1201 de
842 1146 1011 1202 variis
1036 1162 1388 1203 numerorum
1429 1147 1791 1218 copulationi-

216 1236 339 1303 bus,
376 1237 575 1305 quibus
608 1238 879 1291 interdum
915 1237 1034 1307 plus
1065 1248 1223 1309 :equo
1273 1239 1535 1295 delectari
1568 1240 1793 1295 videtur

217 1336 413 1382 auctor
436 1337 641 1383 noster.
672 1328 952 1398 Ejusmodi
992 1329 1215 1399 quidem
1248 1331 1490 1401 argutias
1525 1331 1793 1387 fastidivit

214 1422 490 1488 posterior
527 1431 694 1487 artas;
741 1436 849 1477 non
892 1424 966 1477 ita
1000 1438 1131 1478 vero
1164 1438 1255 1490 ea,
1290 1439 1397 1495 qua
1434 1423 1659 1495 scripsit
1688 1422 1793 1480 Iro-

214 1526 405 1575 ncus,
441 1522 496 1566 et
529 1512 693 1581 hujus
746 1530 926 1570 mores
976 1517 1180 1571 nostris
1237 1516 1419 1571 metiri
1466 1532 1597 1571 sana
1652 1516 1792 1571 ratio

210 1618 321 1659 non
354 1604 509 1659 sinit.
538 1606 903 1677 Allegoricum
947 1608 1049 1662 hoc
1084 1608 1499 1679 philomphandi
1536 1623 1727 1679 genus,
1760 1624 1790 1663 a

211 1695 598 1768 Pythagoricis
656 1709 711 1755 et
784 1700 1084 1756 Platozticis
1157 1713 1482 1771 acceptum,
1552 1704 1791 1757 maximo

209 1790 351 1858 apud
387 1790 660 1856 ethnicos,
686 1792 795 1847 imo
824 1801 878 1848 et
901 1791 1119 1849 JUdR‘OS
1145 1794 1312 1865 ipsos.
1354 1796 1405 1849 in
1432 1794 1607 1865 pretio
1628 1804 1748 1848 erat
1774 1811 1789 1851 :

207 1881 275 1934 ad
302 1883 449 1951 quod
479 1883 827 1939 conformare
860 1901 980 1940 sese
1014 1889 1269 1958 antiquos
1323 1887 1516 1943 Patres
1568 1901 1790 1943 necesse

206 1971 334 2039 fuit,
366 1983 482 2029 tum
532 1984 591 2029 ut
626 1978 894 2046 superbos
936 1979 1149 2035 animos
1190 1980 1294 2034 sibi
1351 1980 1565 2035 facilius
1605 1982 1789 2035 conci-

208 2064 430 2133 Iiarent,
469 2069 639 2122 semel
672 2084 964 2137 persuasos
998 2071 1365 2126 Christianam
1404 2072 1726 2143 religionem
1757 2086 1786 2125 a

208 2172 359 2218 recta
384 2163 807 2233 philosOphandi
840 2166 1053 2219 ratione
1079 2180 1185 2219 non
1220 2167 1553 2232 abhorrere;
1589 2179 1699 2222 tmn
1728 2179 1787 2224 ut

202 2272 299 2310 eos
326 2257 567 2325 propriis
607 2259 985 2322 mucronibus,
1051 2260 1141 2313 ubi
1196 2274 1318 2314 sese
1352 2262 1575 2315 occasio
1604 2262 1783 2327 daret,

201 2347 570 2418 conﬁgerent.
627 2350 693 2405 Et
720 2351 773 2405 id
807 2353 1027 2420 quidem
1066 2352 1135 2406 ab
1171 2351 1397 2416 Irenaeo,
1463 2367 1529 2409 eo
1582 2356 1782 2424 potiori

196 2441 322 2507 jure
353 2451 703 2511 usurpatum,
740 2458 849 2513 quo
903 2444 1176 2511 Gnostici,
1243 2456 1301 2499 ut
1359 2446 1484 2501 alibi
1543 2447 1784 2511 ostendi,

200 2532 671 2604 Pythagoreorum
718 2536 1237 2606 Platonicorumquc
1263 2538 1543 2608 principiis
1570 2540 1788 2608 imbuti,

200 2628 498 2694 plurimum
560 2628 806 2681 numeris
860 2630 1185 2694 tribuerent,
1221 2642 1275 2685 et
1311 2632 1362 2686 in
1401 2634 1569 2687 variis
1598 2648 1786 2687 eorum

201 2719 639 2787 copulationibus
699 2720 840 2773 haud
899 2724 1155 2792 exiguum
1210 2740 1385 2777 causa:
1444 2742 1553 2777 suae
1602 2726 1790 2791 praesi-

197 2812 347 2865 dium
385 2813 808 2867 constituerent.
857 2814 936 2867 Ad
988 2831 1219 2884 quorum
1268 2817 1497 2886 proinde
1555 2818 1790 2887 philoso-

197 2908 451 2975 phemata
497 2922 567 2963 eo
613 2922 673 2963 se
727 2907 954 2963 consilio
985 2911 1284 2975 componit,
1318 2922 1466 2967 utea
1503 2913 1552 2967 in
1588 2925 1777 2968 aucto-

1897 595 2163 656 quantum
2192 584 2408 640 valeant
2428 586 2691 658 ejusmodi
2726 586 2987 653 rationes,
3024 597 3081 643 ut
3122 605 3277 662 aequa
3310 591 3470 647 lance

1895 676 2222 747 pensitetur,
2271 679 2623 749 proponentis
2668 689 2819 747 tetas,
2873 695 3093 751 scopas,
3140 684 3464 751 adversarii,

1897 786 1962 827 ac
1990 770 2317 841 litigantium
2348 771 2662 842 hypothesis
2688 787 2798 842 pra
2830 774 3006 830 oculis
3026 790 3242 846 semper
3274 776 3467 834 haberi

1897 862 2057 918 debet
2090 862 2197 916 :ad
2235 876 2357 931 quae
2407 863 2653 934 quisquis
2698 878 2887 933 aequus
2940 866 3255 932 attenderit,
3304 867 3467 923 fateri

1896 969 2004 1010 non
2035 954 2310 1009 dubitabit
2365 954 2417 1009 id
2472 956 2648 1025 egisse
2698 954 2804 1013 SS.
2860 956 3051 1013 Patres
3105 960 3249 1026 quod
3302 960 3352 1013 in
3393 963 3465 1017 iis

1900 1057 2203 1119 temporum
2248 1049 2785 1119 disputationumque
2838 1050 3266 1107 circumstantiis
3317 1065 3467 1110 recta

1899 1142 2043 1197 ratio
2070 1142 2138 1197 ab
2171 1142 2237 1196 iis
2276 1143 2549 1211 exigebat.
2603 1142 2713 1199 Sed
2761 1160 2921 1212 quam
2974 1159 3166 1214 parum
3201 1146 3467 1204 tribueret

1898 1236 2136 1293 Irenazus
2157 1238 2423 1307 ejusmodi
2465 1251 2815 1292 numerorum
2863 1239 3172 1296 rationibus
3212 1250 3267 1296 et
3298 1256 3468 1312 copu-

1897 1328 2213 1393 lationibus,
2266 1329 2572 1384 luculenter
2628 1339 2778 1399 patet
2822 1345 2889 1385 ex
2949 1333 3015 1387 iis
3071 1348 3192 1403 qua:
3240 1333 3336 1389 lib.
3402 1348 3465 1401 tt.

1893 1438 2014 1491 cap.
2042 1422 2112 1477 25
2145 1422 2313 1489 et26,
2342 1422 2584 1477 disserit.
2628 1420 2703 1477 lbi
2749 1426 2894 1478 enim
2940 1439 3007 1481 ex
3045 1426 3291 1496 professo
3337 1440 3464 1497 pro-

1892 1515 2009 1579 bat,
2044 1514 2137 1568 Dei
2169 1528 2361 1583 opera,
2394 1529 2478 1569 res
2512 1515 2746 1582 divinas,
2797 1519 3085 1581 rationem,
3117 1534 3180 1575 ac
3216 1520 3466 1574 veritatis

1894 1620 2213 1678 argumenta
2251 1610 2317 1664 ad
2350 1625 2607 1665 numeros
2653 1610 2794 1680 exigi
2839 1628 2944 1667 non
2982 1612 3213 1680 debere;
3246 1614 3343 1668 sed
3374 1630 3466 1681 po-

1894 1703 2002 1757 tius
2033 1718 2291 1758 uumeros
2343 1704 2410 1757 ad
2438 1718 2526 1759 res
2556 1704 2788 1767 divinas,
2830 1706 3095 1759 rationem
3139 1714 3194 1760 et
3223 1707 3467 1761 veritatis

1894 1798 2209 1858 argumenta
2232 1793 2525 1859 exigendos
2553 1808 2713 1853 esse;
2760 1795 3141 1865 curiosamque
3182 1796 3329 1850 illam
3364 1814 3464 1851 nu-

1893 1896 2164 1936 merorum
2200 1884 2631 1953 inquisitionem.
2657 1894 2711 1940 et
2747 1901 2811 1940 ex
2840 1886 2910 1940 iis
2945 1889 3103 1942 ducta
3141 1899 3464 1955 argumenta

1888 1971 2106 2027 inﬁrma
2158 1989 2281 2031 esse
2353 1993 2416 2032 ac
2472 1977 2798 2048 plerumque
2840 1992 2975 2033 vana
3023 1989 3077 2034 et
3136 1980 3463 2047 periculosa.

1886 2064 2005 2119 'llon
2049 2077 2231 2123 tamen
2270 2069 2532 2126 hactenus
2564 2072 2723 2126 dictis
2768 2072 3105 2142 negaverim,
3147 2073 3278 2142 quin
3323 2083 3464 2142 apud

1885 2158 2146 2214 Irenaeum
2170 2165 2367 2229 spuria:
2388 2164 2638 2232 quzedam
2664 2177 2959 2219 occurrant
2988 2167 3248 2226 rationes,
3269 2166 3468 2234 quibus

1888 2263 2076 2304 revera
2105 2252 2599 2309 ccclesiasticorum
2628 2256 2945 2327 dogmatum
2993 2257 3193 2311 veritas
3251 2257 3469 2311 l'ucetur

1889 2345 2069 2410 potius
2113 2358 2277 2412 quam
2318 2345 2657 2415 illustretur;
2712 2351 2901 2418 quales
2940 2358 3067 2406 sunt
3116 2364 3195 2405 ea:
3249 2363 3390 2419 quas
3436 2362 3466 2402 a

1891 2434 2091 2490 Christi
2126 2446 2307 2503 :rtate,
2345 2447 2399 2492 et
2428 2440 2736 2495 millenario
2768 2456 2938 2512 regno
2987 2442 3151 2512 petit;
3180 2442 3276 2497 sed
3315 2440 3384 2497 iis
3412 2450 3469 2496 et

1890 2528 2014 2582 aliis
2048 2530 2376 2599 quibusdam
2425 2534 2615 2603 paucis
2642 2537 2907 2603 exceptis,
2956 2538 3170 2591 caeteris
3210 2534 3487 2598 omnibus,

1888 2622 1933 2675 si
1963 2624 2240 2688 (emutatis
2266 2627 2600 2691 penderibus
2626 2631 3030 2693 examinentur,
3072 2639 3125 2683 et
3160 2628 3227 2683 ad
3274 2637 3467 2683 aucto-

1889 2714 1965 2767 ris
2015 2729 2235 2781 scopum
2293 2727 2456 2786 atque
2505 2721 2794 2777 consilium
2852 2723 3160 2787 exigantur,
3228 2723 3462 2790 pretium

1886 2806 2159 2860 constabit
2205 2815 2257 2861 et
2283 2811 2467 2863 robur.
2522 2810 2629 2866 Sed
2669 2813 2801 2882 quid
2835 2823 2891 2867 et
2934 2823 3195 2882 quantum
3240 2827 3308 2867 ex
3350 2809 3465 2879 ejus

1890 2896 2135 2949 doctrina
2166 2897 2344 2965 juvari
2367 2902 2537 2967 possit
2554 2903 2823 2959 catholica
2850 2904 3001 2967 lides,
3024 2902 3135 2973 jam
3165 2902 3464 2959 videamus.

1213 3420 1885 3516 ARTICULUS
1954 3425 2446 3517 PRIMUS.

723 3635 815 3698 De
855 3636 1326 3716 Scripturarum
1369 3657 1696 3703 sacrarum
1729 3640 2095 3718 divinitate,
2132 3660 2376 3706 canone
2414 3650 2477 3705 et
2508 3643 2939 3706 versionibus.

265 4051 317 4108 5.
353 4052 670 4123 Scripturas
702 4067 893 4113 sacras
925 4056 1098 4113 Deum
1137 4058 1315 4128 ipsum
1358 4070 1641 4117 auctorem
1678 4062 1779 4118 ba-
1804 4068 1849 4129 c
1879 4057 2089 4124 haberi,
2140 4066 2194 4111 et
2250 4058 2405 4127 plura
2437 4069 2504 4111 ex
2546 4058 2633 4124 iis,
2668 4066 2924 4125 tanquam
2972 4069 3039 4109 ex
3086 4058 3240 4109 noris
3271 4056 3467 4110 divina:

193 4145 345 4213 bere,
396 4149 628 4218 ejusque
674 4145 886 4221 Spiritu
920 4150 1139 4206 alliante
1166 4165 1420 4208 exaratas
1469 4170 1612 4220 esse,
1662 4164 1772 4211 tam

190 4247 385 4308 aperte
408 4249 637 4310 tamque
682 4239 998 4312 frequenter
1033 4243 1322 4313 proﬁtetur
1353 4245 1592 4302 lrenams
1621 4248 1687 4313 “,
1715 4256 1776 4303 ut

188 4330 245 4386 id
273 4333 578 4389 observare
615 4348 835 4403 operam
873 4335 989 4391 fere
1009 4336 1198 4392 ludere
1229 4339 1320 4394 sit.
1352 4338 1666 4410 Scriptura,
1692 4343 1775 4396 in-

185 4425 329 4495 quit,
358 4425 606 4496 perfectae
636 4436 781 4493 attrit,
815 4428 1003 4498 quippe
1043 4447 1075 4483 a
1121 4429 1288 4486 Verbo
1330 4431 1430 4487 Dei
1470 4443 1523 4488 et
1569 4432 1773 4504 Spiritu

188 4517 308 4588 ejus
336 4518 517 4574 dieue.
548 4518 612 4574 Et
644 4535 713 4575 ne
736 4520 941 4576 diutius
970 4537 1132 4591 quam
1179 4539 1280 4592 par
1317 4525 1390 4580 sit
1431 4526 1691 4583 immorer
1718 4529 1772 4585 in

186 4627 251 4670 re
284 4622 394 4667 tam
430 4612 747 4682 manifesta,
778 4624 926 4673 totus
952 4625 1039 4672 est
1063 4615 1304 4675 Irenaeus
1342 4620 1484 4677 libro
1525 4623 1684 4677 tertio
1711 4631 1768 4680 et

186 4716 415 4779 quarto,
449 4716 511 4760 ut
543 4707 736 4776 probet
769 4723 934 4763 unum
984 4718 1040 4764 et
1078 4712 1327 4767 eumdem
1370 4712 1537 4769 Deum
1573 4726 1627 4771 et
1668 4716 1774 4771 Pa-

187 4805 357 4863 trem,
384 4798 672 4869 utriusque
697 4798 1053 4868 Testamenti,
1083 4803 1219 4860 Novi
1258 4805 1507 4861 videlicet
1532 4817 1585 4860 et
1613 4808 1772 4863 Vete-

187 4892 289 4957 ris.
315 4901 601 4948 auctorem
623 4900 778 4962 esse;
805 4895 1053 4965 ipsoque,
1086 4913 1184 4952 nec
1232 4898 1359 4965 alio,
1400 4916 1495 4970 per
1535 4897 1772 4957 Verbum

185 4993 244 5040 et
292 4984 565 5055 Spiritum
622 5001 781 5042 suum
833 4988 1191 5058 scriptoribus
1231 4994 1423 5061 sacris,
1486 5004 1595 5050 tum
1647 5009 1773 5065 pro-

183 5079 408 5149 phetia,
456 5087 572 5133 tum
614 5080 876 5150 apostolis
921 5092 976 5139 et
1023 5086 1370 5157 evangelistis
1416 5085 1656 5153 amante,
1705 5105 1769 5143 ea

183 5170 373 5226 omnia
418 5185 543 5243 quae
573 5169 631 5227 in
666 5174 944 5230 Canonem
992 5176 1176 5231 retulit
1229 5176 1494 5245 Ecclesia,
1545 5192 1769 5237 exarata

253 5351 314 5409 ι.
357 5350 466 5407 Sed
486 5367 654 5423 quam
688 5352 795 5411 late
815 5353 1022 5413 Irenao
1045 5368 1257 5428 pateret
1276 5374 1431 5416 sacer
1454 5360 1539 5415 hic
1560 5362 1765 5431 Canon,

1880 4149 2244 4214 auctoritatis,
2273 4149 2495 4219 allegari
2529 4164 2545 4203 :
2571 4145 3000 4203 Pentateucbum
3031 4146 3249 4219 Moysis,
3276 4144 3460 4212 Iosue,

1876 4246 2134 4312 Iudices;
2196 4245 2366 4299 libros
2417 4251 2651 4313 quatuor
2701 4241 2945 4313 Regum;
2998 4236 3266 4308 Psalmos,
3322 4240 3460 4297 Pro-

1878 4339 2063 4391 verbia
2126 4337 2477 4402 Salomonis;
2554 4334 2871 4406 prophetiae
2942 4333 3137 4399 Isaia,
3206 4329 3462 4391 Ieremia

1878 4429 2204 4494 Ezechielis,
2254 4428 2516 4493 Danielis,
2570 4428 2745 4493 Oscae,
2807 4423 2997 4493 Ioelis,
3048 4426 3233 4491 Amos,
3284 4423 3459 4491 Ionai,

1877 4522 2139 4588 Michaeae,
2180 4521 2454 4587 Habacuc,
2487 4520 2769 4576 Zachariae
2799 4530 2854 4575 et
2899 4518 3196 4575 Malachite.
3230 4517 3363 4587 Quae
3392 4534 3457 4575 ex

1877 4611 1946 4669 iis
1974 4613 2129 4667 libris
2154 4612 2462 4670 testimonia
2494 4610 2757 4679 proferat.
2804 4612 3145 4665 demonstrat
3179 4608 3345 4665 Index
3380 4604 3460 4665 Io-

1875 4723 2068 4766 corum
2118 4705 2414 4777 Scriptura
2458 4720 2635 4763 sacrae
2686 4721 2714 4759 a
2766 4706 2921 4760 nobis
2972 4704 3360 4769 concinnatus,
3389 4705 3459 4761 ad

1876 4804 2081 4859 calcem
2110 4801 2272 4870 hujus
2298 4802 2504 4869 operis.
2534 4799 2651 4855 Hoc
2678 4800 2848 4855 semel
2878 4811 3135 4869 tanquam
3172 4812 3241 4853 ex
3283 4796 3457 4863 Isaia,

1875 4895 2154 4950 multoties
2183 4906 2311 4948 vero
2340 4901 2601 4963 tanquam
2648 4906 2716 4948 ex
2748 4890 3004 4947 Ieremia:
3042 4885 3329 4963 prophetia
3357 4889 3456 4947 de-

1875 4997 2186 5059 promptum
2226 4987 2426 5057 allegat
2455 5004 2471 5041 :
2504 4985 2573 5041 Et
2601 4993 3036 5041 commemoratae
3074 4993 3152 5042 eat
3198 4983 3459 5043 Dominae

1872 5093 2085 5138 sanctus
2111 5080 2284 5135 Israel
2308 5092 2638 5134 mortuarum
2665 5094 2903 5147 auorum,
2932 5080 3027 5143 qui
3042 5076 3374 5133 dormierunt
3402 5078 3458 5131 in

1873 5186 2016 5231 terra
2046 5176 2355 5242 sepultiom‘e
2392 5191 2411 5229 :
2446 5185 2496 5227 et
2530 5174 2799 5227 descendit
2846 5173 2917 5226 ad
2960 5187 3051 5228 eoa
3088 5171 3457 5256 evangeliaqre

1874 5270 2126 5334 salutem,
2153 5283 2269 5333 qua:
2296 5276 2373 5321 est
2404 5265 2469 5323 ab
2501 5282 2586 5331 eo,
2617 5276 2673 5318 ut
2707 5265 2935 5321 solveret
2972 5276 3085 5323 θοι.
3132 5264 3279 5321 Idem
3323 5265 3457 5321 alle-

1873 5359 2024 5431 gavit
2048 5368 2102 5416 et
2126 5357 2372 5413 Iustinus
2409 5367 2616 5428 martyr
2653 5356 2707 5410 in
2738 5353 2969 5425 Dialogo
2997 5372 3117 5411 eum
3157 5353 3456 5427 Tryphon,

182 5456 398 5518 quaeve
428 5436 604 5501 libros
627 5446 1106 5516 wmplecteretur,
1139 5451 1281 5507 haud
1321 5452 1395 5505 ita
1435 5452 1592 5506 facile
1618 5454 1768 5509 dictu
1801 5434 1848 5491 ί)
1878 5453 2022 5509 velut
2051 5468 2118 5508 ex
2141 5450 2402 5516 Ieremia,
2430 5459 2766 5520 conquestus
2788 5450 3028 5519 insuper,
3060 5446 3296 5516 Iudaeos,
3333 5452 3461 5509 odio

182 5547 286 5593 ea.
338 5534 566 5593 Certum
608 5540 827 5609 quidem
860 5550 946 5596 est
986 5552 1274 5613 sequentes
1327 5541 1538 5599 Veteris
1581 5544 1772 5599 Testa-

178 5633 360 5685 mentl
387 5626 561 5689 libros
591 5630 738 5687 velut
772 5648 958 5689 sacros
988 5643 1041 5691 et
1071 5637 1361 5694 canonicos
1387 5654 1416 5695 a
1451 5638 1509 5693 S.
1545 5638 1773 5695 Doctore

219 5820 657 5897 "Lib.tt,c.l8,
693 5847 747 5888 n.
773 5832 808 5887 2

1875 5544 2338 5610 Christianorum,
2387 5542 2715 5598 sententiam
2754 5542 2893 5595 hanc
2941 5550 3001 5597 et
3044 5540 3228 5610 plures
3260 5542 3401 5597 alias
3427 5557 3459 5597 e

1876 5640 2052 5697 sacris
2096 5637 2291 5695 Bibliis
2338 5637 2588 5693 crasisse.
2650 5636 2726 5689 Ex
2758 5635 2957 5692 aribus
3010 5633 3285 5706 colligitur
3333 5648 3455 5691 eaut
