4196 6330
730 380 837 437 24⁸1

1544 371 2135 430 DISSERTATIONES
2166 369 2472 426 PRAiV'IA‘I
2508 368 2573 426 IN
2608 367 2865 424 IRENASI
2902 365 3166 422 LIBROS.

3847 360 3951 417 2&8

725 506 858 555 tunc
894 499 947 553 in
989 497 1310 568 quibusdam
1373 495 1666 551 Ribiiorum
1707 494 2144 550 Christianorum
2186 499 2280 549 co-
2312 504 2355 560 Α
2392 501 2494 544 lem
2546 488 2948 550 Ecclesiarum,
3000 497 3296 555 earumque
3349 484 3701 552 insigniorum
3771 495 3947 552 parte,

727 589 937 644 dicibus
959 587 1258 653 exstitisse,
1285 587 1378 642 sed
1404 586 1781 656 paucissimis;
1814 586 1905 638 vix
1944 587 2088 639 enim
2125 583 2281 649 alios,

725 687 918 750 praeter
968 676 1237 735 Iustinum
1292 688 1348 734 et
1397 679 1652 734 Irenaeum
1708 678 1967 749 reperias,
2017 691 2050 730 a
2087 675 2284 746 quibus

724 772 943 825 citetur.
969 769 1089 826 Iam
1139 771 1328 827 tmilibi
1373 771 1633 827 librorum
1681 786 1959 827 sacrorum
2012 767 2279 824 occurrit.

722 861 862 929 Quin
887 859 1135 918 Ieremizn
1163 861 1394 917 Threnos
1420 878 1515 918 seu
1558 861 1975 918 Lamentationes
2016 860 2156 914 inter
2185 873 2276 913 ca-

721 953 946 1023 nonicas
973 952 1286 1020 Scripturas
1334 954 1670 1009 recensuerit
1717 953 1987 1016 lrenasus,
2041 950 2277 1007 dubitari

720 1058 826 1098 non
858 1052 1055 1114 potest.
1086 1044 1157 1100 Ut
1194 1045 1337 1099 enim
1375 1060 1441 1099 ex
1483 1046 1673 1100 iisdem
1717 1044 2016 1114 Scripturis
2054 1041 2279 1114 probet',

715 1133 989 1188 Christum
1005 1131 1210 1188 Filium
1243 1135 1356 1199 Dei,
1385 1145 1435 1189 et
1473 1134 1724 1201 salutem,
1754 1146 1802 1189 et
1844 1134 2194 1198 Salvatorem,
2229 1145 2276 1187 et

716 1224 953 1279 salutare
973 1243 1087 1280 vere
1104 1236 1154 1279 et
1170 1227 1294 1292 dici,
1318 1237 1366 1282 et
1384 1242 1515 1293 esse,
1537 1226 1698 1282 verba
1723 1226 2050 1283 baecThren.
2073 1240 2145 1289 tv,
2166 1223 2275 1279 20:

715 1315 948 1386 Spiritus
976 1317 1133 1386 faciei
1155 1328 1347 1372 nostra:
1371 1317 1610 1375 Christus
1634 1317 1920 1384 Dominus,
1949 1317 2091 1371 inter
2115 1316 2218 1371 alia
2245 1331 2277 1371 e

713 1407 872 1464 libris
919 1408 1090 1464 sacris
1131 1411 1298 1478 petita
1337 1411 1562 1478 proi’ert,
1608 1424 1715 1464 non
1759 1409 2044 1464 nominato
2092 1416 2274 1462 tamen

713 1499 856 1554 libro
885 1513 917 1554 e
938 1513 1045 1569 quo
1076 1509 1359 1570 petuntur,
1382 1502 1473 1556 sed
1501 1501 1800 1569 generatim
1841 1500 2106 1554 duntaxat
2132 1498 2273 1553 indi-

711 1602 859 1658 cata,
886 1599 946 1646 ut
989 1604 1133 1660 saepe
1155 1589 1312 1659 solet,
1355 1591 1665 1660 Scriptura,
1702 1590 1802 1644 hoc
1843 1591 2034 1655 verbo,
2077 1589 2268 1658 inquit.

711 1681 941 1753 Spiritus
960 1685 1120 1750 enim,
1135 1685 1325 1754 inquit,
1348 1685 1503 1752 faciei
1527 1692 1717 1738 nostrae
1733 1682 1970 1738 Christus
1991 1682 2272 1738 Dominus.

711 1776 858 1832 Idem
889 1776 1179 1834 dicendum
1214 1779 1280 1833 de
1311 1776 1543 1831 Barucbi
1575 1775 1738 1842 libro,
1765 1790 1924 1845 quem
1949 1783 2006 1829 ut
2031 1775 2268 1844 prophe-

2389 595 2646 652 tanquam
2676 582 2939 637 canonica
2971 580 3149 634 habita
3198 593 3411 647 semper
3438 569 3642 632 fuisse?
3683 577 3945 631 Invictum

2386 677 2598 742 quidem
2628 674 2842 728 caneris
2869 682 2949 726 est
2978 679 3392 740 argumentum,
3430 671 3523 723 sed
3549 668 3752 725 Grabio
3787 684 3947 740 pror-

2382 782 2474 821 sus
2501 765 2774 821 inﬁrmum
2820 773 2875 817 et
2911 763 3124 817 inutile.
3157 761 3287 816 Nam
3328 763 3511 818 statim
3559 773 3806 818 occurret
3845 763 3946 833 im-

2383 861 2526 928 pius,
2557 860 2765 927 hacque
2799 858 2956 910 unica
2996 854 3269 910 Crabiana
3311 854 3682 924 responsione,
3726 869 3946 925 apocry-

2380 949 2485 1016 pha
2509 949 2701 1017 scripta
2723 948 2946 1002 subinde
2973 964 3004 1000 a
3039 943 3288 1000 Potribus
3327 945 3569 1015 allegari,
3617 954 3783 1000 totam
3830 946 3942 1000 vim

2379 1041 2686 1111 argumenti
2727 1038 2886 1097 facile
2921 1038 3203 1108 infringet,
3253 1035 3622 1107 Grabiumque
3661 1038 3833 1107 ipsum
3872 1038 3941 1092 ad

2380 1133 2575 1189 incitas
2625 1131 2853 1201 rediget.
2883 1130 2998 1186 Non
3028 1131 3195 1199 igitur
3214 1145 3279 1186 ex
3306 1144 3371 1185 eo
3397 1129 3540 1199 quod
3571 1131 3805 1198 quidam
3833 1129 3935 1184 Pa-

2379 1237 2491 1282 tres
2538 1226 2846 1297 apocrypha
2921 1225 3191 1279 interdum
3263 1224 3472 1292 scripta
3542 1222 3938 1293 aliegaverint,

2375 1333 2561 1373 eorum
2615 1319 2760 1372 illico
2809 1317 3065 1373 elevanda
3117 1314 3252 1370 fides
3303 1324 3407 1380 est,
3447 1329 3573 1372 cum
3616 1317 3812 1373 librum
3839 1316 3944 1371 ali-

2373 1422 2534 1482 quem
2585 1409 2731 1463 velut
2781 1409 3100 1464 canonicum
3151 1409 3342 1465 citant.
3399 1411 3456 1464 Si
3505 1409 3721 1480 quidem
3769 1419 3846 1466 tot
3882 1421 3945 1465 et

2374 1502 2533 1567 tanti,
2567 1510 2673 1556 tam
2724 1501 2838 1565 diu,
2891 1507 3108 1568 tamque
3149 1500 3462 1555 continuata
3513 1502 3656 1555 serie
3704 1513 3945 1572 apocry-

2373 1593 2540 1662 phum
2567 1592 2834 1662 quoddam
2864 1592 3123 1658 scriptum
3151 1589 3413 1655 citarent,
3433 1589 3641 1659 quanti,
3665 1604 3943 1658 quamque

2373 1686 2464 1741 diu
2515 1683 2712 1744 librum
2770 1684 3092 1739 canonicum
3145 1681 3420 1752 allegant,
3472 1693 3746 1753 premeret
3794 1681 3942 1742 forte

2371 1775 2648 1832 Grabiana
2675 1776 2985 1832 diﬂlcultas.
3015 1777 3084 1830 At
3113 1773 3345 1829 multum
3373 1778 3528 1831 abest
3560 1785 3620 1830 ut
3643 1774 3795 1845 paria
3821 1776 3939 1830 sint

710 1871 877 1927 ticum
907 1881 962 1928 et
1009 1887 1223 1927 sacrum
1276 1870 1480 1936 laudat,
1514 1885 1618 1927 non
1662 1879 1842 1925 tamen
1877 1869 1978 1924 sub
2007 1867 2266 1935 Baruchi,
2298 1855 2341 1910 Β
2371 1868 2626 1938 utrinque
2674 1877 2966 1922 momenta.
3013 1867 3115 1934 Qui
3145 1868 3343 1924 librum
3393 1868 3760 1938 apocryphum
3789 1865 3941 1920 velut

706 1962 803 2016 sed
832 1960 915 2015 vel
939 1947 1039 2016 sub
1065 1961 1304 2032 generali
1332 1961 1628 2032 prophetae,
1668 1960 1752 2015 vel
1772 1960 1873 2015 sub
1896 1958 2148 2016 Ieremia:
2168 1976 2266 2016 no-

708 2053 873 2108 mine.
902 2052 1063 2108 Libro
1089 2068 1164 2122 tv,
1195 2068 1296 2122 cap
1328 2052 1419 2115 20.
1450 2069 1504 2106 n.
1541 2052 1595 2118 4,
1627 2053 1882 2122 probans,
1928 2069 2094 2108 unum
2147 2068 2268 2109 esse

707 2145 902 2214 Deum,
953 2146 1053 2215 qui
1096 2146 1282 2200 Verbo
1340 2155 1396 2200 et
1447 2144 1724 2214 Sapientia
1776 2144 1909 2201 fecit
1959 2154 2015 2201 et
2062 2146 2268 2217 aptavit

703 2238 910 2303 omnia,
939 2238 1033 2308 qui
1061 2239 1360 2292 secundum
1392 2238 1817 2309 magnitudinem
1861 2238 2078 2308 quidem
2119 2239 2266 2307 igno-

705 2339 793 2385 tus
824 2342 922 2395 est,
948 2329 1200 2385 erunibus
1240 2331 1331 2399 qui
1371 2331 1439 2384 ab
1475 2345 1538 2385 eo
1591 2328 1720 2384 facti
1773 2339 1920 2397 sunt,
1970 2331 2264 2387 secundum

703 2420 1055 2477 dilectionem
1107 2429 1287 2474 autem
1336 2418 1688 2488 cognoscitur
1727 2432 1939 2488 semper
1989 2433 2087 2487 per
2142 2432 2262 2472 eum

700 2528 802 2584 per
847 2528 1008 2583 quem
1049 2512 1336 2567 constituit
1392 2511 1605 2576 omnia;
1655 2511 1863 2568 scilicet
1907 2526 2004 2581 per
2025 2508 2263 2567 Verbum

699 2605 840 2674 ejus,
871 2604 1163 2660 Dominum
1191 2613 1437 2658 nostrum
1465 2602 1650 2659 Iesum
1686 2603 1985 2671 Christum,
2031 2605 2122 2673 qui
2166 2620 2264 2659 no-

701 2700 945 2756 vissimis
966 2698 1300 2768 temporibus
1325 2696 1486 2751 homo
1527 2695 1582 2749 in
1613 2695 1928 2752 hominibus
1957 2697 2132 2750 factus
2157 2706 2261 2764 est,

700 2802 760 2848 ut
796 2793 958 2848 finem
1008 2791 1364 2860 coniungeret
1412 2789 1700 2858 principio,
1747 2789 1798 2843 id
1851 2800 1934 2844 est
1988 2791 2259 2844 hominem

700 2884 840 2949 Deo;
872 2884 948 2937 ait
977 2900 991 2936 :
1021 2882 1088 2937 Et
1115 2893 1386 2951 propterea
1422 2881 1705 2951 propheta,
1755 2880 1821 2936 ab
1866 2881 2045 2935 eodem
2093 2879 2260 2934 Verbo

696 2977 1051 3044 propheticum
1120 2974 1427 3043 accipientes
1497 2973 1794 3036 charisma,
1847 2972 2260 3041 prwdicaverunt

696 3065 810 3134 ejus
836 3066 1120 3119 secundant
1152 3082 1361 3120 carnem
1395 3065 1694 3129 adventum,
1738 3081 1831 3134 per
1862 3080 2012 3133 quem
2051 3060 2258 3135 [CVIII]

2369 1977 2586 2017 sacrum
2616 1961 2873 2026 citarunt,
2914 1962 3069 2029 pauci
3114 1971 3262 2025 sunt,
3316 1975 3416 2016 uec
3464 1959 3702 2014 obtinuit
3740 1973 3936 2013 eorum

2367 2055 2666 2121 sententia;
2719 2055 2827 2109 imo
2874 2055 3078 2124 potius,
3107 2054 3300 2123 majori
3353 2053 3720 2109 Ecclesiarum
3773 2060 3939 2120 parte

2366 2147 2713 2219 prmvalente,
2761 2161 3019 2202 successu
3068 2147 3327 2216 temporis
3372 2160 3598 2215 prorsus
3636 2143 3933 2199 obsolevit.

2365 2240 2407 2293 Ε
2434 2239 2711 2296 contrario
2752 2253 2878 2296 vero
2926 2241 3052 2293 dum
3100 2239 3238 2295 liber
3268 2238 3490 2308 aliquis,
3529 2251 3689 2306 quem
3714 2252 3934 2292 sacrum

2366 2331 2623 2400 deinceps
2650 2332 2868 2401 agnovit
2897 2330 3160 2394 Ecclesia,
3191 2346 3217 2384 a
3248 2329 3505 2386 Patribus
3534 2328 3796 2399 allegatus
3824 2339 3932 2394 est,

2366 2423 2616 2491 quamvis
2643 2424 2797 2479 initio
2827 2424 3146 2480 dubitarent
3176 2422 3354 2488 multi,
3382 2424 3509 2491 quia
3538 2423 3699 2491 paulo
3725 2422 3934 2477 obscu-

2366 2517 2480 2570 rior
2529 2524 2648 2571 erat
2672 2529 2733 2570 ea
2763 2517 2829 2571 de
2870 2531 2928 2571 re
2956 2515 3182 2571 traditio
3232 2516 3559 2585 apostolica;
3610 2529 3670 2569 ea
3725 2524 3928 2580 tamen,

2363 2623 2618 2663 successu
2670 2608 2948 2676 temporis,
2985 2609 3314 2664 accuratiori
3370 2609 3445 2662 rei
3495 2609 3766 2672 examine,
3797 2623 3931 2661 con-

2363 2697 2630 2767 sultisque,
2651 2698 2716 2752 iis
2743 2698 3024 2766 Ecclesiis,
3070 2700 3122 2753 iu
3164 2699 3362 2768 quibus
3415 2700 3694 2764 notissima
3731 2709 3932 2754 eratet

2361 2785 2673 2840 continuata
2705 2788 3083 2856 episcoporum
3124 2791 3398 2862 successio
3426 2792 3495 2844 ab
3523 2791 3806 2860 apostolis,
3833 2807 3929 2860 pa-

2366 2877 2581 2942 tefacta,
2639 2879 2854 2934 demmn
2905 2883 2970 2934 ad
3017 2881 3278 2950 liquidum
3331 2883 3612 2951 explorata
3671 2883 3924 2947 veritate,

2362 2969 2628 3025 calculum
2661 2972 2935 3026 veteribus
2964 2973 3161 3042 adjecit
3205 2974 3462 3026 universa
3495 2972 3755 3026 Ecclesia.
3791 2970 3925 3025 Tam

2363 3061 2681 3115 immensum
2760 3071 2977 3132 tamque
3056 3071 3299 3132 apertum
3387 3063 3678 3117 discrimen
3764 3063 3928 3116 facile

697 3157 988 3212 commistio
1030 3168 1081 3212 et
1115 3162 1411 3213 communio
1470 3157 1568 3211 Dei
1615 3167 1664 3212 et
1704 3158 1931 3212 hominis
1969 3157 2256 3212 secundum
2285 3192 2329 3253 Β
2362 3153 2792 3209 animadvertere
2853 3153 3114 3221 potuisset
3157 3152 3407 3218 Grabius,
3463 3153 3564 3207 nisi
3616 3152 3927 3221 anticipata:

694 3249 948 3316 placitum
990 3250 1170 3306 Patris
1211 3250 1354 3321 facta
1396 3263 1492 3318 est,
1556 3254 1620 3306 ab
1662 3253 1815 3306 initio
1869 3251 2258 3319 pramuntiattte

705 3338 869 3395 Verbo
898 3341 1009 3408 Dei,
1037 3344 1284 3412 quoniam
1335 3343 1591 3397 videbitur
1645 3342 1787 3397 Deus
1830 3343 1892 3396 ab
1939 3340 2255 3407 hominibus,

691 3434 1153 3489 etconversabitur
1182 3450 1298 3488 cum
1339 3436 1411 3488 eis
1453 3451 1608 3505 super
1631 3446 1847 3502 terram,
1893 3443 2003 3491 etc.
2053 3432 2259 3500 Quibus

692 3523 978 3592 postremis
1005 3524 1183 3579 verbis
1211 3523 1496 3579 manifeste
1523 3525 1711 3581 alludit
1736 3527 1802 3581 ad
1825 3543 1887 3582 ea
1906 3526 2118 3581 Baruch
2168 3541 2254 3591 ιιι,

690 3615 762 3671 38
791 3633 806 3670 :
839 3612 966 3670 Post
996 3615 1108 3670 han:
1131 3615 1184 3669 in
1217 3618 1374 3670 terris
1409 3618 1544 3672 visus
1572 3629 1666 3684 est,
1708 3628 1755 3675 et
1794 3635 1912 3672 cum
1959 3618 2253 3673 hominibus

691 3708 1024 3764 conversatus
1076 3721 1172 3763 est.
1222 3709 1328 3765 Sed
1372 3710 1513 3765 libro
1540 3727 1589 3777 v,
1642 3725 1761 3781 cap.
1790 3711 1879 3777 55,
1925 3713 2059 3776 n.1,
2092 3712 2252 3766 finem

690 3801 884 3870 capitis
913 3801 1094 3871 quarti
1142 3813 1196 3856 et
1226 3811 1394 3857 totum
1423 3811 1586 3872 caput
1611 3804 1857 3872 quintum
1879 3804 2117 3872 ejusdem
2147 3803 2254 3856 Ba-

694 3894 833 3947 ruch
861 3893 1009 3948 clare
1035 3904 1086 3948 et
1115 3894 1245 3963 ipsis
1272 3895 1451 3948 verbis
1483 3891 1672 3959 refert,
1716 3895 1862 3949 velut
1905 3911 1972 3949 ex
2014 3893 2252 3949 Ieremia

689 3985 952 4060 propheta
983 4001 998 4040 :
1046 3985 1398 4056 Signiﬁcavit,
1442 3985 1638 4056 inquit,
1673 3983 1933 4040 Jeremias
1971 3985 2252 4053 propheta,

692 4076 1068 4142 Circumspice,
1115 4077 1320 4140 dicens,
1370 4077 1438 4129 ad
1502 4077 1752 4130 orientem
1801 4076 2158 4142 Hierusalem,
2201 4084 2252 4130 et

687 4166 1086 4230 videlwtitiam,
1120 4176 1224 4221 etc.
1287 4166 1363 4220 Ex
1395 4182 1497 4238 qua
1543 4168 1725 4222 Irenaei
1768 4168 2107 4240 aliorumque
2149 4169 2249 4222 Pa.

689 4271 831 4312 trum
856 4259 1118 4314 citatione
1145 4259 1267 4313 libri
1299 4259 1532 4324 Baruch,
1569 4261 1883 4316 canonicam
1915 4262 2030 4330 ejus
2061 4273 2222 4317 aucto

688 4352 901 4405 ritatem
932 4361 1078 4406 recte
1105 4352 1325 4406 omnino
1348 4353 1550 4422 colligit
1594 4352 1988 4408 Feuardentius
2021 4355 2073 4408 in
2106 4357 2248 4410 notis

683 4441 752 4495 ad
783 4441 1148 4522 huncdrenzei
1189 4442 1386 4497 locum.
1425 4443 1564 4496 Ecce
1597 4452 1799 4509 tamen,
1837 4444 1889 4498 in
1939 4444 2249 4500 Feuarden-

2361 3243 2802 3300 Calviuianorum
2835 3243 3379 3314 Lutherauorumque
3415 3245 3699 3312 opiniones
3741 3243 3923 3297 fucum

2357 3336 2636 3392 iecissent.
2691 3335 2798 3391 Sed
2825 3338 2891 3391 de
2921 3352 3056 3391 vana
3089 3336 3202 3405 ejus
3234 3337 3658 3405 objectiuncula,
3700 3337 3860 3390 toties
3893 3353 3925 3389 a

2357 3429 2648 3484 Catholicis
2677 3431 2932 3493 contrita,
2955 3429 3068 3496 jam
3094 3429 3245 3484 satis.
3278 3427 3333 3483 Id
3369 3439 3596 3493 tantum,
3628 3439 3686 3482 ut
3714 3426 3775 3481 ad
3813 3428 3924 3481 Ire-

2357 3537 2529 3576 naeum
2562 3533 2826 3584 revertar,
2858 3522 3158 3576 addiderim
3187 3538 3201 3575 :
3231 3522 3275 3577 si
3305 3520 3536 3576 Baruchi
3579 3520 3925 3592 prophetiam

2355 3617 2453 3673 sub
2478 3615 2726 3673 Ieremia:
2755 3619 2970 3673 nomine
3002 3617 3327 3682 laudaverit,
3369 3632 3474 3672 non
3499 3616 3673 3671 solum
3705 3617 3776 3669 ita
3808 3615 3923 3667 lau-

2355 3710 2587 3764 davisse.
2618 3709 2819 3764 Eodem
2873 3710 3069 3779 quippe
3109 3708 3266 3763 modo
3319 3707 3617 3776 allegavere
3671 3706 3926 3761 Clemens

2353 3801 2752 3855 Alexandrinus
2800 3801 2895 3854 lib.
2943 3816 2957 3853 ι
3011 3799 3256 3870 Pwdag.,
3293 3816 3340 3853 c.
3389 3799 3444 3865 2,
3477 3808 3529 3853 ct
3557 3799 3649 3852 l-ib.
3678 3814 3740 3862 tt,
3773 3813 3820 3851 c.
3848 3799 3920 3862 5;

2355 3894 2674 3964 Cyprianus,
2700 3893 2791 3947 lib.
2824 3909 2859 3945 Il
2907 3892 3276 3949 Testimon.ad
3316 3890 3526 3955 Quirin.
3557 3890 3688 3944 etin
3723 3889 3817 3943 lib.
3843 3889 3923 3943 De

2355 3987 2592 4040 oratione
2636 3985 2872 4048 Domin.;
2914 3983 3199 4047 Eusebius,
3253 3983 3305 4036 iu
3362 3982 3516 4036 libris
3549 3980 3626 4036 De
3656 3983 3922 4038 demonsl.

2354 4093 2557 4146 evang.;
2604 4076 2851 4143 Basilius,
2891 4077 2981 4130 Ιώ.
3016 4089 3071 4129 ιν
3131 4084 3273 4128 cont.
3308 4073 3558 4138 Eunont.,
3589 4081 3642 4126 et
3672 4073 3761 4126 alii
3805 4083 3920 4126 tum

2352 4169 2545 4236 Grazci,
2589 4179 2701 4223 tttm
2729 4169 2928 4223 Latini.
2963 4169 3120 4224 Ratio
3163 4167 3420 4222 omnibus
3465 4175 3590 4220 nota
3638 4175 3742 4230 est,
3790 4165 3926 4234 quia

2354 4262 2604 4315 nimirum
2643 4262 2854 4316 Baruch
2897 4260 3148 4317 Ieremize
3179 4260 3475 4331 discipulus
3506 4258 3626 4320 fuit,
3667 4259 3922 4327 illiusque

2350 4355 2630 4425 prophetia
2663 4356 2903 4425 magistri
2933 4355 3278 4425 librqjuncta
3307 4361 3446 4405 erat.

2419 4449 2472 4501 5.
2513 4448 2799 4502 Librorum
2847 4447 3048 4511 Tobiae,
3107 4445 3312 4510 Iudith,
3368 4445 3585 4508 Esther,
3637 4440 3921 4510 Paralipo-

685 4533 818 4585 tium
859 4532 1095 4603 insurgit
1147 4534 1220 4588 cl.
1266 4533 1499 4589 Grabius
1547 4535 1599 4588 in
1633 4536 1776 4590 notis
1827 4539 1963 4601 suis,
2017 4554 2248 4608 eumque
2283 4537 2321 4588 D
2357 4557 2570 4604 menon,
2605 4539 2976 4604 Ecclesiaste,
3035 4537 3244 4595 Cautici
3297 4538 3657 4600 canticorum,
3724 4535 3917 4588 Eccle-

684 4625 1010 4679 hallucinari
1057 4628 1298 4695 graviter
1325 4627 1662 4696 pronuntiat.
1704 4630 1835 4694 Quis
1879 4631 2014 4682 enim
2062 4632 2245 4696 nescit,

683 4717 881 4786 inquit,
913 4719 1208 4787 apocrypha
1251 4720 1448 4787 scripta
1494 4718 1716 4771 subinde
1745 4736 1777 4771 a
1820 4717 2074 4773 Patribus
2117 4720 2248 4774 alle-

679 4809 839 4878 gari?
893 4808 1115 4878 Hocque
1152 4811 1609 4879 apophthegmate
1656 4819 1940 4866 contentus
1989 4813 2250 4866 adversa-

681 4907 822 4960 rium
843 4912 1172 4973 prostratum
1202 4903 1267 4956 iri
1291 4903 1532 4957 conlidit.
1553 4903 1768 4974 Ergone
1793 4906 1918 4971 quia
1942 4905 2245 4975 apocrypha

679 5000 881 5070 scripta
913 4997 1140 5053 subinde
1169 5014 1197 5050 a
1224 4998 1474 5052 Pati-ibus
1517 4997 1843 5067 allegantur,
1892 4997 2074 5052 statim
2118 5014 2244 5068 pto-

680 5090 1056 5155 nuntiandum,
1080 5105 1201 5145 emn
1223 5090 1560 5157 hallucinari,
1579 5091 1669 5158 qui
1689 5105 1753 5143 ex
1779 5099 1966 5145 eorum
1991 5091 2249 5146 citatione

678 5181 896 5252 colliget
925 5183 1122 5237 librum
1153 5182 1387 5252 aliquem
1420 5184 1738 5238 canonicum
1772 5185 1931 5239 esse?
1959 5185 2014 5238 Si
2050 5186 2123 5239 ita
2151 5187 2242 5248 sit,

673 5274 785 5344 jam
813 5275 1074 5330 adversus
1099 5274 1360 5330 Grabium
1391 5277 1616 5345 prodeat
1661 5277 1852 5344 impius
1878 5277 2099 5346 aliquis,
2153 5278 2244 5346 qui

678 5366 897 5435 aliquod
925 5381 955 5420 e
980 5377 1214 5435 quatuor
1241 5369 1568 5439 Evangeliis,
1614 5371 1700 5424 vel
1741 5369 1948 5439 aliquas
1988 5386 2052 5424 ex
2091 5371 2247 5439 Epis-

678 5457 801 5511 tolis
825 5456 996 5522 Pauli,
1030 5458 1328 5516 aliorumve
1355 5461 1745 5529 apostolorum,
1770 5477 1834 5516 ex
1859 5463 1980 5516 albo
2004 5462 2246 5530 Scriptu«

678 5562 863 5601 rarum
894 5559 1199 5618 expungat;
1241 5567 1349 5619 quo
1376 5559 1693 5620 argumento
1747 5550 1891 5607 hunc
1937 5552 2244 5606 confutnbit

677 5640 763 5690 vir
789 5638 1164 5693 clarissimus?
1188 5642 1269 5694 Au
1314 5657 1379 5695 ex
1417 5644 1673 5696 continua
1703 5641 1927 5697 Patrum
1965 5652 2015 5696 et
2046 5643 2241 5697 Conci-

677 5731 869 5785 liorum
902 5734 1158 5789 citatione
1210 5736 1441 5804 probare
1489 5751 1546 5790 se
1601 5752 1760 5804 posse
1811 5735 2042 5806 putabit,
2087 5752 2240 5788 sacra

678 5836 787 5881 hanc
832 5826 1033 5894 scripta
1063 5827 1128 5883 ab
1157 5829 1406 5885 erunibus
1433 5827 1713 5900 Ecciesiis,
1747 5841 1838 5884 aut
1866 5829 2101 5885 maxima
2133 5828 2240 5882 sal-

2351 4632 2585 4697 siastici,
2620 4630 2742 4696 Iob,
2772 4631 2979 4698 Abdita,
3011 4630 3247 4694 Nahum,
3275 4629 3587 4699 Sophonize,
3627 4627 3830 4697 Aggaei,
3862 4638 3919 4682 et

2351 4722 2797 4785 Machabreorum,
2829 4725 3096 4792 nuspiam,
3129 4724 3230 4777 nisi
3266 4738 3350 4777 me
3375 4722 3514 4776 fallit
3541 4722 3825 4782 memoria,
3860 4720 3914 4772 it.

2352 4814 2417 4868 iis
2449 4814 2539 4881 qui
2584 4823 2800 4867 exstant
2829 4814 3016 4868 Irenaai
3049 4813 3222 4877 libris,
3263 4813 3502 4866 occurrit
3542 4813 3768 4865 mentio.
3803 4809 3913 4865 To-

2351 4907 2491 4960 biam
2528 4913 2704 4961 tamen
2739 4905 2850 4975 jam
2908 4917 3015 4959 tum
3066 4907 3120 4960 iu
3165 4907 3410 4976 pluribus
3463 4905 3718 4960 Ecelesiis
3771 4904 3915 4959 inter

2350 5000 2637 5068 prophetas
2657 5002 2844 5055 eodem
2869 4999 2992 5068 jure
3017 4999 3196 5053 locum
3226 4999 3501 5060 habuisse,
3533 5013 3640 5067 quo
3663 4997 3908 5068 Moysen,

2349 5087 2531 5143 Iesum
2579 5089 2758 5154 Nave,
2789 5090 2974 5156 Amos,
3033 5089 3321 5148 Habacuc.
3375 5088 3514 5154 Ioel,
3565 5089 3908 5154 Zachariam,

2351 5181 2566 5246 Isaiam,
2592 5182 2950 5248 Ezechieletn,
2977 5183 3291 5246 Ieretniam,
3312 5182 3610 5246 Ilanielem,
3630 5183 3907 5253 Aggazum,

2351 5271 2647 5338 Miclneam,
2693 5273 2922 5337 Nahum,
2974 5274 3199 5327 Esdram
3238 5284 3292 5328 et
3332 5274 3686 5343 Sophouiam,
3733 5289 3800 5326 ex
3843 5288 3911 5328 eo

2348 5364 2523 5432 colligi
2552 5381 2709 5434 posse
2737 5365 2967 5428 videtur,
3000 5367 3140 5432 qttod
3163 5366 3413 5432 lrenams,
3445 5368 3582 5420 libro
3609 5385 3642 5434 t,
3668 5384 3787 5438 cap.
3813 5368 3906 5435 30,

2351 5456 2728 5512 Sethiauorum
2765 5468 2816 5512 ct
2862 5457 3181 5527 Ophitarum
3227 5460 3412 5513 deliria
3460 5461 3797 5527 describens,
3831 5462 3910 5516 ait

2347 5567 2402 5603 n.
2432 5549 2517 5612 10,
2547 5551 2628 5605 sic
2652 5564 2749 5605 eos
2776 5551 2912 5605 inter
2939 5561 3144 5620 septem
3171 5551 3401 5621 Angelos
3433 5554 3611 5607 mundi
3645 5565 3904 5619 rectores,

2346 5642 2636 5709 prophetas
2667 5642 2890 5710 partitos
2936 5641 3126 5707 fuisse,
3178 5643 3279 5709 quis
3324 5642 3538 5696 illorum
3592 5644 3809 5696 nomine
3851 5656 3910 5698 et

2343 5734 2520 5788 alilatu
2573 5736 2833 5790 vaticinia
2877 5736 3193 5802 funderent,
3236 5746 3294 5788 ut
3332 5752 3428 5790 suo
3484 5736 3634 5788 ΕΙσεὶ
3686 5735 3908 5791 Tobiam

2343 5837 2392 5880 et
2421 5831 2663 5897 Agga'um
2696 5830 3049 5891 ascriberent.
3083 5829 3344 5885 Susanna:
3375 5839 3424 5886 et
3456 5828 3596 5884 Belis
3621 5829 3905 5894 historias.
