4196 6330
185 356 290 414 219

1119 357 1583 424 DlSSERTATIO
1621 365 1711 434 111,
1750 365 1840 422 DE
1878 365 2140 426 lRENAEI
2177 371 2546 431 DOCTRINA.

3345 383 3450 440 250

187 482 377 550 quales
410 483 651 541 Danielis
677 501 798 559 cap.
829 505 928 544 xm
956 498 1008 545 et
1033 505 1125 544 xrv
1150 489 1484 557 referuntur,
1513 507 1620 547 non
1651 499 1768 548 tan-
1797 495 1845 555 Α
1875 491 2005 560 Quae
2037 504 2217 551 tamen
2256 498 2418 552 verba
2449 514 2556 553 non
2591 499 2663 552 ita
2695 501 2932 571 urgenda
2981 511 3125 567 sunt,
3179 505 3332 574 quasi
3369 507 3449 562 sic

189 584 299 629 tum
348 577 403 632 in
450 579 567 635 suis
598 578 899 636 Bibliorum
956 585 1239 640 codicibus
1291 587 1594 658 descriptas
1641 587 1769 658 legit

189 667 446 732 tremens,
487 671 582 726 sed
613 679 666 727 et
691 681 749 726 ut
777 685 957 729 certas
999 683 1048 729 et
1084 675 1443 741 indubitatas,
1492 692 1685 732 sacras
1713 687 1770 734 et

187 763 508 828 eanonicas,
544 781 609 819 ac
631 781 661 818 a
695 767 920 822 Daniele
942 769 1206 838 propheta
1229 772 1466 841 scriptas
1496 772 1766 842 agnoscit,

188 864 246 909 et
272 855 408 910 citat
436 855 534 913 lib.
562 874 639 924 Iv,
659 874 711 917 c.
736 859 793 926 5,
825 876 878 922 η,
908 859 962 924 2,
991 871 1046 915 et
1079 876 1199 930 cap.
1228 861 1322 926 26,
1344 879 1399 920 ιι.
1421 863 1474 917 5.
1501 862 1768 920 Observat

186 946 458 1004 Eusebius
477 949 541 1012 ³⁷,
562 949 820 1006 Irenaeum
847 951 901 1005 in
941 967 1006 1006 eo
1028 968 1190 1021 quem
1240 955 1540 1025 scripserat
1588 957 1770 1012 libello

187 1039 522 1105 Διαλέεεων
539 1041 855 1112 διαφόρων,
871 1043 1120 1113 Ερίειοιαι
1134 1046 1199 1100 ad
1214 1045 1466 1101 Hebraeos
1483 1058 1536 1102 et
1550 1049 1770 1118 Sapien-

189 1129 278 1185 tia:
309 1132 624 1192 Salomonis
656 1138 984 1194 mentionem
1012 1138 1222 1195 fecisse.
1249 1138 1316 1194 Et
1345 1151 1503 1196 antea
1520 1142 1584 1195 de
1612 1140 1767 1196 libris

187 1224 390 1281 Contra
421 1228 649 1284 haereses
683 1245 868 1299 agens,
905 1234 981 1288 ait
1005 1233 1050 1266 ³⁸
1078 1251 1092 1289 :
1121 1234 1229 1288 Καὶ
1260 1237 1444 1307 ῥητοῖς
1470 1235 1526 1288 δέ
1543 1252 1684 1288 τισιν
1704 1238 1768 1288 ὲκ

184 1320 284 1390 τῆς
310 1321 658 1393 Σολομῶντος
682 1324 884 1395 Σοφίας
909 1326 1196 1400 κέχρηται,
1229 1333 1504 1401 μονονουχὶ
1518 1329 1763 1398 φάσκων·

187 1413 486 1484 Ὀρασιςδὲ
506 1415 640 1469 Θεοῦ
667 1418 1051 1491 περιποιητικὴ
1071 1420 1392 1491 ἀφθαρσίας·
1409 1422 1687 1493 ἁφθαρσία
1707 1424 1767 1478 δὲ

182 1509 354 1578 ἔγγὺς
379 1506 522 1565 εἶναι
551 1514 696 1567 ποιεί
727 1513 886 1570 Θεοῦ.
935 1515 1121 1568 Utitur
1176 1516 1332 1569 etiam
1383 1519 1652 1571 sententiis
1702 1535 1767 1571 επ.

181 1602 486 1658 Salomonis
499 1605 772 1672 Sapientia
790 1608 1129 1675 depromptis,
1154 1609 1227 1662 ita
1244 1607 1354 1678 fere
1375 1609 1552 1663 dicens
1574 1625 1592 1664 :
1622 1607 1766 1664 Visio

183 1695 282 1749 Dei
292 1697 437 1765 parit
459 1699 932 1766 incorruptionem,
953 1701 1285 1770 incorruptio
1299 1710 1472 1755 autem
1492 1702 1767 1772 proxim-os

186 1787 293 1842 Deo
319 1789 475 1857 facit.
509 1786 626 1854 Qua
663 1790 881 1859 quidem
929 1791 1222 1863 Sapientiae
1265 1797 1557 1856 sententia,
1606 1805 1766 1865 prout

1873 602 2098 644 necesse
2132 589 2296 645 fuerit
2329 603 2564 659 quatuor
2586 609 2707 649 esse
2742 595 3061 666 Evangelia,
3098 605 3158 652 ut
3189 599 3312 653 huic
3348 616 3449 652 nn-

1872 699 2024 739 mero
2078 686 2223 742 Deus
2270 688 2402 743 nihil
2450 688 2650 745 addere
2696 701 2790 746 aut
2839 692 3126 747 detrahere
3184 695 3444 762 potuerit.

1872 775 1990 834 Non
2028 777 2076 833 ls
2107 789 2191 836 est
2221 779 2279 835 S.
2312 781 2551 837 doctoris
2579 797 2804 846 sensus;
2851 783 2904 838 id
2937 791 3151 838 tantum
3176 785 3313 848 vult,
3358 799 3446 840 sa-

1870 873 2213 945 pientissima
2246 875 2339 932 Dei
2384 876 2727 947 providentia
2791 879 3171 944 constitutum,
3217 887 3274 933 ut
3308 893 3444 950 qua-

1872 976 1995 1023 tuor
2019 976 2201 1022 essent
2230 967 2550 1038 Evangelia,
2610 984 2711 1024 nec
2768 971 2947 1040 plura,
3002 986 3104 1026 nec
3155 973 3441 1041 pauciora.

1868 1059 2035 1129 Cujus
2062 1060 2280 1130 quidem
2330 1059 2684 1129 providentia:
2736 1060 2934 1117 multas
2966 1062 3125 1118 alfert
3179 1062 3443 1127 rationes,

1868 1155 2068 1223 petitas
2099 1167 2127 1206 a
2159 1163 2397 1222 quatuor
2431 1154 2614 1208 mundi
2649 1154 2965 1224 regionibus
3000 1165 3057 1210 et
3102 1154 3443 1223 cardinibus,

1870 1256 2105 1313 quatuor
2152 1245 2328 1300 ventis
2379 1245 2792 1314 principalibus,
2849 1257 3082 1315 quatuor
3123 1249 3438 1317 praecipuis,

1870 1339 2069 1407 quibus
2090 1337 2380 1391 mdilicium
2411 1337 2665 1407 quodque
2716 1337 2957 1404 fulcitur,
2990 1338 3280 1407 columnis,
3303 1354 3443 1410 qna-

1871 1439 1991 1484 tuor
2046 1427 2349 1483 Ezechielis
2395 1428 2744 1496 animalibus,
2795 1439 2927 1496 etc.,
2985 1432 3245 1502 mysticas
3292 1443 3443 1486 certe

1868 1522 2130 1586 rationes,
2157 1536 2261 1575 non
2290 1520 2801 1585 demonstrationes,
2828 1523 3027 1592 quibus
3051 1525 3283 1592 probare
3306 1538 3444 1578 con-

1868 1612 2058 1667 tendat
2088 1627 2202 1666 rem
2247 1611 2320 1665 ita
2370 1609 2486 1665 fieri
2542 1609 2817 1676 debuisse,
2857 1627 2960 1667 nec
2995 1611 3152 1667 aliter
3200 1611 3444 1680 potuisse

1867 1708 2001 1777 (tam
2063 1705 2296 1758 absurda
2355 1703 2613 1773 cogitatio
2688 1712 2925 1758 mentem
2995 1703 3186 1758 frenati
3255 1703 3444 1759 subire

1869 1810 2132 1865 nusquam
2166 1793 2381 1865 potuit),
2426 1795 2520 1850 sed
2549 1795 2751 1865 quibus
2791 1810 2905 1848 rem
2933 1794 3046 1864 jam
3099 1794 3298 1850 factam
3354 1810 3448 1848 es-

184 1881 276 1934 hic
305 1879 582 1949 allegatur
629 1883 695 1936 ab
741 1882 996 1949 Eusebio,
1027 1887 1200 1939 utitur
1229 1886 1470 1941 [renatus
1506 1887 1648 1942 libro
1683 1904 1755 1953 Iv,
1796 1885 1838 1940 Β
1868 1889 2051 1960 plicet,
2087 1888 2446 1957 ostendatque
2481 1889 2884 1958 sapientissimo
2946 1889 3040 1945 Dei
3090 1888 3318 1944 consilio
3353 1903 3442 1942 or-

183 1987 305 2042 cap.
335 1972 428 2038 58,
452 1989 510 2028 n.
540 1973 596 2039 5,
626 1973 700 2028 ita
731 1984 933 2042 tamen,
977 1986 1037 2029 ut
1066 1993 1244 2046 neque
1282 1977 1480 2034 librum
1517 1980 1768 2035 nomina-

183 2069 281 2121 tim
311 2069 468 2136 citet,
503 2083 604 2123 nec
635 2075 970 2126 verboteuus
1020 2072 1224 2127 indicet
1255 2089 1286 2127 e
1313 2072 1591 2141 Scriptura
1626 2074 1767 2143 peti-

184 2169 292 2212 tam
325 2175 449 2215 esse
497 2184 508 2217 :
554 2162 662 2216 imo
715 2161 1008 2232 Sapientia:
1059 2165 1223 2219 verba
1262 2166 1344 2221 sic
1386 2167 1607 2235 propria
1659 2168 1763 2223 sibi

180 2249 376 2315 faciat,
415 2261 478 2304 ut
519 2253 713 2320 partim
762 2268 1003 2321 sensum,
1038 2257 1237 2325 partim
1280 2257 1392 2326 ipsa
1423 2245 1586 2313 verba
1619 2258 1766 2314 refe-

181 2351 290 2395 rat.
325 2341 464 2397 Nam
497 2343 629 2414 Sap.
662 2360 736 2412 Vl,
771 2347 860 2411 18,
898 2347 982 2414 19,
1016 2364 1176 2418 quem
1221 2349 1399 2404 locum
1434 2367 1542 2420 prae
1590 2350 1767 2405 oculis

181 2435 423 2491 habebat
450 2438 708 2503 lrenmus,
729 2457 834 2495 non
863 2441 1059 2512 legitur
1081 2459 1094 2496 :
1119 2444 1345 2515 'Opaotg
1371 2443 1428 2496 δὲ
1453 2441 1588 2514 Θξρῦ
1614 2462 1767 2516 περι-

181 2532 443 2603 ποιητικὴ
492 2532 820 2604 ἀφθαρσίας,
873 2547 1005 2600 etc.,
1053 2538 1169 2601 sed,
1214 2536 1454 2610 προστιχὴ
1483 2539 1538 2592 δὲ
1565 2538 1762 2610 νόμων,

184 2623 478 2692 βεϐαίωσις
506 2625 834 2698 ἀφθαρσίας·
865 2629 1141 2702 ἁφθαρσία
1167 2631 1223 2684 δὲ
1251 2632 1416 2700 ἐγγὺς
1451 2628 1591 2686 εἶναι
1620 2635 1767 2686 ποιεῖ

181 2716 340 2771 Θεοῦ.
375 2718 670 2775 Custoditio
709 2730 883 2776 autent
923 2725 1118 2793 legunt,
1160 2726 1540 2780 consummatio
1583 2727 1762 2779 incor-

182 2811 448 2876 ruptionis
484 2824 559 2865 est
576 2830 596 2876 ;
628 2814 954 2883 incorruptio
978 2829 1150 2871 autem
1175 2817 1301 2886 facit
1331 2834 1441 2872 esse
1466 2821 1764 2887 proximum

180 2889 316 2956 Deo.
379 2904 626 2970 Quatuor
690 2907 874 2962 Esdra:
940 2909 1110 2964 libros
1174 2911 1465 2980 agnovisse
1549 2912 1765 2965 videtur

183 2995 245 3051 S.
276 2998 510 3064 doctor;
546 3015 643 3054 nec
663 3002 804 3055 enim
830 3003 935 3057 alio
966 3019 1032 3058 ex
1062 3004 1233 3067 fonte,
1263 3019 1422 3073 quam
1448 3018 1513 3057 ex
1537 3003 1658 3058 libri
1687 3020 1739 3059 tv

183 3104 305 3159 cap.
339 3090 430 3153 14,
463 3092 657 3146 hausta
687 3094 938 3148 videntur
973 3112 1092 3163 quae
1119 3098 1184 3150 de
1213 3097 1485 3166 corruptis
1518 3106 1764 3167 tempore

1868 1982 2108 2037 dinatam
2157 1981 2347 2036 fuisse.
2410 1980 2488 2036 Eo
2547 1991 2724 2036 autem
2773 1981 3031 2053 vergebat
3089 1991 3196 2036 tota
3257 1980 3443 2035 [renati

1868 2074 2068 2137 Oratio,
2104 2079 2162 2126 ut
2196 2071 2443 2126 insanam
2499 2071 2882 2129 Gnmticorum
2944 2072 3228 2127 audaciam
3274 2071 3446 2126 casti-

1867 2175 2042 2236 garet,
2090 2167 2182 2234 qui
2219 2164 2640 2234 Evangeliorum
2691 2181 2999 2230 numerum,
3057 2165 3200 2219 nulla
3259 2164 3442 2218 habita

1871 2257 2082 2312 rati0ne
2112 2256 2206 2312 Dei
2241 2257 2615 2322 consiliorum,
2664 2271 2894 2326 quormn
2942 2257 3270 2326 sapientiam
3329 2266 3439 2309 tam

1868 2350 2035 2404 multa
2070 2350 2317 2418 probant,
2353 2348 2580 2403 arbitrio
2623 2362 2722 2402 suo
2777 2346 3048 2416 augebant
3095 2344 3180 2399 vel
3233 2342 3446 2397 minite-

1866 2445 2020 2501 bant.
2051 2444 2148 2498 His
2195 2444 2361 2513 igitur
2404 2444 2477 2498 sic
2525 2459 2581 2497 se
2619 2442 2948 2504 habentibus,
3004 2439 3177 2508 inquit
3210 2437 3277 2502 “,
3324 2437 3445 2490 vani

1867 2554 2067 2602 omnes,
2103 2547 2152 2591 et
2184 2537 2397 2599 indocti,
2425 2549 2473 2589 et
2505 2537 2723 2601 insuper
2760 2534 3012 2595 audaces,
3041 2530 3133 2602 qui
3172 2529 3446 2600 frustran-

1867 2643 1954 2687 tur
1979 2633 2200 2701 speciem
2231 2629 2527 2699 Evangelii,
2556 2639 2604 2685 et
2632 2628 2708 2683 vel
2747 2627 2922 2697 plures
2957 2643 3111 2696 quam
3143 2625 3297 2678 dicta:
3324 2633 3446 2677 sunt

1866 2725 1943 2780 vel
1987 2742 2169 2778 rursus
2215 2722 2489 2793 pauciores
2536 2721 2772 2791 inferunt
2820 2736 3071 2790 personas
3136 2716 3443 2787 Evangelii;

1865 2818 2101 2888 quidam,
2128 2826 2180 2869 ut
2211 2815 2329 2885 plus
2367 2816 2666 2878 videantur,
2705 2828 2861 2881 quam
2903 2821 2976 2865 est
3016 2809 3243 2864 veritatis
3296 2809 3448 2861 adin-

1862 2912 2106 2974 venisse;
2135 2910 2350 2978 quidam
2381 2924 2522 2970 vero,
2554 2918 2609 2960 ut
2643 2909 2913 2974 reprobent
2939 2904 3304 2972 dispositiones
3325 2900 3442 2955 Dei.

1867 3003 2230 3059 Vanosetiam
2273 3013 2330 3056 et
2374 3001 2618 3055 indoctos
2663 2998 2843 3053 dicere
2900 2997 3061 3051 liceat
3091 3010 3184 3050 eos
3230 2994 3346 3065 qui,
3387 3001 3446 3046 ut

1865 3097 2135 3154 Gallasius
2157 3105 2209 3150 et
2232 3093 2527 3153 Scultetus,
2576 3091 2766 3146 lrentei
2800 3098 3036 3143 mentem
3067 3102 3132 3141 ne
3158 3087 3445 3139 minimum

182 3184 519 3251 captivitatis
558 3184 899 3256 Babylonica?
946 3189 1118 3243 sacris
1155 3189 1453 3252 codicibus,
1493 3199 1544 3243 et
1575 3199 1762 3257 postea
1790 3229 1834 3287 C
1867 3189 2084 3258 quidem
2129 3185 2386 3252 assecuti,
2449 3198 2585 3255 quas
2641 3182 2708 3236 dc
2754 3193 2980 3234 numero
3024 3174 3444 3246 Evangeliorum

220 3276 234 3287 ,
285 3276 323 3287 ,,
377 3277 388 3287 ,
501 3277 534 3287 κ
745 3280 756 3287 ,
972 3281 983 3287 ,
1244 3282 1256 3287 -
2016 3279 2028 3287 .
2281 3277 2299 3287 ,
2368 3285 2375 3287 _
2496 3276 2527 3287 ί,
2787 3285 2795 3287 _
2895 3271 2919 3287 ,,
3117 3279 3154 3287 ν,
3199 3266 3440 3287 ,μη-ψ-

182 3276 254 3330 ab
283 3276 479 3344 Esdra,
501 3277 611 3332 Deo
637 3280 939 3349 aspirante,
972 3281 1308 3347 instauratis,
1339 3281 1530 3338 scribit
1560 3282 1653 3335 lib.
1674 3297 1760 3348 ιιι,

179 3384 233 3422 c.
258 3368 350 3432 21,
379 3387 433 3423 ιι.
473 3370 527 3423 2.
564 3368 688 3424 Hzec
725 3371 794 3425 de
840 3370 1057 3428 Veteris
1117 3371 1451 3428 Testamenti
1499 3374 1655 3429 libris
1693 3377 1763 3429 ab

178 3458 386 3515 Irenaeo
414 3461 732 3516 memoratis
766 3473 820 3516 et
850 3463 1056 3518 citatis.

252 3553 307 3608 6.
342 3554 497 3620 Quod
529 3556 725 3610 attinet
747 3556 814 3610 ad
839 3571 1028 3610 sacros
1066 3554 1202 3611 Novi
1236 3556 1571 3612 Testamenti
1608 3557 1761 3613 codi-

179 3660 296 3707 ces,
323 3645 452 3714 quid
484 3646 550 3698 de
581 3656 817 3714 quatuor
869 3645 1175 3714 Evangeliis
1215 3646 1436 3708 sentiat,
1487 3646 1555 3699 ab
1607 3645 1764 3699 initio

181 3738 306 3790 libri
336 3737 480 3792 tertii
510 3739 555 3769 ³³
579 3739 761 3791 statim
793 3740 989 3808 aperit.
1015 3739 1307 3809 Postquam
1328 3738 1569 3792 ostendit
1591 3753 1760 3791 evan.

179 3829 408 3898 gelistas
447 3827 560 3897 jam
597 3830 811 3883 indutos
864 3832 1268 3899 supervenientis
1315 3829 1547 3897 Spiritus
1593 3829 1761 3885 sancti

177 3925 428 3977 rirtntem
459 3939 523 3978 ex
545 3922 679 3986 alto,
710 3940 770 3976 ac
797 3923 862 3975 de
898 3923 1136 3977 omnibus
1185 3925 1520 3992 adimpletos,
1569 3935 1618 3976 et
1665 3926 1762 3976 Ita-

180 4016 356 4070 bentes
391 4015 680 4085 perfectam
725 4015 1062 4085 agnitionem,
1104 4016 1168 4069 ad
1215 4016 1558 4073 scribendum
1591 4015 1764 4083 Evan-

179 4108 382 4178 gelium
413 4117 653 4162 mentem
696 4108 989 4178 appulisse,
1032 4108 1226 4164 addit:
1267 4107 1353 4160 Ita
1388 4106 1669 4161 Matt/treus
1709 4110 1763 4160 in

184 4201 701 4272 llebrceiseipsorum
740 4204 922 4272 lingua
976 4201 1311 4270 Scripturam
1361 4200 1530 4253 edidit
1585 4200 1763 4253 Evan-

178 4294 327 4363 gelii,
363 4311 481 4346 cum
516 4291 705 4348 Petrus
735 4305 781 4347 ct
809 4293 1012 4347 Paulus
1048 4292 1227 4347 Roma:
1247 4293 1682 4363 euangelizarent,
1715 4303 1762 4345 et

181 4385 472 4455 fundarent
529 4385 840 4438 Ecclesium.
889 4385 1017 4438 Post
1053 4402 1169 4438 vero
1225 4385 1412 4437 ltorunt
1470 4401 1761 4448 excessum,

185 4479 406 4532 Marcus
460 4479 748 4546 discipulus
784 4487 834 4532 et
879 4479 1134 4546 interpres
1177 4476 1342 4544 Petri,
1377 4487 1422 4532 et
1457 4480 1566 4547 ipse
1593 4497 1708 4547 quae
1731 4499 1762 4533 a

1867 3279 2128 3343 mysticas
2175 3276 2686 3347 profertrationes,
2740 3285 2842 3328 ceu
2892 3269 3077 3324 futiles
3107 3279 3160 3322 et
3199 3266 3443 3321 infirmas

1866 3383 2244 3441 aspernantur.
2303 3368 2427 3424 Nic!
2486 3367 2692 3424 fastidii
2753 3362 3129 3421 delicatissimi
3170 3359 3441 3422 homines,

1866 3479 2003 3535 quos
2041 3464 2158 3533 eius
2214 3463 2291 3519 rei
2336 3463 2563 3517 satietas
2621 3463 2786 3530 cepit,
2841 3474 2960 3529 quae
3011 3454 3305 3510 Anastasio
3357 3451 3446 3508 Si-

1869 3557 2031 3613 naita:
2058 3556 2124 3619 δ’,
2167 3554 2442 3611 Germano
2492 3551 3103 3620 Constantinopolitano
3138 3548 3204 3614 “,
3248 3544 3446 3601 Hiero-

1867 3665 2029 3720 nymo
2059 3649 2123 3715 “,
2163 3649 2392 3718 aliisque
2445 3648 2690 3718 pluribus
2740 3648 2877 3700 adeo
2933 3645 3156 3714 probata
3209 3641 3332 3704 fuit,
3386 3645 3449 3695 ut

1866 3741 2028 3812 primi
2082 3750 2252 3796 totum
2309 3742 2452 3793 hunc
2513 3737 2700 3793 frenari
2778 3739 2958 3792 locum
3013 3731 3442 3803 exscripserint,

1865 3832 2049 3887 caeteri
2081 3832 2319 3886 rationes
2347 3831 2581 3899 amplexi
2617 3829 2840 3885 fuerint.
2888 3829 3134 3892 Praestat,
3171 3836 3229 3880 ut
3255 3822 3444 3879 irentei

1866 3925 2045 3980 verbis
2075 3934 2216 3991 utar,
2263 3940 2384 3978 cum
2417 3924 2725 3992 hujusmodi
2765 3924 2947 3975 idiotis
2998 3920 3258 3988 religiosis
3293 3918 3442 3972 desi-

1866 4033 2014 4086 pere,
2069 4032 2232 4087 quam
2290 4033 2413 4072 cum
2466 4016 2777 4084 blasphemis
2825 4025 2873 4068 et
2918 4010 3316 4083 impudentibus
3353 4025 3445 4064 so-

1863 4111 2045 4180 plastis
2077 4125 2288 4180 sapere.

1940 4204 1992 4257 7.
2031 4205 2102 4258 De
2132 4204 2255 4258 aliis
2280 4201 2413 4258 Novi
2436 4200 2777 4257 Testamenti
2813 4200 3060 4268 partibus
3087 4199 3205 4252 haec
3232 4206 3442 4251 tantum

1865 4297 2205 4351 obschanda
2254 4297 2512 4356 veniunt,
2568 4295 2620 4349 iu
2675 4295 2965 4356 omnibus,
3022 4307 3143 4360 quae
3192 4300 3440 4355 exstant,

1868 4391 2050 4445 lrcnmi
2093 4390 2314 4459 scriptis
2357 4387 2561 4442 nullam
2598 4387 2849 4458 Epistula:
2885 4387 2947 4440 D.
2974 4385 3127 4440 Pauli
3159 4385 3227 4438 ad
3260 4383 3442 4438 Phile-

1869 4501 2078 4538 monem
2113 4485 2441 4539 mentionem
2483 4497 2803 4546 occurrere;
2836 4481 2978 4548 quod
3016 4494 3118 4532 non
3159 4478 3295 4531 adeo
3333 4477 3438 4530 ιιιί-

185 4571 347 4628 Petro
379 4574 695 4626 annuntiata
743 4583 921 4637 erant,
968 4592 1060 4642 per
1090 4576 1286 4637 scripta
1329 4576 1476 4628 nobis
1514 4575 1757 4629 tradidit.
1794 4593 1837 4645 ι)
1871 4595 2010 4643 rum,
2045 4578 2171 4648 quia
2213 4588 2380 4632 totum
2417 4576 2574 4643 httjus
2607 4576 2864 4643 Epistolae
2897 4582 3275 4641 argumentum
3304 4568 3439 4624 nihil

183 4665 252 4720 Et
277 4664 452 4718 Lucas
479 4662 640 4736 [CIX]
669 4675 845 4718 autem
893 4676 1120 4720 sectator
1151 4665 1334 4732 Pauli,
1375 4667 1516 4737 quod
1557 4667 1621 4720 ab
1671 4666 1762 4720 illo

181 4758 580 4824 pra'dicabatur
610 4756 980 4825 Evangelium,
1011 4758 1066 4811 in
1091 4748 1225 4811 libro
1267 4759 1524 4812 condidit.
1571 4758 1765 4812 Postea

183 4860 229 4901 et
278 4846 516 4901 Joannes
565 4848 860 4916 discipulus
907 4848 1140 4912 Domini,
1182 4850 1268 4920 qui
1302 4861 1348 4902 et
1378 4866 1538 4918 supra
1590 4861 1765 4916 pectus

183 4940 298 5008 ejus
352 4940 704 5005 recumbebat,
734 4951 780 4993 et
813 4941 923 5008 ipse
958 4941 1124 4993 edidit
1165 4940 1535 5009 Evangelium,
1576 4941 1766 5008 Ephesi

186 5034 325 5086 Asia
362 5048 717 5088 commorans.
759 5032 949 5087 Plures
1008 5035 1058 5086 in
1109 5035 1191 5087 his
1245 5035 1424 5089 verbis
1469 5043 1766 5089 occurrunt

186 5122 550 5189 ditﬁcultates,
585 5139 721 5193 quas
763 5140 887 5178 cum
933 5127 1356 5194 expcnderimus
1401 5128 1452 5181 in
1499 5131 1644 5182 notis
1699 5130 1765 5183 ad

188 5220 330 5272 hunc
395 5219 598 5284 imum,
633 5217 756 5272 illuc
815 5218 1070 5274 lectorem
1129 5221 1402 5275 remittere
1458 5222 1630 5276 satius
1662 5230 1761 5285 est,

188 5325 351 5377 quam
382 5310 469 5363 hic
504 5311 709 5364 diutius
742 5313 1007 5366 detinere.
1059 5313 1211 5366 Adeo
1245 5328 1370 5367 vero
1419 5315 1482 5367 de
1535 5329 1764 5367 numero

187 5410 420 5468 quatuor
450 5399 867 5470 Evangeliorum
893 5404 1178 5458 censtabat
1218 5405 1418 5460 Irenaeo
1453 5406 1519 5469 ⁵ο,
1566 5415 1644 5473 ut,
1676 5423 1761 5463 so-

185 5493 423 5544 cuttdum
480 5492 678 5560 ipsum,
742 5509 904 5562 neque
966 5494 1120 5562 plura
1173 5513 1386 5549 numero
1442 5514 1600 5566 quam
1653 5501 1766 5552 Ita'c

185 5592 331 5646 sunt,
377 5599 538 5653 neque
582 5600 766 5636 rursus
810 5587 1060 5654 pauciora
1100 5589 1272 5657 cupiat
1314 5605 1424 5643 esse
1456 5587 1764 5660 Evangelia.

255 5767 296 5795 ³⁷
330 5764 448 5818 Lilt.
492 5781 542 5828 ν,
574 5781 623 5820 C.
659 5770 716 5833 ‘2,
753 5769 804 5821 6.

158 5840 228 5865 VH
251 5836 449 5891 Timor.

884 5771 928 5803 ³³
957 5771 1112 5835 11ιὶ‹1.,
1163 5789 1209 5825 ο.
1271 5776 1323 5826 8.

1423 5777 1467 5806 39

535 5781 623 5828 ,c.
659 5777 716 5833 2,
753 5777 804 5821 ti.
884 5777 928 5803 ³⁵
957 5777 1112 5835 Ιιιῑι1.,
1163 5789 1209 5825 c.
1271 5777 1323 5826 8.
1423 5777 1467 5806 ³9
1523 5777 1581 5831 C.
1634 5777 1681 5842 1,
1718 5794 1770 5829 ιι.
1800 5777 1848 5830 1.

535 5857 714 5893 rerum
753 5839 986 5909 Et-i_lt:s.,
1024 5858 1151 5896 tom.
1191 5844 1225 5895 ll
1281 5848 1724 5902 Attt‘lat‘Btbliot.
1751 5847 1830 5899 [‘l’

1862 4671 1928 4723 ad
1963 4670 2149 4724 lrcntei
2197 4685 2419 4738 scopum
2459 4670 2717 4723 faciebat.
2751 4670 2832 4721 Ad
2870 4667 3170 4734 Epistulam
3209 4678 3336 4718 vero
3369 4661 3439 4718 ad

1864 4763 2119 4818 Hebraeos
2172 4763 2444 4817 interdum
2507 4764 2717 4830 alludit,
2769 4779 2867 4817 nec
2920 4763 3031 4830 ipsa
3089 4770 3286 4825 tamen,
3339 4773 3439 4812 nec

1862 4866 2083 4911 auctore
2106 4854 2220 4924 eius
2250 4858 2565 4910 nominatim
2595 4855 2848 4909 citatis”.
2876 4854 2966 4908 Sic
2988 4853 3082 4906 lib.
3113 4868 3176 4914 ll,
3196 4867 3315 4920 cap.
3343 4851 3434 4915 50,

1864 4966 1916 5003 ιι.
1949 4950 2003 5014 9,
2031 4951 2126 5011 ait,
2161 4951 2334 5004 solum
2373 4951 2540 5003 Deum
2571 4949 2790 5003 Patrem
2824 4948 3004 5002 omnia
3039 4947 3230 5000 fecisse
3268 4944 3436 4998 Verbo

1861 5045 2070 5097 virtutis
2115 5060 2260 5106 sum;
2310 5043 2508 5111 quibus
2560 5042 2749 5096 alludit
2799 5043 2864 5095 ad
2914 5041 3048 5095 illud
3094 5038 3259 5093 Hebr.
3305 5054 3346 5102 ι,
3377 5041 3436 5102 5,

1862 5149 2080 5206 portans
2110 5137 2288 5189 omnia
2327 5133 2491 5189 Verbo
2531 5136 2738 5189 virtutis
2764 5152 2895 5188 sure.
2931 5133 2995 5187 Et
3024 5133 3120 5188 lib.
3150 5148 3223 5196 ιν,
3258 5148 3309 5186 c.
3344 5131 3440 5192 11,

1864 5245 1922 5283 ιι.
1966 5229 2023 5291 4,
2070 5229 2204 5282 dicit
2246 5231 2537 5283 munditias
2580 5229 2866 5284 exteriores
2911 5226 3071 5294 Legis
3121 5228 3174 5278 in
3204 5226 3434 5294 ﬁguram

1862 5322 2166 5391 futurorum
2206 5323 2436 5375 traditas
2488 5323 2686 5391 fuisse,
2733 5323 2871 5376 velut
2912 5324 3109 5373 umbrae
3151 5317 3435 5386 cujusdam

1860 5414 2268 5482 descriptionem
2302 5415 2526 5482 faciente
2563 5413 2695 5481 Lege
2727 5427 2745 5465 :
2772 5430 2890 5483 quae
2922 5416 3206 5481 desumpta
3239 5413 3433 5466 viden-

1867 5518 1954 5561 tur
1983 5523 2047 5560 ex
2098 5507 2187 5561 illo
2223 5507 2388 5560 llebr.
2432 5523 2486 5570 x,
2530 5509 2582 5560 1;
2629 5506 2880 5560 Umbram
2917 5507 3115 5559 habens
3149 5504 3254 5558 Lex
3285 5505 3435 5574 futu-

1863 5614 2041 5650 rorum
2087 5598 2360 5664 bonorum,
2411 5615 2512 5650 non
2549 5599 2715 5666 ipsum
2764 5599 3044 5667 imaginem
3083 5613 3279 5651 rerum.
3326 5597 3434 5648 Nec

1926 5776 1968 5807 ⁵ο
2000 5778 2153 5838 ll)id.,
2188 5795 2233 5831 c.
2285 5778 2369 5839 11,
2411 5795 2460 5830 ιι.
2493 5779 2542 5831 7.
2620 5780 2659 5810 “
2693 5779 2846 5839 ibitl.,
2895 5796 2946 5831 ιι.
2979 5779 3031 5832 8.

1932 5848 1972 5878 ⁸⁵
1999 5848 2143 5902 Prol.
2183 5853 2232 5902 in
2265 5849 2451 5903 Matth.
2537 5851 2579 5880 ³⁸
2613 5853 2738 5920 Cap.
2779 5868 2872 5914 \‘tl,
2917 5852 2999 5904 11.

3112 5780 3153 5807 η
3186 5781 3247 5843 ρ.
3308 5778 3423 5831 ιιι.
