4196 6330
744 363 839 420 251

1556 366 2146 424 DISSEB'I‘ATIONES
2183 365 2485 423 PB/EVIAS
2521 366 2586 420 IN
2625 365 2878 423 IRENEI
2921 365 3180 422 LIBROS.

3882 360 3993 418 282

742 479 905 532 aliter
943 478 1079 532 citat
1113 478 1379 548 Epistolas
1409 481 1720 537 Catholicae
1756 479 1944 537 Jacobi
1976 493 2030 536 et
2062 480 2236 543 Judie.
2261 492 2316 535 et
2345 494 2387 540 A
2419 498 2483 536 ea
2510 485 2725 536 demum
2761 483 2956 544 soluta.
2984 482 3293 552 Jndzeisque
3332 483 3383 536 in
3408 483 3640 551 patriam
3669 479 3986 540 reducibus,

740 571 1035 622 set-undam
1062 567 1234 632 Petri,
1267 571 1369 625 nisi
1401 575 1566 629 verba
1590 574 1834 644 quaedam
1851 574 1964 628 suis
1997 574 2311 638 inserendo,

743 661 976 714 tacendo
1008 660 1184 716 locum
1225 672 1278 716 et
1308 674 1586 719 auctorem
1624 667 1774 720 unde
1811 667 2135 736 deprompta
2165 677 2311 732 sunt,

741 759 800 803 ut
820 752 869 806 ei
899 753 1177 807 constabit
1205 755 1297 824 qui
1327 755 1446 810 loca
1486 758 1536 810 in
1579 757 1765 812 Indice
1806 759 2087 828 designata
2116 775 2314 813 consu-

743 842 855 898 lere
895 845 1228 912 dignabitur.
1286 847 1459 904 Secus
1503 849 1787 904 dicendum
1837 850 1904 904 de
1940 850 2176 920 Epistola
2227 865 2313 904 se-

737 938 914 991 canda
957 934 1215 1002 Joannis,
1273 953 1437 1009 quam
1482 953 1538 995 ut
1573 941 1863 1011 Fpistnlatn
1919 941 2151 996 Joannis
2201 945 2313 997 dis-

737 1026 900 1094 cipuli
931 1024 1147 1080 Domini
1174 1030 1418 1096 agnoscit
1447 1037 1502 1083 et
1531 1029 1726 1100 allegat
1757 1030 1850 1085 lib.
1885 1047 1928 1094 I,
1955 1047 2009 1085 c.
2041 1030 2126 1093 16,
2172 1049 2230 1088 tt.
2255 1032 2312 1098 3,

735 1128 791 1170 et
825 1115 918 1170 lib.
951 1132 1033 1182 ut,
1069 1131 1118 1170 c.
1153 1117 1238 1181 16,
1287 1134 1340 1173 n.
1376 1118 1428 1197 8τ
1474 1119 1851 1190 Apocalypsim
1905 1121 2069 1177 etiam
2112 1119 2308 1178 Joanni

737 1207 1005 1274 discipulo
1043 1209 1256 1264 Domini
1299 1211 1622 1265 nominatim
1663 1211 1911 1279 ascribit,
1943 1220 2000 1268 et
2045 1213 2146 1268 sub
2189 1213 2311 1280 ejus

737 1301 956 1355 nomine
1005 1303 1138 1355 citat
1182 1302 1276 1355 lib.
1326 1317 1402 1366 tv,
1448 1317 1498 1358 c.
1543 1304 1639 1367 ‘20,
1683 1321 1740 1356 ιι.
1785 1304 1874 1362 ii;
1908 1305 2004 1359 lib.
2033 1320 2088 1368 v,
2130 1321 2180 1360 c.
2215 1306 2309 1372 55,

736 1407 790 1450 n.
824 1393 880 1457 2,
914 1402 967 1448 et
1006 1393 1154 1448 alibi.
1213 1393 1345 1448 Illud
1383 1396 1544 1450 etiam
1595 1380 1714 1449 non,
1748 1396 2133 1460 omittendum,
2166 1400 2308 1467 quod

741 1484 957 1540 IIerma:
989 1485 1264 1540 Pastorem
1292 1488 1436 1542 velut
1464 1487 1796 1543 Canonicain
1826 1488 2163 1559 Scripturam
2193 1490 2310 1543 latt-

738 1579 828 1631 det
859 1577 1096 1634 lrenasus
1128 1578 1225 1634 lib.
1258 1595 1332 1643 tv,
1377 1595 1429 1634 c.
1455 1580 1624 1647 20,n.
1656 1581 1713 1634 2.
1753 1580 1892 1634 Bene
1928 1598 2072 1652 ergo,
2107 1582 2305 1652 inquit,

727 1669 1089 1736 pronuntiavit
1127 1671 1426 1737 scriptura,
1476 1687 1594 1740 qua
1635 1672 1810 1728 dicit:
1855 1670 2042 1726 Primo
2071 1674 2308 1728 omnium

733 1761 908 1823 crede.
947 1763 1196 1831 quoniam
1223 1780 1362 1816 unus
1392 1774 1465 1817 est
1503 1763 1662 1828 Deus,
1694 1775 1827 1830 etc.,
1857 1781 1977 1837 qua:
2006 1767 2172 1822 verba
2205 1768 2304 1821 de-

2418 575 2732 641 temporibus
2785 575 3095 628 Artaxerxis
3147 573 3427 627 Persarum
3483 574 3638 642 regis,
3701 573 3984 640 inspirasse

2420 665 2607 718 Estlra:
2644 664 2910 719 sacerdoti
2946 664 3111 717 tribus
3138 661 3259 716 Levi
3297 672 3536 716 veterum
3590 662 3981 731 prophetarum

2414 772 2680 810 sermones
2737 772 2912 809 omnes
2965 756 3292 816 instaurare,
3345 766 3395 819 et,
3454 757 3732 809 restituere
3785 753 3981 825 populo

2415 864 2528 901 eam
2579 846 2763 918 legem,
2812 864 2929 916 quis
2964 848 3091 901 data
3141 856 3216 900 est
3256 863 3344 915 per
3376 843 3617 916 Moysen.
3663 847 3737 900 Ex
3777 845 3980 917 quibus

2414 941 2664 996 omnibus
2691 939 2967 995 concludit
2995 939 3108 1009 (qui
3139 954 3335 1008 scopus
3365 938 3526 1010 erat),
3571 955 3686 992 rere
3731 939 3979 1008 impudo-

2411 1047 2553 1088 ratos
2600 1044 2646 1087 et
2693 1034 2919 1088 audaces
2971 1048 3090 1088 esse
3136 1031 3443 1095 haereticos,
3473 1031 3589 1100 qni,
3622 1039 3678 1084 ut
3721 1031 3977 1087 ha‘resim

2411 1141 2566 1180 suam
2615 1125 3029 1195 Scripturarnm
3084 1126 3420 1178 auctoritate
3478 1122 3759 1187 muniant,
3813 1123 3977 1186 alias,

2412 1225 2608 1286 prazter
2640 1217 3075 1287 antiquissimam
3111 1216 3282 1280 illam,
3307 1232 3428 1285 qua:
3463 1216 3614 1270 miris
3643 1215 3777 1270 adeo
3801 1215 3981 1271 modis

2412 1310 2552 1365 iacta
2598 1320 2702 1376 est,
2745 1310 3041 1380 Scriptum:
3079 1309 3557 1379 interpretationes
3595 1308 3840 1378 proferre
3879 1324 3981 1362 au-

2409 1401 2543 1455 dent
2573 1424 2582 1456 :
2615 1401 2895 1470 apostolos
2936 1402 3104 1466 enim,
3132 1401 3405 1456 luereticis
3431 1401 3684 1455 omnibus
3719 1399 3984 1454 vetustio-

2410 1507 2517 1556 res,
2553 1508 2844 1547 consonare
2871 1493 3136 1560 prwdictte
3165 1494 3610 1559 interpretationi,
3632 1503 3678 1546 et
3715 1494 3981 1560 interpre-

2409 1588 2657 1640 tationem
2707 1601 2994 1638 consonare
3046 1582 3185 1656 [CX]
3247 1586 3610 1653 apostolorum
3659 1584 3936 1639 traditioni
3956 1601 3986 1650 ;-

2405 1695 2526 1734 cum
2552 1679 2604 1733 hi
2622 1679 2919 1747 prophetica
2945 1679 3124 1730 omnia
3145 1680 3216 1730 ita
3242 1678 3694 1742 annuntiaverint,
3715 1679 3970 1746 quemad-

2411 1772 2624 1826 modum
2642 1770 2922 1826 Seniorum
2942 1769 3298 1838 interpretatio
3318 1771 3564 1823 continet.
3579 1767 3673 1824 Sic
3690 1784 3983 1838 argumen-

732 1863 1027 1907 sumuntur
1066 1869 1130 1908 ex
1176 1854 1269 1911 lib.
1314 1873 1348 1910 ll
1386 1855 1651 1920 Pastoris,
1692 1857 1870 1912 Mand.
1901 1875 1938 1913 ι.
1971 1859 2079 1916 Sed
2112 1860 2302 1915 eodem
2338 1830 2380 1889 Β
2413 1866 2630 1921 tabatur
2678 1862 2933 1925 Irenaeus,
2970 1871 3028 1916 ut
3054 1863 3310 1930 probaret
3360 1863 3474 1919 haec
3518 1862 3670 1919 Isaiae
3699 1863 3862 1918 verba
3893 1865 3978 1930 δ’,

732 1945 893 1999 modo
943 1947 1184 2001 citavere
1232 1947 1412 2016 plures
1457 1947 1547 2002 alii
1586 1948 1778 2006 Patres
1812 1949 2024 2017 Graeci,
2074 1968 2302 2021 quorum

728 2039 1044 2095 testimonia
1069 2041 1288 2112 collegit
1317 2044 1663 2098 doctissimus
1688 2044 2012 2112 Cotelerius,
2045 2046 2305 2116 librisque

731 2132 980 2188 Pastoris
1033 2150 1062 2189 a
1111 2152 1170 2191 se
1204 2137 1369 2193 editis
1409 2139 1691 2209 praemisit.
1736 2138 1947 2194 Latinis
1991 2154 2119 2194 vero
2169 2140 2301 2193 tanti

728 2243 836 2283 non
885 2229 988 2282 fuit
1021 2231 1126 2284 iste
1159 2231 1375 2286 Hermte
1407 2229 1602 2285 Pastor
1636 2246 1654 2284 :
1687 2233 1828 2286 unde
1871 2243 2058 2302 postea
2091 2233 2158 2288 ab
2188 2248 2306 2286 om-

730 2321 889 2374 nibus
926 2318 1188 2377 Ecclesiis
1235 2339 1266 2379 e
1311 2340 1538 2380 numero
1577 2324 1838 2380 librorum
1885 2341 2166 2381 sacrorum
2211 2343 2305 2382 cx-

728 2420 965 2479 pttnclts
995 2422 1098 2469 est.

796 2502 850 2557 8.
889 2503 1036 2558 Inter
1083 2520 1295 2570 omnes,
1338 2507 1536 2576 quibus
1579 2522 1672 2561 usa
1714 2518 1795 2562 est
1833 2507 2097 2573 Ecclesia,
2137 2523 2305 2564 sacra:

719 2594 1031 2675 §cripturae
1065 2598 1363 2662 versiones,
1393 2599 1534 2652 nulla
1568 2599 1769 2654 Ircnmo
1803 2601 2165 2656 venerabilior
2190 2604 2302 2656 visa

724 2698 810 2742 est
835 2702 898 2740 ea
924 2703 1045 2756 quin
1077 2689 1280 2743 dicitur
1322 2691 1682 2760 Septuaginta
1725 2693 2112 2763 lnterpretum.
2153 2694 2305 2750 IIanc

727 2776 827 2846 ipsi
862 2778 999 2833 l‘onti
1035 2779 1264 2836 IIebrazo
1292 2784 1614 2838 auctoritate
1644 2799 1780 2854 pene
1814 2801 1996 2853 parem
2021 2787 2303 2841 existima-

724 2871 822 2933 γει,
849 2879 1034 2940 utpote
1065 2889 1225 2942 quam
1251 2891 1343 2943 per
1374 2877 1749 2944 aspirationem
1787 2877 1882 2932 Dei
1919 2878 2116 2933 factam
2178 2895 2302 2934 cre-

724 2963 879 3016 didit.
916 2963 972 3017 ln
1014 2979 1133 3018 eam
1171 2981 1302 3020 vero
1329 2969 1656 3023 sententiam
1692 2969 1848 3034 abiit,
1894 2971 2038 3039 quod
2073 2971 2303 3042 Septua-

730 3055 908 3122 ginta,
957 3057 1048 3126 qui
1099 3057 1378 3124 dicuntur,
1419 3057 1773 3130 Interpretes,
1813 3062 1969 3132 quasi
2014 3065 2301 3132 prepltctas

726 3147 1007 3214 habuerit,
1035 3151 1124 3218 qui
1161 3151 1377 3204 amante
1417 3161 1580 3223 atque
1620 3154 1884 3223 dirigente
1916 3153 2119 3223 Spiritu
2169 3172 2298 3210 san-

720 3249 806 3294 cto
832 3242 1141 3295 versionem
1188 3258 1340 3296 suam
1375 3243 1848 3300 concinnaverint.
1887 3245 2085 3302 Censet
2132 3248 2295 3317 igitur

722 3331 996 3398 Irenzeus,
1032 3333 1378 3389 Plolemwnm
1413 3335 1543 3407 Lagi
1569 3338 1760 3406 ﬁlium,
1800 3355 1921 3395 cum
1956 3355 2102 3408 eam,
2135 3358 2294 3411 quam

717 3427 1069 3483 Alexandria:
1118 3439 1521 3495 consuluerat,
1557 3431 1942 3488 bibliothecam
1987 3436 2295 3506 omnigenis

717 3518 1000 3573 codicibus
1033 3535 1235 3574 ornare
1276 3521 1327 3574 in
1364 3523 1506 3577 vctis
1537 3523 1783 3591 haberet,
1839 3525 2053 3581 misisse
2091 3526 2298 3597 legatos

719 3609 816 3678 qui
861 3625 890 3662 a
924 3609 1368 3680 IIierosolymitis
1419 3620 1530 3666 tum
1577 3611 1886 3682 Scripturas
1931 3633 2136 3685 eorum,
2181 3628 2294 3673 tum

720 3699 978 3757 Ilebraici
1024 3713 1078 3757 et
1128 3703 1304 3758 Graeci
1348 3705 1619 3759 sermonis
1663 3705 1870 3775 peritos
1912 3717 2293 3776 exposcerent,

717 3797 811 3864 qui
873 3799 1094 3851 easdem
1128 3813 1191 3852 ex
1229 3799 1459 3854 Hebraeo
1503 3800 1556 3853 in
1596 3799 1844 3856 Gnecum
1890 3813 2292 3860 converterent.

719 3888 1188 3959 Hierosolyinitae,
1246 3892 1338 3959 qui
1398 3901 1508 3945 tum
1556 3892 1942 3946 Macedonibus
2003 3895 2293 3962 parebant,

719 3982 833 4050 regi
862 3999 1065 4037 morem
1088 3993 1358 4052 gerentes,
1380 3985 1620 4040 delectos
1646 3985 1989 4054 septuaginta
2027 3990 2293 4054 seniores,

719 4074 1130 4142 Scripturarutn
1174 4087 1228 4128 et
1262 4077 1550 4146 utriusque
1577 4077 1773 4148 linguae
1806 4079 2126 4150 peritiores,
2175 4083 2299 4134 tuit-

718 4175 860 4218 tnnt.
917 4164 1132 4221 Veritus
1175 4167 1505 4223 Ptolemzens
1549 4187 1614 4224 ne
1661 4171 1988 4241 interpretes
2034 4187 2100 4225 ex
2150 4185 2296 4226 com-

714 4269 878 4326 pacto
920 4257 1332 4329 Seriptnrarum
1378 4277 1578 4316 arcana
1626 4265 1861 4334 prodere
1902 4265 2175 4328 nolentes,
2212 4269 2296 4317 fu-

716 4368 840 4406 cum
873 4351 1056 4420 spuria
1093 4362 1146 4407 et
1179 4352 1483 4409 adulterina
1526 4356 1982 4425 interpretatione
2030 4356 2293 4420 Iacerent,

713 4459 962 4508 separans
986 4460 1073 4498 eos
1095 4445 1158 4497 ab
1197 4445 1435 4511 invicem,
1458 4445 1619 4514 jussit
1653 4462 1830 4500 omnes
1862 4448 2095 4501 eamdem
2134 4448 2296 4501 inter-

2413 1955 2547 2009 Ecce
2571 1955 2714 2025 virgo
2745 1954 2994 2022 concipiet
3019 1965 3066 2009 et
3103 1955 3271 2024 pariet
3307 1954 3502 2023 filium,
3537 1970 3566 2008 a
3599 1954 3976 2013 Theodotione

2409 2055 2460 2100 et
2487 2046 2682 2114 Aquila
2725 2056 2984 2115 corrupta
3025 2060 3173 2110 esse,
3211 2046 3336 2098 dum
3386 2061 3570 2100 vocem
3592 2031 3972 2117 m,Virgo,

2409 2147 2690 2192 verterunt
2723 2139 2926 2202 νεᾶνις,
2961 2136 3391 2198 adolescentulo;
3443 2153 3510 2192 ne
3563 2140 3769 2193 scilicet
3803 2157 3866 2194 ex
3909 2156 3979 2195 eo

2408 2231 2560 2287 Isaiae
2607 2231 2730 2285 loco
2779 2229 3079 2285 inferretur
3118 2229 3394 2284 Christum
3429 2244 3495 2284 ex
3527 2231 3745 2298 Virgine
3786 2241 3976 2286 natum

2406 2340 2548 2381 esse.

2478 2417 2533 2471 9.
2580 2415 2861 2485 Vulgatam
2893 2411 3157 2466 versionis
3193 2409 3334 2466 LXX
3385 2411 3741 2483 lnterpretum
3798 2411 3975 2467 histo-

2407 2510 2542 2564 riam
2587 2509 2673 2562 hic
2719 2506 3039 2560 exatninare
3069 2507 3238 2558 nostri
3272 2521 3376 2559 non
3413 2516 3494 2560 est
3537 2504 3769 2560 instituti
3804 2522 3816 2558 :
3847 2521 3974 2560 cum

2409 2603 2647 2656 maxime
2684 2600 2733 2653 id
2773 2609 2951 2652 actum
2983 2598 3052 2651 sit
3081 2614 3108 2650 a
3135 2597 3404 2666 pluribus,
3439 2599 3613 2668 iISqlle
3642 2597 3981 2653 doctissimis

2407 2694 2734 2748 hominibus.
2761 2692 2941 2744 Pauca
2973 2689 3398 2743 duntaxatcirea
3426 2689 3614 2744 Irentei
3641 2691 3810 2745 nostri
3843 2708 3976 2745 nar-

2408 2785 2674 2838 rationem
2721 2783 3021 2837 observare
3064 2781 3309 2833 sullieiat.
3342 2780 3520 2835 Primo
3561 2797 3666 2836 non
3710 2782 3973 2837 lremeum

2403 2873 2575 2928 solum
2615 2872 2748 2924 tanti
2798 2871 2995 2925 fecisse
3032 2872 3342 2924 versionem
3394 2869 3535 2924 LXX
3573 2871 3971 2941 lnterpretum:

2402 2963 2592 3019 eodem
2627 2963 2679 3017 in
2714 2963 2922 3018 honore
2955 2962 3057 3016 fuit
3084 2964 3224 3026 apud
3251 2979 3438 3018 omnes
3462 2973 3699 3032 quatuor
3730 2967 3974 3034 priorum

2402 3053 2722 3107 saeculorum
2755 3051 2968 3112 Patres.
3024 3052 3165 3122 apud
3209 3068 3346 3123 quos
3391 3054 3704 3108 obtinuerat
3745 3071 3804 3110 ea
3847 3072 3978 3112 sen-

2409 3144 2611 3208 tentia,
2662 3142 2994 3212 Interpretes
3055 3146 3441 3214 prophetarum
3503 3146 3650 3201 vices
3696 3157 3751 3202 et
3796 3147 3974 3203 oliicia

2403 3239 2702 3308 peregisse.
2744 3237 2887 3292 Fons
2918 3248 3095 3290 autent
3141 3254 3205 3292 cx
3244 3254 3350 3307 quo
3383 3237 3637 3306 proﬂuxit
3668 3240 3974 3294 communis

2399 3347 2460 3385 ea
2489 3342 2732 3385 veterum
2765 3329 3125 3391 existimatio.
3167 3329 3267 3383 fuit
3292 3332 3535 3387 Aristmze
3567 3333 3814 3398 historia,
3852 3335 3976 3389 sive

2397 3437 2550 3488 vera,
2588 3422 2702 3476 sive
2733 3419 2899 3487 falsa;
2938 3423 3111 3487 testis,
3145 3431 3200 3476 ttt
3225 3423 3339 3492 ipse
3369 3425 3515 3480 credi
3549 3435 3716 3491 amat,
3745 3425 3970 3494 oculati,

2398 3529 2558 3582 quam
2608 3510 2878 3583 Iosephus
2919 3513 3012 3571 lib.
3060 3530 3133 3569 XII
3187 3515 3601 3586 Antiquitatum,
3645 3532 3766 3587 cap.
3810 3517 3874 3580 2,
3917 3529 3977 3572 ct

2397 3605 2550 3663 Philo
2582 3607 2674 3662 lib.
2710 3623 2749 3661 ιι
2783 3609 2860 3662 De
2903 3609 3006 3662 vita
3038 3606 3228 3676 Hosis,
3273 3610 3599 3680 compendio
3642 3610 3970 3677 retulerunt,

2399 3715 2672 3770 quamque
2711 3710 3057 3762 omnesitnm
3102 3713 3318 3757 veteres
3362 3700 3559 3768 Judmi,
3603 3713 3713 3756 tum
3754 3704 3977 3771 priores

2398 3793 2698 3856 Christiani
2726 3794 2972 3847 unanimi
3011 3809 3282 3850 consensu
3305 3804 3664 3866 receperunt;
3702 3806 3815 3850 tum
3840 3811 3974 3865 per-

2397 3896 2591 3955 vagata
2625 3886 2833 3956 Opinio,
2869 3878 3228 3957 septuaginta
3274 3886 3603 3958 Interpretes
3639 3889 3695 3942 in
3741 3888 3970 3945 totidem

2399 3980 2609 4035 cellulis
2639 3995 2668 4033 a
2711 3979 3004 4034 Ptolemaeo
3040 3980 3308 4045 inclusos,
3351 3982 3428 4036 sic
3464 3997 3492 4035 a
3529 3982 3638 4036 Deo
3671 3983 3976 4051 insriiratos

2401 4074 2590 4139 fuisse,
2623 4083 2681 4129 ut
2706 4073 2922 4128 collatis
2956 4074 3098 4126 inter
3114 4088 3172 4127 se
3207 4073 3552 4128 versionibus
3581 4074 3828 4142 singulis,
3851 4089 3976 4129 om-

2401 4180 2496 4220 nes
2520 4166 2574 4219 in
2608 4165 2800 4220 iisdem
2831 4165 3138 4229 sententiis,
3171 4165 3352 4219 verbis
3392 4175 3446 4220 et
3489 4165 3800 4221 nominibus
3838 4181 3974 4221 con-

2399 4258 2612 4314 venisse
2643 4259 2838 4326 reperti
2872 4257 3104 4312 l'uerint.
3142 4255 3314 4326 IInjus
3347 4257 3566 4325 quidem
3599 4257 3975 4313 circumstan-

2401 4354 2490 4408 tia:
2516 4368 2625 4407 non
2664 4351 2912 4405 meminit
2941 4349 3203 4405 Aristasas
3239 4365 3253 4403 :
3290 4352 3499 4420 primus
3538 4359 3666 4405 ante
3702 4349 3974 4406 Irenaeum

2401 4442 2914 4500 meminitJustinus
2953 4442 3162 4513 Martyr
3188 4444 3238 4498 in
3260 4443 3645 4497 Eshortatione
3670 4445 3737 4496 ad
3769 4453 3975 4512 gentes;

715 4535 912 4600 pretari
938 4533 1308 4603 Scripturam;
1340 4545 1389 4592 et
1426 4537 1525 4590 hoc
1567 4539 1620 4592 in
1659 4538 1905 4592 omnibus
1945 4538 2096 4592 libris
2137 4538 2294 4607 fecit;
2329 4555 2370 4610 ι)
2403 4550 2631 4607 uterque
2670 4553 2804 4593 vero
2852 4538 3107 4592 traditam
3157 4537 3372 4607 accepit
3403 4537 3601 4606 partim
3645 4551 3674 4589 a
3715 4535 3973 4604 Philone,

717 4627 771 4680 id
813 4635 923 4692 est,
970 4627 1136 4696 jussit
1174 4639 1231 4683 ut
1265 4644 1457 4684 omnes
1503 4630 1661 4684 simul
1703 4633 1953 4685 eumdem
1996 4618 2296 4699 SCriptura:

715 4718 916 4773 librum
945 4721 1459 4790 interpretarentur.
1489 4720 1924 4776 Convenientibus
1951 4733 2126 4775 autem
2157 4723 2286 4791 ipsis

717 4812 774 4864 in
821 4827 985 4865 unum
1020 4814 1163 4881 apud
1191 4810 1558 4878 Ptolemmum,
1603 4824 1651 4868 et
1691 4817 2122 4883 comparantibus
2169 4831 2294 4868 suas

714 4901 1195 4972 interpretationes,
1226 4905 1367 4960 Deus
1411 4906 1743 4975 gloriﬁcatus
1783 4918 1883 4971 est,
1917 4917 1963 4960 et
1994 4908 2295 4978 Scriptura:

719 5011 839 5052 mre
864 4996 1060 5051 diuina:
1087 4998 1300 5058 credita:
1327 5008 1470 5062 sunt,
1505 4999 1742 5052 omnibus
1781 4998 1985 5064 eadem,
2012 5009 2061 5052 et
2099 4999 2295 5053 eisdem

713 5087 912 5153 verbis,
939 5096 990 5142 et
1038 5089 1236 5142 eisdem
1280 5090 1606 5153 nominibus,
1650 5091 1995 5144 recitantibus
2044 5090 2106 5142 ab
2146 5091 2294 5143 initio

715 5197 879 5251 usque
909 5181 979 5234 ad
1026 5181 1184 5250 ﬁnem
1215 5197 1232 5234 :
1266 5183 1343 5243 uti
1383 5192 1434 5236 et
1475 5193 1754 5250 prtesentes
1801 5195 1978 5252 gentes
2020 5199 2298 5251 cognosce-

716 5283 853 5340 rent,
907 5277 1161 5344 quoniam
1216 5291 1308 5340 per
1365 5278 1738 5343 aspirationem
1790 5275 1882 5329 Dei
1938 5277 2296 5344 interpretata:

715 5377 836 5420 sunt
871 5364 1182 5437 Scriptum.
1213 5366 1286 5424 Ut
1327 5379 1510 5423 autem
1557 5385 1642 5422 res
1690 5369 1884 5423 habeat
1935 5368 2116 5432 iidem,
2147 5368 2297 5422 addit

719 5459 956 5515 lrenaus
995 5461 1130 5514 nihil
1166 5462 1360 5515 mirutn
1411 5477 1551 5526 esse,
1596 5463 1640 5516 si
1676 5463 1816 5515 idem
1853 5462 1993 5516 Deus
2024 5461 2116 5530 qui
2157 5461 2290 5516 olim

719 5551 904 5607 Esdrze
924 5551 1243 5623 Scripturas
1263 5570 1450 5609 sacras
1485 5555 1807 5610 instauranti
1837 5555 2123 5624 aspiravit,
2151 5555 2296 5624 aspi—

717 5645 924 5697 raverit
971 5653 1026 5699 et
1073 5644 1216 5699 LXX
1264 5645 1660 5715 Interpretibus
1701 5646 1919 5700 easdem
1960 5645 2010 5698 in
2046 5644 2293 5699 Gra‘cum

718 5751 1028 5791 sermonem
1060 5740 1526 5793 convertentibus.
1566 5739 1856 5806 Corruptis
1891 5739 2160 5808 siquidem
2196 5739 2296 5792 Ba-

718 5826 980 5898 bylonica!
1026 5831 1357 5899 captivitatis
1410 5841 1654 5900 tempore
1702 5830 2047 5902 Scripturis,
2101 5831 2292 5895 Deum,

2399 4631 2598 4704 partim
2627 4645 2656 4683 a
2681 4629 2900 4684 caeteris
2929 4627 3156 4691 Judaeis.
3187 4627 3383 4697 (luibus
3411 4626 3654 4682 Aristaia:
3681 4627 3972 4683 historiam

2401 4723 2558 4779 novis
2601 4722 2879 4776 miraculis
2913 4735 3113 4776 ornare
3145 4720 3371 4790 placuit.
3420 4718 3479 4772 2·
3513 4717 3976 4774 Ptolemaeum'il-

2397 4816 2530 4881 lum,
2553 4830 2658 4883 quo
2677 4822 2939 4884 regnante
2961 4822 3122 4880 atque
3137 4811 3388 4881 jubente,
3405 4827 3470 4867 ex
3491 4809 3718 4867 Hebrmo
3737 4809 3789 4866 in
3813 4809 3975 4867 Gra-

2399 4922 2519 4961 cum
2572 4919 2886 4958 sermonem
2919 4917 3200 4957 conversa:
3238 4913 3370 4958 sunt
3406 4902 3704 4972 Scriptura:
3726 4944 3741 4968 ,
3772 4901 3972 4967 fuisse,

2397 5013 2463 5052 ex
2491 4997 2674 5051 Irenzei
2702 4995 2995 5060 sententia,
3027 5009 3132 5048 non
3159 4994 3594 5065 Philadelphum,
3619 5004 3680 5050 ut
3725 4993 3978 5051 sentiunt

2397 5092 2680 5154 Aristazas,
2719 5087 3012 5157 Josephus,
3049 5087 3225 5154 Philo,
3257 5086 3633 5142 Tertullianus
3685 5086 3738 5141 in
3772 5085 3977 5156 Apulos

2397 5184 2587 5254 getico,
2611 5192 2666 5237 et
2692 5183 2781 5236 alii
2814 5181 3056 5250 plerique
3087 5195 3118 5235 e
3151 5179 3406 5234 Patribus
3429 5221 3444 5246 ,
3470 5179 3567 5234 sed
3591 5177 3724 5250 Lagi
3761 5177 3973 5247 lilium;

2399 5289 2518 5343 qua:
2554 5285 2608 5328 et
2647 5274 2834 5327 eadem
2862 5272 3134 5327 sententia
3164 5271 3264 5325 fuit
3294 5270 3589 5326 Clementis
3613 5270 3974 5327 Alexandrini

2400 5367 2534 5420 lib.t
2572 5365 2795 5430 Strom.,
2849 5379 2971 5434 pag.
3004 5363 3101 5417 5H
3154 5374 3208 5418 et
3255 5377 3412 5432 seqq.
3451 5363 3722 5419 Gravibus
3749 5362 3977 5434 quidem

2400 5459 2514 5512 haec
2531 5458 2798 5526 premitur
2819 5455 3250 5520 tliﬂicultatibus,
3301 5458 3501 5523 vixque
3532 5470 3596 5510 ac
3627 5469 3696 5510 ne
3729 5455 3817 5509 vix
3849 5455 3981 5524 qui-

2403 5551 2522 5602 dem
2573 5565 2696 5603 cum
2750 5549 2978 5602 historia
3015 5548 3280 5610 Arista-ae.
3331 5547 3421 5601 ubi
3475 5547 3602 5602 huic
3651 5546 3821 5601 semel
3875 5561 3976 5602 sua

2403 5642 2711 5696 constiterit
2735 5641 3060 5705 auctoritas,
3088 5641 3372 5695 conciliari
3412 5640 3636 5709 poterit.
3664 5639 3978 5695 Conciliare

2404 5745 2581 5788 tamen
2629 5743 2903 5801 utcunque
2952 5734 3211 5796 student,
3265 5732 3354 5800 qui
3407 5731 3658 5786 Anatolio
3713 5730 3975 5801 episcopo

2401 5827 2720 5886 Laodicacno
2752 5826 2911 5896 duce,
2941 5828 3096 5897 cujus
3143 5826 3509 5896 lragtncntum
3562 5823 3758 5879 recitat
3804 5823 3978 5881 Euse-
