4196 6330
192 375 292 433 εδδ

1124 373 1583 432 DISSERTATIO
1613 373 1683 431 Ill
1718 370 2100 429 DE'IRENAEI
2140 368 2512 428 DOCTRINA.

3348 363 3458 423 ΞΜ

192 494 306 548 hius
331 491 430 548 lib.
466 509 543 548 vn
584 492 753 558 Hist,
804 508 856 554 c.
898 493 989 562 52,
1022 490 1237 566 putant,
1280 495 1591 549 versionem
1621 493 1764 548 LXX
1793 499 1840 558 Α
1873 492 2024 545 nibus
2045 506 2238 545 ornare
2269 488 2530 560 cupiisse,
2556 484 2782 541 credere
2812 492 3216 556 consequenter
3241 483 3451 548 debuit,

191 583 578 653 luterprctum,
605 586 651 639 si
679 600 784 641 non
818 583 1042 650 factam,
1067 583 1256 639 saltem
1281 585 1555 640 decretam
1580 584 1770 649 fuisse,

197 676 640 748 legationemque
667 678 735 732 ad
771 677 1008 744 Iudaeos,
1041 679 1536 749 comparandorum
1582 693 1770 733 sacro—

190 785 306 826 rum
348 769 604 829 codicum
632 786 822 836 causa,
860 769 1082 825 missam
1123 786 1190 825 eo
1216 781 1482 840 tempore,
1521 785 1629 838 quo
1655 767 1774 824 Pto-

192 863 413 918 leinazus
458 863 605 918 ﬁlius
658 863 789 934 Lagi
833 863 1251 934 Philadelphum
1301 863 1470 918 tilium
1517 864 1571 918 in
1619 863 1771 934 regni

189 957 518 1011 societatem
549 959 855 1022 asciverat;
903 958 1040 1011 adeo
1079 967 1141 1010 ut
1175 955 1400 1028 utrique
1433 955 1633 1011 ascribi
1674 970 1771 1027 po-

192 1046 377 1098 tuerit.
413 1044 524 1100 Sed
578 1063 772 1102 vereor
815 1057 874 1101 ut
926 1048 1067 1102 hanc
1113 1048 1441 1104 conciliandi
1501 1049 1772 1106 rationem

187 1142 446 1196 admittat
495 1144 781 1197 Arista-as.
831 1143 1078 1209 Nodum,
1131 1160 1252 1200 meo
1292 1144 1513 1214 quidem
1562 1144 1771 1212 judicio

193 1244 410 1298 secant,
443 1235 537 1306 qui
572 1251 801 1290 excussa
829 1237 1159 1292 auctoritate
1185 1232 1621 1299 Aristaaaaillius,
1649 1251 1771 1290 cen-

187 1339 334 1390 sent,
363 1341 422 1380 ut
467 1339 678 1383 certum
704 1330 776 1382 sit
803 1330 1121 1399 Scripturas
1146 1329 1440 1385 Ptolemaeo
1469 1328 1585 1386 sive
1612 1327 1766 1400 Lagi,

183 1423 301 1474 sive
331 1419 712 1490 Philadelpho.
755 1421 808 1477 to
823 1429 906 1475 rte
934 1421 1099 1477 etiam
1128 1432 1360 1493 utroque
1388 1431 1654 1494 regnante
1680 1429 1768 1476 at—

184 1528 293 1579 que
321 1511 576 1579 jubente,
610 1513 660 1564 in
691 1512 937 1567 Graecum
972 1526 1269 1568 conversas
1296 1513 1461 1568 fuisse
1491 1529 1518 1566 a
1544 1512 1768 1568 selectis

183 1603 518 1671 quibusdam
580 1607 882 1675 peritisque
938 1604 1182 1672 Iudaeis,
1224 1615 1422 1661 czetera
1470 1607 1654 1661 omnia
1701 1606 1767 1660 ab

182 1697 441 1759 Aristrea,
481 1694 676 1751 Judzeo
720 1697 1049 1766 llellenista,
1093 1699 1329 1769 aliisque
1369 1700 1766 1754 recentioribus

179 1785 414 1849 Judaﬁs,
445 1805 545 1856 pro
577 1790 756 1857 gentis
783 1790 966 1858 genio,
997 1800 1054 1844 ut
1094 1805 1181 1844 res
1220 1791 1637 1846 admirationem
1666 1793 1765 1845 ha-

1875 585 2123 654 neglecta
2162 585 2230 637 ab
2272 597 2339 637 eo
2392 596 2498 635 non
2541 579 2709 635 fuisse
2754 579 3151 650 prophetarum
3191 574 3449 639 oracula;

1873 680 2061 747 dignas
2101 688 2250 731 certe
2274 674 2710 744 conscriptiones,
2741 687 2864 743 qua:
2899 681 2953 727 et
2987 671 3122 740 ipsae
3152 668 3450 725 bibliothe-

1873 785 1993 825 cam
2044 768 2250 839 regiam
2291 775 2573 823 ornarent.
2636 765 2883 835 Denique
2919 766 2988 826 si,
3028 761 3235 818 [remeo
3287 771 3448 827 teste,

1872 866 2175 934 prophetica
2208 865 2386 918 omnia
2429 865 2504 918 ita
2539 862 2986 917 annuntiaverunt
3017 857 3244 927 apostoli
3270 873 3454 929 quent-

1872 960 2158 1013 admodum
2231 958 2512 1014 Seniorum
2565 957 2925 1026 interpretatio
2968 954 3202 1008 continet
3244 968 3264 1009 :
3317 966 3453 1021 ergo

1870 1053 2175 1122 prophetica
2203 1054 2402 1115 omnia,
2442 1065 2551 1104 non
2590 1049 2766 1104 solum
2798 1047 3256 1110 Pentateuchum,
3282 1045 3453 1099 inter-

1871 1144 2067 1213 pretati
2094 1154 2221 1198 sunt
2247 1143 2524 1207 Seniores,
2561 1156 2624 1196 ex
2667 1141 2913 1195 auctoris
2936 1137 3108 1194 nostri
3144 1137 3448 1202 sententia,

1871 1251 1992 1302 quae
2033 1244 2088 1289 et
2149 1235 2338 1290 eadem
2399 1234 2498 1288 fuit
2546 1232 2744 1290 Justini
2805 1231 3099 1303 Martyris,
3150 1228 3453 1286 Clementis

1870 1327 2246 1392 Alexandrini,
2306 1325 2666 1389 Tertulliani,
2732 1323 3014 1394 Origenis,
3076 1333 3132 1378 et
3189 1323 3450 1377 aliorum.

1869 1420 1924 1475 5⁸
1971 1421 2232 1482 Demum,
2271 1422 2416 1489 quod
2468 1434 2592 1474 cum
2642 1417 2890 1488 pluribus
2939 1432 3005 1470 ex
3047 1431 3172 1471 mox
3215 1414 3454 1469 laudatis

1868 1511 2127 1566 Patribns
2153 1523 2341 1566 censet
2370 1512 2629 1578 lrenants,
2659 1517 2948 1579 corruptas
2981 1509 3172 1571 fuisse,
3205 1517 3453 1578 tempore

1869 1603 2213 1669 captivitatis
2263 1604 2632 1674 Babylonica},
2681 1603 3000 1673 Scripturas
3038 1616 3250 1664 sacras,
3289 1609 3344 1656 et
3383 1600 3453 1654 ab

1869 1696 2043 1752 Esdra
2071 1697 2418 1764 postmodum
2449 1696 2730 1766 aspirante
2758 1695 2964 1765 Spiritu
3011 1703 3202 1749 sancto
3236 1694 3451 1748 instan-

1869 1801 2037 1855 ratas,
2073 1791 2329 1844 haustum
2367 1789 2603 1852 videtur,
2638 1798 2698 1842 ut
2726 1789 2837 1857 jam
2866 1787 3000 1849 dixi,
3031 1801 3096 1841 ex
3134 1785 3453 1855 apocrypha

183 1880 360 1945 heret,
397 1882 636 1936 conficta
672 1881 860 1937 fuisse.
894 1883 1002 1938 Sed
1029 1887 1142 1939 haec
1166 1884 1234 1940 ad
1272 1885 1495 1939 criticos
1525 1885 1759 1938 remitti-
1799 1861 1838 1916 Β
1871 1884 2010 1937 libro
2038 1900 2091 1938 IV
2125 1883 2332 1948 Esdrte,
2361 1897 2482 1951 cap.
2523 1881 2606 1947 14,
2635 1881 2726 1935 ubi
2752 1887 3178 1940 narratauctor,
3213 1878 3453 1948 quinque

181 1989 300 2026 lllllS
327 1990 341 2025 :
375 1974 512 2027 satis
536 1983 618 2026 est
652 1972 809 2028 nobis
839 1977 881 2030 si
909 1992 1059 2030 vana:
1091 1976 1442 2031 credulitatis
1470 1979 1628 2046 argui
1659 1991 1765 2031 non

180 2066 358 2143 possit
397 2063 684 2129 lrentcus;
735 2079 922 2137 utpote
963 2069 1054 2137 qui
1100 2071 1434 2124 sententiam
1484 2071 1768 2139 amplexus

181 2157 368 2220 fuerit,
406 2175 572 2228 quam
616 2176 715 2215 suo
773 2172 1037 2231 tempore,
1078 2179 1135 2218 re
1172 2165 1412 2218 nondum
1453 2165 1517 2226 ad
1557 2165 1766 2220 criticze

181 2251 332 2320 leges
356 2263 578 2316 exacta,
609 2253 906 2310 Christiani
940 2271 1132 2311 omnes
1159 2271 1224 2311 eo
1254 2258 1506 2311 lidentius
1539 2258 1767 2312 tueban-

185 2353 298 2408 tur,
335 2361 449 2414 quo
485 2344 690 2400 .ludasis
725 2357 852 2403 tunc
897 2350 1158 2418 temporis
1205 2350 1441 2404 versioni
1488 2350 1630 2404 LXX
1669 2349 1765 2404 ln-

181 2448 508 2510 terpretum,
541 2456 662 2509 quae
706 2441 965 2495 Ecclesiae
1010 2443 1340 2498 Christianm
1379 2459 1528 2497 arma
1572 2454 1762 2498 contra

183 2545 275 2584 eos
320 2532 711 2598 ministrabat,
764 2533 1001 2605 maligne
1054 2532 1511 2603 detrahentibus,
1558 2539 1765 2592 sanctis

185 2619 446 2676 l‘atribus
487 2623 539 2675 in
590 2624 961 2693 suspicionem
1010 2627 1205 2680 venire
1249 2644 1356 2680 non
1402 2638 1613 2691 poterat
1644 2629 1764 2681 Ari-

180 2725 324 2768 staeus
361 2715 559 2769 librum
586 2732 613 2768 a
646 2717 832 2772 Judaio
857 2719 1024 2773 fuisse
1056 2720 1375 2774 conlictmn.
1414 2722 1473 2775 5⁸
1501 2721 1615 2774 Νοιι
1648 2739 1764 2775 mo-

183 2807 360 2860 diCam
411 2809 555 2878 apud
588 2809 935 2866 Christianos
966 2815 1350 2869 auctoritatem
1384 2816 1621 2868 versioni
1656 2816 1762 2868 τῶν

177 2903 232 2952 U’
266 2903 588 2955 conciliavit
632 2920 693 2956 ea
723 2907 1028 2970 persuasio.
1056 2905 1338 2961 Christum
1388 2907 1674 2962 Dominum
1707 2913 1759 2964 in

179 2995 417 3049 citandis
455 2998 666 3051 Veteris
693 2995 1049 3052 instrumenti
1103 2999 1472 3066 testimoniis,
1514 3003 1762 3069 neglecto

179 3087 452 3142 llebraico
480 3099 653 3152 textu,
681 3090 851 3144 solius
885 3089 1042 3144 dictae
1071 3093 1339 3146 versionis
1364 3093 1629 3147 rationem
1669 3094 1764 3149 ba-

177 3181 384 3236 buisse.
419 3180 511 3236 Sic
539 3182 758 3251 quidem
792 3197 1018 3236 sensere
1045 3182 1233 3253 plures
1255 3200 1285 3239 e
1311 3183 1570 3240 Patribus
1602 3204 1616 3239 :
1654 3203 1758 3241 non
1787 3223 1832 3285 ο

180 3282 362 3325 tamen
398 3273 656 3327 lrena-us.
686 3274 896 3328 Saltem
931 3276 982 3330 id
1028 3291 1058 3330 e
1087 3276 1270 3331 verbis
1301 3277 1418 3347 ejus
1447 3281 1564 3333 erui
1597 3294 1760 3348 posse

178 3378 282 3417 non
320 3376 531 3434 putem,
565 3376 622 3418 ut
651 3368 701 3418 in
745 3367 888 3420 notis
917 3368 982 3420 ad
1027 3368 1173 3423 hunc
1203 3368 1384 3423 locum
1408 3373 1644 3426 ostendi.
1682 3372 1764 3427 Ex

176 3470 240 3509 eo
287 3466 496 3510 tantum
542 3460 933 3512 auctoritatem
990 3459 1118 3515 huic
1168 3463 1409 3516 versioni
1463 3465 1758 3518 conciliare

177 3549 395 3604 videtur
445 3550 613 3621 (quod
655 3555 949 3622 getrninnm
1004 3556 1355 3610 auctoritatis
1400 3557 1518 3626 ejus
1563 3557 1758 3612 funda—-

178 3653 418 3695 mentum
462 3646 591 3710 est),
637 3649 781 3715 quod
824 3649 876 3701 in
924 3649 1216 3712 omnibus,
1252 3666 1374 3719 quae
1415 3651 1761 3718 protulerunt

178 3734 430 3803 apostoli.
467 3734 680 3791 Veteris
713 3739 1062 3795 lnsunmenti
1101 3742 1465 3809 testimoniis,
1496 3744 1632 3797 nihil
1662 3758 1758 3798 oc-

177 3836 362 3880 rttrrztt
406 3829 553 3896 quod
588 3831 823 3889 versioni
860 3832 968 3885 τῶν
999 3835 1054 3888 0'
1075 3845 1382 3902 repugnet:
1419 3837 1528 3893 imo
1572 3853 1760 3893 conso-

183 3924 295 3968 nent
343 3920 643 3985 apostolica
685 3921 869 3975 omnia
904 3926 1177 3991 prwdictte
1219 3927 1668 3996 interpretationi,
1709 3941 1759 3984 et

182 4007 545 4084 interpretatio
575 4023 818 4067 consonet
863 4016 1172 4082 apostolica:
1201 4019 1610 4086 prazdicationi;
1638 4039 1763 4089 pro-

180 4101 484 4167 pheticaque
519 4106 698 4158 omnia
726 4107 799 4159 ita
835 4110 1268 4163 annuntiavorint
1302 4111 1759 4182 apostoli,quem-

179 4193 460 4247 admodum
529 4194 806 4257 Seniorunv
864 4199 1234 4269 interpretatio
1287 4204 1541 4259 continet.
1603 4203 1758 4272 Quod

178 4285 394 4354 quidem
419 4298 807 4357 argumentum
843 4301 901 4345 ut
929 4294 1132 4359 Valeat,
1163 4310 1390 4350 necesse
1424 4313 1531 4352 non
1565 4307 1649 4352 est
1686 4312 1750 4352 ea

177 4380 381 4444 omnia,
410 4395 538 4448 quae
581 4382 650 4435 ab
698 4386 962 4452 apostolis
999 4386 1209 4455 prolata
1250 4398 1402 4454 sunt,
1433 4389 1754 4457 testimonia

179 4467 378 4525 Graecis
407 4473 516 4526 τῶν
540 4475 594 4526 0'
614 4477 978 4545 reSpondere;
1008 4479 1102 4533 sed
1134 4479 1324 4535 borum
1357 4483 1494 4538 satis
1524 4484 1755 4550 probata

181 4573 358 4618 manet
387 4564 683 4621 sinceritas
707 4577 763 4621 et
789 4568 944 4634 ﬁdes,
975 4572 1020 4624 si
1052 4588 1176 4626 cum
1221 4575 1536 4643 apostolicis
1569 4581 1749 4646 quoad
1785 4591 1834 4652 υ

182 4665 389 4707 sensum
439 4657 789 4712 conveniant.
845 4660 905 4714 4ο
949 4661 1170 4718 Sentire
1221 4665 1440 4720 videtur
1490 4666 1748 4728 lrenaeus.

181 4757 275 4796 non
302 4743 742 4801 Pentateuchum
778 4751 1064 4817 duntaxat,
1099 4754 1192 4810 sed
1215 4765 1272 4810 et
1309 4759 1604 4814 canonicas
1636 4775 1755 4814 om-

178 4851 268 4890 nes
301 4835 618 4894 Juda‘orttm
667 4840 984 4912 Scripturas
1020 4847 1072 4902 in
1124 4848 1371 4905 Graecum
1411 4867 1752 4920 sermonem,

179 4925 451 4984 Ptolemaei
476 4933 622 5001 regis
648 4934 826 5003 jussu,
849 4952 1149 4996 conversas
1175 4941 1361 4999 fuisse.
1394 4942 1577 4998 Utitur
1606 4948 1751 5000 enim

175 5033 390 5090 semper
434 5038 569 5077 voce
611 5025 911 5093 indeﬁnito,
942 5030 1278 5102 Scripturas,
1310 5052 1408 5091 nec
1452 5040 1750 5107 quidquam

175 5110 328 5167 addit
364 5117 514 5185 quod
567 5132 687 5171 eam
722 5121 788 5174 ad
835 5122 1268 5181 Pentateuchum
1316 5141 1592 5186 coerceat.
1641 5131 1754 5186 lmo

173 5203 314 5272 quod
356 5207 574 5272 scribit,
624 5219 735 5264 tum
769 5211 1120 5273 Ptolemmum
1162 5221 1374 5287 petiisse
1416 5239 1448 5274 a
1490 5221 1749 5278 llieroso-

174 5293 369 5366 lymitis
410 5301 780 5372 interpretatos
824 5309 1015 5364 habere
1046 5311 1353 5382 Scripturas
1389 5333 1609 5384 eorum;
1638 5329 1749 5374 tum

173 5391 424 5445 eumdem
456 5399 720 5462 separatis
753 5401 817 5452 ab
845 5403 1062 5458 invicem
1098 5406 1485 5476 interpretibus
1500 5411 1749 5477 jttssisse,

176 5492 229 5532 ut
258 5499 444 5536 omnes
471 5489 709 5541 eamdem
735 5491 1209 5557 interpretarentur
1240 5496 1604 5566 Scripturam;
1629 5501 1752 5553 hoc-

172 5589 269 5639 que
313 5577 367 5627 in
409 5578 654 5633 omnibus
695 5579 843 5634 libris
886 5582 1073 5652 fecisse
1106 5601 1125 5639 :
1163 5589 1298 5642 satis
1331 5589 1537 5644 indicat
1582 5590 1752 5645 libros

174 5681 392 5736 onmes,
419 5671 509 5736 qui
555 5670 761 5728 Judaais
804 5677 946 5730 sacri
996 5691 1197 5745 essent,
1235 5697 1528 5737 conversos
1559 5684 1748 5739 fuisse.

173 5760 304 5816 Cum
336 5763 483 5820 enim
509 5765 852 5831 existimaret
884 5770 1135 5839 lrcnzcus,
1171 5774 1520 5830 Ptolemteum
1556 5778 1750 5838 biblio—

176 5854 389 5910 thecam
422 5873 575 5912 suam
608 5860 841 5916 omnium
884 5864 1152 5921 hominum
1201 5869 1373 5936 dignis
1407 5873 1746 5942 conscriptio-

1869 1977 2038 2039 viros,
2095 1975 2286 2040 Esdra,
2343 1991 2465 2044 qua:
2519 1974 2624 2028 sibi
2674 1973 2914 2029 revelata
2958 1983 3139 2038 erant,
3181 1973 3451 2033 dictante.

1868 2070 2054 2137 plures
2083 2069 2377 2138 scripsisse
2413 2068 2603 2124 libros.
2636 2067 2707 2123 Ut
2736 2077 2795 2122 ut
2821 2068 2916 2134 sit,
2956 2084 3022 2124 ex
3049 2068 3231 2122 verbis
3263 2066 3452 2122 lrenmi

1870 2161 2061 2216 inferri
2103 2178 2264 2232 posse
2297 2178 2400 2214 non
2431 2161 2988 2232 putem,.Scripturas
3015 2170 3256 2231 tempore
3281 2160 3456 2229 capti-

1868 2256 2055 2309 vitatis
2101 2270 2326 2321 prorsus
2367 2251 2664 2310 interiisse.
2697 2252 2815 2308 Non
2851 2256 2997 2310 enim
3025 2253 3101 2306 ait
3138 2251 3456 2323 deperditas

1868 2349 2038 2402 fuisse
2066 2347 2399 2417 Scripturas,
2429 2348 2525 2402 sed
2563 2356 2878 2415 corruptas;
2930 2361 3030 2402 nec
3071 2347 3314 2412 easdem,
3342 2344 3458 2399 Deo

1868 2442 2054 2496 Esdrae
2086 2438 2323 2502 aﬂlante,
2367 2441 2435 2494 de
2472 2441 2689 2510 integro
2717 2441 3013 2496 suscitatas
3046 2441 3097 2495 in
3133 2440 3308 2495 lucem
3347 2441 3451 2496 ite-

1868 2549 1987 2585 rum
2020 2533 2329 2600 prodiisse;
2365 2534 2462 2585 sed
2508 2533 2677 2586 Deum
2720 2532 3016 2602 inspirasse
3050 2531 3236 2586 Esdrzc
3270 2545 3454 2585 sacer-

1866 2629 2000 2690 doti,
2032 2628 2138 2681 τῶν
2172 2630 2581 2701 προγεγονότων
2615 2627 2912 2700 προφητῶν
2935 2628 3148 2690 πάντας
3179 2627 3456 2692 ἀνατάξα-

1867 2719 1990 2773 σθαι.
2041 2719 2252 2788 λόγους,
2301 2721 2394 2773 καὶ
2444 2720 2894 2790 ἀποκαταστῆσαι
2943 2720 3020 2791 τῷ
3067 2720 3184 2791 λαῷ
3227 2717 3324 2787 τὴν
3367 2719 3455 2774 διὰ

1864 2814 2141 2877 Μωῦσὲως
2163 2812 2751 2884 νομοθεσίαν,ι·ειεηιηι
2785 2819 3158 2882 prophetarum
3185 2830 3454 2869 sermones

1865 2922 2041 2959 omnes
2080 2908 2134 2959 in
2165 2908 2400 2960 ordinent
2429 2910 2692 2977 digerere,
2719 2919 2767 2962 et
2796 2909 3072 2962 restituere
3101 2908 3299 2976 populo
3333 2926 3450 2963 eam

1863 2997 2027 3072 tegent
2052 3015 2172 3067 qua:
2199 3000 2326 3052 data
2361 3009 2437 3053 est
2467 3017 2558 3066 per
2593 2999 2836 3072 Moysen.
2869 3000 2921 3054 Id
2967 3001 3147 3071 igitur
3169 3001 3284 3054 vult
3312 3001 3450 3056 dun-

1865 3100 2014 3144 taxat
2043 3089 2299 3156 lrenmns,
2333 3101 2624 3161 corruptas
2670 3104 2779 3146 tum
2816 3092 3165 3163 ignorantia,
3194 3103 3308 3148 tum
3352 3111 3452 3148 ne—

1864 3186 2121 3256 gligentia
2181 3185 2494 3242 Judxorum
2546 3186 2902 3256 Scripturas;
2964 3189 3034 3242 ab
3092 3184 3303 3253 Esdra,
3341 3187 3454 3243 Deo

1865 3280 2194 3348 inSpirante,
2245 3281 2567 3346 recepsitas,
2625 3279 2789 3353 [CXI]
2841 3291 3004 3350 atque
3061 3281 3450 3352 recognitas,a

1861 3373 2076 3427 mendis
2097 3389 2217 3444 quae
2245 3374 2608 3443 irrepserant,
2634 3384 2898 3445 purgatas
2932 3373 3129 3438 fuisse;
3161 3373 3450 3430 confusos-

1863 3484 1973 3536 qne
2025 3477 2079 3520 et
2137 3467 2463 3535 perturbato
2513 3468 2708 3522 ordine
2756 3467 3009 3535 jacentcs
3053 3469 3446 3537 prophetarum

1864 3561 2064 3622 libros,
2109 3561 2162 3614 in
2213 3561 2506 3631 pristinum
2553 3561 2804 3616 ordinem
2856 3560 3102 3630 digestos
3150 3561 3340 3626 fuisse,
3382 3575 3448 3615 ac

1862 3654 2102 3724 denique
2127 3654 2304 3725 legem
2343 3655 2504 3724 longa
2543 3653 2821 3710 oblivione
2853 3654 3020 3708 veluti
3059 3653 3352 3723 sepultam,
3382 3657 3450 3709 de

1862 3759 2006 3798 novo
2033 3738 2440 3813 promulgatam
2467 3753 2520 3798 et
2544 3743 2880 3813 propositam
2907 3745 3106 3813 populo
3133 3744 3326 3802 fuisse.
3357 3746 3450 3800 Sic

1861 3835 2099 3890 lrenaeus
2121 3851 2152 3889 a
2177 3837 2453 3891 communi
2489 3847 2813 3891 caeterorum
2832 3836 3056 3892 Patrum
3089 3848 3254 3909 atque
3278 3841 3451 3895 inter-

1861 3938 2071 3995 pretum
2109 3927 2384 3982 sententia
2418 3943 2525 3982 non
2564 3930 2793 3985 recedit.

1933 4021 2020 4078 10.
2064 4021 2301 4075 Duarum
2350 4021 2578 4075 aliarum
2609 4021 2823 4076 Veteris
2861 4023 3196 4077 Testamenti
3233 4024 3444 4080 versio-

1862 4123 1991 4164 num
2029 4108 2478 4165 meminiteodem
2509 4108 2628 4164 loco
2651 4108 2905 4174 Irenteus,
2948 4109 3335 4166 Theodotionis
3367 4112 3449 4167 vi-

1863 4196 2059 4250 delicet
2084 4196 2324 4266 Ephesii,
2354 4208 2409 4251 et
2438 4198 2646 4268 Aquilae
2677 4197 2906 4263 Pontici,
2950 4200 3237 4269 utriusque
3268 4191 3442 4258 Judaei

1862 4291 2152 4359 proselyti;
2203 4293 2298 4344 sed
2357 4291 2534 4345 obiter
2587 4300 2818 4356 tantum,
2863 4300 2919 4346 ct
2963 4293 3252 4348 occasione
3296 4293 3444 4349 illius

1863 4379 2014 4439 Isaiae
2048 4383 2336 4441 testimonii
2364 4400 2378 4437 :
2410 4382 2545 4438 Ecce
2575 4384 2721 4454 virgo
2742 4386 3021 4453 concipiet,
3041 4400 3203 4455 quem
3235 4386 3300 4439 ab
3339 4385 3445 4441 illis

1863 4483 2178 4542 corruptum
2215 4491 2378 4544 prava
2421 4476 2871 4546 interpretatione
2929 4476 3123 4533 merito
3156 4479 3446 4547 conqueri-

1862 4576 1966 4619 tur.
2004 4564 2069 4621 Et
2096 4565 2222 4621 hinc
2275 4577 2497 4636 accepta
2535 4569 2844 4634 occasione,
2883 4569 3146 4623 versionis
3175 4566 3320 4621 LXX
3351 4566 3443 4622 lu-

1861 4668 2156 4728 terpretum
2212 4659 2368 4712 tidem
2403 4669 2455 4714 et
2503 4661 2887 4717 auctoritatem
2953 4660 3318 4724 commendat,
3376 4656 3455 4714 eo

1858 4753 2020 4807 modo
2053 4768 2159 4823 quo
2191 4752 2449 4820 diximus,
2478 4769 2706 4822 eumque
2752 4752 2968 4809 caeteris
2999 4754 3251 4809 omnibus
3285 4754 3445 4827 longe

1857 4843 2098 4914 prml‘ert.
2133 4843 2282 4900 Hanc
2320 4844 2372 4898 in
2404 4847 2637 4900 citandis
2667 4847 2882 4900 Veteris
2929 4845 3262 4902 Testamenti
3309 4847 3445 4903 locis

1857 4937 2177 5007 plerumque
2208 4937 2474 5007 sequitur.
2513 4938 2566 4992 Si
2603 4954 2731 4993 vero
2764 4939 3039 4994 interdum
3071 4942 3140 4994 ab
3173 4955 3235 4994 ea
3264 4940 3442 4996 disce-

1858 5031 1990 5085 dere
2020 5031 2288 5099 videatur,
2320 5031 2513 5101 triplex
2538 5031 2697 5100 hujus
2729 5032 2802 5085 rei
2832 5047 2995 5086 causa
3012 5031 3196 5087 aiIerri
3226 5043 3438 5102 potest:

1858 5123 1919 5174 in
1947 5124 2099 5191 Quod
2132 5124 2431 5192 aliquando
2465 5140 2570 5179 non
2607 5140 2673 5179 ex
2711 5125 2917 5186 codice,
2953 5127 3045 5180 sed
3077 5141 3142 5180 ex
3176 5130 3439 5183 memoria

1855 5219 2021 5278 citet;
2061 5216 2223 5285 idque
2249 5231 2315 5270 ex
2348 5231 2414 5271 eo
2443 5226 2588 5288 patet
2621 5217 2765 5288 quod
2793 5218 2981 5271 eadem
3020 5219 3328 5273 testimonia
3359 5221 3443 5275 di-

1858 5309 2030 5363 versis
2061 5308 2113 5361 in
2157 5309 2294 5363 locis
2347 5325 2491 5378 sa’pe
2532 5310 2840 5379 proterens,
2882 5325 2989 5362 non
3035 5322 3212 5364 tamen
3246 5313 3440 5367 eodem

1858 5401 2017 5455 tundo
2067 5418 2283 5472 semper
2333 5403 2558 5467 scribat,
2611 5403 2707 5456 sed
2762 5403 2851 5457 hic
2886 5404 3069 5458 verbis
3113 5403 3439 5472 quibusdam

1855 5507 2037 5559 aucta,
2072 5493 2184 5550 illic
2215 5499 2520 5557 decurtata,
2559 5505 2717 5564 prout
2749 5498 3007 5551 memoria
3034 5496 3362 5566 suggerebat
3385 5507 3443 5551 et

1855 5587 2076 5652 occasio
2117 5586 2343 5642 ferebat.
2372 5587 2432 5640 2ο
2465 5587 2616 5654 Quod
2653 5605 2757 5641 non
2781 5604 2970 5644 omnes
3003 5587 3110 5640 τῶν
3136 5589 3191 5640 0'
3220 5587 3438 5641 codices

1855 5698 2037 5736 secum
2094 5682 2327 5736 invicem
2373 5683 2424 5735 in
2467 5683 2723 5737 otttnibus
2775 5681 3168 5736 cotrsentirent.
3221 5680 3435 5747 Quanta

1856 5774 1996 5841 inter
2036 5789 2128 5828 cos
2170 5774 2410 5837 codices,
2442 5773 2692 5844 Origenis
2735 5785 2916 5837 actate,
2952 5772 3240 5827 diversitas
3266 5772 3437 5824 inter-

1852 5883 2018 5935 t‘ssct,
2053 5886 2324 5942 quamque
2364 5852 2736 5926 desudandum
2776 5869 2994 5938 Otigcni
3035 5868 3215 5930 fuerit,
3255 5876 3309 5922 ut
3341 5881 3435 5923 cos
