4196 6330
711 368 818 425 255

1542 364 2136 423 DlSSERTATlONES
2166 365 2477 423 PRxEVlA‘S
2519 365 2588 424 IN
2613 365 2876 426 lRENE!
2913 365 3175 425 LIBROS.

3847 371 3961 429 256

709 501 897 544 secum
928 486 1157 544 invicem
1193 486 1531 554 conciliaret,
1560 486 1648 542 vel
1673 487 1740 542 iis
1775 489 2002 544 resectis
2034 502 2158 558 qua
2189 502 2285 542 ne-
2310 490 2359 548 Α
2385 485 2630 540 ltalicarn
2667 485 2972 542 versionem
3011 486 3080 541 ad
3114 485 3337 542 verbum
3375 501 3478 540 non
3512 501 3636 542 raro
3664 497 3949 558 sequatur,

709 580 966 652 gligentia
999 582 1082 636 vel
1132 582 1357 635 audacia
1395 580 1742 635 librariorum
1778 595 2062 650 perperam
2095 581 2278 636 addita

708 669 947 735 fuerant,
991 670 1074 725 vel
1111 671 1178 724 iis
1227 669 1424 723 additis
1457 684 1577 738 qua:
1625 669 1765 725 male
1796 671 1996 725 omissa
2039 671 2274 738 fuerant,

709 760 867 816 docet
913 762 1029 831 ipse
1078 770 1116 816 ι.
1152 778 1220 817 xv
1261 761 1619 817 Commentar.
1662 764 1719 816 in
1758 762 2092 821 Matt/tarum.
2141 764 2274 819 Cum

709 853 874 922 igitur
930 870 1037 910 non
1076 855 1238 909 iidem
1287 865 1471 910 esseut
1516 855 1716 924 ubique
1746 857 2018 911 versionis
2071 855 2180 910 τῶν
2220 857 2275 910 0'

705 946 946 1012 codices,
999 962 1105 1002 non
1164 947 1358 1001 mirum
1393 947 1435 1000 si
1469 961 1552 1011 ca,
1587 961 1706 1015 quae
1736 962 1802 1002 ex
1831 962 1894 1002 ea
1924 949 2132 1018 profert
2159 947 2273 1004 lre-

707 1051 879 1102 uzeus,
922 1054 1029 1093 non
1071 1054 1286 1107 semper
1307 1054 1433 1093 cum
1461 1039 1664 1094 nostris
1697 1049 1888 1094 exacte
1918 1040 2270 1097 conveniant.

702 1126 806 1192 Qui
836 1128 981 1182 enim
1014 1139 1311 1201 supersunt
1341 1129 1517 1195 nobis,
1545 1130 1828 1200 pauciores
1855 1145 2081 1186 numero
2109 1140 2268 1197 sunt;

705 1219 865 1284 longe
899 1220 1082 1291 plures
1114 1222 1299 1276 ireua3i
1331 1233 1489 1278 aetate
1523 1223 2072 1287 circumferebantur;
2097 1223 2187 1292 qui
2225 1224 2268 1277 si

704 1314 883 1368 adhuc
928 1324 1230 1381 exatarent,
1273 1315 1478 1369 certius
1519 1315 1586 1370 de
1628 1314 1715 1380 iis,
1766 1315 1965 1385 quibus
2003 1331 2130 1369 usus
2162 1324 2267 1381 est,

694 1403 945 1469 judicare
972 1421 1276 1476 possemus.
1322 1407 1386 1460 3e
1425 1406 1578 1473 Quod
1612 1406 1839 1462 Latinus
1882 1405 2066 1462 Irenaai
2099 1407 2271 1460 inter-

700 1511 824 1564 pres
851 1513 941 1562 ea,
973 1512 1094 1567 quae
1125 1497 1182 1552 S.
1219 1499 1410 1554 doctor
1444 1497 1743 1568 Scriptura:
1785 1498 2094 1552 testimonia
2133 1496 2266 1550 alle-

699 1601 810 1657 gat,
849 1589 1119 1644 interdum
1155 1589 1238 1645 vel
1271 1591 1452 1645 minus
1487 1601 1740 1645 accurate
1769 1591 2012 1656 verterit,
2049 1589 2132 1644 vel
2159 1604 2266 1643 non

697 1697 765 1736 ex
802 1681 920 1750 ipso
947 1669 1139 1736 Graeco
1160 1682 1417 1746 verterit,
1465 1682 1559 1736 sed
1602 1671 1776 1736 labori
1817 1696 2071 1752 parcens,
2105 1687 2267 1750 prout

695 1790 758 1830 ea
783 1761 843 1829 in
876 1775 1113 1844 vulgatis
1160 1774 1480 1830 Latinorum
1528 1773 1875 1829 versiouibus
1921 1773 2264 1843 legebantur,

694 1866 883 1922 irenrci
936 1869 1109 1924 textui
1158 1866 1466 1922 inseruerit.
1519 1865 1840 1935 Eaedemque
1875 1866 2114 1920 rationes
2165 1881 2265 1918 va-

694 1957 831 2022 lent,
865 1976 970 2015 non
1019 1977 1118 2030 pro
1153 1960 1366 2016 Veteris
1411 1958 1697 2024 duntaxat,
1743 1959 1837 2013 sed
1889 1971 1942 2013 et
1975 1973 2073 2028 pro
2131 1956 2267 2012 Novi

694 2051 1028 2107 Testamenti
1074 2052 1208 2106 locis
1239 2068 1360 2122 qua:
1390 2053 1579 2108 citavit
1609 2053 1865 2107 lrenaeus.
1899 2051 2007 2106 Nec
2030 2052 2174 2106 enim
2203 2067 2266 2108 ea

690 2159 907 2213 semper
939 2161 1005 2200 ex
1039 2145 1228 2200 codice
1258 2145 1501 2214 protulit,
1534 2146 1626 2201 sed
1659 2146 1932 2200 interdum
1961 2159 2026 2198 ex
2062 2160 2268 2200 memo-

694 2238 804 2301 ria;
855 2250 952 2291 nec
987 2236 1164 2291 minor
1193 2236 1294 2290 fuit
1327 2239 1468 2292 inter
1501 2238 1636 2294 Novi
1675 2253 1850 2308 quam
1873 2239 2015 2292 inter
2053 2238 2267 2295 Veteris

689 2327 1024 2385 Testamenti
1059 2332 1277 2386 codices
1309 2332 1634 2396 diversitas,
1667 2344 1722 2385 ut
1762 2347 1904 2401 saepe
1934 2345 2267 2402 conquestus

687 2427 772 2473 cst
802 2419 1184 2493 Hieronymus,
1222 2431 1278 2477 et
1310 2423 1445 2477 satis
1477 2433 1627 2492 patet
1658 2438 1724 2476 ex
1751 2423 1818 2478 iis
1843 2423 2096 2476 oumibus
2125 2422 2268 2478 Grat-

687 2513 786 2576 cis,
817 2513 909 2581 qui
943 2515 1240 2568 etiamnum
1269 2526 1603 2584 supersunt:
1639 2531 1739 2571 nec
1775 2516 1955 2571 minor
1985 2514 2088 2568 fuit
2117 2515 2169 2568 in
2197 2515 2265 2569 iis

689 2605 964 2659 vertendis
990 2604 1178 2663 Irenazi
1220 2609 1532 2678 interpretis
1560 2609 1793 2663 incuria.
1829 2607 1952 2663 liiec
1985 2624 2048 2664 ex
2079 2622 2144 2662 eo
2169 2623 2264 2676 po-

689 2698 961 2753 tissimum
1019 2701 1461 2769 deprehenditur,
1512 2702 1658 2773 quod
1715 2711 1954 2758 veterem
1989 2698 2263 2771 vulgatam

2261 2909 2329 2924 ...ι-

2383 585 2440 633 ut
2473 577 2721 647 pluribus
2763 577 2817 632 in
2855 577 2994 632 locis
3025 577 3339 633 observavi.
3375 577 3516 632 Nihil
3557 593 3684 633 vero
3725 592 3954 635 necesse

2380 678 2465 724 est
2489 683 2759 735 moneam,
2784 677 2988 723 tantam
3016 685 3282 740 nusquam
3311 670 3591 724 exstitisse
3625 671 3950 726 varietatem

2376 761 2522 816 inter
2554 771 2746 816 omnes
2777 762 2894 816 sive
2923 762 3156 828 Veteris,
3189 761 3302 818 sive
3333 759 3462 816 Navi
3492 762 3822 818 Testamenti
3850 777 3948 818 co—

2375 849 2546 919 dices,
2595 852 2794 922 quibus
2827 867 2927 908 usa
2972 861 3054 908 est
3098 852 3362 917 Ecclesia,
3396 867 3641 921 quosque
3673 852 3804 923 legit
3836 853 3952 907 Ire-

2375 957 2544 1008 naeus,
2583 954 2642 996 ut
2674 943 2947 1014 quidpiam
2983 943 3250 1014 dispendii
3281 944 3564 1013 pertulerit
3597 958 3790 999 sensus
3815 962 3829 1000 :
3854 959 3949 1001 res

2375 1036 2491 1108 ipsa
2524 1052 2622 1106 per
2652 1052 2712 1094 se
2746 1036 3010 1108 loquitur,
3043 1045 3098 1092 et
3127 1037 3175 1092 ei
3215 1038 3309 1102 qui
3345 1038 3468 1093 loca
3502 1038 3683 1092 omnia
3713 1039 3830 1094 sive
3873 1039 3947 1096 ab

2374 1141 2598 1184 auctore
2633 1137 2842 1196 nostro,
2875 1129 2994 1185 sive
3033 1143 3064 1182 a
3098 1129 3376 1185 veteribus
3427 1131 3679 1186 Patrihus
3712 1131 3944 1199 allegata

2373 1235 2495 1275 cum
2528 1221 2806 1278 bodiernis
2845 1223 3049 1279 nostris
3079 1239 3255 1280 sacrae
3290 1224 3590 1293 Scriptura?
3617 1224 3948 1294 exemplari-

2372 1314 2473 1370 bus
2527 1319 2778 1372 conferre
2813 1316 3070 1384 voluerit_
3128 1317 3305 1388 palam
3341 1317 3484 1373 illico
3518 1316 3611 1372 fiet
3658 1326 3824 1373 totum
3855 1319 3948 1373 di-

2371 1408 2604 1463 scrimen
2654 1409 2708 1464 iu
2743 1410 2923 1465 verbis
2969 1411 3319 1480 quibusdam,
3365 1409 3531 1464 ilkBSO
3577 1424 3794 1479 semper
3822 1425 3947 1464 ma-

2370 1510 2531 1554 nente
2564 1517 2753 1566 sensu,
2787 1502 3017 1557 haerere.
3046 1503 3099 1556 ld
3135 1512 3344 1560 tantum
3378 1517 3442 1556 ex
3485 1503 3743 1556 hactenus
3778 1501 3948 1556 dictis

2371 1592 2551 1663 colligi
2591 1593 2772 1654 velim,
2827 1593 2911 1647 vix
2963 1593 3259 1662 quidquam
3313 1594 3446 1647 certi
3486 1593 3646 1646 statui
3684 1606 3837 1663 posse
3876 1595 3941 1648 dc

2370 1685 2673 1752 iis,quibus
2705 1699 2832 1738 usus
2855 1693 2937 1739 est
2967 1684 3224 1748 irenteus,
3258 1682 3388 1737 Novi
3417 1684 3719 1752 praesertim
3750 1683 3948 1738 Testa-

2369 1776 2536 1831 meuti
2563 1777 2881 1832 codicibus:
2929 1776 3063 1832 adeo
3091 1785 3147 1829 ut
3179 1793 3243 1831 ex
3279 1777 3346 1831 iis
3397 1791 3514 1845 qua:
3551 1776 3750 1844 allegat
3792 1775 3947 1832 Scri-

2367 1877 2538 1937 ptura?
2561 1866 2715 1928 locis.
2745 1875 2804 1921 ut
2830 1866 2959 1936 quid
2991 1881 3200 1920 certum
3235 1876 3288 1920 et
3326 1865 3686 1919 indubitatum
3713 1863 3945 1918 conclu-

2365 1959 2418 2014 di
2453 1974 2558 2013 non
2594 1960 2789 2029 possit,
2826 1961 2906 2015 sic
2952 1958 3036 2013 vel
3083 1960 3162 2012 sic
3207 1957 3429 2013 omnino
3468 1958 3722 2011 habuisse
3753 1957 3944 2012 ireuzei

2365 2051 2618 2117 codices;
2647 2054 2742 2107 sed
2771 2051 3037 2120 ejusmodi
3073 2063 3395 2122 argumenta
3430 2051 3612 2105 sobrie
3637 2066 3948 2120 proponen-

2364 2143 2429 2198 da
2460 2144 2585 2207 sint,
2623 2153 2677 2198 et
2702 2143 2846 2198 intra
2878 2144 3316 2211 conjecturarum
3353 2142 3551 2196 limites
3590 2157 3807 2196 manere
3840 2143 3945 2196 de-

2361 2235 2549 2292 beant.
2597 2236 2678 2290 Ad
2713 2237 2826 2291 haec
2859 2237 2902 2291 si
2949 2237 3271 2292 attendisset
3304 2236 3373 2290 cl.
3408 2236 3663 2299 Grabius,
3719 2252 3825 2289 non
3860 2236 3945 2289 ita

2362 2329 2600 2385 ﬁdenter
2632 2332 3066 2400 pronuntiasset,
3099 2331 3215 2386 hmo
3241 2330 3323 2384 vel
3350 2330 3442 2384 illa
3475 2330 3747 2385 exstitisse
3777 2329 3828 2381 in
3857 2342 3948 2382 ve-

2362 2423 2569 2478 teribus
2623 2423 2883 2478 Ecclesia:
2927 2423 3232 2489 codicibus,
3288 2425 3374 2478 vel
3431 2423 3498 2478 ab
3559 2423 3624 2477 iis
3675 2421 3940 2477 abfuisse.

2363 2515 2622 2586 Quisquis
2657 2519 2898 2585 prudens
2921 2525 3027 2582 est,
3053 2525 3109 2570 et
3143 2517 3196 2570 in
3226 2515 3455 2571 lectione
3479 2515 3699 2569 Patrum
3745 2512 3944 2566 tantil-

2359 2605 2468 2660 lum
2504 2618 2773 2671 versatus,
2804 2608 3044 2663 abstinet
3091 2609 3156 2662 ab
3192 2607 3458 2678 ejusmodi
3486 2607 3727 2677 judiciis,
3758 2620 3824 2661 ne
3857 2612 3946 2660 ιθ

2363 2698 2630 2755 meritatis
2663 2709 2848 2754 notam
2875 2699 3141 2755 incurrat.

1867 3050 2538 3142 ARTICULUS
2615 3051 2751 3139 II.

1495 3274 1585 3333 De
1629 3269 2100 3349 Scripturarum
2146 3265 2602 3347 perspicuitate
2637 3272 2699 3329 et
2730 3265 3141 3328 obscuritate.

754 3578 840 3632 li.
876 3577 1063 3632 Ciaras
1084 3586 1138 3632 ct
1167 3579 1485 3647 perspicuas
1521 3592 1642 3632 esse
1677 3577 1998 3650 Scripturas
2038 3593 2247 3643 sacras,
2277 3582 2323 3646 ο
2353 3576 2434 3631 liis
2465 3576 2770 3640 attenderit,
2813 3575 3057 3646 ignorare
3090 3571 3276 3642 possit.
3309 3572 3477 3627 Recte
3504 3571 3746 3630 omnino.
3784 3569 3940 3629 Sub-

680 3683 982 3738 earumque
1011 3683 1231 3724 sensum
1277 3669 1502 3725 cuilibet
1546 3680 1756 3724 attento
1808 3681 1864 3726 et
1897 3671 2144 3726 studioso
2175 3671 2252 3725 ie-

681 3761 818 3813 ctori
845 3759 1062 3815 facilem
1096 3770 1152 3816 et
1189 3762 1408 3817 obvium
1457 3778 1598 3827 esse,
1647 3764 1898 3833 vulgatus
1933 3763 2251 3820 Protestan-

683 3855 812 3907 tium
855 3869 1009 3908 error
1050 3865 1154 3920 est,
1196 3870 1357 3924 quem
1387 3857 1605 3924 mirum,
1642 3858 1687 3912 si
1731 3856 1933 3913 [remeo
1963 3869 2124 3913 tanta:
2155 3875 2250 3913 au-

679 3946 954 4000 ctoritatis
1008 3947 1155 4001 Patri
1193 3965 1296 4004 non
1347 3949 1700 4005 allinxissent.
1735 3951 1888 4005 Hunc
1920 3953 2168 4021 quamvis
2196 3954 2245 4006 in

681 4038 825 4092 uotis
872 4041 988 4094 suis
1019 4041 1179 4110 paulo
1215 4043 1430 4112 parcius
1481 4043 1716 4097 insinuet
1757 4043 1828 4098 cl.
1877 4043 2129 4106 Grabius,
2194 4045 2246 4099 in

677 4131 862 4186 iudice
895 4134 1134 4202 generali
1186 4136 1252 4188 ad
1297 4151 1483 4189 vocem
1526 4135 1799 4205 Scriptura
1840 4139 2124 4194 sollicitius
2166 4140 2247 4193 iu-

678 4225 876 4279 culcat.
941 4224 1213 4295 Scriptura
1245 4245 1416 4290 sacra,
1478 4229 1673 4298 inquit,
1727 4233 1904 4285 omnia
1954 4250 2070 4302 qua:
2117 4235 2247 4287 scire

677 4317 943 4381 debemus,
994 4329 1166 4386 aperte
1224 4329 1269 4371 et
1317 4321 1451 4372 citra
1501 4321 1872 4389 parabolarum
1921 4325 2246 4378 involucrum

676 4412 943 4477 praponit.
969 4407 1178 4463 Judaei:
1204 4427 1320 4462 cum
1350 4410 1561 4480 legitur,
1596 4414 1812 4467 obscura
1852 4425 1899 4468 et
1949 4416 2140 4485 fabula:
2171 4419 2245 4470 si-

679 4499 838 4562 milis,
880 4499 1194 4555 Christianis
1229 4519 1344 4555 vero
1369 4505 1666 4572 perspicua.
1704 4506 1807 4560 Sed
1839 4509 1882 4561 si
1926 4523 1985 4560 ea
2020 4524 2141 4578 qum
2176 4509 2244 4563 ibi

679 4593 987 4646 iudicantur
1039 4593 1153 4647 locu
1210 4596 1482 4661 conferas,
1541 4599 1824 4652 miraberis
1857 4600 1986 4653 nihil
2043 4602 2242 4663 minus,

676 4701 839 4753 quam
885 4688 1027 4753 quod
1057 4691 1287 4755 spondet
1325 4689 1508 4752 Iudex,
1541 4706 1853 4745 orcurrere.
1891 4692 1997 4746 Nec
2033 4709 2249 4746 accura-

679 4779 804 4844 tior,
828 4795 894 4832 ne
917 4781 1092 4833 dicam
1123 4782 1407 4846 sincerior,
1437 4783 1535 4836 fuit
1561 4785 1639 4837 vir
1670 4785 1739 4837 cl.
1768 4786 1818 4837 iu
1853 4787 2054 4849 notuia,
2083 4802 2242 4854 quam

678 4870 767 4922 lib.
801 4886 861 4932 ιι,
898 4887 1015 4939 cap.
1043 4871 1133 4934 46,
1165 4888 1276 4926 suae
1304 4875 1562 4928 editionis
1589 4891 1714 4944 pag.
1747 4877 1846 4929 179.
1874 4879 2097 4946 (nostrae
2120 4894 2245 4933 vero

677 4976 796 5028 cap.
825 4961 914 5027 ‘27,
936 4978 988 5015 η.
1012 4964 1136 5032 9.,p.
1168 4964 1316 5033 155),
1342 4966 1638 5020 Subtexuit.
1668 4967 1930 5021 Nimirum
1961 4971 2247 5023 occasione

679 5053 906 5106 istorum
963 5051 1150 5107 ircumi
1208 5058 1539 5109 verborum:
1587 5057 1718 5112 Cum
1777 5060 1950 5128 itaque
2004 5063 2258 5115 uniuersa:

679 5142 994 5212 Scripturw,
1030 5156 1076 5197 et
1105 5145 1419 5214 Prophetiaz,
1457 5158 1502 5199 et
1528 5146 1834 5218 Evangelia,
1873 5152 1925 5204 in
1954 5161 2160 5220 aper-to,
2208 5164 2254 5205 et

677 5236 791 5288 sine
818 5238 1182 5306 ambiguitate,
1221 5250 1265 5290 et
1302 5239 1543 5293 similiter
1574 5241 1636 5293 ab
1667 5244 1902 5295 omnibus
1938 5245 2115 5297 audiri
2135 5261 2256 5312 pos-

677 5329 804 5391 sint,
832 5338 961 5392 etc.,
999 5337 1105 5381 tam
1129 5331 1266 5384 scite
1294 5345 1455 5398 quam
1484 5347 1607 5388 vere
1637 5334 1718 5387 sic
1744 5345 2028 5388 monuerat
2059 5336 2257 5389 Feuar-

680 5421 927 5475 tleulius:
959 5419 1080 5474 Non
1106 5422 1230 5486 vult,
1262 5424 1358 5488 ait,
1391 5440 1564 5477 omnes
1602 5423 1903 5493 Scriptura:
1938 5434 2068 5481 adeo
2101 5445 2252 5495 aper-

680 5525 781 5578 tas,
806 5524 853 5566 et
897 5514 1061 5568 cuivis
1092 5516 1265 5568 obvias
1296 5533 1428 5576 esse,
1462 5528 1514 5569 ut
1553 5520 1698 5571 nulla
1727 5521 1794 5571 sit
1822 5524 1873 5572 in
1917 5523 1990 5573 eis
2017 5523 2256 5576 obscuri-

681 5616 792 5670 tas;
816 5623 932 5659 cum
963 5608 1058 5660 hoc
1092 5608 1216 5660 alibi
1251 5610 1542 5677 frequenter
1579 5613 1820 5680 aﬁirmet,
1869 5625 1973 5668 etc.
2023 5615 2129 5668 Sed
2167 5633 2253 5669 eas

686 5701 818 5751 adeo
863 5701 1131 5767 perspicue
1168 5712 1213 5753 et
1248 5713 1547 5759 constanter
1597 5723 1753 5760 unum
1798 5717 1844 5759 et
1887 5708 2055 5760 solum
2089 5708 2254 5762 Deum

687 5794 868 5846 mundi
890 5801 1169 5847 creatomn
1202 5806 1244 5849 et
1271 5809 1514 5852 rectorem
1545 5801 1851 5869 pra'dicarc,
1876 5810 1928 5854 ut
1973 5818 2135 5866 nemo,
2167 5805 2252 5869 qui

2351 3668 2532 3740 jungit
2585 3683 2713 3723 vero
2760 3667 3041 3722 Grabius:
3094 3667 3334 3718 Attamen
3379 3662 3687 3732 praecedenti
3731 3665 3937 3733 pagina

2353 3775 2541 3835 aperte
2569 3773 2625 3818 et
2673 3764 2791 3818 sine
2821 3762 3098 3829 ambiguo,
3145 3758 3277 3828 ipsis
3313 3757 3645 3813 dictionibus
3687 3757 3739 3811 in
3776 3756 3937 3811 Scri-

2352 3860 2525 3928 pturis
2574 3857 2750 3929 posita
2802 3856 2929 3909 dicit
2984 3855 3240 3916 universe,
3282 3865 3400 3920 quae
3425 3851 3639 3918 quidem
3689 3851 3838 3905 dedit
3873 3852 3934 3906 in

2356 3950 2634 4005 hominum
2690 3956 3012 4019 potestatem
3079 3946 3236 4010 Deus,
3306 3954 3362 4000 et
3422 3945 3664 4000 subdidit
3724 3953 3935 3998 nostra:

2355 4044 2620 4106 scientiae,
2658 4051 2812 4110 prout
2843 4041 3028 4094 ibidem
3069 4039 3303 4108 loquitur
3333 4053 3351 4090 :
3397 4039 3449 4091 id
3480 4046 3577 4102 est,
3616 4053 3731 4104 qua:
3786 4036 3932 4090 Deus

2349 4153 2380 4189 a
2414 4137 2560 4189 nobis
2602 4136 2751 4196 sciri,
2790 4133 2865 4187 vel
2896 4134 3038 4186 credi
3085 4134 3266 4186 uoluit.
3321 4132 3518 4186 Verum
3574 4129 3791 4200 quidem
3835 4143 3932 4184 est

2348 4230 2609 4284 lrenmum
2634 4228 2791 4280 initio
2821 4227 3015 4294 capitis
3044 4240 3314 4291 asserere,
3340 4225 3585 4294 qtuedam
3611 4240 3719 4277 esse
3749 4235 3932 4289 aperte

2349 4331 2394 4373 et
2419 4321 2529 4373 sine
2552 4319 2818 4386 ambiguo,
2846 4318 2974 4385 ipsis
3019 4317 3337 4369 dictionibus
3384 4317 3552 4384 posita
3585 4317 3641 4368 in
3681 4315 3932 4381 Scriptu-

2351 4412 2458 4475 ris;
2506 4410 2599 4465 sed
2660 4411 2798 4463 hanc
2844 4410 3030 4462 lrenwi
3088 4409 3515 4477 propositionem
3562 4408 3932 4461 universalem

2349 4521 2493 4569 esse,
2556 4505 2765 4574 hacque
2813 4503 2872 4557 S.
2925 4503 3202 4557 doctorem
3239 4503 3527 4572 complecti
3575 4502 3810 4555 voluisse
3859 4519 3930 4555 ea

2349 4598 2528 4652 omnia
2551 4613 2669 4666 (μίαν
2703 4595 2837 4649 Deus
2860 4612 2891 4646 a
2915 4596 3058 4647 nobis
3086 4596 3229 4657 sciri,
3251 4595 3327 4646 vel
3356 4594 3497 4648 credi
3523 4593 3706 4655 voluit,
3733 4592 3932 4646 Grabii

2350 4690 2737 4747 commentaria
2776 4697 2900 4743 sunt
2951 4704 3073 4741 cum
3127 4689 3242 4756 ipso
3272 4696 3419 4742 textu
3469 4703 3499 4741 e
3533 4688 3795 4740 diametro
3824 4702 3933 4754 pu-

2351 4784 2594 4853 gnantia.
2629 4783 2891 4836 Nimirum
2920 4793 3200 4850 postquam
3233 4782 3470 4835 ircnaaus
3517 4782 3693 4849 eapitc
3721 4797 3932 4849 pr;cce«

2354 4878 2499 4932 deuti
2540 4877 2781 4928 insanam
2813 4875 3192 4929 Gnostirorum
3223 4875 3596 4928 curiositatem
3625 4875 3925 4941 redarguit,

2353 4972 2444 5038 qui
2490 4969 2800 5036 Scripturas
2838 4979 3040 5021 temere
3072 4968 3323 5031 scrutati,
3367 4966 3688 5033 insnlsisque
3721 4966 3784 5018 de
3815 4966 3929 5018 Deo

2354 5063 2625 5130 rebusque
2661 5059 2857 5113 divinis
2897 5060 3288 5127 qumstionihus
3318 5068 3479 5126 atque
3512 5056 3928 5110 couuuentatio-

2352 5157 2510 5209 nibus
2558 5155 2826 5212 delectati,
2880 5169 3022 5208 vano
3073 5152 3315 5206 scicntia:
3368 5153 3584 5205 nomine
3635 5150 3927 5218 superbius

2351 5251 2756 5305 efferebantur:
2797 5258 2905 5301 tum
2940 5248 3094 5301 initio
3138 5247 3331 5316 capitis
3375 5246 3652 5314 sequentis
3694 5246 3768 5310 (in
3810 5261 3925 5311 quo

2351 5341 2826 5396 demonstrandum
2867 5339 2969 5392 sibi
3003 5339 3272 5408 proponit,
3302 5354 3366 5392 ex
3400 5338 3692 5407 parabolis,
3722 5337 3927 5405 quibus

2354 5433 2630 5500 multiplex
2660 5433 2878 5486 subesse
2908 5441 3085 5499 potest
3112 5447 3320 5495 sensus,
3349 5432 3574 5485 obscura
3604 5431 3928 5496 explicanda

2352 5542 2455 5579 non
2483 5540 2624 5586 esse.
2661 5526 2751 5577 sed
2775 5540 2837 5576 ex
2880 5526 2945 5577 iis
2979 5541 3094 5592 qua:
3126 5525 3272 5577 clare
3298 5535 3350 5577 et
3392 5535 3574 5592 aperte
3598 5526 3768 5592 posita
3795 5537 3928 5579 sunt

2353 5619 2402 5669 in
2447 5615 2628 5687 [CXII]
2681 5616 2997 5684 Scripturis)
3029 5615 3325 5681 subjungit,
3375 5633 3579 5667 sensum
3611 5632 3823 5677 sanum,
3876 5629 3927 5669 et

2352 5713 2437 5778 qui
2475 5710 2583 5761 sine
2615 5710 2843 5776 periculo
2873 5720 2968 5770 cst,
2995 5719 3040 5760 et
3080 5709 3404 5777 religiosum,
3448 5719 3494 5760 et
3527 5719 3787 5760 amantem
3830 5723 3925 5759 re-

2355 5818 2494 5867 rum,
2519 5820 2629 5869 qua:
2649 5802 2852 5870 quidem
2882 5803 3017 5854 dedit
3047 5803 3097 5852 in
3124 5803 3391 5856 hominum
3419 5808 3721 5860 potestatem
3754 5798 3924 5863 Drus,
