4196 6330
220 407 311 462 22,7

1139 410 1596 469 DISSERTATIO
1630 410 1721 477 lll,
1757 410 1847 466 DE
1881 408 2145 466 IRENEI
2181 409 2552 468 DOCTRINA.

3380 419 3486 476 258

219 545 262 584 et
294 532 536 587 subdidit
571 545 769 589 nostra:
820 534 1078 600 scientia',
1111 535 1224 589 ha'c
1267 549 1502 606 prompte
1533 538 1804 603 meditari,
1838 540 1881 595 Α
1913 532 2238 603 Scripturis,
2278 533 2663 604 respondebit:
2690 549 2794 591 non
2819 536 3076 601 universe,
3107 543 3167 591 ut
3194 547 3485 608 perperam

219 633 267 677 et
297 629 350 678 in
367 627 500 694 ipsis
523 629 797 696 pro/icere,
819 631 1070 685 diuturno
1093 635 1264 686 studio
1292 632 1502 697 facilem
1528 632 1802 686 scientiam

219 730 399 770 eorum
429 719 757 788 eﬁicientem.
808 722 1066 787 Qna'natn
1102 738 1228 776 vero
1257 739 1318 778 ea
1349 725 1483 784 sint,
1508 739 1627 792 qute
1659 723 1800 776 dedit

220 809 270 861 in
298 807 571 862 hominum
627 821 936 880 potestatem
994 814 1159 881 Deus,
1211 824 1260 869 et
1311 815 1543 868 subdidit
1605 825 1802 870 nostra

219 903 475 965 scientiaz,
513 905 700 958 statim
751 905 1001 960 indicat:
1049 907 1184 962 Sunt
1235 917 1412 962 autem
1455 909 1581 971 lucc,
1624 909 1796 973 addit,

217 1008 333 1059 qua
375 1005 500 1048 ante
550 995 733 1050 oculos
774 1009 981 1054 nostros
1026 1010 1328 1062 occurrunt,
1377 1012 1424 1054 et
1475 1017 1799 1072 quiscunque

216 1095 416 1153 aperte,
445 1097 492 1141 et
517 1088 630 1141 sine
657 1090 926 1159 ambiguo,
960 1092 1083 1160 ipsis
1109 1093 1432 1148 dictionibus
1469 1096 1641 1163 posita
1674 1104 1797 1149 sunt

215 1180 271 1232 in
311 1177 626 1249 Scripturis.
654 1180 737 1235 An
771 1197 925 1246 vero,
949 1184 1194 1254 quisquis
1220 1185 1289 1239 ita
1321 1185 1580 1256 loquitur,
1611 1199 1799 1257 aperte

213 1281 269 1326 et
314 1274 435 1327 sine
485 1275 764 1344 ambiguo,
817 1277 948 1346 ipsis
986 1276 1318 1333 dictionibus
1385 1280 1437 1333 in
1498 1278 1796 1350 Scripturis

212 1367 386 1433 posita
430 1366 564 1420 dicit
589 1367 861 1432 universe,
895 1383 1015 1439 quae
1052 1370 1202 1425 dedit
1245 1370 1298 1424 in
1333 1370 1610 1425 hominum
1639 1380 1794 1440 pote-

213 1469 430 1515 statem.
469 1462 626 1530 Deus,
677 1472 732 1518 et
756 1465 998 1522 subdidit
1028 1477 1228 1521 nostrae
1275 1469 1547 1531 scientia);
1588 1470 1639 1523 id
1686 1479 1791 1534 est,

211 1568 332 1621 qua~
359 1553 502 1608 Deus
527 1572 556 1608 a
585 1557 740 1613 nobis
768 1558 894 1613 sciri
927 1562 1012 1614 vel
1035 1562 1180 1615 credi
1214 1562 1424 1616 voluit?
1452 1562 1637 1632 Lippis
1663 1579 1794 1618 ocu-

209 1646 279 1702 lis
327 1645 594 1703 lrenzeum
648 1651 876 1722 legerit,
929 1653 1022 1722 qui
1077 1655 1156 1708 sic
1206 1655 1518 1710 concludat.
1577 1656 1632 1711 Id
1678 1657 1795 1712 vult

211 1737 271 1792 S.
304 1740 524 1804 doctor,
559 1743 807 1809 «pallam
845 1757 967 1798 esse
989 1785 1005 1810 ,
1047 1760 1279 1814 quormn
1315 1745 1791 1818 investigationem

208 1831 464 1899 permisit
485 1833 645 1887 nobis
675 1834 838 1898 Deus,
859 1849 1090 1905 qumque
1119 1835 1362 1890 subdidit
1387 1847 1592 1894 nostra:
1607 1840 1789 1893 scien-

209 1925 332 1990 tiae;
366 1941 428 1979 ea
466 1941 598 1979 vero
622 1941 742 1984 esse
765 1929 817 1981 1ο
850 1926 982 1992 Qua!
1009 1938 1133 1984 ante
1166 1930 1349 1984 oculos
1373 1942 1578 1987 nostros
1599 1949 1787 1987 occur-

207 2032 358 2086 runt,
395 2038 484 2075 res
529 2022 805 2077 naturales
837 2023 1122 2089 videlicet;
1171 2039 1276 2078 non
1309 2037 1458 2080 certe
1483 2041 1544 2080 ea
1574 2028 1782 2094 omnia,

207 2125 332 2177 qua:
372 2111 424 2164 in
465 2111 770 2181 Scripturis
800 2113 1096 2179 habentur,
1125 2124 1313 2184 utpote
1353 2131 1472 2185 quae
1500 2127 1625 2172 ante
1655 2135 1786 2174 ocu-

206 2199 288 2255 los
325 2212 545 2257 nostros
592 2218 912 2268 occurrere,
946 2219 1106 2259 nemo
1136 2221 1280 2260 sana:
1321 2207 1518 2263 mentis
1564 2207 1784 2263 dixerit.

203 2292 261 2346 ε’
293 2291 646 2362 ρυειτευηίιυε
682 2306 872 2364 aperte
918 2305 972 2350 et
1007 2297 1126 2351 sine
1172 2298 1462 2369 ambiguo,
1521 2299 1652 2358 ipsis
1707 2300 1783 2354 di-

204 2387 482 2441 ctionibus
524 2388 697 2456 posita
740 2398 868 2442 sunt
915 2390 968 2444 in
1007 2391 1328 2460 Scripturis.
1367 2391 1433 2447 Ut
1472 2407 1602 2462 ergo
1641 2408 1788 2464 quaa-

206 2492 422 2548 cunque
474 2488 661 2547 aperte
710 2489 763 2533 et
813 2480 932 2535 sine
985 2481 1238 2551 ambiguo
1294 2483 1470 2553 posita
1537 2495 1667 2539 sunt
1727 2487 1780 2540 in

208 2568 553 2637 Scripturis,
600 2571 845 2626 scientia
895 2582 1095 2628 nostra:
1150 2583 1314 2644 atque
1381 2577 1781 2648 investigationi

207 2661 530 2729 permiserit
563 2665 736 2731 Deus;
769 2680 873 2719 non
905 2666 1032 2720 hinc
1073 2674 1278 2733 tamen,
1312 2666 1413 2721 nisi
1450 2669 1647 2737 puerili
1691 2684 1786 2726 so-

209 2754 516 2821 phismate,
553 2757 801 2811 concludi
838 2769 1050 2829 potest,
1083 2775 1144 2814 ea
1186 2763 1366 2816 omnia
1389 2804 1405 2829 ,
1433 2777 1551 2831 qua
1580 2763 1720 2818 Deus
1756 2778 1785 2816 a

208 2849 373 2902 nobis
405 2849 534 2903 sciri
567 2849 654 2904 vel
689 2851 836 2904 credi
866 2852 1055 2916 voluit,
1092 2863 1278 2921 aperte
1306 2863 1360 2908 et
1386 2854 1504 2910 sine
1535 2856 1788 2926 ambiguo

205 2942 387 3009 pesita
430 2957 554 2997 esse
595 2943 646 2997 in
697 2943 1023 3014 Scripturis.
1059 2947 1211 3002 Alias
1258 2949 1448 3004 eodem
1493 2950 1609 3018 iure
1659 2967 1790 3005 con-

204 3032 352 3085 cludi
383 3041 590 3101 posset,
619 3049 682 3088 ea
712 3037 896 3089 omnia
930 3052 1053 3106 quae
1091 3039 1233 3094 Deus
1260 3055 1289 3093 a
1325 3040 1484 3094 nobis
1512 3042 1664 3108 sciri,
1702 3042 1788 3096 vel

205 3127 358 3180 credi
391 3127 582 3192 voluit,
624 3138 747 3181 ante
787 3129 967 3182 oculos
1015 3143 1222 3185 nostros
1277 3149 1583 3199 occurrere,
1616 3136 1667 3189 id
1706 3147 1790 3192 est

1908 627 2063 695 tingit
2118 627 2393 692 Grabins,
2441 630 2534 681 sed
2583 630 2955 700 singulariter,
2999 642 3055 684 et
3099 641 3367 701 quantum
3417 633 3486 684 ad

1904 729 2284 788 argumentum
2348 734 2594 788 pnesens
2647 721 2986 790 pertinebat,
3043 737 3210 776 unum
3260 736 3381 777 esse
3430 730 3486 775 et

1902 812 2078 866 solum
2117 811 2304 874 Deum,
2340 814 2522 867 mundi
2553 815 2891 867 conditorem
2929 823 2983 868 et
3011 825 3306 871 rectorem.
3339 813 3480 868 Cum

1904 905 2109 974 itaque,
2147 904 2349 972 inquit,
2397 905 2657 958 uniuersa:
2696 903 3008 974 Scriptum,
3053 916 3101 959 et
3152 904 3479 974 Prophetitt’,

1899 1006 1948 1051 et
1982 996 2272 1067 Evangelia
2301 997 2356 1050 in
2388 1006 2596 1064 aperto,
2622 1006 2672 1050 et
2700 999 2815 1051 sine
2837 997 3212 1066 ambiguitate,
3241 1006 3293 1052 et
3323 999 3479 1053 simi-

1899 1086 2020 1141 liter
2048 1086 2111 1140 ab
2148 1087 2391 1141 omnibus
2417 1087 2600 1138 audiri
2629 1087 2848 1152 possint,
2893 1087 2991 1140 etsi
3026 1102 3130 1138 non
3155 1101 3335 1139 omnes
3366 1100 3483 1139 cre-

1898 1178 2052 1243 dunt,
2087 1196 2250 1233 unum
2281 1190 2328 1233 et
2375 1179 2547 1233 soluat
2592 1178 2783 1244 Deum,
2815 1179 2883 1230 ad
2915 1177 3268 1231 excludendos
3313 1177 3479 1238 alios.

1895 1273 2180 1341 prtedicent
2206 1274 2384 1326 omnia
2421 1272 2607 1343 fecisse
2635 1288 2727 1338 per
2763 1269 2988 1324 Verbum
3021 1287 3196 1337 suum,
3231 1273 3338 1326 sive
3362 1271 3479 1324 viai-

1897 1364 2024 1420 bilia
2047 1405 2063 1431 ,
2094 1366 2204 1420 sive
2250 1365 2570 1430 inuisibilia,
2611 1374 2742 1429 etc.,
2769 1374 2816 1418 et
2842 1366 2958 1433 ipsa
2990 1375 3166 1417 autem
3201 1373 3476 1425 creatura,

1897 1458 1952 1511 in
1975 1474 2079 1527 qua
2105 1475 2310 1522 sumus,
2341 1475 2433 1528 per
2469 1476 2529 1512 ea
2560 1474 2676 1530 qua:
2720 1459 2773 1512 in
2806 1470 3068 1526 aspectum
3098 1459 3335 1522 ueniunt,
3378 1458 3478 1510 hoc

1895 1551 2066 1620 ipsum
2092 1560 2340 1618 testante,
2370 1570 2536 1606 unum
2564 1569 2698 1617 esse,
2725 1552 2815 1622 qui
2847 1567 2963 1604 eam
2999 1551 3178 1620 fecerit
3210 1560 3258 1602 et
3286 1560 3432 1619 regat
3459 1563 3480 1601 :

1894 1642 2048 1697 ualde
2080 1643 2283 1698 hebetes
2331 1647 2677 1714 apparebunt,
2718 1644 2807 1714 qui
2844 1646 2912 1695 ad
2941 1653 3048 1695 tant
3080 1642 3310 1695 lucidam
3346 1643 3479 1694 ada-

1893 1738 2182 1805 pertionem
2206 1739 2491 1793 ctccutiunt
2526 1741 2726 1797 oculos.
2764 1748 2870 1793 etc.
2897 1737 3071 1804 Quam
3096 1735 3260 1789 multa
3287 1742 3474 1789 autem

1894 1831 2005 1884 sint
2053 1831 2108 1886 in
2163 1832 2466 1901 Seripturis
2507 1833 2929 1897 obscurissima,
2979 1845 3102 1898 qua:
3146 1827 3410 1900 explicari
3454 1847 3480 1881 a

1899 1927 2060 1980 nobis
2091 1942 2196 1980 non
2230 1935 2478 1994 possunt,
2515 1925 2690 1979 fusius
2727 1927 2884 1980 docet
2913 1940 3035 1993 cap.
3069 1923 3342 1992 sequenti,
3389 1923 3478 1976 ubi

1887 2019 2086 2090 probat
2137 2019 2322 2088 plures
2371 2020 2424 2073 in
2485 2019 2552 2074 iis
2605 2033 2894 2073 occurrere
2936 2016 3308 2080 difﬁcultates,
3359 2033 3479 2087 qua:

1887 2113 2024 2166 solvi
2062 2127 2089 2166 a
2123 2113 2283 2167 nobis
2317 2127 2423 2166 non
2455 2112 2690 2181 possint,
2713 2112 2808 2167 sed
2847 2126 3080 2181 quarum
3123 2111 3322 2167 solutio
3360 2109 3475 2164 Deo

1889 2205 2002 2258 soli.
2049 2205 2245 2258 humili
2279 2204 2384 2257 lide
2416 2204 2685 2260 committi
2734 2205 2927 2258 debeat
2963 2222 2975 2257 :
3014 2202 3325 2272 Seripturas
3357 2205 3478 2272 qui-

1889 2296 2008 2349 dem
2042 2297 2316 2367 perlectas
2347 2311 2488 2360 esse,
2530 2308 2711 2367 utpote
2741 2313 2771 2351 a
2806 2297 2983 2351 Verbo
3023 2295 3116 2350 Dei
3155 2305 3208 2350 et
3255 2295 3471 2366 Spiritu

1888 2387 2005 2454 ejus
2039 2389 2364 2457 inspiratas;
2411 2389 2505 2442 sed
2545 2391 2709 2444 tantis
2751 2389 3030 2459 mysteriis
3057 2389 3371 2455 abundare,
3419 2399 3479 2442 ut

1890 2480 1958 2534 ad
1985 2495 2046 2534 ea
2076 2480 2427 2549 intelligenda
2462 2481 2797 2536 revelatione
2827 2496 2963 2550 opus
3002 2482 3105 2535 sit:
3136 2483 3272 2536 adeo
3304 2484 3477 2551 siqui-

1890 2570 2011 2624 dem
2049 2582 2314 2641 angustos
2354 2586 2473 2626 esse
2521 2572 2719 2627 mentis
2749 2582 2948 2628 nostra:
2999 2573 3202 2629 limites
3230 2613 3247 2640 ,
3305 2585 3366 2629 ut
3422 2576 3474 2628 in

1891 2659 2026 2731 ipsis
2057 2662 2220 2716 rebus
2254 2662 2623 2728 naturalibus,
2652 2678 2884 2731 quarum
2911 2664 3165 2718 assiduus
3195 2665 3356 2719 nobis
3393 2676 3478 2717 est

1891 2769 2044 2817 usus,
2075 2767 2318 2823 quasque
2347 2754 2594 2820 quotidie
2646 2754 2897 2808 videmus
2945 2763 3001 2808 et
3044 2765 3478 2815 contrectamus.

1891 2847 2171 2900 excutiat.
2204 2846 2332 2915 Legi
2364 2847 2527 2901 verba
2564 2845 2704 2914 apud
2750 2856 3031 2900 auctorem
3060 2857 3292 2916 possunt
3342 2864 3396 2901 n.
3447 2846 3483 2900 2

1890 2949 1945 2993 et
1971 2939 2026 3002 5,
2057 2940 2303 3006 longiora
2334 2940 2600 3008 siquidem
2633 2939 2748 2992 loca
2783 2947 2933 3005 sunt,
2961 2954 3123 3010 quam
3161 2949 3218 2993 ut
3247 2938 3337 2994 hic
3367 2955 3466 2994 cx-

1892 3033 2230 3087 scribantur.
2285 3032 2350 3085 Et
2397 3032 2491 3085 lib.
2555 3047 2629 3096 tv,
2661 3047 2782 3100 cap.
2820 3030 2916 3097 26,
2969 3032 3079 3084 n.l
3134 3033 3272 3102 (quo
3307 3032 3472 3085 etiam

1893 3124 2014 3179 loco
2051 3123 2299 3178 abutitur
2327 3122 2615 3191 Grattius),
2654 3125 2831 3186 docet,
2872 3122 3156 3176 Christum
3189 3137 3310 3176 esse
3360 3123 3472 3176 the-

205 3216 308 3270 sub
343 3227 694 3284 conspectum
731 3229 976 3272 nostrum
1005 3221 1240 3288 cadere;
1277 3224 1508 3277 alterum
1543 3225 1785 3281 enimah
1814 3240 1855 3295 α
1891 3230 2114 3270 saurum
2146 3213 2198 3267 in
2233 3213 2531 3282 Scripturis
2553 3213 2960 3276 absconditum,
2988 3211 3234 3281 ejusdem
3260 3213 3467 3268 Christi

207 3309 386 3363 altero
417 3325 524 3363 non
575 3319 797 3378 separat
831 3311 1102 3377 Ireuteus;
1141 3328 1261 3381 qua:
1300 3323 1475 3368 tamen
1506 3317 1785 3372 conclusio

207 3402 606 3455 absurdissima
650 3403 811 3457 foret.
846 3402 1030 3473 Longe
1063 3405 1262 3472 quippe
1286 3406 1517 3462 diversa:
1549 3420 1674 3462 sunt
1704 3410 1784 3464 hae

206 3494 615 3563 propositiones
646 3512 658 3547 :
696 3493 1038 3564 Qumcunque
1077 3507 1200 3552 ante
1232 3499 1410 3552 oculos
1458 3512 1664 3555 nostros
1703 3519 1787 3558 oe-

202 3596 462 3648 currunt.
516 3599 560 3639 et
613 3597 791 3656 aperte
843 3599 889 3641 et
943 3594 1053 3644 sine
1108 3592 1347 3660 ambiguo
1391 3593 1445 3646 in
1495 3591 1785 3663 Scripturis

202 3678 374 3744 posita
412 3688 558 3742 sunt,
597 3694 658 3730 ea
692 3681 870 3732 omnia
911 3682 1053 3734 dedit
1087 3682 1139 3734 in
1164 3681 1437 3734 hominum
1472 3691 1783 3751 potestatem

207 3767 386 3833 Deus,
437 3778 486 3821 et
535 3771 772 3824 subdidit
805 3781 1002 3825 nostrae
1037 3772 1308 3837 scientia;
1338 3783 1390 3827 et
1429 3792 1441 3826 :
1484 3773 1565 3829 Ea
1606 3777 1782 3829 omnia

199 3877 321 3928 qua:
351 3860 490 3914 Deus
521 3879 551 3914 a
578 3863 725 3915 nobis
755 3865 881 3916 sciri
909 3865 989 3917 vel
1015 3865 1359 3930 crediuoluit,
1386 3877 1566 3935 aperte
1599 3877 1646 3920 et
1668 3867 1783 3921 sine

199 3955 474 4024 ambiguo,
507 3954 638 4023 ipsis
673 3957 995 4011 dictionibus
1025 3958 1201 4027 posita
1226 3969 1346 4012 sunt
1379 3961 1432 4012 in
1461 3959 1777 4030 Scripturis.

201 4044 386 4101 Prima
421 4049 725 4116 propositio
776 4048 969 4105 Irenati
1009 4061 1134 4118 est;
1189 4056 1423 4108 secunda
1454 4054 1641 4110 Grabii
1689 4072 1782 4111 so-

201 4137 336 4198 lius,
367 4155 472 4191 non
508 4152 659 4193 certe
687 4140 746 4194 S.
778 4141 1042 4195 doctoris.

272 4227 364 4281 12.
403 4227 645 4282 Tantum
697 4230 849 4284 abest
884 4231 971 4284 hic
1021 4231 1187 4298 dicat,
1234 4247 1296 4287 ea
1329 4235 1535 4299 omnia,
1580 4251 1698 4305 qua:
1726 4238 1780 4292 in

205 4320 512 4390 Scripturis
541 4321 833 4388 habentur,
870 4333 1058 4392 aperte
1101 4336 1157 4377 et
1191 4325 1308 4379 sine
1337 4325 1611 4394 ambiguo,
1650 4329 1781 4396 ipsis

201 4420 538 4486 dictionibus
593 4421 767 4489 posita
826 4435 982 4485 esse;
1048 4421 1177 4489 quin
1244 4422 1442 4491 potius,
1494 4433 1778 4492 postquam

200 4516 450 4571 ostendit
486 4532 551 4570 ex
583 4518 859 4585 parabolis
911 4518 1164 4571 obscuris
1209 4517 1353 4572 clara
1393 4531 1448 4574 et
1492 4522 1775 4590 perspicua

1890 3309 2124 3362 adventu
2183 3317 2238 3362 et
2292 3322 2457 3360 cruce
2505 3306 2827 3360 revelatum.
2870 3306 3200 3374 Prophetias
3253 3322 3470 3370 omnes,

1886 3401 2196 3470 priusquam
2246 3399 2478 3452 habeant
2528 3399 2850 3468 efﬁcaciam,
2889 3399 3173 3469 amigmata
3203 3408 3252 3451 et
3295 3399 3469 3450 ambi-

1887 3493 2113 3561 guitates
2136 3509 2246 3546 esse
2279 3493 2582 3545 hominibus
2607 3505 2627 3543 :
2655 3508 2775 3545 cum
2803 3501 2982 3544 autem
3016 3493 3208 3545 venerit
3239 3501 3466 3560 tempus,

1885 3594 1933 3636 et
1966 3585 2193 3638 euenerit
2243 3585 2383 3654 quod
2426 3583 2797 3652 prophetatum
2846 3593 2943 3648 est,
3001 3593 3125 3636 tunc
3166 3583 3468 3652 prophetias

1886 3676 2077 3730 habere
2103 3677 2360 3746 liquidam
2398 3687 2444 3730 et
2470 3687 2668 3730 certam
2709 3677 3113 3745 expositionem.
3139 3675 3209 3729 Et
3255 3690 3470 3745 propter

1887 3769 1986 3822 hoc
2010 3770 2220 3839 quidem
2244 3769 2472 3834 ludatis,
2498 3786 2614 3822 cum
2635 3770 2826 3839 legitur
2846 3768 2954 3823 Lex
2981 3772 3034 3822 in
3060 3769 3157 3822 hoc
3183 3786 3318 3822 nunc
3340 3781 3470 3823 tem-

1885 3876 2032 3927 pore,
2067 3860 2267 3929 fabulae
2305 3861 2531 3915 similem
2578 3877 2722 3926 esse;
2768 3877 2870 3914 non
2909 3863 3047 3915 enim
3076 3860 3268 3914 habent
3301 3877 3464 3928 expo-

1886 3953 2128 4005 sitionem
2175 3955 2409 4006 omnium
2459 3971 2636 4007 rerum
2673 3955 3022 4023 pertinentem
3071 3957 3139 4006 ad
3183 3953 3462 4007 aduentum

1885 4042 2020 4096 Filii
2065 4044 2185 4107 Dei,
2218 4046 2306 4114 qui
2335 4057 2409 4097 est
2434 4047 2721 4099 secundum
2757 4047 3053 4110 hominem;
3083 4064 3114 4098 a
3147 4044 3469 4099 Christianis

1887 4155 2005 4191 vero
2027 4154 2146 4190 cum
2178 4137 2388 4208 legitur,
2414 4139 2724 4193 thesaurum
2750 4155 2862 4192 esse
2885 4140 3206 4192 absconsum
3235 4140 3287 4191 in
3314 4155 3466 4207 agro,

1885 4238 2038 4285 cruce
2078 4248 2197 4285 vero
2235 4231 2434 4285 Christi
2489 4233 2776 4286 revelatum
2821 4250 2933 4286 esse
2982 4242 3032 4286 et
3097 4232 3466 4301 explanatum.

1885 4321 2048 4376 Ratio
2075 4333 2180 4390 est,
2212 4325 2336 4392 quia
2365 4324 2660 4378 Christiani
2694 4323 3311 4393 habentexpositionem
3343 4339 3467 4376 om-

1886 4415 2033 4468 nium
2069 4409 2251 4468 rerum
2282 4417 2650 4483 pertinentem
2688 4416 2755 4470 ad
2780 4417 3073 4469 adventum
3106 4415 3250 4469 Filii.
3285 4417 3327 4469 A
3356 4432 3466 4484 quo

1890 4523 2021 4562 vero
2053 4508 2294 4562 habent?
2321 4507 2365 4539 “
2397 4509 2478 4562 Ab
2505 4509 2576 4561 eis
2601 4512 2691 4578 qui
2728 4510 2780 4561 in
2814 4507 3052 4562 Ecclesia
3093 4519 3214 4562 sunt
3252 4510 3454 4577 presby-

201 4608 506 4676 δοτίριυιιω
541 4583 699 4660 νιξτιω
749 4608 1072 4677 explicanda
1121 4624 1229 4662 non
1264 4623 1420 4674 esse,
1469 4583 1776 4680 s’ubju-"gil,
1812 4583 1855 4637 θ
1886 4598 2030 4662 teris,
2074 4599 2273 4667 quibus
2307 4601 2534 4667 proinde
2564 4599 2817 4652 obaudire
2848 4609 3072 4666 oportet,
3102 4599 3184 4652 his
3217 4600 3464 4652 nimirum

200 4702 431 4756 stultum
465 4718 588 4756 esse
636 4711 690 4756 et
733 4704 1062 4768 absurdum,
1111 4721 1228 4774 qute
1263 4723 1363 4759 non
1410 4716 1590 4778 aperte
1636 4712 1778 4764 dicta

197 4807 317 4847 sunt
353 4795 406 4846 in
442 4793 767 4862 Scripturis,
802 4811 963 4863 neque
1000 4805 1123 4848 ante
1169 4799 1346 4851 oculos
1387 4804 1582 4868 posita,
1615 4819 1780 4871 copu-

199 4889 314 4943 lare
344 4887 769 4942 absolutionibus
793 4888 1200 4957 parabolarum,
1240 4907 1370 4960 quas
1404 4895 1784 4965 unusquisque,

200 4991 359 5052 prout
399 4980 533 5045 vult,
564 4982 851 5034 adinvenit.
885 4981 1053 5052 Igitur
1095 4994 1292 5052 praeter
1321 4984 1634 5053 parabolas,
1667 4985 1785 5054 qui-

201 5080 306 5132 bus
335 5075 620 5146 multiplex
655 5076 887 5131 subesse
929 5086 1113 5145 potest
1151 5093 1366 5142 sensus,
1397 5077 1503 5131 alia
1552 5079 1604 5132 in
1639 5080 1788 5134 Scri-

200 5169 380 5239 pturis
399 5178 721 5232 occurrunt,
739 5185 857 5238 qua:
888 5184 991 5221 non
1014 5177 1193 5234 operte
1215 5170 1359 5222 dicta
1380 5179 1537 5235 sunt;
1555 5170 1784 5224 obscura

201 5262 457 5330 proinde,
487 5274 588 5316 nec
630 5261 922 5330 unicuique
959 5260 1124 5316 facile
1166 5263 1374 5330 pervia,
1416 5263 1510 5316 sed
1541 5277 1660 5330 quae
1687 5278 1786 5316 ex-

201 5355 502 5426 plicatione
548 5361 602 5408 et
646 5353 949 5422 interprete
1007 5354 1304 5422 indigeant.
1341 5354 1419 5409 Ea
1479 5370 1606 5409 vero
1659 5354 1785 5410 licet

200 5455 476 5516 obscura,
535 5452 578 5505 si
634 5467 738 5505 non
770 5466 798 5504 a
840 5450 1000 5504 nobis
1036 5450 1200 5515 sciri,
1246 5457 1393 5504 certe
1437 5451 1587 5505 credi
1641 5449 1785 5506 Deus

204 5548 397 5602 voluit.
431 5547 487 5602 Si
540 5555 722 5601 autem
757 5547 824 5600 ab
853 5545 1054 5601 Irenaeo
1106 5562 1327 5617 quaeras
1351 5590 1367 5613 ,
1428 5564 1679 5618 quasnam
1721 5563 1782 5602 ea

201 5645 314 5698 sint
347 5657 469 5712 qua:
519 5653 710 5710 aperte
755 5650 811 5696 et
860 5641 979 5697 sine
1028 5642 1285 5712 ambiguo
1339 5643 1521 5714 posita
1576 5645 1688 5698 sint
1729 5643 1782 5696 in

271 5869 320 5902 "
349 5869 464 5924 Lib.
497 5883 569 5932 tv,
602 5885 654 5921 n.
686 5867 743 5920 9..
839 5867 880 5899 ⁸⁷
912 5869 1066 5932 lbid.,
1102 5884 1154 5923 η.
1194 5866 1246 5919 εἰ.
1347 5866 1391 5898 ⁸⁸
1428 5867 1582 5933 lbid.,
1629 5885 1682 5922 n.
1721 5868 1774 5921 2.

1885 4691 1974 4758 qui
1998 4691 2379 4742 successionem
2407 4690 2593 4743 habent
2620 4689 2684 4743 ab
2709 4691 2994 4756 apostolis;
3018 4691 3104 4760 qui
3129 4708 3246 4743 cum
3269 4691 3466 4759 cpisco-

1879 4803 2035 4862 patus
2066 4793 2394 4845 successione
2434 4793 2703 4845 charisma
2740 4793 2975 4846 veritatis
3009 4805 3232 4856 certum,
3280 4808 3467 4845 secun-

1881 4896 2008 4947 dum
2043 4895 2293 4963 placitum
2330 4893 2508 4946 Patris
2558 4904 2896 4955 acceperunt.
2929 4894 2972 4925 ‘7
3017 4892 3162 4946 Nam
3211 4895 3300 4946 ubi
3339 4894 3465 4944 cha-

1882 4992 2104 5039 rismata
2136 4985 2350 5038 Domini
2374 4994 2494 5039 sunt
2518 5027 2532 5052 ,
2575 4986 2646 5038 ibi
2684 4986 2890 5040 discere
2917 4996 3117 5054 oportet
3145 4986 3418 5039 ueritatem
3447 5026 3463 5049 ,

1883 5081 2024 5149 apud
2064 5097 2195 5148 quos
2246 5089 2323 5135 est
2367 5098 2427 5136 ea
2453 5124 2467 5146 ,
2512 5098 2630 5152 qua:
2673 5091 2751 5134 est
2793 5083 2856 5134 ab
2906 5081 3165 5149 apostolis
3213 5080 3467 5133 Ecclesia-

1882 5175 2164 5238 successio,
2201 5184 2247 5227 et
2269 5174 2324 5226 id
2357 5175 2498 5243 quod
2524 5186 2596 5228 est
2627 5190 2814 5227 sanum
2848 5184 2896 5226 et
2927 5173 3308 5242 irreprobabile
3332 5188 3462 5224 con-

1879 5268 2222 5329 uersationis,
2248 5278 2295 5320 et
2327 5267 2742 5321 inadulteratum
2762 5277 2808 5319 et
2841 5267 3243 5334 incarruptibile
3261 5281 3462 5318 sermo-

1883 5362 1965 5414 nis
1989 5372 2218 5414 constat.
2251 5360 2326 5414 lli
2350 5365 2488 5415 enim
2512 5373 2556 5414 et
2589 5379 2722 5427 eam,
2753 5375 2869 5427 aute
2889 5370 2965 5412 est
2994 5361 3046 5411 in
3074 5376 3235 5412 unum
3266 5358 3457 5416 Deum.

1879 5457 1970 5524 qui
1994 5457 2172 5508 omnia
2214 5455 2370 5523 fecit,
2404 5455 2563 5520 ﬁdem
2590 5463 2827 5507 nostram
2863 5453 3210 5516 custodiunt;
3239 5463 3284 5504 et
3317 5468 3454 5516 eam,

1879 5564 1997 5618 quc:
2031 5558 2107 5602 est
2148 5550 2202 5601 in
2233 5546 2436 5601 Filium
2464 5547 2591 5612 Dei,
2630 5545 2966 5600 dilectionem
3009 5544 3325 5613 adaugent"
3359 5583 3376 5598 .
3409 5552 3458 5597 et

1880 5641 2172 5712 Scriptum
2213 5643 2323 5698 sine
2363 5641 2597 5713 periculo
2640 5639 2787 5696 nobis
2829 5649 3098 5710 exponunt
3125 5636 3194 5691 “.
3242 5635 3457 5708 Reliqui
