4196 6330
739 403 837 459 L59

1547 385 2142 446 DISSERTATIONES
2169 382 2472 441 PRIEVUE
2514 383 2580 438 IN
2618 381 2872 438 ΙΒΕΝᾹΞΙ
2909 378 3176 434 LIBROS.

3880 367 3984 426 260

739 532 853 570 vero
888 515 977 584 qui
1004 513 1260 567 absistunt
1294 529 1321 564 a
1358 509 1644 579 principali
1691 506 2053 570 successione,
2093 513 2140 558 et
2173 518 2308 571 quo-
2340 509 2379 561 Α
2417 501 2643 553 ctrinam
2670 498 3001 560 custodiunt;
3038 504 3087 547 et
3108 509 3222 546 cum
3243 491 3553 562 presbyterii
3575 491 3758 543 ordine
3775 506 3982 542 sermo-

737 624 944 677 cunque
978 607 1091 659 loco
1130 603 1415 672 colligunt,
1461 601 1686 670 suspecti
1729 600 1996 661 habendi,
2039 596 2116 649 vel
2157 598 2309 663 quasi

739 700 975 752 hmretici
1004 708 1049 750 et
1076 699 1228 750 multa
1257 696 1560 758 sententiae;
1605 694 1678 746 vel
1709 692 1861 761 quasi
1897 691 2214 750 scindentes,
2263 697 2310 740 et

741 788 891 854 elati,
915 800 959 842 et
983 787 1079 839 sibi
1101 787 1398 857 placentes;
1430 793 1517 836 aut
1544 799 1724 835 rursus
1748 791 1800 833 ut
1830 779 2133 850 hypocritaz,
2168 793 2314 846 qua:-

741 892 857 936 stus
904 879 1078 950 gratia
1123 888 1169 931 et
1212 892 1356 930 vanw
1392 875 1574 944 glorite
1623 874 1720 926 hoc
1769 881 2066 932 operantes.
2120 868 2312 923 Omnes

741 983 920 1027 autem
948 971 1002 1024 hi
1026 971 1330 1024 deciderunt
1362 984 1392 1019 a
1422 967 1660 1022 veritate.

819 1061 911 1120 15.
942 1056 1140 1119 Videat
1184 1059 1298 1131 jam
1334 1062 1408 1114 cl.
1448 1057 1688 1114 Grabius
1727 1065 1910 1111 utrum
1965 1056 2081 1108 haec
2126 1051 2314 1105 lrenrei

746 1157 953 1219 verba,
1008 1154 1075 1208 ad
1120 1167 1240 1222 quae
1282 1152 1395 1219 ipse
1424 1149 1651 1204 remittit
1679 1188 1694 1214 ,
1727 1163 1904 1203 causa!
1933 1162 2044 1201 sua:
2077 1146 2312 1199 faveant.

749 1246 946 1305 Videat
981 1255 1161 1300 utrum
1191 1260 1254 1298 cx
1285 1241 1345 1296 S.
1380 1242 1620 1294 doctoris
1669 1239 1936 1293 sententia
1960 1280 1975 1304 ,
2017 1238 2317 1304 Scriptura:

755 1341 892 1394 adeo
929 1338 1232 1409 perspicuae
1264 1336 1372 1389 sint
1398 1343 1454 1387 et
1481 1340 1720 1401 apertas,
1770 1342 1828 1384 ut
1870 1330 2166 1396 interprete
2213 1342 2317 1380 non

754 1431 1052 1502 indigeant.
1093 1427 1284 1483 Videat
1338 1435 1518 1479 utrum
1568 1438 1754 1477 earum
1811 1423 2188 1491 interpretatio
2220 1434 2319 1472 cu--

747 1523 922 1593 jusvis
961 1521 1158 1591 privati
1191 1517 1426 1572 hominis
1471 1514 1678 1583 judicio
1713 1514 2083 1583 permittatur.
2119 1511 2319 1565 Videat

755 1619 997 1678 demum,
1039 1621 1093 1666 et
1111 1610 1255 1665 serio
1295 1607 1615 1677 perpendat,
1648 1617 1828 1658 utrum
1859 1620 1921 1659 ea
1950 1605 2204 1665 societas,
2236 1601 2318 1655 vel

755 1704 810 1759 in
839 1721 943 1775 qua
979 1715 1136 1758 natus
1162 1712 1272 1767 est,
1305 1701 1391 1754 vel
1431 1701 1514 1754 cui
1559 1711 1617 1752 se
1645 1698 1916 1767 adjnnxit,
1951 1697 2080 1750 tales
2109 1696 2322 1764 presby-

754 1808 895 1851 teros
925 1797 1151 1859 nutriat,
1179 1793 1372 1864 quales
1397 1793 1484 1847 hic
1510 1791 1771 1845 describit
1807 1789 2060 1852 Irenaeus,
2087 1790 2174 1858 qui
2197 1804 2321 1841 suc-

754 1892 1038 1945 cessionem
1068 1888 1257 1941 habent
1297 1888 1360 1939 ab
1385 1887 1668 1950 apostolis;
1700 1885 1789 1954 qui
1833 1900 1950 1936 cum
1989 1884 2324 1952 episcopatus

753 1981 1082 2034 successione
1137 1979 1399 2032 charisma
1451 1977 1688 2035 veritatis
1742 1987 1978 2038 certum,
2034 1973 2325 2027 secundum

757 2072 1008 2140 placitum
1039 2067 1216 2124 Patris
1238 2075 1588 2136 acceperunt;
1616 2067 1704 2138 qui
1735 2078 1783 2121 et
1817 2066 2178 2134 apostolorum
2228 2066 2326 2118 do-

2414 609 2526 644 nent
2549 608 2736 642 sanum
2762 600 2808 641 et
2844 586 3292 640 conversationem
3328 586 3439 636 sine
3462 583 3664 651 o/fensa
3696 590 3982 651 pra'stant,

2415 684 2482 736 ad
2519 682 2970 749 confirmationem
3002 689 3048 732 et
3073 679 3456 744 correptionem
3500 676 3839 744 reliquorum,
3869 682 3980 726 etc.

2415 777 2578 842 Edat,
2608 785 2664 827 ut
2688 790 2811 828 cum
2843 771 3183 825 Tertulliano
3213 771 3257 804 “
3299 773 3513 838 loquar,
3537 769 3767 837 origines
3804 765 3985 820 Eccle-

2415 872 2617 921 siarum
2652 883 2904 930 suarum;
2951 863 3174 936 [CXIII]
3203 864 3400 918 evolvat
3439 863 3674 914 ordinem
3706 861 3981 926 episcopo-

2417 977 2533 1014 rum
2557 977 2798 1024 suorum,
2831 961 2903 1013 ita
2931 976 3021 1026 per
3046 959 3401 1012 successiones
3425 957 3486 1007 ab
3521 954 3673 1006 initio
3704 952 3990 1004 decurrens

2417 1065 2518 1105 tem
2542 1092 2557 1116 ,
2582 1065 2638 1104 ut
2665 1053 2864 1122 primus
2897 1051 2986 1104 ille
3024 1052 3297 1120 episwpus
3341 1049 3567 1116 aliquem
3601 1063 3664 1098 ea:
3705 1044 3986 1110 apos.'olis,

2418 1145 2496 1198 vel
2535 1145 2838 1214 apostolicis
2863 1144 3011 1206 viris,
3037 1145 3122 1212 qui
3161 1153 3334 1194 tamen
3362 1157 3480 1192 cum
3520 1137 3774 1206 apostolis
3805 1152 3986 1206 perse-

2419 1239 2688 1300 veraverit,
2717 1237 2954 1289 habuerit
2983 1245 3250 1288 auctorem
3271 1244 3313 1286 et
3342 1242 3738 1284 antecessorem.
3768 1229 3989 1298 Conﬁn-

2418 1342 2503 1401 gat
2545 1330 2806 1399 quidquid
2851 1328 3106 1389 libuerit;
3142 1327 3184 1380 si
3215 1325 3445 1378 candide
3489 1335 3544 1378 et
3581 1325 3796 1378 sincere
3825 1334 3993 1393 agere

2421 1424 2684 1484 voluerit,
2719 1438 2840 1477 cum
2891 1418 3174 1475 devenerit
3215 1417 3283 1470 ad
3330 1417 3646 1472 Matthazum
3688 1414 3990 1470 Parlternm

2421 1516 2472 1570 in
2505 1515 2726 1585 Anglia,
2763 1513 3062 1568 Lutherum
3116 1515 3170 1568 in
3224 1513 3516 1569 Germania
3541 1551 3557 1575 ,
3596 1510 3878 1564 Calvinum
3941 1510 3994 1561 in

2420 1605 2626 1670 Gallia,
2696 1605 2947 1674 aliosque
3000 1606 3266 1675 ejusmodi
3323 1604 3659 1660 recentiores
3718 1612 3994 1656 sectarum

2423 1698 2588 1751 duces
2630 1709 2683 1751 et
2716 1699 3059 1763 conditores;
3098 1698 3472 1767 deprehendet
3529 1711 3625 1750 eos
3691 1693 3993 1748 successio-

2424 1804 2548 1844 nem
2597 1791 2950 1859 aposmlicam
2995 1791 3080 1845 vel
3129 1790 3335 1844 ludicra
3364 1799 3418 1842 et
3460 1789 3728 1856 sacrilega
3766 1787 3999 1839 ordina-

2430 1885 2578 1937 tione
2621 1883 2942 1948 invertisse,
2986 1883 3068 1936 vel
3101 1894 3281 1952 spreta
3313 1882 3460 1935 omni
3492 1880 3838 1935 ordinatione
3875 1878 4002 1930 fun-

2430 1975 2575 2030 ditus
2612 1976 2896 2030 evertisse.
2931 1973 3037 2030 Sed
3070 1975 3135 2029 de
3169 1975 3254 2030 his
3285 1990 3348 2043 po

1920 2399 2594 2492 ARTICULUS
2671 2401 2860 2489 III.

1618 2595 1708 2658 De
1752 2590 2145 2656 Traditionis
2185 2590 2563 2654 auctoritate
2607 2597 2670 2653 et
2713 2589 3151 2653 fundamento.

2338 2771 2405 2783 ...α-

839 2896 926 2956 ﬂ.
989 2896 1306 2968 Scriptores
1361 2895 1576 2965 quidem
1647 2909 1836 2950 sacras
1894 2893 1991 2950 Dei
2050 2909 2333 2950 sermones
2360 2903 2406 2966 ο
2439 2895 2506 2950 iis
2532 2893 2815 2965 distingui,
2850 2902 3033 2962 utpote
3063 2907 3183 2963 qua:
3215 2906 3401 2947 earum
3434 2893 3505 2947 sit
3537 2893 3834 2963 interpres;
3867 2895 4015 2963 quod

761 3006 908 3059 esse,
942 3001 998 3046 et
1036 2989 1282 3062 regulam
1307 2989 1552 3043 veritatis
1594 2999 1800 3042 certam
1833 2997 1888 3042 et
1915 2988 2334 3050 immutabilem,

764 3083 853 3138 cui
903 3082 1038 3138 nihil
1083 3082 1283 3137 addere
1319 3079 1406 3135 vel
1456 3079 1742 3134 detrahere
1804 3079 1990 3144 Iiceat,
2036 3080 2338 3134 rectissime

769 3176 924 3229 docet
966 3173 1200 3229 lrenteus
1257 3172 1326 3228 ".
1363 3171 1434 3226 lis
1477 3179 1654 3226 tatnen
1711 3172 1893 3226 omnia
1923 3169 2016 3225 Dei
2046 3171 2213 3225 verba
2242 3186 2339 3226 ex-

765 3280 959 3334 presse
983 3281 1088 3322 non
1105 3265 1400 3328 contineri,
1423 3265 1518 3318 sed
1555 3263 1852 3333 apostolos,
1875 3275 1932 3316 ut
1959 3263 2160 3319 Christi
2186 3264 2338 3334 lega-

767 3369 852 3414 tos
882 3367 1046 3428 atque
1096 3373 1398 3429 praecones,
1432 3357 1589 3426 plura
1644 3358 1919 3422 docuisse,
1970 3369 2091 3426 quae
2122 3357 2341 3426 scriptis

769 3450 1190 3520 haudquaquam
1252 3450 1679 3519 consignarunt,
1734 3465 1842 3504 non
1897 3449 2076 3503 minus
2153 3459 2341 3520 aperte

769 3541 1030 3611 pradicat
1059 3541 1126 3593 “.
1163 3539 1494 3596 Traditionis
1514 3541 1779 3611 siquidem
1811 3544 2136 3598 auctoritate
2165 3544 2342 3612 impne

770 3641 1038 3704 gnaturus
1093 3632 1400 3695 haereticos,
1440 3633 1552 3702 jam
1588 3634 1656 3687 ab
1692 3618 1856 3688 Tinitio
1901 3634 2024 3687 libri
2078 3635 2223 3688 tertii
2293 3632 2338 3664 "

771 3723 1035 3788 ostendit,
1055 3737 1177 3777 eam
1199 3738 1320 3778 esse
1349 3723 1638 3794 impiorum
1675 3725 1953 3779 hominum
1987 3727 2338 3796 proterviam,

773 3825 833 3871 ut
881 3832 1002 3870 cum
1046 3830 1110 3869 ea;
1130 3814 1417 3883 Scripturis
1466 3826 1798 3886 arguuntur,
1841 3819 1896 3869 in
1953 3817 2342 3871 accusationem

772 3922 1148 3968 convertantur
1175 3913 1410 3980 ipsarum
1439 3909 1856 3982 Scriptururum,
1885 3920 2037 3983 quasi
2079 3932 2181 3968 non
2213 3927 2344 3968 recte

773 4004 1026 4069 habeant,
1062 4019 1226 4075 neque
1248 4005 1352 4057 sint
1385 4020 1450 4058 ea:
1480 4005 1813 4073 auctoritate,
1837 4017 1884 4060 et
1915 4009 2039 4078 quia
2077 4009 2220 4061 varie
2240 4009 2343 4061 sint

775 4099 952 4162 dictae,
997 4105 1044 4150 et
1067 4097 1194 4166 quia
1229 4113 1332 4150 non
1366 4098 1526 4166 possit
1567 4114 1632 4152 ea:
1673 4098 1755 4152 his
1795 4099 2017 4152 inveniri
2065 4099 2257 4153 veritas
2281 4104 2346 4153 ab

775 4187 857 4241 his
890 4189 981 4258 qui
1005 4188 1234 4242 nesciant
1283 4189 1661 4254 traditionem;
1717 4206 1820 4243 non
1863 4193 1997 4244 enim
2023 4208 2116 4258 per
2142 4191 2346 4243 litteras

2439 2997 2493 3040 et
2522 2987 2635 3041 haec
2661 2985 2848 3040 Iretimi
2873 2984 3153 3039 conclusio
3172 2987 3514 3040 demonstrat
3550 3002 3564 3039 :
3602 2985 3785 3040 Evenit
3809 2988 4014 3056 itaque,

2440 3093 2601 3147 neque
2623 3075 2913 3145 Scripturis
2935 3075 3076 3144 jam,
3115 3076 3566 3144 nequetraditioni
3594 3079 3887 3130 consentire
3902 3095 4015 3131 eos.

2439 3171 2508 3228 Et
2561 3182 2845 3242 postquam
2875 3170 2942 3223 de
2971 3170 3267 3225 traditione
3314 3170 3610 3238 apostolica
3645 3172 3818 3225 fusius
3841 3171 4019 3225 disse.

2443 3266 2572 3324 ruit.
2603 3264 2716 3331 jam
2761 3273 3090 3333 argumento
3143 3266 3303 3318 tinem
3347 3265 3650 3332 imponens,
3681 3275 3735 3318 et
3764 3265 3830 3317 ad
3858 3265 4016 3330 illud,

2442 3358 2584 3427 quod
2622 3372 2653 3411 e
2706 3355 3006 3425 Scripturis
3055 3357 3284 3426 petitum
3346 3369 3613 3426 coeperat,
3672 3373 4018 3424 reversurus,

2442 3454 2524 3505 sic
2550 3459 2714 3516 caput
2755 3447 2788 3502 5
2814 3450 3070 3502 orditur:
3132 3446 3434 3501 Traditione
3475 3449 3660 3519 igitur,
3687 3466 3806 3515 quia
3843 3459 3926 3504 est
3947 3454 4018 3504 ob

2443 3539 2692 3608 apostolis
2725 3579 2742 3603 ,
2779 3539 2854 3592 sic
2897 3555 2950 3593 se
2971 3540 3191 3592 habente
3227 3539 3282 3591 in
3310 3537 3569 3603 Ecclesia,
3599 3548 3649 3593 et
3679 3553 4021 3604 permanente

2442 3633 2583 3700 apud
2621 3646 2733 3697 nos,
2765 3640 3086 3684 revertamur
3109 3631 3176 3681 ad
3208 3645 3344 3696 eam,
3384 3646 3500 3698 qua:
3523 3639 3598 3685 est
3629 3645 3694 3683 ex
3720 3629 4020 3698 Scripturis

2443 3729 2813 3793 ostensionem,
2873 3739 3052 3780 eorum
3080 3725 3171 3793 qui
3203 3722 3548 3794 Evangelium
3590 3725 4046 3792 conscripserunt.

2445 3821 2802 3891 apostolorum
2825 3860 2840 3884 ,
2866 3827 2972 3872 etc.
3021 3815 3124 3871 Ubi
3168 3818 3517 3871 traditionem
3544 3819 3914 3887 apostolorum
3946 3821 4022 3874 ab

2445 3928 2636 3966 eorum
2685 3912 2906 3979 scriptis
2936 3911 3221 3978 perspicue
3263 3911 3562 3979 distinguit.
3613 3909 3718 3964 Sed
3758 3926 3861 3964 non
3888 3923 4026 3979 pos-

2446 4018 2563 4056 sum
2587 4003 2714 4071 quin
2748 4004 2836 4058 hic
2863 4003 3039 4057 obiter
3071 4002 3265 4055 malam
3287 4000 3508 4056 Gallasii
3543 4000 3700 4053 [idem
3731 4001 4019 4068 castigem,

2446 4096 2675 4163 quicum
2701 4095 2845 4149 clara
2877 4094 2991 4149 [nec
3024 4091 3209 4149 Irenaei
3240 4095 3404 4147 verba
3430 4093 3738 4146 adulterare
3777 4093 3828 4146 in
3861 4102 4022 4148 textu

2449 4202 2552 4242 non
2589 4189 2951 4255 potuisset,ea
2983 4186 3034 4240 in
3065 4186 3350 4241 summulis
3404 4187 3518 4240 suis
3550 4201 3897 4254 corrumpere
3921 4203 4024 4240 au-

779 4279 1034 4333 traditam
1053 4279 1222 4346 illam,
1263 4281 1352 4334 sed
1399 4297 1490 4349 per
1511 4283 1678 4334 vivam
1738 4298 1978 4336 vocem...
2009 4281 2140 4336 Cum
2171 4292 2347 4335 autem
2379 4269 2422 4324 D
2453 4295 2546 4335 sus
2575 4291 2677 4346 est,
2709 4278 2973 4342 Traditio,
3022 4280 3217 4348 inquit,
3260 4283 3616 4347 apostolorum
3636 4282 3868 4333 convenit
3895 4297 4026 4334 cum

778 4371 850 4424 ad
875 4387 991 4424 eam
1019 4371 1208 4424 iterum
1237 4371 1589 4430 traditionem.
1616 4388 1729 4441 qua
1749 4380 1824 4425 est
1846 4373 1907 4424 ab
1932 4374 2206 4438 apostolis,
2224 4389 2342 4441 qua:

779 4479 872 4533 per
901 4464 1256 4518 successiones
1301 4463 1717 4533 presbyterorum
1748 4463 1804 4518 in
1834 4463 2071 4518 Ecclesia
2109 4467 2344 4519 custodi-

780 4567 889 4616 tur,
932 4569 1273 4622 provocamus
1297 4569 1427 4617 eos;
1459 4554 1809 4608 adversantur
1850 4555 2146 4621 traditioni,
2176 4557 2350 4610 dicen-

781 4656 857 4696 tes
889 4660 943 4696 se
967 4660 1072 4697 non
1096 4642 1264 4698 solum
1287 4642 1623 4712 presbyteris,
1663 4643 1753 4695 sed
1781 4645 1938 4697 etiam
1989 4648 2237 4713 apostolis
2263 4661 2349 4700 ea:-

781 4741 1020 4791 sistentes
1054 4737 1414 4803 sapientiores,
1451 4737 1707 4790 sinceram
1728 4737 1984 4792 invenisse
2013 4741 2275 4791 veritatem
2307 4779 2343 4793 ..

788 4829 972 4884 Evenit
1001 4831 1174 4899 itaque
1211 4845 1372 4897 neque
1403 4825 1691 4897 Scripturis
1725 4830 1858 4898 jam,
1885 4846 2045 4899 neque
2071 4831 2347 4882 traditioni

787 4923 1080 4977 Consentire
1128 4938 1235 4974 eos.
1261 4921 1336 4974 Ex
1367 4921 1562 4988 quibus
1617 4921 1730 4976 lucc
1790 4921 1994 4989 liquido
2024 4931 2345 4989 sequuntur,

786 5015 844 5069 1ο
870 5015 1014 5085 ipsos
1044 5013 1288 5067 omnium
1324 5011 1703 5067 hereticorum
1759 5014 2025 5081 pessimos
2059 5015 2350 5080 agnoviSse

784 5116 842 5160 et
884 5105 1164 5161 confessos
1195 5104 1383 5170 fuisse,
1417 5106 1719 5173 Scripturas
1771 5108 1913 5158 varie
1943 5107 2109 5158 dictas
2134 5122 2264 5170 esse,
2297 5106 2348 5159 id

785 5210 869 5252 est
921 5197 1192 5252 interdum
1235 5195 1492 5250 obscuras
1522 5211 1658 5260 esse,
1696 5196 1983 5263 variosque
2010 5196 2074 5249 iis
2126 5199 2349 5249 subesse

787 5302 998 5344 sensus.
1029 5288 1088 5341 ευ
1138 5284 1506 5342 Obscurorunt
1574 5286 1813 5338 locorum
1861 5299 2079 5338 sensum
2125 5300 2152 5337 a
2183 5285 2351 5338 tradi-

791 5381 938 5434 tione
988 5379 1275 5446 pctendum
1318 5392 1457 5442 esse,
1489 5391 1594 5429 non
1633 5392 1717 5438 ea,
1748 5392 1866 5444 quae
1890 5393 1980 5439 per
2007 5377 2209 5429 litteras
2237 5389 2350 5429 tra-

787 5471 903 5525 dita
932 5467 1024 5534 sit,
1047 5470 1135 5522 sed
1172 5485 1259 5534 per
1281 5469 1448 5521 vivam
1481 5484 1670 5520 vocem.
1715 5467 1837 5520 ιιωυ
1872 5485 1975 5522 non
2005 5470 2351 5536 reprehendit

793 5560 1044 5621 tremens,
1078 5559 1184 5612 imo
1213 5561 1263 5612 in
1289 5560 1869 5628 sequentilutsprobat,
1905 5573 1960 5611 ut
1997 5577 2116 5612 mox
2150 5561 2352 5615 videbi-

797 5663 903 5702 tur.
936 5647 994 5702 5ο
1029 5649 1395 5704 Traditioncm
1435 5650 1598 5704 latius
1631 5660 1817 5719 patere
1863 5643 2184 5720 Scripturis,
2208 5663 2260 5707 ct
2287 5657 2352 5707 ab

863 5805 878 5836 ⁸
939 5807 1009 5859 ϋι·
1036 5808 1317 5876 praescrip.
1402 5809 1447 5841 ⁸⁸
1486 5809 1603 5866 Lib.
1642 5825 1716 5877 IV,
1753 5826 1802 5865 ε.
1835 5809 1926 5877 55,
1960 5829 2013 5867 n.
2049 5813 2099 5867 4.

2199 5815 2240 5844 “
2279 5813 2397 5868 Lib.
2443 5830 2493 5883 v,
2538 5832 2658 5886 cap.
2694 5817 2780 5884 30,
2815 5835 2862 5870 ιι.
2913 5817 2963 5872 9..

2448 4387 2628 4426 eorum
2651 4373 2882 4439 scriptis,
2916 4375 2987 4424 ad
3020 4387 3138 4440 qua:
3168 4382 3452 4440 semperest
3486 4373 3634 4423 nobis
3666 4371 4022 4439 redeundum.

2449 4463 2530 4517 An
2556 4464 2601 4517 is
2633 4463 2704 4517 sit
2735 4464 2915 4518 Irenaei
2955 4463 3249 4518 verborum
3276 4479 3490 4527 sensus,
3539 4465 3744 4533 judicet
3767 4465 4024 4533 quisquis

2448 4553 2639 4608 oculos
2672 4555 2855 4619 habet,
2890 4570 2990 4607 nec
3011 4555 3267 4623 deinceps
3299 4555 3561 4624 ejusmodi
3591 4570 3848 4610 novarum
3893 4556 4022 4610 edi-

2448 4647 2655 4699 tionum
2705 4648 3022 4701 auctoribus
3075 4646 3229 4702 ﬁdat.
3258 4645 3391 4701 Illud
3458 4647 3622 4715 igitur
3684 4650 3870 4702 lrenzei
3901 4667 4025 4705 tuo

2449 4747 2654 4790 certum
2679 4746 2817 4801 erat,
2846 4753 2948 4791 non
2977 4740 3113 4792 satis
3157 4753 3276 4793 esse
3303 4745 3369 4792 ad
3402 4741 3724 4794 catholicam
3752 4741 3930 4802 tidem,
3958 4754 4022 4796 ut

2449 4833 2572 4900 quis
2610 4831 2913 4901 Scripturis
2963 4834 3325 4892 consentiret.
3362 4834 3462 4886 nisi
3490 4835 3708 4900 insuper
3737 4836 4022 4888 consenti-

2452 4934 2530 4977 rel
2575 4933 2628 4976 et
2691 4924 2985 4986 traditioni,
3012 4925 3059 4976 ei
3093 4940 3208 4989 qua:
3238 4941 3329 4986 per
3374 4927 3538 4977 vivam
3575 4940 3762 4989 vocem,
3795 4940 3896 4977 non
3927 4943 4026 4991 per

2451 5015 2650 5065 litteras
2675 5016 2866 5066 tradita
2895 5015 2995 5066 fuit
3031 5015 3097 5068 ab
3130 5017 3410 5083 apostolis,
3433 5030 3658 5085 quaeque
3681 5032 3773 5083 per
3806 5032 4022 5071 succes-

2451 5108 2622 5159 siones
2642 5107 3082 5176 presbyterorum,
3101 5109 3152 5162 id
3177 5121 3259 5164 est
3277 5111 3677 5178 episeoporutn,
3703 5112 3754 5163 in
3779 5110 4025 5167 Ecclesia

2453 5201 2766 5251 custoditur.
2810 5201 2874 5252 Et
2925 5201 3052 5254 hinc
3095 5202 3258 5254 etiam
3323 5205 3371 5255 in
3418 5203 3667 5258 confesso
3721 5214 3840 5258 erat
3877 5209 4025 5275 apud

2454 5303 2662 5352 omnes,
2721 5305 2825 5340 non
2885 5289 3196 5359 Scripturas
3246 5301 3477 5358 tantum,
3533 5298 3624 5349 sed
3671 5296 4022 5352 traditionem

2453 5379 2636 5442 etiam,
2683 5381 2923 5447 regulam
2979 5397 3096 5436 csse
3148 5383 3523 5449 lideinostrae;
3564 5401 3737 5455 neque
3759 5389 3904 5443 enim
3953 5392 4024 5443 ad

2457 5471 2766 5541 Scriptores
2820 5473 3083 5527 duntaxat
3139 5480 3564 5543 provocabuntur
3623 5480 3885 5548 hatretici,
3947 5486 4027 5537 uti

2455 5564 2733 5631 provocari
2768 5564 2965 5616 vellent
3001 5568 3330 5621 recentiores
3375 5569 3709 5633 heterodoxi,
3755 5573 3848 5625 sed
3874 5585 3926 5625 et
3957 5577 4026 5626 ad

2457 5655 2825 5718 traditionem,
2865 5664 3115 5724 tanquam
3147 5657 3213 5711 ad
3270 5661 3636 5717 certissimam
3697 5663 4026 5720 Christiana:

3041 5818 3258 5875 "C2.
