4196 6330
181 381 269 441 26!
1084 364 1544 424 DlSSERTATlO
1581 362 1670 422 lll.
1711 361 1796 415 DE
1825 357 2080 414 lRENrEl
2115 354 2482 413 DOCTRINA.
3316 359 3424 414 ξω

183 511 234 553 et
259 496 540 552 catholica:
566 493 818 550 veritatis
838 491 1074 560 regulam
1100 508 1114 543 :
1137 491 1342 559 hacque
1358 488 1749 556 confundeban-

1858 480 1934 532 ris
1967 476 2192 548 proinde
2248 474 2594 529 auctoritatis
2649 481 2752 537 est,
2783 489 2942 543 quam
2977 474 3090 542 ipsa
3124 478 3424 544 apostolica

187 604 285 649 tur.
317 600 373 644 ιιι
408 590 484 641 ait
514 596 710 642 auctor
731 596 914 639 noster
940 583 1121 651 capite
1158 583 1434 650 sequenti,
1475 596 1651 633 omnes
1683 579 1742 642 ii,
1848 570 2080 639 Scriplap
2125 584 2250 623 cum
2286 577 2518 635 υινειίιυθ
2551 565 2644 620 θεῖ
2686 576 2742 621 el
2775 565 2976 620 Christi
3010 568 3178 637 ίρεῖιιε
3206 583 3428 624 88mm-

187 685 268 753 qui
301 698 506 752 quoquo
547 680 702 731 modo
744 677 822 731 vel
845 693 936 744 per
987 675 1085 728 sibi
1126 674 1416 743 placentia,
1456 672 1531 724 vel
1558 686 1744 724 vanam
1849 674 1945 712 nes
1973 658 2104 711 sint.
2137 657 2271 709 Nam
2308 657 2452 753 sive
2477 654 2597 707 viva
2634 669 2783 753 voce,
2832 655 2946 753 sive
2970 656 3206 753 scripto
3234 656 3429 710 docue-

185 746 425 842 glori-am,
484 771 563 824 vel
592 786 684 838 per
728 771 1012 822 ctecitatem
1071 778 1120 818 et
1169 767 1362 817 malum
1418 764 1741 826 sententiam,
1846 751 1959 803 rint
1987 749 2217 818 apostoli
2272 746 2750 842 quitlpiamthqllfd
2807 747 2871 799 ad
2914 746 3074 800 ﬁdem
3123 758 3217 801 θυι
3249 762 3430 800 “low-'3

180 833 525 933 pra'terquam
553 833 754 931 oportet
783 860 1112 928 colligebant.
1142 857 1199 912 Si
1237 858 1326 925 qni
1368 866 1548 910 autem
1579 856 1747 908 tradi-

1852 837 2158 892 necessario
2211 840 2510 906 pertineat,
2573 833 2782 891 Christi
2841 838 3091 890 doctrina
3153 848 3257 900 est,
3315 847 3427 889 cta

183 960 306 1013 lioni
342 974 448 1010 tton
478 956 874 1017 consentirent,
910 954 1160 1006 adversus
1202 966 1288 1003 eos
1327 961 1587 1002 certamen
1613 957 1745 1010 erat,

1852 928 2071 981 Christo
2101 927 2333 981 revelata
2389 937 2442 980 et
2472 937 2724 996 accepta,
2785 943 2947 996 quam
2995 927 3212 983 alliante
3260 938 3430 998 atque

178 1060 224 1103 et
265 1050 496 1116 undique
533 1046 875 1100 resistendum
908 1060 1019 1098 esse
1040 1043 1148 1096 illis
1175 1043 1469 1097 censebant
1498 1039 1748 1093 Ecclesia:

1852 1019 2122 1090 dirigente
2154 1019 2360 1089 Spiritu
2404 1027 2597 1075 sancto
2641 1019 2989 1074 tradiderunt
3021 1038 3036 1076 :
3070 1021 3162 1076 Dei
3198 1023 3430 1090 promte

179 1108 421 1193 ιιειτεε,’
1851 1111 2078 1164 verbum
2133 1120 2238 1174 est,
2277 1110 2386 1163 Deo
2416 1108 2522 1178 ipsi
2579 1119 2864 1178 acceptum
2919 1110 3290 1169 referendum.
3321 1113 3433 1167 Eu-

1851 1213 2072 1273 propter
2103 1202 2454 1257 traditionem
2487 1201 2684 1270 primis
2715 1202 2836 1255 libri
2870 1203 3019 1257 tertii
3052 1204 3328 1272 capitibus
3359 1207 3426 1270 ³³,

1853 1302 1908 1348 et
1935 1295 2064 1349 alibi
2095 1310 2258 1364 saepe,
2294 1304 2402 1347 tam
2434 1291 2662 1347 sollicite
2693 1294 2919 1361 opponit
2951 1295 3224 1350 haereticis
3242 1307 3434 1351 auctor

1852 1395 2062 1450 noster,
2093 1385 2396 1454 meritoque
2453 1395 2664 1458 tantum
2721 1384 2863 1438 illius
2897 1387 3109 1454 pondus
3143 1401 3263 1441 esse
3293 1389 3429 1450 vult,

1852 1486 1913 1530 ut
1943 1476 2044 1529 hoc
2071 1475 2376 1529 obruantur
2398 1476 2713 1545 quicunque
2742 1476 2882 1529 male
2908 1476 3170 1530 sentiunt.
3229 1475 3432 1546 Eapro—

1854 1576 1974 1636 pter
2001 1567 2276 1621 haereticis
2304 1568 2654 1622 traditionem
2688 1576 2776 1620 aut
2808 1566 3284 1622 contemnentibus
3305 1557 3316 1568 ”
3337 1581 3434 1622 aut

1857 1659 2188 1713 violantibus
2216 1660 2458 1727 undique
2488 1659 2873 1725 resistendum,
2904 1673 3106 1728 eosque
3137 1669 3192 1713 ιιι
3222 1661 3365 1731 fures
3385 1672 3432 1716 et

1856 1751 2091 1805 latrones
2146 1752 2470 1806 devitandas
2519 1766 2642 1806 esse
2692 1763 2898 1806 monet.
2960 1750 3202 1821 Oportet,
3235 1754 3434 1825 inquit,

1786 1830 1828 1889 Β
1858 1844 2089 1898 devitarc
2113 1843 2323 1911 quidem
2352 1843 2508 1906 illos;
2535 1859 2653 1913 qua
2673 1854 2845 1897 autem
2887 1853 3007 1896 sunt
3034 1842 3283 1898 Ecclesia’
3311 1860 3432 1898 cum

1856 1952 2062 1990 summa
2091 1935 2363 2004 diligentia
2417 1936 2659 2004 diligere,
2697 1945 2742 1988 et
2774 1937 3162 2003 apprehendere
3195 1937 3432 1990 veritatis

1854 2027 2218 2085 traditionem.
2263 2027 2570 2096 Eapropter
2603 2027 2837 2096 denique
2893 2036 3105 2080 tantum
3143 2027 3426 2081 traditioni

1857 2117 2064 2181 tribuit,
2097 2128 2157 2171 ut
2183 2117 2228 2171 si
2258 2134 2421 2187 neque
2447 2117 2676 2186 apostoli
2728 2119 2937 2188 quidem
2970 2118 3280 2188 Scriptttras
3311 2118 3434 2172 reli-

1858 2207 2097 2275 quissent
2126 2207 2298 2272 nobis,
2329 2215 2591 2276 Oporteret
2622 2215 2799 2259 tamen
2832 2208 3063 2260 ordinem
3097 2207 3242 2276 sequi
3267 2207 3436 2260 tradi—

1857 2301 2038 2366 tionis,
2069 2314 2231 2368 qttam
2293 2300 2627 2352 tradiderunt
2681 2300 2746 2353 iis
2799 2301 2987 2369 quibus
3037 2301 3432 2354 committebant

1859 2390 2144 2445 Ecclesias.
2198 2390 2352 2458 Quod
2382 2392 2518 2444 adeo
2546 2404 2733 2443 verum
2785 2401 2886 2453 est,
2914 2391 3063 2444 addit
3091 2391 3158 2453 “,
3189 2402 3246 2444 nt
3307 2391 3430 2444 huic

1857 2484 2182 2537 ordinationi
2231 2484 2522 2537 assentiant
2573 2483 2759 2536 multa
2807 2494 2985 2553 gentes
3044 2485 3431 2547 barbarorum,

1856 2592 2034 2628 eorum
2063 2576 2154 2644 qui
2182 2578 2235 2628 in
2265 2575 2534 2629 Christum
2570 2566 2812 2639 credunt,
2843 2577 2954 2630 sine
2982 2577 3165 2630 charta
3199 2588 3250 2631 et
3286 2589 3436 2632 atru-

1859 2681 2030 2720 tnento
2059 2666 2135 2735 (id
2164 2675 2246 2721 est
2275 2667 2394 2722 sine
2435 2667 2746 2736 scripturis)
2774 2667 3023 2734 scriptam
3071 2668 3319 2722 habentes
3346 2685 3437 2732 per

1860 2757 2122 2827 Spiritum
2159 2761 2210 2810 in
2239 2758 2486 2812 cordibus
2521 2758 2630 2811 suis
2663 2757 2906 2822 salutent,
2941 2767 2990 2812 et
3025 2765 3239 2812 veterem
3267 2762 3436 2813 tradi-

1861 2853 2056 2902 tionem
2107 2850 2386 2919 diligenter
2431 2851 2806 2917 custodientes,
2855 2851 2911 2904 in
2950 2868 3112 2905 unum
3140 2850 3299 2906 Deum
3323 2869 3437 2908 cre-

1859 2941 2054 3002 dentes,
2089 2943 2460 3011 fabricatorem
2491 2944 2606 2996 caeli
2633 2954 2678 2996 et
2707 2955 2884 3008 teme,
2937 2952 3046 2997 etc.
3090 2926 3246 2998 Hanc
3275 2945 3435 3013 [idem

1859 3035 1951 3103 qui
1979 3051 2091 3086 stne
2117 3035 2308 3088 litteris
2343 3036 2702 3098 crediderunt,
2735 3045 2988 3104 quantum
3022 3035 3093 3087 ad
3144 3052 3433 3090 sermonem

1869 3140 2130 3190 nostrum,
2185 3128 2396 3180 barbari
2424 3138 2585 3191 sunt;
2613 3137 2869 3194 quantum
2918 3136 3089 3178 autem
3122 3129 3190 3180 ad
3232 3140 3438 3182 semen.

1869 3216 1996 3268 tiam
2030 3227 2078 3269 et
2127 3217 2577 3280 consuetudinem,
2629 3227 2675 3270 et
2705 3217 3172 3278 conversationem.
3225 3229 3440 3288 propter

1867 3307 2024 3375 ﬁdem
2057 3323 2306 3377 perquam
2363 3308 2739 3374 sapientissimi
2796 3319 2938 3372 sunt,
2966 3319 3013 3361 et
3074 3310 3274 3377 placent
3305 3308 3437 3375 Dee,

247 1254 335 1309 15.
363 1253 476 1307 Cur
495 1265 626 1305 vero
657 1257 806 1304 tanta
858 1261 978 1304 esse
1016 1247 1069 1302 'rn
1109 1246 1417 1310 traditione,
1452 1244 1518 1297 ad
1557 1241 1747 1296 catho-

181 1343 338 1402 licam
365 1345 525 1400 lidem
547 1345 822 1407 tuendam,
839 1351 1111 1397 momenta
1131 1339 1328 1393 vellent
1351 1336 1452 1392 SS.
1474 1337 1747 1399 doctores,

180 1442 338 1505 ratio,
365 1454 433 1492 ex
462 1437 690 1499 lrenao,
726 1437 778 1489 in
826 1440 1076 1504 promptu
1109 1443 1193 1486 est
1220 1451 1231 1487 :
1268 1433 1393 1501 quia
1425 1431 1639 1487 traditio
1673 1435 1748 1489 est

179 1537 242 1587 ab
289 1530 570 1600 apostolis.
603 1528 891 1594 Nimirum,
921 1542 1027 1581 non
1081 1526 1261 1581 omnia
1298 1539 1418 1592 qua:
1448 1524 1752 1578 docuerunt

179 1623 433 1695 apostoli,
447 1622 564 1677 haac
578 1619 1161 1692 scriptismandarunt,
1181 1618 1271 1672 sed
1292 1617 1442 1687 plura
1458 1617 1590 1670 viva:
1606 1615 1754 1670 vocis

176 1716 400 1773 oraculo
420 1715 777 1776 tradiderunt,
794 1713 858 1768 iis
875 1711 1108 1766 maxime
1123 1710 1320 1780 quibus
1333 1709 1600 1764 Ecclesias
1615 1722 1756 1762 cont-

179 1809 506 1876 mittebant;
529 1822 651 1878 qua:
681 1821 778 1878 per
801 1803 1181 1861 successiones
1214 1802 1594 1871 episcoporum
1627 1814 1754 1870 per-

175 1911 447 1959 venerunt
465 1915 635 1971 usque
660 1899 725 1953 ad
758 1913 879 1952 nos.
901 1897 1258 1950 Traditionent
1290 1896 1463 1963 itaque
1486 1892 1752 1962 apostolo-

178 2005 325 2060 rum,
372 1992 551 2063 inquit
575 2006 696 2062 cap.
749 1990 954 2054 5,n.l,
982 1991 1036 2042 in
1062 1997 1170 2041 toto
1217 1987 1413 2039 mundo
1440 1983 1753 2052 manifesta-

179 2098 309 2152 tam,
338 2088 392 2138 in
439 2086 578 2139 omni
636 2083 873 2138 Ecclesia
913 2082 1060 2135 adest
1103 2081 1357 2150 respicere
1395 2078 1634 2133 omnibus
1662 2076 1752 2146 qui

180 2195 304 2233 eera
334 2177 488 2231 velint
517 2177 724 2242 videre;
755 2185 802 2229 et
856 2175 1106 2228 habemus
1152 2187 1505 2227 annumerare
1531 2187 1640 2237 eos,
1663 2170 1753 2241 qui

180 2271 246 2323 ab
308 2271 562 2339 apostolis
605 2269 836 2322 instituti
875 2277 998 2321 sunt
1043 2267 1272 2336 episcOpi
1294 2266 1349 2319 in
1393 2264 1663 2330 Ecclesiis,
1703 2270 1753 2318 et

177 2373 510 2412 successores
535 2374 717 2412 eorum
749 2373 907 2429 usque
933 2356 1003 2410 ad
1021 2372 1132 2420 nos,
1156 2357 1244 2426 qui
1278 2354 1409 2410 nihil
1436 2354 1540 2408 tale
1560 2356 1754 2409 docue-

180 2460 330 2516 runt,
366 2466 530 2522 neque
582 2461 966 2520 cognouerunt,
1014 2454 1170 2520 quale
1219 2451 1284 2504 ab
1330 2451 1415 2506 his
1467 2451 1750 2506 deliratur.

180 2540 396 2598 Etenim
427 2543 476 2597 si
513 2543 783 2598 recondita
825 2545 1072 2613 mysteria
1101 2545 1320 2597 scissent
1371 2542 1755 2613 apostoli,qnte

180 2638 400 2689 seorsim
423 2645 471 2688 et
511 2635 740 2690 latenter
759 2651 789 2686 a
823 2636 1035 2705 reliquis
1061 2634 1321 2705 perfectos
1371 2633 1644 2698 docebant,
1674 2634 1755 2686 his

181 2728 260 2781 rel
293 2727 527 2782 maxime
555 2727 822 2782 traderent
854 2743 937 2791 ea,
985 2727 1177 2798 quibus
1206 2727 1363 2783 etiam
1393 2728 1534 2796 ipsas
1568 2725 1755 2779 Eccle-

181 2819 290 2872 sias
322 2821 738 2874 committebant.
781 2817 944 2873 Valde
985 2822 1123 2874 enim
1157 2819 1411 2891 perfectos
1452 2829 1498 2872 et
1528 2820 1758 2887 irrepre-

181 2911 467 2967 hensibiles
495 2913 553 2966 in
586 2913 826 2966 omnibus
853 2928 940 2967 eos
964 2911 1208 2967 volebant
1247 2927 1376 2976 esse,
1405 2928 1535 2980 quos
1563 2922 1609 2964 et
1639 2928 1759 2966 suc-

179 3019 411 3059 cessores
435 3005 819 3075 relinquebant,
841 3020 992 3059 suum
1017 3007 1249 3073 ipsorum
1277 3003 1446 3057 locum
1469 3005 1757 3073 magisterii

182 3099 490 3164 tradentes,
536 3098 722 3166 quibus
757 3100 1029 3152 emendate
1058 3096 1332 3166 agentibus
1384 3097 1530 3166 ﬁeret
1566 3113 1758 3166 magna

182 3191 415 3255 utilitas,
462 3192 628 3260 lapsis
682 3200 860 3244 autem
899 3206 1110 3244 summa
1147 3189 1447 3245 calamitas.
1491 3189 1767 3245 Firmissi-
1793 3173 1834 3231 (ἶ

182 3297 334 3338 suum
376 3284 566 3354 itaque
592 3293 649 3338 et
691 3284 1044 3339 ineluctabile
1092 3285 1221 3366 illud
1251 3295 1630 3354 argumentum
1659 3296 1760 3340 est.

182 3376 320 3432 Cum
353 3379 550 3449 dogma
580 3378 857 3447 quidpiam
889 3377 943 3432 in
975 3377 1216 3434 Ecclesia
1248 3379 1590 3448 proponitur,
1621 3381 1765 3447 quod

1869 3376 2233 3453 conversantes
2256 3400 2308 3453 in
2341 3401 2482 3454 omni
2503 3399 2735 3469 justitia,
2784 3410 2830 3454 et
2862 3376 3128 3466 castitate,
3158 3413 3206 3456 et
3231 3405 3441 3472 sapien-

184 3467 493 3542 Scripturis
533 3481 620 3526 aut
670 3471 851 3526 l'ulciri
882 3479 975 3525 aut
1009 3471 1315 3541 impugnari
1361 3471 1496 3526 satis
1531 3484 1638 3525 non
1670 3485 1766 3538 po-

1869 3495 1965 3547 tia.
2004 3492 2085 3546 Ad
2117 3494 2257 3546 hanc
2287 3503 2448 3546 unam
2491 3494 2804 3548 traditionis
2834 3510 3077 3550 normam
3109 3496 3326 3552 barbari
3359 3496 3436 3553 illi

186 3572 316 3632 test,
355 3565 489 3621 illud
519 3565 587 3619 ad
629 3565 996 3622 Ecclesiarum
1037 3565 1388 3620 traditionem
1438 3564 1766 3632 exigendum
1870 3585 2149 3654 exigentes
2208 3599 2547 3653 quacunque
2583 3599 2717 3638 nova
2748 3585 2816 3640 ab
2852 3585 3127 3641 Infelicis
3176 3568 3440 3658 propone,

186 3672 298 3727 est;
334 3662 378 3718 si
411 3677 535 3715 cum
567 3675 630 3715 ea
673 3661 999 3727 consentiat,
1052 3659 1106 3715 id
1146 3658 1408 3730 apostolis
1448 3658 1579 3728 ipsis
1610 3671 1768 3712 acce-

1870 3687 2082 3736 rentur,
2118 3675 2298 3729 statim
2337 3671 2714 3731 concludentes
2741 3693 2894 3731 aures
2941 3675 3090 3742 suus,
3146 3677 3297 3748 longe
3322 3678 3446 3734 (οη--Δ

189 3767 340 3826 ptum
373 3753 726 3810 referendum
755 3763 868 3820 est;
902 3753 945 3808 si
978 3753 1286 3819 dissentiat,
1326 3751 1471 3806 illico
1510 3749 1766 3820 rejicien-

1868 3768 1986 3836 gius
2010 3766 2269 3836 fugerent,
2299 3766 2391 3820 nec
2417 3767 2603 3819 audire
2625 3767 2833 3836 quidem
2862 3769 3178 3821 sustinentes
3202 3768 3442 3838 blasphe-

187 3851 314 3904 dum
346 3858 402 3904 et
428 3847 821 3903 damnandum.
851 3847 986 3902 Cum
1015 3847 1161 3902 ettim
1178 3845 1438 3901 Ecclesia:
1464 3859 1656 3900 omnes
1683 3844 1768 3899 vel

1869 3875 2010 3910 mum
2041 3857 2379 3926 colloquium.
2404 3857 2495 3913 Sic
2526 3874 2618 3924 per
2658 3858 2804 3910 illam
2835 3868 3051 3912 veterem
3081 3859 3439 3927 apostolorum

189 3945 256 3999 ab
301 3943 571 4014 apostolis
623 3941 794 4011 ipsis,
839 3941 924 3995 vel
982 3940 1050 3994 ab
1093 3954 1282 3995 eorum
1347 3937 1628 4007 discipulis
1674 3949 1769 3992 aut

1868 3950 2231 4013 traditionent,
2255 3966 2317 4002 ne
2352 3951 2406 4002 in
2436 3950 2823 4018 conceptionem
2862 3951 3071 4019 quidem
3117 3951 3304 4004 mentis
3336 3950 3443 4005 ad-

189 4034 609 4090 successoribns
643 4032 877 4087 fundatae
906 4031 1047 4096 sint;
1086 4031 1178 4102 qui
1215 4031 1375 4099 primi
1408 4030 1474 4083 ad
1522 4044 1614 4084 eas
1669 4028 1769 4082 Ec-

1870 4042 2090 4094 ntittunt
2137 4040 2488 4117 quodcunque
2547 4042 2912 4094 ha’reticorum
2971 4040 3438 4111 portentilcquittm

189 4126 386 4181 clesias
415 4124 687 4195 regendas
725 4123 959 4177 ordinati
992 4133 1120 4176 sunt
1146 4123 1414 4190 episcopi,
1434 4134 1620 4174 eorum
1651 4135 1768 4173 out-
1868 4140 1968 4183 εει,
1998 4129 2073 4184 En
2101 4145 2225 4200 qua;
2277 4141 2332 4184 et
2376 4139 2579 4200 quanta
2635 4131 2833 4201 priscis
2861 4130 3121 4188 Ecclesia:
3141 4131 3440 4200 ‘Patribus,

192 4220 338 4274 nium
370 4232 494 4288 (11³2
522 4232 553 4270 3
586 4217 806 4271 είηὶειο
847 4215 1047 4269 "milia
1096 4223 1151 4269 θῑ
1179 4221 1400 4282 accepta
1446 4213 1765 4274 άοευθτεηιο
1871 4223 2295 4292 apostolicisque
2322 4223 2477 4285 viris,
2509 4222 2819 4277 traditionis
2868 4222 3327 4278 auctoritas'erat.

189 4311 276 4367 vel
328 4309 714 4381 explicuerant
758 4307 1007 4376 apostoli,
1053 4305 1246 4361 notitia
1290 4305 1456 4374 probe
1513 4303 1765 4358 instructi
1945 4313 2029 4367 16.
2062 4312 2294 4368 Medium
2327 4323 2536 4378 autem,
2564 4328 2628 4367 ac
2671 4312 2834 4366 veluti
2869 4313 3098 4382 canalis,
3129 4328 3238 4383 quo
3273 4313 3444 4370 tradi-

191 4409 550 4458 accesset'uut
581 4416 595 4454 :
631 4399 781 4454 valde
809 4401 947 4453 enim
984 4398 1241 4467 perfectos
1295 4406 1344 4451 et
1394 4397 1768 4466 irreprehensi-
1872 4405 1945 4458 ιίυ
1976 4406 2272 4475 apostolica
2301 4405 2370 4458 ad
2402 4418 2502 4459 nos
2535 4419 2705 4472 usque
2739 4402 2892 4458 ﬂuxit
2926 4405 3276 4470 intemerata,
3311 4422 3440 4461 δυο-

191 4498 323 4555 biles
350 4500 406 4553 in
435 4497 680 4550 omnibus
709 4512 793 4550 eos
824 4494 1058 4548 volebant
1114 4511 1224 4547 esse
1262 4492 1512 4564 apostoli,
1546 4509 1672 4563 quos
1719 4502 1765 4545 et
1802 4512 1843 4566 ι)
1875 4499 2048 4552 cessio
2075 4499 2454 4566 episcoporum
2484 4505 2566 4550 est
2602 4496 2842 4565 legitime
2895 4497 2947 4550 in
2981 4496 3218 4550 Ecclesia
3261 4498 3446 4553 catho-

188 4602 521 4641 successores
558 4583 937 4651 relinquebant,
969 4599 1122 4636 suum
1173 4585 1404 4650 ipsorum
1453 4583 1624 4636 locum
1655 4598 1762 4634 ma-
1874 4591 1976 4643 lica
2008 4590 2404 4642 ordinatorum.
2438 4585 2623 4655 Neque
2651 4589 2794 4642 enim
2829 4602 3156 4657 quemquam
3187 4587 3443 4644 Ecclesiis

186 4684 396 4755 gisterii
426 4683 717 4736 tradentes.
747 4681 784 4734 li
829 4696 960 4737 vero
987 4682 1358 4751 apostolorum
1417 4695 1766 4735 successores
1873 4678 2232 4746 praefecerunt
2270 4679 2579 4746 prtulicique
2631 4678 2995 4746 permiserunt
3033 4677 3290 4748 apostoli,
3336 4679 3442 4734 nisi

189 4792 315 4845 qua:
342 4778 412 4831 ab
445 4774 707 4845 apostolis
737 4783 1086 4844 acceperunt,
1118 4773 1232 4827 suis
1266 4773 1504 4826 vicissim
1556 4786 1774 4826 succes-
1866 4769 2018 4837 prius
2041 4783 2103 4824 ea
2132 4769 2334 4832 omnia,
2378 4784 2497 4836 quae
2527 4768 2593 4822 ad
2628 4768 2786 4822 Iidem
2816 4779 2871 4823 et
2899 4783 3078 4824 mores
3131 4771 3446 4825 necessario

189 4867 415 4922 scribus
445 4865 794 4920 tradiderunt
818 4873 874 4918 et
907 4864 1278 4928 crediderunt,
1333 4863 1386 4916 hi
1428 4861 1572 4928 aliis,
1603 4863 1774 4917 donec
1869 4863 2168 4932 pertinent,
2218 4863 2466 4930 apprime
2533 4864 2784 4925 calleret,
2839 4877 3143 4930 eorumque
3196 4864 3442 4918 omnium

184 4975 289 5029 per
311 4960 668 5014 successiones
709 4959 1071 5026 episcoporum
1101 4957 1474 5026 pervenientem
1511 4972 1672 5025 usque
1704 4958 1774 5008 att
1868 4970 1992 5024 qua:
2040 4953 2316 5008 credenda
2371 4962 2427 5007 et
2475 4955 2683 5023 agenda
2718 4953 2975 5007 Ecclesiae
3027 4966 3442 5024 proposuerant,

188 5067 294 5104 nos
325 5050 662 5103 traditionem
696 5059 753 5104 et
805 5037 1110 5104 doctrinam
1166 5047 1519 5116 apostolicam
1555 5047 1653 5115 ipsi
1685 5061 1774 5099 ac-
1871 5047 2062 5100 notitia
2093 5044 2324 5099 solerter
2353 5045 2598 5098 imbutus
2646 5043 2840 5098 fuisset
2876 5061 2890 5097 :
2925 5053 2982 5097 ut
3009 5045 3261 5098 nimirum
3292 5061 3444 5102 estn-

186 5146 529 5212 ceperitnns.
588 5142 666 5196 Ex
702 5143 901 5211 quibus
935 5141 1219 5196 evidenter
1252 5150 1418 5209 patet,
1459 5154 1575 5195 eam
1611 5153 1774 5208 quam
1872 5137 1993 5190 dent
2026 5138 2276 5190 notitiam
2329 5139 2561 5206 posteris
2616 5137 3035 5192 transmitteret.
3069 5137 3137 5190 Et
3168 5136 3293 5192 hinc
3326 5153 3446 5193 eam

183 5239 458 5301 Irenaus,
488 5236 692 5306 aliique
727 5233 830 5290 SS.
864 5235 1052 5290 Patres
1108 5234 1452 5288 traditionem
1495 5232 1774 5302 apostolo-
1877 5232 2256 5298 episcoporum
2321 5230 2723 5283 successionem
2796 5238 2903 5281 tam
2959 5230 3161 5283 acriter
3231 5238 3449 5300 tamque

186 5345 322 5388 tum
381 5330 596 5395 dicunt,
630 5330 955 5398 ipsissimam
1016 5343 1135 5382 esse
1169 5327 1534 5395 apostolorum
1572 5326 1776 5382 doctri-
1874 5320 2190 5392 frequenter
2215 5328 2373 5388 urget
2405 5321 2670 5374 adversus
2717 5319 3004 5373 haereticos
3053 5321 3324 5382 lrentcus;
3357 5334 3450 5375 ra-

184 5439 351 5486 nam,
375 5437 547 5488 quam
577 5422 698 5475 viva
753 5436 885 5476 voce
921 5431 1030 5474 tum
1066 5420 1327 5475 Ecclesiis
1363 5434 1392 5471 a
1424 5434 1482 5471 se
1511 5417 1774 5480 fundatis,
1874 5422 1961 5468 tus
1988 5415 2265 5479 videlicet,
2301 5413 2431 5466 nihil
2463 5411 2737 5467 efﬁcacius
2796 5427 2916 5467 esse
2949 5413 3015 5464 ad
3055 5411 3449 5467 retundendam

184 5511 415 5589 [CXIV]
449 5524 560 5567 tum
605 5513 672 5566 iis
724 5526 861 5580 quos
891 5512 1245 5565 instituerunt
1274 5507 1566 5578 episcopis,
1607 5508 1778 5561 tradi-
1873 5523 2089 5562 omnem
2145 5507 2457 5561 hacreticam
2517 5505 2900 5574 pervicaciam.
2959 5502 3085 5558 Non
3147 5507 3305 5570 enim,
3367 5505 3452 5559 in-

180 5611 402 5665 derunt
455 5615 509 5659 et
561 5605 939 5665 crediderunt;
995 5604 1137 5658 hanc
1191 5602 1361 5663 enim,
1398 5610 1454 5652 ut
1502 5601 1611 5668 jam
1642 5599 1776 5664 dixi,
1874 5599 2069 5666 quit",
2095 5606 2291 5666 oportet
2313 5595 2855 5666 quterereapudalios
2875 5596 3338 5663 veritatem,quam
3363 5595 3448 5664 fa-

182 5701 442 5758 lrenaeus
469 5716 496 5750 a
530 5697 830 5765 Scripturis
867 5706 1050 5764 aperte
1081 5693 1388 5764 distinguit.
1420 5690 1538 5744 Non
1596 5692 1776 5745 tuino-
1875 5690 1971 5743 ctle
1991 5703 2060 5744 est
2105 5691 2166 5742 ab
2214 5688 2447 5742 Ecclesia
2484 5702 2686 5740 sumere
2718 5703 2736 5740 :
2789 5703 2906 5740 cum
2942 5687 3187 5756 apostoli,
3217 5689 3367 5758 quasi
3395 5691 3449 5744 in

261 5881 316 5917 ⁵⁸
348 5877 409 5934 C.
442 5879 656 5942 3,n.2:
682 5872 960 5940 c.?,tt.3;
986 5874 1125 5937 αι,
1157 5889 1210 5925 η.
1253 5872 1296 5926 l.
1378 5869 1422 5902 ⁵³
1456 5868 1517 5922 Ν.
1549 5869 1601 5922 ‘2.
1701 5867 1840 5935 ΕΝ.
1880 5868 1922 5920 ι.
