4196 6330
788 393 896 451 265

1592 387 2188 447 DISSERTATIONES
2219 382 2522 442 ΡΒᾸΞἫᾸΞ
2551 383 2621 440 IN
2657 382 2915 440 ΙΗΕΝΛΕΙ
2950 383 3216 441 LIBROS.

3928 385 4034 440 ξω

787 509 1167 576 depositorium
1220 509 1385 575 dives,
1427 509 1725 575 plenissime
1757 510 1810 562 in
1858 525 1973 563 eam
2035 507 2349 561 contulerint
2387 509 2428 562 Α
2457 503 2558 564 sio,
2591 518 2752 554 unam
2796 513 2844 554 et
2879 502 3113 554 eamdem
3154 500 3539 568 viviﬁcatriccm
3571 501 3724 569 [idem
3752 519 3885 566 esse,
3917 521 4036 573 qua:

786 601 992 664 omnia,
1017 617 1135 671 qua:
1164 611 1283 655 sunt
1310 599 1578 663 veritatis;
1602 609 1657 652 ut
1685 601 1876 663 omnis,
1902 614 2199 670 quicunque
2217 598 2356 662 velit,

786 699 963 744 sumat
1034 707 1099 745 etc
1137 707 1196 744 ea
1221 705 1402 759 potum
1451 691 1588 743 sitw.
1617 687 1790 743 Porro
1850 690 2158 758 depositorii
2212 689 2358 746 illius

789 781 990 847 divitis,
1027 782 1083 836 in
1109 783 1248 854 quod
1277 781 1576 850 plenissime
1613 783 1948 836 contulerunt
1986 783 2211 852 apostoli
2247 799 2359 837 ont-

787 873 878 926 nia
912 888 1030 943 quis
1078 881 1198 926 sunt
1229 871 1484 933 veritatis,
1506 871 1762 924 custodes
1815 880 1941 925 sunt
1967 871 2022 935 ii,
2050 886 2188 940 quos
2217 869 2360 924 Deus

788 966 904 1030 ipse
952 965 1004 1020 in
1048 964 1285 1019 Ecclesia
1315 977 1409 1017 sua
1439 963 1718 1017 constituit
1768 965 2035 1018 ministros
2062 961 2284 1030 Christi,
2309 977 2358 1019 et

783 1056 1174 1123 dispensatores
1220 1054 1586 1123 mysteriorum
1641 1051 1777 1117 Dei;
1812 1052 2049 1122 episcopi
2082 1053 2352 1120 videlicet,

783 1147 874 1216 qui
918 1161 1017 1216 per
1043 1145 1338 1216 legitimam
1393 1144 1797 1215 impositionem
1832 1160 2090 1199 manuum
2120 1145 2187 1200 ab
2224 1161 2357 1215 apo-

783 1236 942 1292 stolis
963 1232 1269 1306 eorumque
1291 1238 1700 1292 successoribus
1727 1237 1778 1290 i‘u
1817 1236 2059 1292 Ecclesia
2087 1239 2355 1296 catholica

779 1330 1024 1385 ordinati
1071 1339 1126 1386 et
1161 1330 1468 1386 consecrati
1524 1339 1669 1385 sunt.
1706 1330 2022 1398 Propterea,
2061 1333 2137 1387 ait
2165 1344 2358 1388 anetor

785 1431 993 1488 uoster,
1014 1424 1060 1476 si
1079 1424 1144 1477 de
1173 1423 1355 1494 aliqua
1401 1424 1608 1477 modica
1635 1427 1923 1494 qtttestione
1943 1429 2249 1495 disceptatio
2275 1445 2358 1482 es-

781 1525 882 1577 set,
916 1531 1084 1570 nonne
1106 1527 1363 1586 oporteret
1385 1517 1438 1570 in
1465 1517 1857 1584 antiquissimus
1875 1537 2140 1574 recurrere
2169 1521 2355 1576 Eccle-

781 1608 912 1672 sias,
942 1609 996 1660 in
1025 1611 1210 1677 quibus
1258 1611 1484 1679 apostoli
1510 1613 1800 1665 conversati
1848 1623 1990 1674 sunt,
2022 1625 2070 1667 et
2098 1615 2163 1667 ab
2191 1616 2264 1669 eis
2292 1616 2355 1669 de

780 1704 1027 1766 prtesenti
1053 1705 1335 1771 quaestione
1359 1720 1565 1759 sumere
1610 1707 1751 1774 quod
1772 1717 1990 1772 certum,
2040 1718 2088 1762 et
2121 1725 2176 1761 re
2204 1707 2358 1780 liqui-

783 1792 908 1844 dum
932 1802 1009 1845 est
1032 1792 1236 1849 iRatio
1263 1804 1347 1850 est
1376 1797 1500 1866 quia
1547 1813 1650 1851 non
1687 1807 1896 1853 tantum
1937 1800 1989 1854 in
2040 1802 2356 1870 antiquissi-

785 1882 889 1936 mis
917 1883 1022 1938 illis
1053 1885 1309 1941 Ecclesiis
1339 1890 1644 1945 conversati
1677 1901 1827 1945 .sunt
1886 1893 2135 1962 apostoli,
2168 1903 2222 1948 et
2247 1895 2357 1964 ple-

785 1977 1000 2030 nissime
1027 1979 1081 2031 in
1097 1995 1184 2032 eas
1203 1981 1533 2035 contulerunt
1561 1985 1736 2036 omnia
1762 2001 1880 2054 qua:
1896 1994 2016 2039 sunt
2039 1987 2270 2040 veritatis
2288 1987 2354 2052 ⁸⁶;

783 2065 875 2119 sed
935 2075 991 2120 et
1045 2067 1233 2120 iisdem
1299 2069 1661 2138 prafecerunt
1729 2073 2045 2142 episcopos,
2109 2073 2200 2143 qui
2253 2073 2354 2128 sibi

779 2158 831 2210 iu
868 2173 1056 2212 earum
1108 2159 1367 2229 regimine
1422 2163 1816 2229 succederent;
1854 2178 1991 2233 quos
2050 2181 2172 2220 cum
2201 2164 2357 2218 valde

777 2247 1076 2319 perfectos,
1129 2264 1183 2307 et
1222 2255 1735 2324 irreprcltensibiles
1769 2257 1819 2310 in
1865 2257 2118 2314 omnibus
2158 2259 2357 2315 vellent

776 2359 934 2410 esse;
963 2344 1007 2399 si
1039 2346 1319 2400 recondita
1343 2348 1600 2418 mysteria
1627 2349 1878 2408 scissent.
1906 2350 1991 2404 his
2014 2350 2094 2403 vel
2124 2350 2355 2405 maxime

782 2439 1063 2495 traderent
1085 2454 1171 2500 ea,
1198 2441 1393 2510 quibus
1418 2441 1580 2495 etiam
1628 2441 1772 2512 ipsas
1799 2440 2073 2496 Ecclesias
2105 2442 2354 2497 commit-

781 2530 992 2585 tebant.

848 2622 938 2675 Π.
965 2622 1160 2678 Merito
1195 2625 1360 2694 igitur
1391 2624 1457 2679 ad
1519 2625 1898 2694 episcOporum
1949 2625 2350 2680 successionem

735 2703 1040 2777 provocat
1099 2716 1386 2770 haereticos
1441 2715 1702 2782 lrenaaus,
1758 2717 1883 2783 quia
1929 2716 2018 2768 illa
2076 2719 2353 2773 successio

777 2809 1145 2863 certissimum
1184 2817 1288 2872 est,
1323 2808 1707 2874 indubitatum,
1755 2808 2118 2878 clunibusque
2177 2810 2354 2864 mani-

778 2904 980 2958 festum
1006 2903 1318 2972 apostolica:
1347 2903 1655 2957 traditionis
1703 2913 1867 2972 atque
1899 2904 2158 2959 doctrinm
2188 2920 2352 2973 argu-

776 3005 1059 3061 mentum;
1111 2996 1225 3050 lta2c
1251 3009 1346 3064 per
1397 2995 1542 3048 illam
1595 2996 1964 3065 dignoscitur,
2013 2997 2351 3052 veraafalsa

774 3088 1106 3155 secernitur,
1138 3088 1464 3155 sinceraque
1494 3096 1546 3140 et
1597 3087 1914 3142 intemerata
1944 3088 2009 3142 ad
2051 3105 2149 3144 nos
2179 3105 2351 3158 usque

2461 595 2514 646 in
2557 593 2793 647 Ecclesia
2822 595 2888 647 ab
2938 594 3194 661 apostolis
3229 611 3392 665 usque
3428 612 3586 657 nunc,
3623 597 3689 648 sit
3723 606 4035 652 conservata

2460 696 2509 741 et
2538 688 2736 740 tradita
2759 687 2813 740 in
2846 689 3082 741 veritate.

2532 780 2618 834 18.
2651 779 2907 833 Romana:
2933 778 3188 832 Ecclesiae
3220 779 3505 832 traditioni
3539 779 3817 850 subjuugit
3843 779 3889 814 "
3924 791 4036 835 tra-

2460 871 2722 926 ditionem
2753 870 3081 924 Asiauarum
3119 869 3510 930 Ecclesiarum,
3552 867 3903 939 Stuyrueusis
3955 871 4036 923 iu-

2460 962 2656 1030 primis
2700 971 2757 1016 et
2786 961 3092 1029 Ephesium,
3123 975 3287 1029 quam
3343 964 3550 1026 pariter
3581 962 3772 1029 probat
3803 977 3870 1016 ex
3902 977 4032 1017 suc-

2459 1056 2711 1109 cessione
2752 1054 3156 1122 episcoporum.
3199 1052 3266 1107 In
3319 1071 3383 1106 ea
3431 1053 3722 1123 siquidem,
3785 1071 3906 1126 qua:
3959 1064 4034 1107 est

2462 1144 2726 1216 Smyrnis,
2757 1145 2992 1200 Ecclesia
3042 1143 3392 1215 Polycarpus,
3426 1146 3489 1198 ab
3521 1145 3769 1213 apostolis
3795 1146 4032 1212 edoctus,

2459 1246 2507 1290 et
2540 1250 2874 1292 conversatus
2913 1255 3032 1292 cum
3077 1239 3366 1291 multis'ea:
3412 1241 3486 1290 eis
3508 1242 3596 1303 qui
3622 1237 3907 1291 Dominum
3943 1255 4039 1292 no-

2458 1341 2626 1382 strum
2658 1331 2922 1395 viderunt,
2956 1332 3020 1383 ab
3054 1333 3305 1400 apostolis
3336 1331 3391 1384 in
3415 1331 3540 1384 Asia
3564 1332 3883 1385 constitutus
3929 1331 4039 1399 epio

2457 1437 2666 1488 scapus,
2703 1422 2813 1473 hinc
2843 1422 3025 1474 docuit
3055 1439 3260 1490 semper
3291 1439 3409 1491 quae
3455 1423 3517 1475 ab
3553 1422 3803 1486 apostolis
3833 1423 4037 1475 didice-

2459 1523 2563 1579 rat,
2603 1529 2720 1582 qua:
2777 1523 2824 1566 et
2885 1511 3402 1578 Ecclesitetradidit,
3444 1524 3492 1567 et
3538 1515 3652 1567 sola
3712 1525 3834 1567 sunt
3885 1530 4034 1569 vera.

2461 1605 2835 1659 Testimonium
2867 1607 2948 1658 his
2976 1605 3266 1672 perhibent,
3293 1623 3409 1676 qua:
3437 1616 3559 1659 sunt
3589 1608 3641 1660 in
3666 1606 3816 1672 Asia,
3851 1604 4040 1661 Eccle-

2456 1697 2550 1750 siae
2578 1712 2772 1758 omnes,
2803 1707 2850 1748 et
2881 1698 2972 1764 qui
3007 1714 3168 1763 usque
3217 1700 3389 1752 adhuc
3447 1709 3806 1752 successerunt
3875 1698 4040 1770 Poly-

2457 1803 2684 1856 carpo...
2715 1787 2815 1842 Sed
2864 1801 2909 1844 et
2951 1806 3068 1861 qua:
3102 1800 3178 1844 est
3230 1790 3425 1854 Ephesi
3459 1790 3720 1854 Ecclesia,
3777 1809 3809 1844 a
3857 1791 4038 1846 Paulo

2459 1883 2670 1950 quidem
2697 1882 2947 1950 fundata,
2977 1882 3185 1938 Joanne
3215 1895 3389 1937 autem
3418 1894 3752 1952 permanente
3781 1886 3921 1954 apud
3947 1903 4038 1939 eos

2458 1992 2620 2045 usque
2653 1977 2722 2028 ad
2758 1975 2979 2045 Trajani
3006 1987 3261 2045 tempora,
3293 1978 3439 2030 testis
3483 1986 3562 2030 est
3593 1993 3742 2030 verus
3767 1979 4040 2047 apostolo-

2460 2086 2575 2121 rum
2615 2071 2946 2123 traditionis.
3003 2071 3066 2124 Et
3125 2070 3252 2124 hinc
3297 2073 3602 2125 rectissime
3655 2071 3931 2126 concludit
3963 2072 4035 2135 ‘°,

2456 2162 2549 2222 eis,
2579 2163 2667 2230 qui
2694 2160 2746 2213 in
2775 2161 3010 2215 Ecclesia
3046 2171 3168 2215 sttnt
3192 2202 3208 2225 ,
3239 2164 3555 2232 presbyteris
3585 2163 3834 2216 obaudire
3876 2178 4042 2230 apor-

2457 2261 2587 2316 tere,
2621 2254 2701 2320 liis
2756 2257 2846 2325 qui
2897 2257 3278 2308 successionem
3311 2258 3500 2309 habent
3543 2257 3607 2308 ab
3634 2255 3918 2325 apostolis;
3942 2257 4038 2326 qui

2455 2364 2574 2400 cum
2607 2351 2942 2418 episcOpatus
2971 2351 3298 2403 successione
3341 2351 3605 2402 charisma
3655 2351 3887 2402 t-eritat.‘s
3919 2363 4040 2402 cer—

2455 2453 2587 2508 tum,
2604 2445 2890 2497 secundum
2907 2441 3162 2510 placitum
3185 2439 3359 2495 Patris
3378 2434 3564 2512 [CXV]
3582 2454 3888 2510 acceperunt
3911 2460 3932 2508 ;
3952 2461 4042 2498 re-

2455 2535 2623 2606 liquos
2645 2551 2786 2598 vero,
2815 2537 2906 2606 qui
2931 2534 3189 2588 absistunt
3216 2552 3247 2587 a
3281 2533 3564 2603 principali
3603 2535 3952 2598 successione,
3979 2547 4040 2589 et

2451 2646 2762 2702 quocunque
2801 2629 2913 2683 loco
2939 2629 3210 2697 colligunt,
3235 2641 3495 2697 suspectos
3523 2627 3730 2688 habere,
3773 2627 3846 2681 vel
3879 2630 4040 2697 quasi

2451 2723 2730 2779 Ita'reti‘cos
2755 2732 2803 2775 et
2829 2722 2983 2775 mala:
3013 2723 3287 2775 sententia:
3310 2737 3328 2786 ;
3355 2720 3434 2774 vel
3459 2723 3610 2790 quasi
3633 2720 3956 2783 scindentes,
3980 2731 4040 2774 et

2451 2814 2641 2880 elatos,
2690 2825 2736 2869 et
2781 2815 2881 2868 sibi
2924 2815 3229 2881 placentes;
3259 2825 3348 2866 aut
3402 2830 3586 2867 rursus
3617 2824 3670 2866 ut
3699 2816 4038 2882 hypocritas,

2453 2915 2685 2975 quwstus
2711 2907 2888 2975 gratia
2935 2917 2982 2960 et
3013 2923 3162 2960 vanis
3186 2907 3372 2975 gloria:
3391 2906 3484 2959 hoc
3517 2916 3814 2975 Operantes.
3866 2905 3931 2958 Et
3960 2904 4038 2968 °‘,

2455 3000 2596 3066 apud
2620 3013 2710 3050 eos
2755 2999 2954 3050 discere
2993 3008 3227 3065 oportere
3277 2999 3572 3063 veritatem,
3618 2998 3758 3066 apud
3790 3014 3920 3067 quos
3953 3011 4036 3052 est

2454 3106 2538 3150 ea,
2587 3106 2705 3160 qua:
2759 3099 2836 3142 est
2873 3089 2937 3142 ab
2990 3090 3243 3158 apostolis
3294 3087 3546 3144 Ecclesia:
3587 3091 3866 3154 successio,
3896 3099 3947 3143 et
3973 3091 4036 3144 id

778 3179 1191 3233 transmittitur.
1227 3178 1585 3233 Traditionem
1626 3182 1800 3251 itaque
1851 3182 2232 3250 apostolorum,
2267 3186 2346 3238 in-
2378 3199 2419 3258 ο
2453 3181 2591 3250 quod
2624 3189 2699 3233 est
2753 3198 2942 3235 sanum
2974 3191 3022 3234 et
3069 3181 3443 3248 irreprobabile
3495 3185 3926 3247 conversationis,
3977 3197 4034 3238 es

774 3270 917 3340 quit,
959 3272 1011 3322 in
1043 3280 1151 3324 toto
1182 3271 1379 3323 mundo
1410 3271 1822 3339 manifestatam,
1850 3275 1903 3326 in
1931 3276 2074 3327 omni
2111 3275 2349 3330 Ecclesia

773 3366 926 3418 adest
957 3367 1208 3433 respicere
1229 3366 1488 3428 omnibus,
1518 3366 1608 3434 qui
1661 3382 1781 3419 vera
1824 3367 1981 3420 velint
2015 3369 2209 3422 videre.
2240 3370 2350 3425 Cur

775 3456 894 3510 ita?
921 3453 1078 3524 Quia,
1113 3455 1281 3518 addit,
1317 3455 1566 3509 habemus
1618 3473 1969 3511 annumerare
2016 3475 2123 3522 eos,
2160 3460 2247 3529 qui
2285 3460 2349 3512 ab

774 3549 1030 3617 apostolis
1068 3548 1298 3601 instituti
1352 3562 1473 3602 sunt
1519 3552 1747 3617 episcopi
1784 3551 1840 3602 in
1873 3549 2147 3612 Ecclesiis,
2183 3552 2352 3605 tradi-

776 3640 943 3696 tionis
972 3639 1115 3693 illius
1149 3638 1407 3713 custodes
1432 3649 1594 3709 atque
1623 3640 2051 3709 dispensatores,
2078 3651 2123 3694 et
2141 3659 2348 3697 succes-

774 3749 918 3785 sores
948 3746 1126 3784 eorum
1159 3747 1320 3800 usque
1347 3734 1414 3782 ad
1465 3747 1583 3795 nos,
1610 3731 1700 3799 qui
1724 3732 1854 3785 nihil
1887 3734 1991 3786 tale
2036 3734 2346 3802 docuerunt,

775 3841 939 3894 neque
964 3833 1333 3893 cognoverunt,
1362 3821 1517 3890 quale
1542 3824 1604 3875 ab
1635 3825 1893 3879 htereticis
1918 3825 2195 3879 deliratur.
2213 3825 2348 3893 Quia

775 3931 904 3971 vero
929 3916 1142 3986 longum
1177 3926 1328 3980 esset,
1364 3928 1422 3968 ut
1460 3917 1575 3985 ipse
1603 3917 1679 3969 ait
1705 3916 1774 3980 ",
1817 3919 2049 3971 omnium
2093 3917 2353 3972 Ecclesia-

773 4025 889 4062 rum
913 4023 1222 4061 enumerare
1260 4008 1652 4071 successiones;
1684 4008 1815 4060 satis
1847 4022 1988 4074 esse,
2034 4009 2195 4078 idque
2221 4007 2349 4079 jure

776 4101 996 4163 merita,
1025 4109 1203 4172 lnutat,
1232 4100 1276 4153 si
1335 4099 1730 4168 prmcipuarum
1763 4115 1826 4158 ac
1862 4101 2244 4166 celebriorum,
2283 4117 2349 4156 ac

775 4192 829 4246 in
863 4191 1051 4262 primis
1079 4193 1345 4252 maxime,
1379 4200 1425 4242 et
1452 4191 1860 4260 antiquissimae,
1890 4202 1940 4246 et
1991 4194 2233 4248 omnibus
2260 4212 2349 4248 co-

771 4283 956 4353 gnita',
1010 4295 1058 4337 et
1104 4301 1133 4334 n
1156 4283 1548 4352 gloriosissimis
1597 4283 1798 4338 duobus
1829 4286 2077 4354 apostolis
2108 4285 2266 4342 Petro
2301 4300 2347 4342 et

773 4373 947 4429 Paulo
992 4375 1172 4430 Roma:
1219 4376 1457 4444 fundata:
1502 4384 1551 4428 et
1599 4379 1898 4433 constituta:
1956 4379 2229 4446 Ecclesia,
2262 4399 2346 4447 ea,

771 4484 931 4537 quam
962 4469 1112 4520 habet
1129 4470 1191 4522 ab
1221 4472 1495 4540 apostolis,
1527 4472 1764 4534 traditio,
1818 4480 1865 4525 et
1901 4474 2214 4527 annuntiata
2253 4474 2349 4528 lto-

2453 3267 2871 3321 iuadulteratum
2912 3279 2959 3322 et
2991 3270 3388 3336 incorruptibile
3415 3273 3668 3326 sermonis
3699 3282 3924 3328 constat.
3954 3273 4034 3327 Hi

2453 3360 2590 3411 enim
2626 3372 2672 3411 et
2704 3376 2840 3426 eam,
2864 3375 2984 3430 qua:
3014 3372 3086 3414 est
3124 3363 3178 3413 in
3210 3379 3372 3415 unum
3408 3363 3594 3422 Deum,
3619 3365 3707 3432 qui
3739 3367 3912 3418 omnia
3951 3367 4038 3434 fe-

2453 3454 2541 3516 cit,
2576 3452 2732 3521 ﬁdem
2782 3464 3017 3506 nostram
3062 3456 3402 3520 custodiunt;
3434 3467 3482 3508 et
3534 3473 3672 3520 eam,
3722 3475 3839 3528 qua:
3868 3471 3941 3513 est
3972 3461 4035 3514 in

2457 3541 2656 3596 Filium
2689 3543 2803 3608 Dei,
2835 3546 3169 3599 dilectionem
3195 3547 3498 3616 adaugent;
3523 3551 3610 3618 qui
3635 3561 3809 3603 tantas
3845 3553 4031 3619 dispo-

2452 3636 2665 3690 sitiones
2712 3648 2923 3705 propter
2969 3653 3062 3691 nos
3109 3638 3228 3702 fecit
3259 3647 3349 3690 :et
3397 3637 3700 3708 Scripturas
3751 3643 3862 3695 sine
3889 3643 4039 3710 peri-

2452 3730 2571 3785 culo
2604 3731 2750 3785 nobis
2778 3741 3065 3800 exponunt.
3089 3731 3224 3786 Hiuc
3253 3733 3487 3802 denique
3542 3738 3733 3787 merito
3770 3734 3934 3788 infert
3957 3735 4033 3801 ",

2452 3836 2549 3889 per
2578 3822 2928 3874 successiones
2973 3825 3357 3891 episcoporum,
3388 3825 3577 3892 quibus
3611 3826 3838 3889 apostoli
3885 3842 4032 3888 eam,

2452 3930 2567 3983 qua:
2609 3916 2662 3967 in
2693 3931 2999 3983 unoquoque
3039 3915 3153 3971 loco
3195 3925 3293 3980 est,
3330 3915 3620 3969 Ecclesiam
3666 3920 4032 3984 tradiderunt,

2453 4008 2747 4076 pervenisse
2783 4024 2944 4076 usque
2996 4007 3064 4060 ad
3111 4026 3204 4062 nos
3251 4009 3601 4063 custoditione
3651 4012 3764 4063 sine
3814 4011 4036 4078 ﬁctione

2453 4099 2852 4169 Scripturarum
2881 4104 3250 4155 tractationem
3277 4101 3656 4171 plenissimam,
3683 4120 3842 4173 neque
3865 4106 4030 4160 addi-

2453 4205 2766 4260 tamentum,
2791 4212 2954 4264 neque
3000 4196 3318 4249 oblationem
3367 4197 3736 4264 recipientem;
3767 4209 3815 4252 et
3842 4200 4035 4256 lectio-

2453 4301 2570 4337 nem
2600 4288 2711 4338 sine
2753 4285 3072 4353 falsatione;
3105 4294 3150 4338 et
3176 4289 3459 4340 secundum
3492 4285 3796 4358 Scripturas
3816 4297 4034 4361 exposi-

2453 4378 2646 4431 tionem
2701 4377 2986 4447 legitimam
3022 4420 3037 4443 ,
3066 4387 3112 4430 el
3153 4377 3477 4446 diligentem,
3529 4391 3573 4433 et
3617 4382 3730 4434 sine
3769 4386 4031 4449 periculo,

2450 4481 2498 4524 et
2537 4471 2647 4522 sine
2677 4470 3047 4539 blasphemia;
3098 4483 3146 4523 et
3190 4472 3512 4540 prtecipuum
3570 4472 3867 4528 dilectionis
3912 4494 4035 4529 mu-

772 4559 999 4613 minibus
1025 4563 1175 4629 ﬁdes,
1230 4579 1321 4623 per
1348 4565 1728 4618 succcessiones
1772 4565 2128 4632 episcoporum
2175 4583 2348 4635 perve-
2379 4539 2422 4594 Β
2455 4579 2576 4627 ηαδ,
2631 4571 2739 4619 elc-

773 4653 919 4704 niens
945 4669 1106 4721 usque
1132 4654 1198 4704 atl
1234 4670 1347 4718 nos,
1385 4656 1666 4720 indicetur,
1717 4668 1773 4709 ut
1805 4657 2212 4711 confundantur
2233 4675 2346 4709 om-

771 4761 886 4807 nes,
910 4746 998 4814 qui
1029 4762 1235 4814 quoquo
1278 4746 1430 4799 modo
1458 4757 1807 4816 prwterquam
1845 4757 2045 4815 oportet
2075 4747 2349 4818 colligunt,

774 4836 956 4899 idest,
1001 4838 1318 4906 praeter-jus
1369 4838 1558 4908 fasque
1603 4850 1906 4895 conventus
1952 4850 2141 4909 agunt.
2178 4839 2235 4894 lu
2288 4857 2348 4894 ea

773 4927 972 4996 quippe
1032 4927 1272 4983 Ecclesia
1310 4946 1516 4998 semper
1546 4941 1855 4984 conservata
1915 4944 1990 4986 est
2019 4951 2102 4996 ea,
2132 4949 2249 5000 qute
2275 4943 2350 4986 est

769 5019 834 5071 ab
870 5020 1145 5087 apostolis,
1179 5021 1418 5074 traditio.
1449 5020 1602 5088 Quod
1633 5024 1867 5078 subinde
1908 5025 2101 5091 probat
2133 5040 2197 5077 ex
2227 5041 2353 5080 cou-

770 5109 921 5162 tinua
953 5109 1320 5165 Romanorum
1352 5115 1733 5184 episcoporum
1761 5132 1788 5168 a
1819 5115 1977 5170 Petro
2006 5120 2071 5170 ad
2096 5117 2350 5172 Eleuthe-

770 5215 888 5254 rum
929 5217 1122 5270 usque,
1154 5204 1243 5271 qui
1294 5221 1390 5259 suo
1425 5215 1665 5277 tempore
1709 5206 2009 5262 Romanam
2042 5208 2346 5264 Ecclesiam

770 5299 1014 5360 regebat,
1040 5300 1388 5354 successione
1415 5319 1428 5367 ;
1468 5318 1572 5370 qua
1601 5315 1945 5369 enumerata,
1969 5304 2244 5358 concludit
2264 5305 2309 5336 ⁸⁵
2333 5321 2346 5359 :

773 5386 888 5441 llac
945 5392 1277 5445 ordinatione
1339 5407 1384 5447 et
1457 5399 1822 5460 successione,
1871 5413 1931 5449 ea
1991 5412 2110 5466 qute
2161 5407 2236 5449 est
2280 5397 2344 5449 ab

771 5479 1042 5545 apostolis,
1072 5482 1123 5533 in
1153 5482 1648 5549 Ecclesiatraditio,
1677 5496 1726 5540 et
1761 5487 1996 5540 veritatis
2019 5489 2346 5556 prtcconatto

766 5572 994 5635 pervenit
1022 5588 1181 5641 usque
1211 5575 1278 5626 ad
1311 5592 1424 5627 nos.
1459 5575 1522 5627 Et
1558 5587 1632 5630 est
1675 5579 1982 5645 plenissima
2020 5581 2130 5633 lucc
2171 5593 2347 5636 Osten-

839 5783 885 5814 "
915 5781 1029 5836 Lib.
1065 5801 1151 5845 Ill,
1185 5802 1304 5854 cap.
1340 5787 1394 5843 3.
1420 5806 1470 5840 ιι.
1509 5790 1558 5842 Ι.

769 5853 855 5922 35,
885 5872 935 5908 n.
966 5861 1019 5910 8.

1639 5790 1680 5820 ⁵⁷
1715 5786 1778 5843 Ν.
1807 5793 1861 5846 ‘2.

1941 5793 2079 5848 "N.
2115 5794 2168 5860 ὅ,

1100 5861 1144 5889 ⁸³
1174 5858 1289 5913 Lib.
1326 5875 1402 5918 ιιι,
1441 5879 1486 5912 c.
1519 5860 1604 5923 “li,
1643 5878 1694 5915 ιι.
1734 5865 1777 5914 Ἰ.

2246 5795 2289 5828 ⁸⁹
2320 5790 2383 5850 N.
2431 5791 2486 5850 4.

2526 4658 2614 4713 t9.
2648 4658 2724 4711 Ex
2755 4657 2819 4710 iis
2846 4656 3097 4710 omnibus
3146 4655 3411 4723 sequitur,
3468 4656 3766 4726 legitimam
3810 4658 4033 4726 episco-

2448 4766 2640 4819 porum
2673 4748 3080 4803 successionem
3143 4748 3508 4807 certissimqu
3553 4764 3677 4803 esse
3728 4764 4031 4818 argumen-

2452 4854 2588 4908 tum,
2651 4857 2758 4911 quo
2809 4843 3214 4894 demonstratur
3262 4841 3611 4894 traditionem
3669 4842 4030 4909 apostolicam

2447 4951 2639 5007 puram
2673 4945 2729 4989 et
2757 4933 3020 4987 illibatam
3048 4948 3263 5002 semper
3287 4933 3338 4985 in
3367 4933 3610 4987 Ecclesia
3636 4945 4027 4988 conservatam

2450 5030 2638 5094 fuisse;
2669 5041 2899 5095 eamque
2954 5027 3357 5087 iutemeratam,
3414 5040 3512 5093 per
3559 5026 3868 5096 t‘piSCOpOS,
3929 5031 4027 5098 qui

2447 5120 2550 5174 sibi
2605 5119 2836 5172 invicem
2876 5118 2942 5171 ab
2995 5117 3364 5186 apostolorum
3419 5120 3753 5184 temporibus
3812 5119 3881 5171 ad
3928 5137 4028 5172 uo-

2447 5222 2559 5265 stra
2587 5226 2758 5278 usque
2783 5219 3188 5276 successerunt,
3216 5210 3280 5263 ad
3313 5226 3412 5264 nos
3439 5213 3767 5279 pervenisse;
3791 5213 3834 5267 si
3863 5218 4028 5269 modo

2446 5306 2688 5374 episcopi
2724 5304 2962 5374 legitime
3012 5312 3066 5356 et
3112 5303 3408 5356 secundum
3449 5303 3706 5359 Ecclesia:
3753 5305 3904 5374 leges
3934 5325 4026 5362 or-

2447 5397 2613 5451 dinati
2648 5398 2777 5462 sint,
2809 5407 2865 5449 et
2912 5397 2977 5449 ab
3005 5396 3213 5450 raritate
3264 5395 3525 5449 Ecclesia:
3556 5411 3662 5449 non
3695 5397 4024 5454 defecerint.

2448 5489 2606 5556 Nam,
2663 5499 2723 5542 ut
2773 5489 2850 5542 ait
2883 5498 3072 5542 auctor
3120 5488 3397 5548 noster“,
3468 5503 3593 5541 vera
3647 5491 4026 5552 apostolorum

2449 5582 2664 5635 traditio
2717 5589 2882 5650 atque
2937 5581 3210 5646 doctrina,
3263 5579 3360 5632 Dei
3411 5596 3600 5634 manus
3647 5593 3722 5634 est
3771 5581 4029 5638 Ecclesiae

2564 5792 2607 5823 ⁶⁰
2638 5790 2806 5858 lreu.,
2836 5789 2932 5846 lib.
2967 5806 3040 5858 tv,
3071 5806 3120 5844 c.
3156 5789 3243 5854 26,
3279 5805 3331 5841 u.
3366 5787 3424 5841 9..
3502 5787 3542 5818 ⁶¹
3581 5787 3642 5840 Ν.
3684 5787 3734 5840 5.
3813 5786 3859 5818 ⁶¹
3891 5789 4024 5860 Cap.
