4196 6330
192 373 272 432 205

1065 367 1522 427 DlSSERTATlO
1560 364 1648 430 ΙΙΙ,
1694 363 1780 420 DE
1829 360 2084 418 ΙΒΕΝΛΕΙ
2121 356 2464 416 DOCTRINA

3295 351 3400 407 avo

197 494 435 560 creditum,
467 492 910 564 quemadmodum
943 492 1216 557 inspiratio
1250 489 1616 557 plasmalioni,
1662 488 1732 540 ad
1761 492 1808 546 Α
1837 483 1967 554 ipsis
1993 497 2088 554 per
2111 493 2453 536 successores
2479 470 2849 534 intermedios,
2882 475 3158 564 acceptam
3191 463 3396 564 referre

197 590 275 640 hoc
315 598 363 639 ut
395 587 570 639 omnia
597 590 830 639 membra
899 583 1238 653 percipientia
1265 580 1614 650 viviﬁcenmr.
1670 576 1734 631 Et

199 694 245 735 ut
281 683 380 749 jam
431 697 498 734 es
551 680 744 735 eodem
796 678 998 732 Irenaeo
1035 677 1314 731 diximus:
1369 674 1490 727 Non
1535 680 1734 741 oportet

195 790 401 843 querere
430 774 569 842 apud
594 773 728 827 alios
756 772 1049 837 veritatem,
1068 786 1224 840 quam
1243 767 1397 838 facile
1427 777 1502 821 est
1531 765 1594 819 ab
1627 764 1734 818 Ec-

196 868 330 923 clesia
356 883 559 922 sumere
605 882 624 921 :
649 883 767 920 cum
815 865 1065 936 apostoli,
1097 865 1249 934 quasi
1282 864 1336 916 in
1361 860 1736 925 depositorium

196 961 337 1025 dives,
389 958 686 1028 plenissime
734 958 786 1010 in
835 973 950 1010 eam
1008 955 1323 1010 contulerint
1363 953 1560 1017 omnia,
1620 965 1738 1020 qute

194 1062 296 1106 sunt
325 1052 574 1104 veritatis.
605 1049 926 1117 Quicunque
960 1048 1184 1118 proinde
1218 1047 1281 1100 ab
1313 1046 1523 1098 unitate
1554 1041 1737 1097 Eccle-

195 1139 276 1193 sia:
302 1138 666 1201 desciverunt,
702 1153 731 1190 a
783 1138 955 1191 divite
999 1137 1091 1189 illo
1128 1135 1459 1205 depositorio
1502 1133 1738 1202 Spiritus

197 1231 275 1286 Dei
301 1242 352 1286 et
373 1231 623 1284 veritatis
650 1231 834 1296 alieni,
864 1231 1053 1298 ineius
1082 1243 1286 1299 partem
1311 1245 1415 1283 non
1441 1226 1735 1282 veniunt“.

193 1323 333 1379 Ratio
359 1333 459 1387 est,
491 1324 614 1392 quia
648 1338 713 1376 ex
753 1339 857 1394 quo
900 1323 1189 1391 episcopus
1230 1321 1446 1390 aliquis,
1485 1320 1612 1373 licet
1649 1333 1736 1373 se-

193 1416 410 1470 cundum
459 1415 716 1470 Ecclesia:
766 1415 1048 1468 catholica:
1108 1417 1272 1470 ritum
1329 1415 1738 1480 ordinatus.,et

194 1509 542 1563 successionis
584 1509 828 1561 ordinem
860 1519 1071 1570 tenens,
1111 1508 1178 1560 ab
1226 1508 1434 1560 unitate
1483 1515 1734 1570 recessu;

194 1601 231 1654 si
261 1600 309 1653 in
338 1614 585 1653 errorem
620 1599 852 1664 labatur,
898 1599 1011 1668 jam
1066 1598 1238 1652 media
1290 1599 1493 1660 omnia,
1543 1598 1738 1665 quibus

194 1692 252 1746 ab
273 1692 457 1746 eodem
496 1705 805 1755 revocetur,
832 1691 932 1743 sibi
968 1690 1081 1758 ipse
1103 1690 1326 1744 ademit.
1385 1687 1735 1742 Petissimum

193 1779 357 1833 estad
409 1779 637 1832 aliarutn
707 1778 1112 1843 Ecclesiarutn,
1164 1777 1420 1833 Romana:
1468 1779 1736 1848 inprimis,

193 1884 301 1939 qua:
347 1880 596 1923 centrum
651 1879 735 1922 est
781 1869 1022 1930 unitatis,
1083 1868 1405 1922 traditiones
1476 1868 1738 1937 privatam

193 1960 502 2014 sententiam
536 1961 776 2028 exigere,
801 1969 850 2011 et
878 1960 943 2012 ab
967 1960 1046 2013 eis
1078 1958 1377 2027 legitimum
1422 1957 1740 2023 Scriptura-

192 2068 299 2105 rnm
330 2066 549 2105 sensum
600 2063 810 2119 petere.
854 2049 911 2105 Si
959 2065 1088 2120 ergo
1111 2065 1204 2102 eas
1231 2051 1425 2102 audire
1476 2057 1736 2110 retinent,

194 2160 394 2199 omnem
440 2144 542 2198 sibi
574 2145 734 2198 dubio
760 2143 946 2213 procul
981 2143 1045 2197 ad
1079 2141 1368 2196 veritatem
1399 2140 1608 2194 aditum
1653 2139 1740 2194 in-

195 2235 453 2290 terclusit.

253 2328 340 2381 ΞΟ.
378 2327 640 2396 Sequitur
670 2326 892 2386 deinde,
922 2327 974 2379 in
1012 2339 1076 2380 ea
1111 2323 1225 2378 sola
1261 2323 1504 2379 Ecclesia
1529 2339 1742 2378 conser-

193 2430 355 2475 ratam
377 2436 488 2474 esse
535 2437 669 2484 eam,
703 2435 820 2489 qua:
851 2429 924 2472 est
949 2419 1010 2472 ab
1059 2419 1336 2487 apostolis,
1382 2419 1740 2482 traditionem,

194 2528 277 2566 seu
306 2514 373 2567 ab
405 2513 472 2566 iis
503 2513 632 2567 solis
647 2513 974 2582 presbyteris
1003 2513 1303 2566 discendam
1328 2528 1436 2565 esse
1453 2512 1741 2577 veritatem,

193 2607 250 2655 ab
277 2604 342 2656 iis
373 2603 505 2656 solis
533 2602 686 2669 ﬁdem
719 2615 954 2656 nostram
1007 2603 1286 2666 custodiri,
1337 2614 1382 2656 et
1440 2600 1741 2670 Scripturas

193 2695 294 2748 sine
314 2695 550 2762 periculo
582 2696 729 2748 nobis
782 2695 992 2762 exponi;
1025 2711 1121 2764 per
1153 2710 1244 2748 eos
1274 2696 1418 2748 solos
1450 2694 1744 2764 pervenisse

193 2803 343 2856 usque
367 2788 436 2841 ad
469 2805 561 2840 nos
591 2788 936 2840 custoditione
963 2790 1071 2839 sine
1099 2786 1314 2854 ﬁctione
1349 2783 1744 2855 Scripturnrum

193 2880 555 2931 tractationem
627 2878 1006 2945 plenissimam,
1083 2893 1246 2946 neque
1303 2879 1744 2941 additamentum,

194 2985 349 3039 neque
378 2971 698 3024 ablutionem
731 2970 1082 3037 recipientem,
1124 2981 1168 3022 et
1209 2967 1478 3020 lectionem
1503 2968 1612 3020 sine
1638 2967 1746 3036 fal-

193 3067 411 3128 satione,
436 3073 484 3114 et
501 3064 784 3114 secundum
822 3059 1126 3130 Scripturas
1165 3060 1539 3129 expositionem
1574 3061 1747 3128 legiti—

193 3172 346 3221 mam,
377 3167 426 3208 et
445 3155 740 3222 diligentem
769 3166 816 3206 et
838 3155 949 3206 sine
970 3153 1226 3219 periculo,
1259 3164 1302 3204 et
1333 3151 1444 3204 sine
1493 3151 1742 3219 blasphe-

193 3265 313 3312 mia,
345 3246 489 3316 apud
514 3263 641 3316 quos
671 3257 744 3299 est
774 3263 855 3311 ea,
881 3262 996 3316 qua:
1018 3255 1091 3298 est
1124 3245 1184 3297 ab
1219 3244 1468 3310 apostolis
1497 3243 1748 3298 Ecclesia:

195 3342 490 3404 successio;
548 3352 733 3410 utpote
786 3343 874 3409 qui
920 3356 1037 3392 cum
1067 3340 1396 3408 episcopatus
1426 3337 1751 3390 successione

195 3434 455 3486 charisma
505 3433 736 3486 veritatis
769 3444 987 3494 certum,
1028 3433 1306 3484 secundum
1342 3431 1592 3498 placitum
1639 3426 1750 3479 Pa-

196 3528 305 3590 tris,
339 3535 671 3593 acceperunt.
721 3524 975 3592 Reliquos
1034 3538 1162 3577 vero
1214 3539 1422 3586 omnes,
1475 3525 1564 3592 qui
1611 3522 1753 3576 absi-

195 3629 334 3671 stunt
391 3635 423 3670 a
482 3617 764 3686 principali
805 3616 1141 3678 successione,
1187 3627 1234 3669 et
1265 3634 1566 3686 quocunque
1637 3619 1749 3672 loco

197 3718 344 3763 extra
374 3724 494 3761 eam
541 3707 861 3770 Ecclesiam,
917 3709 969 3762 in
1002 3723 1106 3776 qua
1143 3721 1393 3763 servatur
1435 3710 1752 3778 principalis

196 3814 254 3854 ea
315 3803 613 3859 successio,
689 3799 962 3867 colligunt,
1022 3815 1115 3854 seu
1191 3812 1486 3855 conventus
1565 3814 1752 3872 agunt,

196 3906 458 3962 suspectos
518 3894 780 3945 habendos
835 3908 982 3958 esse;
1027 3895 1223 3963 quippe
1263 3895 1352 3963 qui
1411 3910 1592 3948 omnes
1665 3896 1754 3948 de-

196 3987 412 4038 ciderint
449 4003 479 4037 a
503 3986 744 4047 veritate,
769 3999 887 4049 qua!
942 3984 994 4037 in
1024 3999 1086 4040 ea
1118 3985 1227 4039 sola
1257 3985 1496 4039 Ecclesia
1531 3986 1754 4054 reperiri

198 4087 393 4145 potest,
431 4077 483 4129 in
513 4090 616 4146 qua
662 4075 1020 4130 successionis
1077 4077 1382 4145 apostolicae
1431 4079 1565 4131 ordo
1606 4092 1756 4146 repe-

199 4169 351 4224 ritur.
379 4169 552 4221 Porro
587 4168 639 4221 in
668 4167 781 4221 sola
810 4167 1051 4222 Ecclesia
1085 4168 1321 4222 Romana
1378 4168 1504 4240 (quo
1537 4172 1752 4223 nomine

197 4274 288 4316 eas
322 4276 516 4316 omnes.
547 4260 820 4315 Ecclesiae
853 4261 938 4314 hic
965 4260 1223 4330 intelligo,
1251 4277 1372 4331 qua:
1406 4276 1525 4315 cum
1559 4260 1758 4315 Roma-

197 4354 567 4416 na,oniniutn,
592 4352 797 4408 lrenwo
825 4362 977 4416 teste,
1009 4355 1261 4421 maxima,
1295 4365 1340 4408 et
1367 4355 1756 4425 antiquissima,

195 4454 240 4496 et
271 4445 509 4497 omnibus
539 4445 767 4514 cognita,
807 4445 1136 4514 unitatisque
1168 4457 1375 4511 centro,
1419 4446 1754 4499 communio-

1834 578 2066 648 possint.
2099 573 2321 628 Frustra
2355 571 2521 638 igitur
2559 575 2712 622 extra
2762 563 3060 617 Romanam
3093 557 3394 613 Ecclesiam

1835 668 2117 742 qua=sieris
2149 681 2267 720 eam
2328 677 2446 731 qua:
2499 668 2582 714 est
2632 657 2700 710 ab
2733 653 2992 725 apostolis
3029 651 3398 710 traditionem,

1837 764 2040 819 frustra
2077 761 2382 821 veritatem,
2433 753 2931 823 expositionemque
2980 747 3393 816 Sc'ripturarum

1842 855 2164 926 legitimam,
2224 849 2573 917 diligentem,
2606 843 2722 898 sine
2773 839 3012 907 periculo
3040 847 3095 892 et
3133 837 3250 891 sine
3288 834 3400 888 blao

1839 945 2106 1017 sphemia,
2141 952 2248 996 etc.
2273 939 2446 1009 Hujus
2469 938 2706 1007 pondere
2738 934 2974 989 obruere
3007 946 3067 985 se
3105 941 3265 998 posse
3292 927 3404 980 ha:-

1837 1041 2036 1096 reticos
2062 1051 2251 1092 omnes
2284 1049 2350 1089 ac
2385 1029 2765 1087 schismaticos
2793 1027 2876 1081 sui
2905 1022 3168 1093 temporis
3205 1019 3401 1074 merito

1837 1131 2142 1187 conﬁdebat
2167 1127 2403 1181 [renatus
2443 1141 2458 1180 :
2501 1121 2690 1176 eodem
2742 1119 3074 1189 posteriores
3108 1113 3402 1170 hiereticos

1839 1237 2178 1297 oppressere,
2213 1221 2309 1291 qui
2350 1216 2522 1274 secuti
2551 1223 2676 1269 sunt
2715 1213 2816 1269 SS.
2851 1211 3062 1274 Patres,
3106 1207 3404 1264 Tertullia-

1839 1332 1960 1383 nus,
1998 1311 2322 1386 Cyprianus,
2355 1309 2603 1377 Optatos,
2639 1303 2998 1376 Epiphanius,
3042 1300 3400 1369 Augustinus,

1837 1411 2037 1478 aliique
2063 1405 2286 1476 passim.

1908 1500 1996 1554 21.
2054 1495 2204 1563 Quod
2237 1501 2416 1548 autem
2447 1489 2547 1545 SS.
2583 1486 2842 1542 Patribus
2879 1483 3319 1540 emcacissimum
3351 1492 3405 1535 et

1841 1590 2185 1649 ineluctabile
2221 1587 2396 1640 visum
2427 1591 2510 1639 est
2555 1582 2622 1636 ad
2652 1577 3057 1635 confundendos
3100 1563 3299 1629 omnes
3320 1575 3402 1628 sui

1842 1687 2097 1756 temporis
2143 1684 2427 1740 haereticos
2478 1690 2532 1735 et
2587 1675 3000 1738 schismaticos,
3064 1686 3170 1726 non
3224 1670 3405 1724 minus

1841 1779 2026 1835 efﬁcax
2065 1793 2184 1835 esse
2235 1777 2393 1831 debet
2437 1774 2503 1827 ad
2568 1766 2990 1842 prosternendos
3035 1763 3206 1820 nostri
3261 1772 3372 1816 tem

1777 1844 2334 1942 Bporishacreticos,
2387 1865 2749 1925 Lutberanos,
2811 1858 3178 1918 Calvinianos,
3234 1853 3402 1909 alios-

1841 1979 1946 2034 que
1979 1970 2243 2035 quotquot
2270 1961 2335 2016 ab
2364 1957 2604 2014 Ecclesia
2652 1955 2893 2008 Romana
2921 1950 3288 2006 secessionem
3325 1944 3404 2002 fe-

1840 2067 2050 2118 cerunt.
2083 2057 2150 2111 Hi
2183 2056 2380 2125 quippe
2403 2068 2525 2107 cum
2553 2063 2659 2104 non
2691 2049 2872 2103 minus
2910 2059 3070 2115 quam
3104 2051 3338 2103 veteres.
3372 2057 3406 2094 a

1843 2147 2126 2222 principali
2141 2145 2466 2202 successione
2481 2139 2812 2203 abstiterim,
2832 2138 2932 2191 hoc
2956 2138 3069 2205 ipso
3099 2148 3203 2188 non
3228 2134 3405 2187 minus

1843 2257 2006 2312 quam
2025 2240 2120 2305 illi,
2143 2238 2400 2292 decidisse
2416 2233 2676 2290 averitate
2702 2230 3124 2284 convincuntur.
3161 2227 3404 2292 Quorum

1842 2335 2065 2406 proinde
2079 2343 2240 2388 sectae
2255 2329 2584 2392 architectis,
2600 2325 2828 2379 ducibus
2842 2334 2894 2379 et
2907 2322 3283 2392 antesignanis
3301 2322 3406 2376 Lu-

1846 2430 2022 2488 thero,
2040 2424 2283 2488 Calvino,
2298 2420 2572 2490 Zuinglio,
2593 2417 2848 2486 aliisque,
2869 2416 3059 2470 eodem
3081 2417 3204 2485 jure
3220 2415 3406 2469 dicere

1845 2531 2154 2589 possumus,
2185 2531 2290 2585 quo
2324 2513 2690 2568 Tertullianus
2715 2511 2781 2543 σι’
2813 2509 3088 2564 veteribus
3118 2507 3227 2561 illis
3257 2525 3270 2560 :
3305 2506 3407 2572 Qui

1844 2610 1996 2664 estis?
2022 2607 2245 2674 Quando
2291 2615 2337 2659 et
2367 2605 2505 2659 unde
2537 2603 2780 2657 venistis?
2812 2600 2950 2666 Quid
2982 2601 3036 2653 in
3080 2615 3192 2653 meo
3223 2598 3403 2664 agitis.

1846 2720 1950 2758 non
1982 2701 2110 2755 mei?
2138 2700 2251 2765 Quo
2283 2699 2528 2763 denique,
2560 2695 2794 2765 Zuingli,
2832 2694 2957 2763 jure
2999 2694 3185 2746 silvam
3238 2707 3408 2744 meam

1846 2796 2033 2852 credis?
2068 2793 2184 2859 Qua
2206 2792 2441 2852 licentia,
2480 2789 2725 2855 Calvine,
2770 2787 2939 2858 fontes
2973 2802 3112 2840 meos
3141 2794 3408 2837 transver-

1849 2887 1942 2939 tis?
1991 2886 2106 2950 Qua
2130 2891 2405 2951 potestate,
2433 2878 2692 2943 Luthere,
2718 2878 2908 2931 limites
2932 2893 3071 2930 meos
3096 2880 3414 2931 commoves?

1848 2978 1970 3033 Hea
2018 2986 2093 3032 est
2142 2975 2438 3044 possessio:
2482 2973 2604 3026 olim
2634 2972 2895 3042 possideo,
2949 2971 3095 3039 prior
3144 2971 3408 3038 possideo,

1848 3073 2011 3126 habeo
2062 3070 2285 3138 origines
2309 3065 2516 3135 ﬁrmas,
2547 3065 2612 3118 ab
2660 3066 2789 3133 ipsis
2845 3065 3144 3116 auctoribus
3191 3078 3412 3130 quorum

1776 3211 1816 3268 C
1852 3163 1949 3234 fuit
1976 3179 2075 3216 res.
2104 3161 2216 3230 Ego
2264 3175 2381 3213 sum
2414 3159 2577 3211 horres
2619 3154 3000 3225 apostolorum.
3056 3153 3219 3222 Cupio
3247 3155 3411 3223 igitur

1852 3257 2123 3310 ostendant
2181 3254 2306 3306 mihi
2359 3251 2649 3313 Lulherus,
2708 3249 2979 3310 Calvinus,
3015 3256 3149 3312 etc.,
3209 3263 3273 3301 ea:
3309 3263 3412 3317 qua

1853 3347 2165 3401 auctoritate
2205 3343 2605 3412 prodierunt....
2657 3338 2714 3394 Si
2745 3356 2930 3394 eorum
2961 3340 3191 3393 haereses
3218 3339 3412 3392 audent

1851 3440 2157 3492 interserere
2204 3451 2257 3490 se
2287 3436 2431 3488 tutati
2460 3433 2830 3502 apostolicnt...
2881 3447 3156 3501 possumus
3198 3431 3412 3485 dicere:

1853 3528 2029 3584 Edant
2058 3546 2179 3599 ergo
2203 3529 2434 3596 origines
2473 3525 2836 3579 Ecclesiarum
2884 3541 3103 3578 suarum
3131 3541 3149 3577 :
3176 3523 3415 3576 evolvunt

1852 3623 2090 3676 ordinem
2121 3621 2478 3688 episwporum
2506 3634 2745 3684 suorum,
2795 3617 2873 3670 ita
2918 3632 3010 3683 per
3047 3615 3405 3669 successiones

1854 3719 1916 3770 ab
1958 3717 2110 3769 initio
2142 3717 2516 3768 decurrentem.
2561 3722 2613 3765 ut
2647 3714 2849 3776 primus
2887 3710 2976 3763 ille
3009 3710 3276 3777 episcopus
3310 3711 3411 3764 ali-

1852 3826 2001 3880 quem
2033 3825 2096 3862 ea:
2119 3807 2394 3877 apostolis,
2443 3808 2516 3859 vel
2564 3804 2866 3872 apostolicis
2905 3803 3050 3868 viris,
3105 3808 3195 3873 qui
3240 3814 3413 3858 tamen

1859 3917 1975 3954 cum
2009 3897 2256 3970 apostolis
2285 3896 2746 3966 perseveraverint,
2780 3895 3019 3948 habuerit
3068 3902 3335 3947 auctorem
3368 3905 3413 3947 et

1855 4003 2254 4046 antecessorem.
2315 3989 2428 4042 Hoc
2474 3989 2610 4041 enim
2652 3989 2804 4040 modo
2843 3985 3090 4039 Ecclesia:
3113 3985 3415 4054 apostolica:

1855 4095 2036 4132 census
2064 4093 2186 4131 suos
2228 4076 2511 4144 deferunt;
2565 4075 2698 4128 sicut
2726 4073 3120 4143 Smyrnazorum
3170 4074 3408 4128 Ecclesia

1856 4173 2045 4225 habens
2079 4169 2423 4238 Polycarpum
2446 4185 2475 4219 α
2499 4166 2705 4220 Joanne
2731 4166 3042 4220 collocatum
3070 4167 3260 4235 refert:
3282 4170 3416 4221 sicut

1861 4263 2237 4324 Romanorum,
2275 4259 2588 4312 Clementem
2623 4275 2654 4310 a
2706 4256 2865 4311 Petro
2914 4259 3218 4312 ordinatum
3268 4259 3414 4312 edit:

1855 4357 2073 4426 proinde
2099 4356 2271 4422 utique
2296 4365 2341 4407 et
2371 4362 2571 4406 eceterae
2599 4351 2862 4418 exhibent,
2893 4369 3022 4422 quos
3068 4352 3133 4405 ab
3165 4355 3413 4419 apostolis

1857 4453 1909 4504 in
1931 4457 2278 4519 episcopatum
2299 4449 2623 4510 constitutos,
2647 4446 2918 4514 apostolici
2939 4447 3150 4499 seminis
3173 4450 3414 4502 traduces

195 4536 276 4589 nis
333 4553 480 4591 nexu
525 4537 790 4607 colligata:
843 4538 991 4608 sunt)
1047 4538 1285 4592 occurrit
1311 4538 1578 4608 legitimus
1617 4537 1753 4592 ordo
1787 4551 1826 4605 ι)
1856 4543 2094 4596 habeant.
2153 4540 2463 4608 Conﬁngam
2505 4537 2702 4608 aliquid
2733 4538 2836 4591 tale
2879 4537 3110 4592 [ρων-ειίσὶ
3143 4539 3413 4594 hodierni.

196 4630 566 4683 successionis
596 4631 925 4699 apostolica);
985 4632 1035 4683 in
1066 4646 1129 4685 eo
1161 4631 1384 4699 positus,
1431 4639 1486 4682 ut
1550 4631 1753 4698 primus

193 4722 459 4791 cujusque
519 4720 777 4775 ECclesitB
812 4725 1098 4790 episcopus
1165 4723 1231 4776 ab
1302 4721 1581 4790 apostolis,
1662 4738 1754 4775 eo-

195 4827 389 4867 rumve
463 4815 745 4882 dismpulis
778 4824 871 4866 aut
902 4815 1315 4870 successoribus
1344 4824 1585 4881 vocatus,
1615 4815 1763 4868 ordi-

193 4914 358 4958 natus
419 4919 475 4960 et
551 4907 881 4961 constitutus
939 4909 1267 4976 episcopus,
1324 4908 1634 4961 missionem
1700 4921 1760 4961 ac

195 5007 525 5061 pOtestatem
580 4999 852 5065 acceperit
920 5013 1039 5052 eam
1109 4998 1406 5053 Ecclesiam
1474 4998 1759 5063 lundandi,

195 5091 444 5159 regendi,
515 5092 667 5146 verbi
731 5091 822 5145 Dei
883 5092 1175 5146 commisso
1239 5091 1340 5145 sibi
1411 5092 1560 5162 gregi
1622 5107 1760 5161 pra:-

194 5181 443 5247 dicandi,
499 5195 838 5238 sacramenta
891 5184 1332 5247 administrandi,
1383 5185 1624 5252 aliosque
1658 5185 1758 5237 mi-

193 5271 403 5328 nistros
440 5284 553 5328 tum
583 5275 914 5343 superiores,
965 5286 1075 5329 tum
1116 5275 1399 5330 inferiores
1451 5275 1757 5340 ordinandi,

195 5366 286 5431 qui
322 5367 694 5420 ministerium
723 5366 1152 5422 ecclesiasticum
1210 5368 1264 5422 in
1296 5367 1533 5424 Ecclesia
1563 5382 1758 5438 perpe-

193 5464 376 5513 tuent.
407 5459 570 5513 Extra
608 5457 908 5513 Romanam
931 5459 1224 5514 Ecclesiam
1251 5461 1450 5515 nullam
1486 5463 1761 5531 assignare

189 5559 277 5603 est
315 5550 588 5618 ejusmodi
620 5551 917 5621 legitimam
944 5551 1318 5620 episcoporum
1343 5554 1759 5618 successionem,

191 5638 289 5709 qui
343 5641 658 5697 missionem
722 5656 786 5697 ac
839 5643 1222 5700 auctoritatem
1292 5660 1441 5700 suam
1500 5645 1763 5719 apostolis

270 5819 325 5853 “
365 5822 425 5878 Ν.
453 5827 504 5882 2.
583 5825 646 5857 ον
683 5825 752 5880 De
783 5839 973 5893 praesc.
1048 5824 1094 5855 ”
1126 5823 1258 5882 lbid.

524 5921 791 5982 Ριϊιιοι..
826 5920 943 5983 Gn.
989 5918 1122 5980 νυ.

1859 4633 2182 4702 Conlingere
2214 4639 2359 4686 certe
2388 4645 2490 4685 non
2520 4639 2764 4699 possunt,
2799 4631 2888 4698 qui
2931 4631 3076 4685 Omni
3107 4631 3415 4700 apostolica:

1858 4724 2222 4780 successionis
2245 4724 2437 4779 ordine
2492 4738 2693 4792 susque
2743 4724 2918 4792 deque
2968 4738 3146 4787 verso,
3206 4723 3412 4796 [CXVI]

1853 4834 2040 4874 eversa
2067 4818 2131 4872 ab
2151 4816 2275 4870 imis
2300 4816 2660 4871 fundamentis
2684 4816 3051 4871 ecclesiastica
3084 4818 3412 4885 hierarchia,

1854 4913 2050 4968 violata
2103 4929 2197 4982 per
2245 4926 2516 4965 summum
2571 4908 2724 4964 nefas
2770 4909 3028 4978 legitima,
3085 4910 3310 4980 anitiqua
3361 4926 3415 4966 et

1854 5010 2147 5079 apostolica
2195 5006 2477 5062 ordinandi
2509 5005 2784 5059 ministros
2815 5020 3002 5058 sacros
3049 5005 3189 5074 lege,
3242 5006 3411 5059 nulla-

1857 5113 1962 5169 que
2015 5106 2238 5167 accepta
2295 5098 2556 5151 missione
2610 5105 2664 5149 et
2722 5096 3048 5150 auctoritate
3093 5098 3159 5150 ab
3207 5097 3295 5161 iis,
3325 5101 3413 5167 qui

1857 5205 2009 5246 suam
2041 5190 2108 5243 ab
2149 5189 2409 5257 apostolis
2455 5185 2586 5255 ipsis
2628 5200 2722 5254 per
2763 5185 3054 5255 legitimam
3114 5189 3392 5241 successio

1859 5298 1980 5337 netn
2030 5281 2373 5344 derivabant,
2421 5290 2763 5333 assumcutes
2791 5277 2894 5333 sibi
2952 5279 3082 5350 ipsis
3129 5279 3413 5342 honorem,

1857 5389 1958 5431 nec
1988 5376 2161 5430 vocati
2193 5391 2221 5428 a
2252 5375 2360 5430 Deo
2398 5384 2656 5444 tanquam
2699 5375 2901 5438 Aaron,
2940 5373 3298 5428 ministerium
3330 5388 3418 5427 ec-

1857 5465 2228 5522 clesiasticum
2267 5476 2620 5536 usurparunt.
2647 5467 2724 5520 Ad
2751 5480 2906 5535 quos,
2934 5477 3087 5532 atque
3113 5465 3178 5518 ad
3207 5477 3415 5519 veteres

1857 5556 2164 5622 haereticos,
2192 5567 2439 5628 spectant
2468 5572 2529 5610 ea
2560 5556 2799 5626 ejusdem
2825 5554 3142 5610 Tertulliani
3167 5555 3410 5611 verba“:

1862 5646 2236 5705 Ordinationes
2258 5665 2439 5705 eorum
2486 5650 2803 5714 temerarite,
2831 5647 2986 5710 leves,
3041 5647 3414 5708 inconstantes.

3110 5924 3143 5976 9
