4196 6330
779 353 879 405 267

1550 348 2138 405 DISSERTATIONES
2177 347 2475 403 ΡΒᾹΞνΙᾹΞ
2518 347 2583 403 ΙΝ
2621 345 2881 403 lREN/El
2920 346 3183 403 LIBROS.

3887 343 3993 397 988

776 492 915 528 nunc
964 473 1245 542 neophytos
1292 470 1569 536 collocant,
1602 487 1738 524 nunc
1776 469 1965 524 sazculo
2012 469 2283 522 obstrictos
2312 486 2327 532 ;
2360 475 2403 531 Α
2432 468 2695 535 ejusmodi
2745 468 3087 538 effugiorum,
3137 481 3256 536 qua
3290 465 3469 528 toties,
3529 473 3746 532 tamque
3798 461 3997 515 invicte

774 580 909 617 mine
939 572 1211 631 apostatas
1254 572 1476 629 nostros,
1506 572 1561 612 ut
1594 559 1761 629 gloria
1796 576 1882 612 eos
1914 559 2159 628 obligem,
2206 564 2327 628 quia

774 656 986 703 veritate
1021 665 1125 701 non
1183 658 1423 716 possunt.
1483 645 1760 715 Nusquam
1806 645 2018 715 {acilius
2054 644 2329 713 proﬁcitur

769 755 927 806 quam
955 740 1009 791 in
1035 751 1220 791 castris
1262 737 1551 800 rebellium,
1585 738 1671 791 ubi
1704 739 1873 807 ipsum
1900 754 2009 791 esse
2038 737 2169 801 illic,
2202 752 2326 805 pro-

775 832 960 885 mereri
982 842 1077 884 est.
1116 829 1301 899 Itaque
1332 830 1467 882 alius
1500 830 1652 883 hodie
1688 831 1978 897 episcopus,
2004 846 2120 883 cras
2153 829 2328 882 alius:

772 923 926 976 hodie
946 926 1216 985 diaconus,
1248 922 1336 991 qui
1365 937 1482 974 cras
1515 920 1699 974 lector:
1740 921 1892 973 hodie
1930 922 2213 989 presbyter,
2239 921 2328 989 qui

770 1030 887 1067 cras
918 1015 1102 1067 laicus.
1144 1012 1282 1066 Nam
1314 1026 1359 1067 et
1391 1015 1538 1066 laicis
1568 1014 1916 1067 sacerdotalia
1978 1030 2191 1066 munera
2247 1014 2329 1065 in-

765 1108 1021 1177 jungunt.
1054 1108 1199 1161 Laici
1256 1107 1517 1174 siquidem
1548 1107 1717 1170 fuere,
1762 1118 1855 1161 aut
1902 1106 2171 1177 simplices
2206 1122 2320 1175 pre-

771 1200 996 1270 sbyteri,
1020 1199 1162 1267 iique
1191 1205 1472 1267 apostata,
1493 1197 1559 1252 ab
1582 1197 1816 1252 Ecclesia
1845 1198 2079 1251 Romana
2111 1212 2326 1251 excom-

770 1293 1049 1353 municati,
1112 1291 1457 1359 legitimaque
1485 1301 1538 1344 et
1568 1291 1828 1345 canonica
1886 1291 2211 1343 auctoritate
2264 1304 2328 1343 ac

768 1392 1031 1451 potestate
1074 1383 1338 1446 destituti,
1374 1384 1466 1451 qui
1497 1382 1672 1451 prima
1707 1398 1857 1436 nova
1886 1381 2171 1451 religionis
2202 1381 2327 1433 fun-

770 1476 1307 1543 tlamentajccernnt,
1354 1477 1713 1545 docendique,
1768 1483 2108 1531 sacramenta
2143 1475 2322 1527 admi-

770 1569 1056 1634 nistrandi,
1092 1569 1332 1638 aliosque
1365 1569 1643 1623 ministros
1667 1567 1952 1621 ordinandi
1978 1581 2172 1621 munus
2199 1564 2323 1625 sibi,

768 1660 913 1714 finde
942 1660 1274 1713 conculcatis
1296 1660 1531 1729 antiquis
1556 1658 1803 1713 omnibus
1832 1657 2147 1715 canonihus.
2178 1670 2327 1708 arro-

769 1760 996 1821 garunt:
1026 1751 1249 1820 quique,
1280 1751 1493 1805 etiamsi
1525 1749 1767 1818 episcopi
1804 1746 2028 1803 fuissent
2059 1747 2110 1801 in
2140 1746 2325 1801 Eccle-

2428 560 2751 631 praclusere
2779 559 3055 619 catholici,
3113 559 3419 628 quibusque
3448 556 3755 611 Christiana
3786 554 3992 608 fidesin

2430 663 2670 722 apertum
2709 653 2936 707 adducta
2988 651 3275 705 discrimen
3325 650 3810 720 perditissimorum
3860 664 3994 705 duo-

2431 760 2655 814 rumque
2683 746 3059 799 hareticorum
3094 744 3530 798 insultationibus
3562 743 3727 798 facile
3754 750 3989 811 pateret.

2498 835 2589 890 25.
2625 834 2851 889 Romani
2886 849 3058 903 papa,
3086 834 3162 887 ait
3186 833 3299 899 ille,
3329 834 3608 887 traditioni
3635 834 3703 887 ab
3733 832 3994 901 apostolis

2428 937 2663 996 accepta
2716 927 2852 981 alios
2902 925 3188 987 articulos,
3240 926 3477 979 incertos
3526 925 3743 993 partim,
3796 924 3991 993 partim

2431 1021 2594 1075 falsos
2648 1028 2956 1073 assuerant.
2988 1016 3113 1072 Cito
3162 1017 3419 1070 dictum:
3473 1018 3567 1070 sed
3617 1031 3777 1085 quam
3802 1016 3910 1069 cito
3941 1020 3997 1067 et

2428 1110 2585 1165 facile
2609 1112 2890 1173 asseritur,
2932 1120 3039 1165 tam
3074 1110 3181 1163 cito
3212 1120 3267 1163 et
3316 1107 3473 1162 facile
3508 1118 3755 1178 negatur.
3806 1108 3911 1162 Sed
3946 1107 3993 1161 si

2429 1202 2686 1257 Grabium
2747 1218 2937 1273 urgeas
2973 1212 3051 1267 ἑιιι
3103 1203 3267 1255 dictis
3324 1202 3481 1254 fidem
3539 1210 3781 1265 astruat,
3820 1214 3993 1269 quos,

2428 1312 2629 1366 quaso,
2680 1296 2935 1349 articulos
2984 1295 3304 1366 assignabit?
3352 1294 3434 1348 vel
3488 1293 3653 1348 falsas
3715 1293 3996 1348 catholica

2428 1392 2691 1447 doctrina
2721 1391 3113 1459 expositiones,
3165 1406 3193 1443 a
3251 1388 3519 1441 ministris
3569 1388 3740 1457 gratis
3795 1394 3850 1440 et
3897 1402 3996 1454 per

2428 1482 2751 1535 calumniam
2787 1482 3066 1541 confictas,
3095 1496 3121 1531 a
3156 1478 3445 1533 catholicis
3490 1491 3617 1531 vero
3651 1476 3937 1530 damnatas
3973 1492 3990 1539 ;

2426 1573 2509 1627 vel
2557 1574 2823 1642 quasdam
2861 1572 3122 1641 imperita
3156 1568 3452 1639 plebecula
3486 1566 3922 1635 superstitiones,
3962 1582 3992 1618 a

2428 1664 2627 1719 sobriis
2657 1680 2719 1719 ac
2763 1664 2863 1734 piis
2888 1664 3194 1733 quibusque
3236 1660 3549 1729 pastoribus
3580 1661 3907 1728 improbatas
3938 1664 3997 1710 et

2430 1759 2676 1826 rejectas;
2708 1757 2791 1812 vel
2818 1757 3061 1826 privatas
3088 1753 3461 1821 theologorum
3486 1752 3842 1820 quorumdam
3874 1750 3998 1814 opi-

768 1847 845 1898 sia
869 1845 1136 1899 catholica
1167 1844 1426 1897 canonice
1454 1843 1705 1907 ordinati;
1739 1858 1804 1895 ex
1829 1857 1933 1909 quo
1962 1851 2140 1895 tamen
2172 1840 2238 1893 ab
2262 1855 2322 1893 ea
2356 1818 2397 1873 Β
2429 1848 2640 1912 ηῑοηεε,
2664 1846 2861 1915 quibus
2891 1845 2980 1898 alii
3012 1842 3417 1906 contradicunt;
3472 1818 3557 1895 vel
3586 1839 3844 1893 articulos
3892 1838 3988 1907 qui

769 1952 866 2006 per
912 1938 1261 2006 apostasiam,
1322 1936 1568 1990 haresim
1598 1945 1651 1988 et
1684 1934 1915 1988 schisma
1972 1932 2320 1996 defecissent,

767 2028 1028 2098 legitima,
1052 2042 1213 2097 quam
1232 2028 1590 2093 accepissent,
1610 2025 1953 2087 auctoritate,
1978 2024 2324 2088 excidissent;

770 2135 870 2176 nec
897 2120 1125 2191 proinde
1158 2119 1315 2185 alios,
1345 2133 1505 2188 quam
1541 2118 1642 2172 sibi
1676 2117 1904 2183 similes,
1937 2124 2214 2185 apostatas
2241 2116 2323 2169 vi-

769 2217 966 2272 delicet
998 2226 1053 2270 et
1086 2214 1403 2284 perditionis
1442 2214 1599 2279 filios,
1641 2228 1745 2267 non
1774 2223 1923 2268 certe
1957 2228 2113 2267 veros
2144 2211 2328 2266 Eccle-

767 2308 861 2363 sia
884 2306 1183 2372 ministros,
1215 2306 1434 2376 gignere
1473 2307 1801 2376 potuissent.

838 2398 931 2454 Ἡ.
968 2398 1405 2453 Molestissimum
1439 2397 1540 2452 hoc
1582 2395 2022 2451 Prolestantibus
2070 2393 2326 2448 omnibus

772 2503 1177 2563 argumentum,
1228 2490 1453 2557 petitum
1513 2504 1543 2542 a
1596 2490 1854 2545 continua
1926 2488 2325 2557 episcoporum,

768 2580 1075 2649 prasertim
1130 2579 1495 2633 Romanorum
1551 2577 1924 2639 successione,
1965 2575 2107 2644 quod
2157 2572 2328 2627 fusius

767 2673 1018 2744 prosequi
1048 2670 1216 2725 nostri
1250 2685 1352 2723 non
1385 2678 1467 2722 est
1498 2667 1751 2732 instituti,
1784 2665 2062 2720 infirmare
2089 2678 2193 2718 non
2221 2678 2326 2716 una

770 2767 888 2821 loco
918 2765 1111 2820 nititur
1142 2764 1211 2818 cl.
1236 2761 1470 2817 Grabius
1502 2777 1515 2815 :
1552 2757 1735 2823 Nunc,
1773 2759 1948 2826 inquit
1996 2758 2049 2812 in
2085 2757 2224 2810 notis
2260 2759 2327 2809 ad

770 2871 891 2926 cap.
923 2855 956 2909 5
1007 2854 1129 2908 libri
1172 2868 1273 2919 ιιι,
1319 2852 1371 2905 id
1418 2852 1712 2921 argumenti
1752 2866 1911 2920 genus
1960 2852 2131 2903 minus
2170 2849 2324 2912 valet,

769 2960 1044 3019 postquam
1089 2947 1307 3000 Romani
1343 2961 1491 3013 papae
1529 2943 1805 2997 traditioni
1847 2944 1909 2996 ab
1960 2941 2207 3012 apostolis
2238 2958 2326 2994 ac-

769 3053 933 3112 cepta:
957 3042 1090 3094 alios
1123 3038 1396 3104 articulos,
1422 3039 1645 3091 incertos
1688 3037 1903 3105 partim,
1931 3036 2121 3104 partim
2162 3032 2325 3102 falsos

774 3148 1081 3199 assuerant;
1110 3150 1331 3205 quorum
1386 3132 1632 3184 disertam
1671 3128 2046 3198 professionem
2094 3126 2325 3195 quandiu

764 3232 835 3283 ab
884 3230 1121 3283 omnibus
1151 3228 1334 3280 stricte
1384 3223 1682 3293 requirunt,
1722 3221 1923 3288 frustra
1968 3227 2325 3288 argumentum

766 3320 905 3373 illud
928 3319 1055 3373 aliis
1085 3337 1115 3371 a
1157 3316 1515 3371 communione
1544 3328 1641 3367 sua
1693 3311 1869 3366 divisis
1899 3318 2189 3380 opponunt.
2222 3307 2329 3362 Sed

772 3414 817 3465 si
846 3411 896 3465 id
930 3408 1232 3478 argumenti
1265 3420 1435 3476 genus
1482 3405 1656 3458 minus
1710 3418 1849 3457 nunc
1882 3402 2074 3467 valeat,
2116 3398 2332 3454 conclu-

772 3503 1011 3558 dendum
1038 3518 1100 3554 ex
1140 3500 1253 3569 ipsa
1283 3498 1470 3553 Grabii
1508 3497 1885 3567 responsione,
1919 3508 2197 3562 nunquam
2236 3506 2331 3545 va-

772 3595 958 3659 luisse,
1018 3607 1344 3662 operamque
1390 3590 1585 3643 lusisse
1642 3599 1851 3642 veteres
1928 3586 2143 3651 Patres,
2202 3586 2328 3639 dum

774 3688 904 3742 illud
959 3698 1067 3741 tam
1120 3686 1351 3739 fidenter
1393 3681 1661 3737 hareticis
1708 3696 1770 3735 ac
1830 3680 2194 3735 schismaticis
2247 3677 2327 3732 sui

775 3782 1036 3851 temporis
1082 3786 1382 3849 opponunt.
1436 3774 1568 3829 Nam
1625 3774 1671 3830 si
1724 3788 1830 3843 quo
1873 3773 1994 3842 jure
2041 3772 2331 3826 contendat

772 3874 1035 3934 Grabius,
1067 3871 1400 3940 posteriores
1444 3868 1727 3939 pontifices
1755 3866 2028 3921 Romanos
2058 3864 2329 3918 traditioni

775 3969 842 4019 ab
908 3964 1169 4035 apostolis
1225 3972 1457 4031 accepta
1535 3961 1673 4014 alios
1743 3958 2019 4022 articulos,
2099 3960 2334 4013 incertos

774 4058 989 4127 partim,
1032 4054 1226 4124 partim
1277 4052 1439 4107 falsos
1479 4052 1734 4114 assuisse;
1779 4050 1967 4104 eodem
2004 4059 2152 4103 certe
2203 4064 2332 4102 con-

776 4149 994 4205 tendere
1040 4155 1332 4219 potuerunt
1378 4154 1590 4199 veteres
1646 4142 1911 4207 haeretici,
1972 4141 2329 4195 adulteratam

771 4241 1020 4296 similiter
1064 4256 1094 4294 a
1144 4239 1413 4310 prioribus
1463 4236 1814 4307 pontificibus
1872 4235 2134 4290 Romanis
2163 4234 2330 4288 fuisse

779 4331 1122 4387 traditionem
1156 4333 1222 4385 ab
1272 4330 1532 4399 apostolis
1582 4337 1881 4398 acceptam.
1932 4330 2065 4397 Age,
2110 4327 2331 4396 prodeat

774 4427 1035 4481 adversus
1060 4425 1316 4480 lrenaum
1339 4424 1608 4493 quispiam
1653 4437 1682 4477 e
1713 4420 2089 4477 Gnosticorum
2146 4434 2328 4491 grege,

2429 1938 2494 1990 ad
2530 1937 2897 2003 disciplinam,
2922 1935 3055 1990 nihil
3084 1936 3147 1988 ad
3185 1934 3343 1989 fidem
3375 1933 3630 1994 attinent;
3668 1934 3751 1985 vel
3781 1932 3823 1985 si
3856 1946 3998 2000 quos
4036 1974 4055 1979 ς

2425 2032 2662 2099 proferet
2696 2028 2975 2091 articulos,
3002 2042 3228 2096 quorum
3260 2027 3458 2081 diserta
3488 2024 3755 2095 professio
3784 2023 3850 2076 ab
3873 2039 3996 2076 om—

2426 2121 2587 2176 nibus
2618 2122 2810 2175 stricte
2840 2120 3155 2190 requiritur;
3183 2134 3279 2173 eos
3301 2134 3365 2171 ex
3394 2118 3649 2173 continua
3683 2131 3784 2170 nec
3819 2117 3995 2169 inter-

2428 2221 2584 2281 rupta
2615 2211 2938 2265 saculorum
2991 2212 3230 2264 omnium
3288 2209 3395 2263 fide
3439 2209 3508 2262 ab
3541 2207 3802 2277 apostolis
3859 2206 3999 2277 ipsis

2428 2307 2660 2360 traditos
2711 2304 2877 2359 fuisse
2925 2303 3071 2359 illico
3138 2304 3516 2357 convincetur.
3571 2301 3730 2357 Certe
3791 2303 3994 2356 mirum

2428 2409 2569 2453 esset
2602 2408 2657 2453 et
2715 2407 2965 2469 portento
2998 2398 3197 2463 simile,
3244 2397 3518 2453 Romanos
3543 2397 3825 2468 pontifices
3854 2397 4000 2453 alios

2428 2491 2687 2547 articulos
2717 2504 2829 2545 tum
2864 2490 3053 2556 falsos,
3090 2501 3200 2545 tum
3249 2492 3485 2545 incertos
3514 2490 3824 2559 apostolica
3879 2499 4000 2542 tra-

2429 2583 2615 2639 ditioni
2650 2583 3025 2649 admiseuisse,
3059 2598 3356 2653 eorumque
3386 2583 3645 2637 disertam
3689 2581 4000 2652 professio-

2430 2693 2549 2731 nem
2594 2678 2660 2728 ab
2706 2675 2955 2731 omnibus
3008 2676 3201 2731 stricte
3249 2675 3632 2743 requisivisse;
3682 2675 3814 2728 alias
3861 2689 4001 2729 vero

2429 2769 2726 2832 Ecclesiae,
2784 2783 2906 2837 qua
2961 2777 3013 2822 et
3054 2769 3185 2835 ipsa
3238 2769 3583 2823 traditionem
3641 2767 3996 2837 apostolicam

2428 2876 2523 2929 per
2546 2860 2852 2915 continuam
2876 2861 3254 2928 episcoporum
3283 2861 3701 2926 successionem,
3732 2860 3997 2914 illibatam

2429 2956 2565 3025 apud
2598 2970 2653 3009 se
2681 2965 3153 3020 conservavcrant;
3178 2966 3231 3007 et
3263 2954 3532 3008 interdum
3562 2953 3827 3009 Romanis
3853 2962 3995 3022 pon-

2427 3047 2659 3102 tificibus
2686 3048 2735 3099 in
2764 3047 2830 3100 iis
2860 3062 2982 3115 qua.
3014 3050 3079 3101 ad
3114 3047 3452 3116 disciplinam
3483 3047 3825 3115 spectabant.
3851 3045 4001 3099 acri-

2431 3150 2513 3191 ter
2546 3138 2883 3202 restiterunt,
2943 3152 3152 3206 suaque
3205 3138 3326 3208 jura
3383 3137 3690 3208 peregrinis
3748 3134 4002 3189 moribus

2430 3229 2616 3284 violari
2648 3239 2963 3298 conquesta
2994 3228 3234 3294 fuerunt,
3269 3229 3429 3285 fidem
3451 3238 3627 3283 tamen
3654 3235 3706 3282 et
3737 3226 3999 3282 traditio-

2434 3337 2559 3376 nem
2591 3322 2944 3393 apostolicam
2976 3323 3044 3377 ab
3066 3324 3252 3378 iisdem
3281 3322 3637 3377 adulteratam
3670 3329 4003 3389 conquestus

2435 3430 2539 3470 non
2573 3415 2761 3480 fuisse,
2796 3430 3053 3485 novaque
3088 3426 3141 3470 et
3183 3417 3447 3470 hactenus
3487 3413 3744 3467 inaudita
3772 3412 3991 3484 profes-

2433 3510 2600 3563 sionis
2623 3509 2811 3578 iugum
2847 3508 2951 3563 sibi
2991 3508 3297 3577 impositum
3330 3508 3516 3562 subire
3549 3516 3736 3573 aperte
3760 3522 3865 3559 non
3904 3522 3998 3559 re-

2431 3604 2633 3657 nuisse.
2661 3600 2759 3656 Vix
2791 3599 3041 3656 Liberius
3074 3617 3209 3670 papa
3239 3599 3509 3655 Formula
3540 3599 3824 3654 Sirmiensi
3862 3600 4004 3652 sub-

2430 3692 2670 3759 acripsit,
2696 3690 2785 3743 vix
2813 3690 3080 3744 Honorius
3108 3690 3288 3759 pravis
3317 3688 3489 3759 Sergii
3522 3688 3998 3757 Constantinopoli

2433 3784 2640 3836 artibus
2672 3782 2915 3845 delusus,
2947 3781 3127 3836 fucum
3160 3782 3263 3836 sibi
3318 3796 3347 3835 a
3389 3790 3695 3836 veteratore
3746 3780 3836 3835 illo
3871 3780 3996 3835 fieri

2433 3878 2682 3931 incautus
2730 3876 2997 3945 permisit,
3054 3886 3178 3929 cum
3231 3874 3490 3931 adversus
3526 3885 3815 3943 utrumque
3870 3877 4001 3929 uni~

2432 3983 2587 4022 versa
2626 3969 2808 4023 statim
2840 3968 3133 4022 insurrexit
3169 3967 3434 4033 Ecclesia,
3468 3979 3757 4036 utrumque
3786 3968 3997 4038 impro—

2431 4060 2579 4115 bavit
2610 4073 2660 4115 et
2690 4061 2963 4114 damnavit
2993 4076 3006 4112 :
3046 4076 3143 4113 nec
3178 4061 3360 4114 mitius
3383 4074 3503 4114 cum
3564 4059 3645 4114 iis'
3670 4074 3856 4128 egere,
3893 4062 3996 4131 qui

2432 4155 2602 4211 secuti
2638 4164 2782 4220 sunt,
2816 4153 3045 4208 Romani
3071 4151 3371 4221 pontifices.
3419 4151 3518 4218 Qui
3575 4166 3703 4220 ergo
3745 4151 3859 4205 fieri
3898 4168 3998 4221 po-

2432 4244 2531 4297 tuit
2565 4254 2619 4296 ut
2641 4244 2692 4296 hi
2719 4244 2970 4311 deinceps
2997 4244 3063 4294 ab
3096 4242 3239 4295 avita
3273 4243 3728 4311 pradecessorum
3761 4257 3994 4296 suorum

2432 4335 2536 4389 fide
2573 4344 2626 4388 et
2679 4334 2965 4388 traditione
3025 4333 3104 4387 sic
3160 4332 3487 4397 defecerint,
3549 4343 3605 4387 ut
3663 4333 4001 4389 reclamante

2431 4427 2599 4491 nullo,
2626 4426 2772 4480 nullo
2801 4426 3117 4489 obsistente,
3153 4434 3322 4480 totam
3356 4425 3655 4480 Ecclesiain
3712 4438 3896 4480 secum
3935 4426 3995 4481 in

772 4518 1155 4587 Grabianaque
1192 4517 1547 4587 responsione
1576 4517 1641 4571 ad
1666 4515 2059 4584 infringendam
2088 4513 2229 4567 illius
2246 4527 2336 4565 ar-
2369 4524 2413 4580 Ι)
2438 4518 2675 4586 ejusdem
2709 4519 2909 4573 erroris
2942 4520 3353 4572 consensionem
3387 4525 3440 4571 ei,
3466 4516 3856 4586 professionem
3888 4518 3998 4571 ab-

772 4612 1016 4681 gumenti
1036 4612 1141 4664 vim
1163 4619 1344 4664 utatur
1371 4626 1386 4665 :
1421 4611 1562 4663 vires
1586 4610 1697 4679 jam
1726 4610 2038 4677 experiatur
2069 4606 2323 4667 Grabius;

772 4712 954 4756 certus
988 4716 1103 4755 sum
1131 4699 1442 4755 Gnosticum
1470 4716 1639 4755 vanos
1692 4700 1926 4754 hominis
1962 4708 2183 4763 conatus
2205 4697 2326 4749 irri-

774 4796 1011 4859 dentem,
1062 4792 1128 4848 ab
1168 4793 1420 4847 omnibus
1468 4793 1582 4861 ejus
1642 4794 1759 4847 telis
1789 4803 1962 4847 tutum
2018 4806 2327 4845 mansurum

772 4902 912 4951 esse;
952 4902 1146 4957 parum
1202 4896 1347 4940 esset
1384 4886 1485 4939 nisi
1546 4886 1732 4940 iisdem
1792 4885 1911 4939 telis
1961 4883 2326 4937 adversarium

774 4980 950 5049 ipsum
983 4980 1140 5034 facile
1172 4978 1503 5033 conluderet.
1535 4977 1637 5033 Sed
1663 4978 1791 5047 quid
1822 4987 1875 5030 et
1906 4986 2167 5046 quantum
2205 4989 2331 5027 con-

776 5086 857 5127 tra
887 5072 1203 5127 Gnosticum
1253 5070 1452 5135 valeat,
1507 5070 1548 5124 si
1612 5071 1791 5123 minus
1842 5068 2078 5137 experiri
2128 5067 2329 5123 Grabio

774 5167 969 5234 placet,
1006 5163 1490 5232 rnemineritquam
1526 5163 1817 5216 infeliciter
1845 5162 2106 5215 hactenus
2139 5158 2329 5213 adver-

773 5273 866 5311 sus
898 5256 1219 5309 domesticos
1244 5256 1551 5317 hareticos,
1575 5255 1917 5317 Socinianos,
1950 5251 2329 5305 dimicaverint

772 5351 879 5404 sui.
903 5348 1028 5411 Vis,
1050 5347 1139 5401 ubi
1164 5348 1227 5402 de
1240 5346 1641 5416 Scripturarum
1668 5361 1829 5401 sensu
1849 5346 2075 5413 quastio
2094 5353 2198 5407 est,
2219 5352 2328 5394 trao

771 5442 1031 5495 ditionem
1058 5440 1358 5507 proferunt,
1393 5454 1515 5491 cum
1547 5438 1684 5491 hanc
1715 5436 1887 5491 solitis
1914 5434 2129 5489 Patrum
2161 5448 2325 5502 argu-

775 5530 969 5581 mentis
998 5544 1025 5581 a
1068 5526 1326 5581 continua
1355 5530 1729 5596 cpiscOpornm
1767 5528 2119 5581 successione
2148 5522 2329 5591 petitis

775 5622 985 5675 munire
1019 5635 1117 5674 nec
1170 5620 1438 5685 valentes,
1488 5634 1589 5673 nec
1639 5620 1921 5681 audentes,
1979 5619 2103 5671 victi
2137 5616 2323 5686 pedem

774 5716 978 5769 referre
1010 5713 1190 5769 statim
1218 5723 1504 5783 Coguntur.
1536 5712 1737 5767 Pudeat
1760 5713 1923 5783 igitur
1945 5712 2011 5764 cl.
2037 5710 2298 5765 Grabium

773 5812 945 5863 virum
1025 5808 1222 5879 alioqui
1288 5808 1572 5862 candidum
1633 5819 1685 5863 et
1752 5808 2019 5863 eruditum
2062 5823 2323 5863 vanorum

2432 4610 2707 4664 duxerint?
2733 4613 2835 4672 An,
2869 4611 3090 4664 inimico
3132 4610 3349 4663 homine
3389 4610 3692 4663 seminante
3742 4609 3793 4661 in
3856 4622 3999 4678 agro

2429 4702 2626 4757 Christi
2664 4703 2888 4765 zizania,
2942 4704 3021 4756 sic
3052 4702 3391 4755 dormiebant
3419 4716 3611 4756 omnes
3643 4698 3998 4769 patresfatni-

2430 4792 2552 4858 lias,
2598 4806 2653 4847 ut
2687 4793 2865 4848 nullus
2887 4793 3107 4848 omnino
3149 4794 3472 4863 perciperet,
3524 4794 3704 4848 nullus
3755 4792 4000 4850 evellere

2432 4886 2639 4940 zizania
2676 4887 2969 4941 niteretur?
2996 4886 3092 4941 Ubi
3122 4886 3287 4955 igitur
3335 4885 3538 4941 Christi
3576 4888 3995 4956 promissiones,

2430 4993 2488 5032 se
2521 4994 2781 5047 nusquam
2815 4977 3069 5032 Ecclesia
3101 4992 3211 5031 sua
3264 4976 3601 5039 defuturum,
3654 4975 3995 5031 defecturam

2431 5084 2702 5137 nunquam
2748 5068 3067 5131 Ecclesiam,
3127 5082 3227 5123 nec
3278 5066 3396 5123 fore
3447 5077 3505 5123 ut
3551 5067 3811 5123 adversus
3862 5083 3995 5124 eam

2428 5164 2751 5228 pravaleant
2781 5158 2978 5214 inferni
3010 5159 3203 5227 portae?

2499 5252 2591 5305 24.
2644 5250 2749 5305 Sed
2782 5260 2899 5304 esto
2972 5251 3135 5318 (absit
3179 5259 3238 5305 ut
3264 5246 3849 5310 concedami,Romana
3886 5250 4001 5305 Ec~

2431 5343 2595 5399 clcsia
2643 5344 2986 5397 traditionem
3018 5344 3375 5413 apostolicam
3426 5342 3832 5409 adulteravet-it,
3868 5345 3998 5413 ejus

2430 5439 2673 5493 doctrina
2726 5439 2792 5491 ab
2853 5437 3152 5507 apostolica
3189 5436 3469 5503 defecerit,
3523 5438 3568 5490 si
3614 5436 3997 5499 Protestantes

2431 5542 2612 5597 negant
2642 5530 2908 5583 veritatem
2952 5528 3087 5598 ejus,
3121 5529 3304 5583 debent
3346 5529 3567 5597 probare
3601 5529 3748 5584 illam
3777 5548 3991 5611 quoque

2428 5624 2667 5676 liceresim
2696 5638 2805 5675 esse
2829 5622 3007 5675 eadem
3035 5620 3205 5689 [arma
3239 5622 3504 5690 revictam,
3537 5640 3640 5693 qua
3675 5625 3779 5693 ipsi
3818 5628 3999 5680 revin-

2430 5726 2641 5778 cuntur,
2708 5728 2773 5768 ex
2814 5713 3107 5768 traditione
3135 5724 3189 5767 et
3220 5727 3485 5769 consensu
3520 5726 3757 5771 veterum
3780 5726 3833 5771 et
3860 5732 3998 5788 apo-

2430 5809 2741 5863 stolicarum
2776 5805 3161 5873 Ecclesiarum,
3194 5815 3241 5861 et
3272 5806 3538 5863 ostendere
3569 5806 3734 5863 simu.‘
3774 5809 3997 5865 ubinam
