4196 6330
801 361 894 417 271

1562 357 2149 416 DISSERTATIONES
2186 356 2489 413 PREVIE
2533 356 2598 411 IN
2638 356 2901 413 IRENIEI
2937 357 3203 416 LIBROS.

3902 355 4006 411 272

866 482 957 537 25.
984 478 1236 550 Sequitur
1261 477 1490 549 denique
1521 493 1586 534 ex
1635 481 1895 534 hactenus
1926 480 2194 548 explicata
2236 479 2345 534 Ire-
2377 484 2417 538 Α
2451 486 2508 530 et
2571 477 2850 542 catalogus
2892 475 2942 526 in
2996 489 3317 544 unaquaque
3370 474 3607 530 Ecclesia
3651 477 4005 531 servaretur?

801 576 899 630 ιιιεί
949 572 1221 634 doctrina,
1260 570 1653 640 descriptisque
1716 570 1950 638 ejusdem
2001 570 2342 636 testimoniis,

801 664 1067 735 apostolos
1091 663 1141 717 in
1169 665 1257 730 iis,
1286 679 1416 733 quas
1447 663 1824 729 fundaverunt,
1853 662 2130 727 Ecclesiis,
2162 661 2346 730 singu-

797 758 907 825 los,
953 759 1047 829 qui
1098 757 1164 812 iis
1209 765 1525 826 praeessent,
1587 754 1870 825 episcopos
1929 755 2228 809 instituisse
2283 768 2346 808 ac

797 865 1145 907 successores
1170 864 1328 914 suos;
1374 849 1710 919 presbyteris
1741 847 1964 917 proinde
2014 846 2135 916 jure
2167 846 2344 901 divino

795 958 858 998 ac
889 959 955 999 ex
996 943 1108 1013 ipsa
1138 939 1339 996 Christi
1375 940 1709 995 institutione
1735 938 2036 1007 superiores
2074 937 2136 990 ⁸⁷.
2170 935 2345 989 Habe-

795 1052 933 1102 mus,
973 1034 1167 1103 inquit,
1202 1047 1547 1087 annumerare
1575 1046 1683 1094 eos,
1729 1031 1817 1098 qui
1872 1030 1936 1083 ab
1968 1029 2215 1097 apostolis
2263 1030 2346 1082 in-

793 1129 963 1184 stituti
1010 1136 1133 1181 sunt
1169 1124 1392 1196 episcopi
1427 1133 1473 1178 et
1502 1139 1822 1178 successores
1873 1137 2052 1176 eorum
2092 1137 2251 1190 usque
2275 1117 2344 1174 ad

791 1237 904 1275 nos.
946 1217 1146 1274 Harum
1183 1215 1408 1286 proinde
1466 1215 1865 1270 successionum
1918 1211 2340 1281 episcoporum,

788 1311 949 1365 unius
979 1317 1099 1380 post
1125 1309 1378 1371 alterum,
1412 1304 1914 1375 catalogus,lrenaei
1939 1311 2121 1366 aetate,
2156 1310 2342 1356 exsta-

789 1403 884 1459 bat
925 1404 978 1458 in
1023 1401 1255 1457 archivis
1303 1402 1545 1454 omnium
1604 1397 1993 1453 Ecclesiarum.
2059 1393 2162 1450 Sed
2216 1394 2342 1466 quia

785 1494 1000 1567 longius
1035 1495 1247 1558 fuisset,
1274 1505 1333 1549 ut
1367 1496 1480 1564 ipse
1511 1492 1662 1556 dicit,
1691 1505 1785 1545 eas
1821 1505 2007 1546 omnes
2038 1488 2341 1544 successio-

785 1602 884 1645 nes
941 1601 1246 1652 recensere,
1308 1585 1519 1640 illarum
1579 1586 1855 1652 specimen
1910 1584 1963 1638 in
1992 1597 2094 1637 una
2136 1581 2343 1651 praebet

785 1681 1031 1737 Romana
1058 1679 1320 1744 Ecclesia,
1342 1692 1462 1748 quae
1480 1679 1688 1733 caeteris
1719 1675 2024 1741 antecellit;
2050 1675 2172 1729 aliis
2194 1689 2340 1728 sum-

782 1774 973 1830 malim
1015 1780 1220 1826 tantum
1254 1771 1569 1826 memoratis
1603 1788 1616 1824 :
1644 1768 1948 1823 Fundautes
1971 1768 2152 1837 igitur,
2187 1766 2338 1829 ait“,

781 1876 829 1921 et
857 1867 1169 1920 instruentes
1215 1865 1350 1918 beati
1379 1863 1597 1930 apostoli
1629 1862 1818 1917 Petrus
1842 1870 1895 1916 et
1926 1835 2122 1914 Paulus
2163 1855 2342 1911 Eccle-
2372 1835 2416 1896 Β

781 1957 915 2012 siam
959 1953 1280 2021 Romanam,
1339 1951 1469 2007 Lino
1519 1954 1868 2021 episcopatum
1916 1946 2340 2004 administranda:

781 2050 1032 2106 Ecclesia:
1069 2050 1419 2105 tradiderunt.
1453 2046 1695 2102 Succedit
1743 2053 1916 2099 autem
1945 2046 1990 2097 ei
2028 2043 2339 2107 Anacletus;

779 2152 891 2213 post
923 2158 1040 2196 eum
1090 2141 1239 2196 tertio
1275 2140 1388 2194 loco
1418 2139 1480 2192 ab
1512 2136 1765 2207 apostolis
1797 2137 2147 2205 episcOpatum
2185 2136 2333 2189 sorti-

783 2245 872 2289 tur
901 2234 1158 2290 Clemens.
1201 2232 1439 2288 Caeteros
1473 2232 1731 2299 deinceps
1754 2238 2037 2284 enumerat
2071 2243 2236 2296 usque
2273 2227 2338 2280 ad

786 2325 1282 2396 Eleutherum,qui,
1311 2324 1405 2389 ait,
1439 2340 1577 2377 nunc
1601 2322 1910 2376 duodecimo
1935 2320 2047 2373 loco
2074 2323 2340 2388 episcOpa-

781 2430 893 2477 tum
920 2421 983 2474 ab
1016 2419 1264 2489 apostolis
1293 2418 1464 2474 habet.
1490 2415 1749 2470 Romanae
1779 2413 1943 2484 igitur
1967 2411 2244 2476 Ecclesiae,
2273 2425 2333 2464 ex

778 2513 1076 2584 apostolica
1105 2509 1468 2573 institutione,
1494 2506 1831 2575 praefuerunt
1860 2500 2052 2572 singuli
2089 2501 2336 2555 modera-

783 2614 934 2661 tores
957 2613 1009 2658 et
1040 2611 1311 2674 pastores,
1339 2599 1573 2670 episcopi
1619 2596 1840 2652 nomine
1872 2594 2138 2650 ac.titnlo.
2187 2594 2338 2659 Quod

780 2706 888 2753 tam
929 2705 1133 2752 certum
1173 2704 1254 2750 est
1277 2694 1414 2764 apud
1445 2693 1725 2755 Irenaeum,
1755 2705 1912 2759 quam
1953 2688 2064 2756 ipsa
2100 2687 2334 2752 traditio,

777 2789 934 2859 cujus
983 2803 1046 2843 eo
1112 2786 1215 2842 loci
1266 2784 1643 2839 auctoritatem
1706 2781 1972 2834 adversus
2052 2778 2334 2832 haereticos

781 2878 1228 2938 astruebat.Imo
1279 2875 1617 2932 manifestior
1658 2888 1721 2927 ac
1755 2872 1936 2926 notior
1983 2885 2102 2926 esse
2149 2870 2334 2925 debuit

781 2973 1074 3037 successio,
1113 2986 1272 3041 quam
1326 2968 1567 3033 traditio,
1599 2981 1692 3022 seu
1721 2965 1921 3034 potius,
1949 2962 2174 3016 traditio
2214 2977 2335 3016 suc-

777 3066 1061 3129 cessionis,
1087 3079 1248 3135 quam
1267 3061 1532 3132 dogmatis
1563 3066 1616 3113 et
1646 3057 1908 3112 doctrinae
1937 3070 2094 3109 :cum
2127 3054 2333 3108 doctri-

2447 566 2649 635 thuid
2691 567 2854 620 unius
2885 565 3041 620 alteri
3098 567 3439 623 succcdentis
3487 568 3746 622 memoria
3785 570 4002 638 scriptis

2443 665 2553 710 tam
2607 657 2848 711 studiose
2891 655 3139 711 mandata
3188 666 3310 724 est;
3348 659 3396 713 si
3448 660 3749 730 presbyteri
3805 676 3995 716 omnes

2442 748 2678 818 aequales
2703 757 2880 811 erant,
2899 757 2955 802 ut
2983 748 3361 818 appellatione,
3387 749 3460 804 ita
3483 758 3537 804 et
3561 750 3851 820 dignitate,
3879 750 4000 805 nul-

2441 841 2637 910 lusque
2665 841 2785 896 aliis
2808 841 2929 910 jure
2962 843 3144 896 divino
3179 843 3424 912 superior
3455 841 3596 896 fuit?
3639 842 3997 909 Quamobrem

2442 935 2534 989 bic
2586 936 2762 1004 potius
2798 949 2954 1003 quam
3004 935 3140 999 iste,
3173 951 3295 990 cum
3342 950 3531 991 omnes
3578 935 3689 990 sint
3739 935 3997 1006 aequales,

2442 1026 2688 1096 catalogo
2738 1027 3098 1083 inscribitur?
3152 1028 3250 1084 Ubi
3304 1029 3434 1083 illud
3479 1038 3560 1084 est
3613 1030 3753 1096 quod
3815 1029 4002 1085 scribLt

2444 1116 2761 1183 Salmasius,
2793 1121 3066 1188 apostolos
3097 1121 3271 1176 nullos
3298 1138 3532 1192 unquam
3558 1124 3866 1194 praefecisse
3893 1126 3997 1182 sin-

2442 1211 2655 1283 gulares
2682 1213 2965 1283 episcopos
2994 1216 3058 1268 iis
3088 1214 3347 1270 Ecclesiis
3374 1231 3506 1285 quas
3533 1218 3855 1284 fundarunt;
3881 1235 3999 1274 cum

2441 1303 2676 1361 lrenaeus
2720 1306 2994 1376 sigillatim
3042 1322 3327 1363 recensere
3377 1324 3436 1363 se
3466 1325 3622 1378 posse
3669 1319 4001 1366 contestetur

2440 1396 2793 1466 singularinm
2829 1398 3044 1452 illorum
3081 1400 3480 1468 episcoporum,
3538 1403 3604 1456 ab
3632 1402 3896 1471 apostolis
3923 1403 3999 1456 in-

2441 1491 2776 1557 stitutorum,
2815 1491 3221 1548 successiones?
3248 1488 3433 1548 Nodus
3467 1505 3572 1558 est,
3613 1509 3774 1564 quem
3821 1493 4002 1548 nullus

2439 1599 2675 1652 unquam
2704 1584 3035 1649 dissolverit,
3068 1587 3365 1643 secueritve
3389 1585 3723 1648 Blondellus.
3769 1584 4000 1640 Dallzeus

2440 1686 2534 1732 aut
2568 1677 2887 1732 Salmasius.
2922 1677 3028 1732 Sed
3081 1693 3201 1732 cum
3249 1680 3352 1734 hoc
3411 1687 3784 1748 argumentum
3827 1678 4000 1734 solide

2441 1771 2891 1840 pertractaverint
2932 1772 3234 1828 doctissimi
3275 1772 3398 1837 viri,
3442 1782 3552 1826 tum
3582 1772 3857 1837 catholici,
3885 1783 3998 1828 tum

2443 1863 2723 1934 Anglicani
2750 1865 3106 1936 episcopales,
3137 1874 3188 1920 et
3212 1880 3240 1918 a
3272 1865 3653 1920 Puritanorum
3701 1867 3854 1921 tricis
3881 1882 4004 1919 mn-

2443 1956 2669 2021 nierint,
2703 1955 2949 2025 pluribus
2983 1956 3228 2011 dicendis
3262 1959 3610 2027 supersedeo.
3649 1957 3828 2013 Unum
3861 1958 4003 2013 dun-

2443 2056 2592 2101 taxat
2650 2049 2735 2102 hic
2778 2047 3099 2112 observabo,
3154 2047 3415 2103 Irenaeum
3453 2050 3649 2104 dudum
3702 2063 4003 2117 occupasse

2441 2147 2818 2202 argumentum
2851 2136 2979 2189 illud
3004 2138 3142 2205 quod
3170 2136 3411 2192 Puritani
3443 2148 3629 2208 petunt
3654 2137 3721 2192 ab
3743 2139 3807 2192 iis
3829 2139 4000 2194 Acto-

2441 2241 2559 2280 rum
2587 2243 2678 2288 xx.
2706 2227 2793 2291 l7,
2827 2228 3004 2282 verbis
3033 2246 3047 2282 :
3081 2233 3124 2282 A
3156 2229 3336 2284 Mileto
3364 2230 3566 2285 Paulus
3591 2232 3790 2286 mittens
3828 2231 4000 2301 Ephe-

2437 2335 2571 2382 sum,
2606 2322 2803 2373 vocavit
2833 2321 3057 2390 majores
3082 2335 3207 2377 natu
3234 2322 3501 2390 Ecclesite,
3537 2325 3662 2388 τοὺς
3695 2325 3999 2396 πρεσὸυτέ-

2440 2428 2564 2482 ρους
2595 2413 2694 2484 τῆς
2741 2413 3084 2486 Ἐκκλησίας.
3117 2417 3218 2481 Qui
3246 2434 3361 2471 cum
3392 2419 3642 2472 venissent
3682 2420 3748 2471 ad
3778 2435 3918 2484 eum,
3950 2429 3997 2472 et

2437 2505 2594 2557 simul
2626 2515 2816 2570 essent,
2841 2509 2974 2563 dixit
3003 2510 3164 2562 eis....
3206 2511 3469 2564 Attendite
3491 2513 3628 2564 vobis
3661 2520 3708 2564 et
3752 2515 3999 2566 universo

2437 2596 2599 2666 gregi,
2648 2599 2699 2651 in
2741 2615 2838 2669 quo
2875 2615 2961 2653 vos
2994 2598 3223 2668 Spiritus
3272 2613 3483 2656 sanctus
3522 2604 3694 2668 posuit
3727 2605 3998 2673 episcopos

2437 2703 2609 2757 regere
2636 2688 2930 2743 Ecclesiam
2971 2691 3088 2744 Dei.
3136 2693 3298 2758 Quasi
3331 2693 3530 2748 Paulus
3564 2696 3654 2750 hic
3694 2706 3851 2751 vocet
3885 2697 4002 2766 epi-

2436 2795 2661 2848 sc0pos,
2707 2795 2840 2850 quos
2875 2783 3180 2838 immediate
3231 2794 3385 2838 antea
3435 2796 3718 2841 vocaverat
3763 2787 3999 2855 majores

2437 2879 2588 2933 natu,
2620 2885 2714 2923 seu
2753 2872 3099 2942 presbyteros
3125 2873 3379 2928 Ecclesiae
3423 2874 3722 2944 Ephesinae.
3769 2876 3880 2931 Eos
3920 2877 3998 2932 si-

2436 2961 2648 3029 quidem
2673 2964 3193 3034 presbyteros,quos
3222 2964 3419 3019 Paulus
3468 2967 3706 3021 Miletum
3759 2970 3998 3023 advoca-

2434 3060 2602 3116 verat,
2645 3051 2810 3106 l‘uisse
2836 3061 2947 3106 tum
2977 3054 3251 3125 simplices
3281 3059 3650 3127 presbyteros,
3714 3069 3824 3114 tum
3873 3061 3997 3129 epi-

777 3175 860 3214 nte
893 3157 1111 3213 traditio
1145 3170 1238 3226 per
1271 3154 1495 3208 alteram
1522 3149 1921 3206 successionem
1953 3145 2275 3215 approbatur
2317 3165 2329 3200 :
2360 3178 2401 3237 ο
2437 3159 2642 3213 scopos,
2671 3154 2724 3198 et
2748 3155 3007 3211 utrosque
3038 3164 3141 3202 non
3169 3149 3234 3202 ab
3254 3149 3462 3218 Epheso
3496 3160 3718 3213 tantum,
3745 3153 3835 3206 sed
3872 3166 3931 3206 et
3965 3167 3996 3206 a

777 3252 918 3324 quod
951 3251 995 3305 si
1041 3265 1228 3304 verum
1279 3256 1380 3311 est,
1405 3261 1468 3299 ac
1501 3261 1606 3299 non
1644 3243 1828 3298 Romae
1873 3248 2102 3304 tantum,
2135 3238 2228 3293 sed
2278 3241 2329 3290 in

775 3343 999 3413 reliquis
1030 3342 1193 3396 etiam
1222 3340 1468 3401 urbibus,
1497 3335 1808 3390 auctoribus
1845 3330 2120 3402 apostolis,
2149 3330 2334 3385 eadem

776 3436 1076 3495 constituta
1103 3432 1276 3487 forma
1313 3439 1394 3486 est
1427 3427 1898 3500 gubernandarum
1932 3423 2337 3486 Ecclesiarum,

775 3530 1018 3601 profecto
1066 3528 1259 3582 falsum
1325 3533 1410 3580 est
1488 3523 1872 3576 Puritanorum
1928 3524 2336 3578 commentum,

777 3617 1034 3693 [CXVIII]
1060 3615 1305 3670 non.nisi
1353 3620 1474 3683 post
1510 3610 1878 3681 apostolorum
1907 3609 2131 3671 obitum,
2159 3621 2221 3662 ac
2252 3622 2337 3660 se-

774 3711 954 3769 cundo
1003 3709 1179 3764 medio
1219 3711 1416 3762 saeculo
1449 3746 1462 3769 ,
1522 3719 1676 3758 suum
1729 3701 2021 3771 unicuique
2077 3699 2337 3754 Ecclesia:

774 3801 1118 3874 praepositum
1137 3798 1449 3869 episcopum
1478 3796 1682 3859 fuisse;
1717 3809 1833 3848 cum
1867 3795 2124 3846 hactenus
2163 3809 2190 3844 a
2218 3792 2336 3860 plu-

774 3897 948 3956 ribus.
975 3894 1079 3949 hoc
1127 3902 1210 3947 est
1244 3901 1356 3946 toto
1393 3889 1729 3960 presbyterio
1753 3887 1865 3939 sive
1902 3884 2335 3954 presbyterorum

775 3981 1027 4052 collegio,
1061 3981 1177 4051 pari
1217 3980 1331 4036 iure
1361 3988 1413 4032 et
1448 3984 1712 4046 potestate
1757 3982 2090 4044 regerentur.
2136 3972 2336 4041 thuid

778 4077 924 4130 enim
963 4076 1228 4130 scriberet
1258 4072 1513 4134 Irena'us,
1553 4071 1639 4123 vir
1684 4069 2100 4138 apostolicorum
2139 4078 2336 4136 tempo-

779 4184 924 4234 rum,
951 4166 1190 4238 singulos
1225 4167 1278 4219 in
1331 4163 1560 4232 singulis
1611 4162 1868 4215 Ecclesiis
1901 4162 2224 4214 constitutos
2271 4160 2337 4212 ab

775 4257 1044 4328 apostolis
1066 4257 1349 4328 episcopos
1379 4254 1580 4319 fuisse;
1618 4253 1817 4322 quibus
1850 4251 2077 4306 mortuis
2107 4251 2194 4304 alii
2226 4250 2336 4304 sin-

773 4353 884 4425 guli
910 4353 989 4408 sic
1009 4349 1406 4413 sutIicerentur,
1435 4358 1494 4402 ut
1520 4362 1706 4402 earum
1733 4345 2137 4400 successionum
2165 4343 2336 4396 series

2439 3236 2698 3304 proximis
2721 3237 2865 3291 Asiae
2897 3239 3205 3293 civitatibus
3249 3251 3571 3296 convocatos
3595 3283 3610 3308 ,
3649 3242 3848 3298 diserte
3898 3260 3995 3299 as-

2443 3328 2575 3380 serit
2628 3327 2862 3383 lrenzcus
2888 3331 2950 3383 ‘9.
2992 3329 3059 3384 In
3097 3330 3297 3396 Mileto,
3330 3333 3524 3401 inquit,
3559 3336 3852 3389 convocatis
3879 3337 3999 3404 epi-

2438 3420 2606 3488 scopis
2626 3432 2670 3473 et
2693 3421 3020 3491 presbyteris,
3044 3423 3132 3493 qui
3164 3435 3307 3476 erant
3327 3425 3389 3476 ab
3415 3425 3635 3491 Epheso,
3657 3437 3702 3480 et
3727 3445 3756 3480 a
3775 3428 3995 3498 reliquts

2432 3512 2681 3582 proximis
2706 3514 3017 3579 civitatibus,
3048 3516 3291 3585 quoniam
3332 3519 3438 3585 ipse
3469 3519 3744 3586 festinaret
3796 3519 3995 3576 Hiero-

2431 3606 2686 3672 solymam
2711 3603 3044 3660 Peutecosten
3076 3625 3248 3677 agere,
3292 3610 3454 3662 multa
3487 3612 3769 3679 testiﬁcaris
3799 3614 3895 3677 eis,
3945 3626 3995 3668 et

2431 3697 2606 3750 dicens
2626 3714 2741 3768 quae
2759 3710 3014 3766 oporteret
3040 3700 3085 3752 ei
3118 3700 3493 3771 Hierosolymis
3512 3704 3732 3769 evenire,
3758 3705 3996 3773 adjecit:

2433 3789 2554 3843 Scio
2603 3793 2850 3859 quoniam
2873 3791 2986 3860 jam
3014 3809 3119 3846 non
3159 3793 3394 3848 videbitis
3427 3795 3611 3864 faciem
3642 3813 3841 3864 meum,
3877 3809 3995 3855 etc.

2436 3880 2592 3936 Clara
2624 3883 2901 3949 sunthaec,
2931 3900 3031 3938 nec
3052 3885 3173 3939 ullis
3207 3887 3581 3942 Puritanorum
3623 3890 3830 3946 nebulis
3861 3894 3998 3949 obs-

2438 3973 2696 4026 curanda.
2727 3973 2869 4040 Quos
2902 3975 3125 4043 proinde
3151 3977 3438 4047 Apostolus
3477 3980 3760 4050 episcopos
3795 3983 3932 4038 dicit
3963 4002 3998 4038 α

2436 4065 2639 4134 Spiritu
2689 4078 2868 4121 sancto
2915 4070 3108 4137 positos
3165 4087 3338 4139 regere
3389 4070 3675 4126 Ecclesium
3713 4074 3826 4138 Dei,
3880 4093 3996 4131 non

2434 4168 2590 4212 erant
2625 4160 2923 4229 presbyteri
2957 4159 3228 4228 Ephesini,
3263 4163 3353 4214 sed
3389 4162 3624 4232 ejusdem
3658 4163 3808 4218 urbis
3867 4167 3996 4235 epi-

2433 4265 2670 4319 scopus,
2754 4265 2797 4303 et
2876 4253 3190 4321 reliquarum
3280 4256 3637 4322 proximarum
3716 4258 3995 4311 civitatum

2433 4342 2694 4410 episc0pi.

1933 4567 2598 4658 ARTICULUS
2674 4567 2832 4658 IV.

961 4728 1049 4789 De
1091 4726 1392 4796 Ecclesia,
1434 4727 1571 4805 ejus
1610 4726 1777 4787 notis
1815 4743 1884 4788 ac
1920 4725 2423 4798 characteribus,
2464 4733 2524 4787 et
2550 4727 2848 4786 Romanas
2881 4724 3154 4805 primatu
3185 4735 3373 4806 atque
3403 4729 3791 4794 auctoritate.

843 4986 930 5039 26.
980 4985 1112 5040 Cum
1167 4995 1318 5040 extra
1376 5002 1556 5041 veram
1611 4987 1808 5042 Christi
1855 4985 2154 5042 Ecclesiam
2179 4986 2326 5040 salus
2358 4995 2401 5048 [ι
2436 4995 2580 5049 rant,
2634 4985 3007 5053 harreticisque
3046 5002 3109 5041 ac
3163 4987 3526 5042 schismaticis
3568 4988 3827 5057 objiciunt
3873 4999 3995 5046 tum

774 5079 1007 5134 obtineri
1037 5095 1140 5134 non
1177 5080 1380 5148 possit,
1417 5080 1611 5135 divinae
1637 5081 1863 5134 bonitati
1901 5088 2320 5132 consentaneum

774 5177 913 5232 erat,
957 5177 1014 5221 ut
1040 5181 1124 5233 ea,
1150 5170 1276 5224 solis
1303 5171 1491 5230 instar,
1520 5170 1845 5225 clarissimos
1875 5169 2111 5238 undique
2142 5169 2321 5224 radios

774 5258 1117 5325 dillunderet,
1163 5260 1355 5329 quibus
1391 5260 1647 5316 facillime
1695 5261 1940 5328 cognosci
1983 5269 2196 5329 posset;
2231 5277 2325 5315 seu

773 5352 937 5407 certis
973 5352 1288 5419 quibusdam
1327 5367 1389 5407 ac
1413 5353 1714 5423 perspicuis
1749 5354 1888 5409 notis
1916 5362 1969 5408 et
1992 5353 2328 5406 characteri-

773 5446 874 5500 bus
916 5445 1284 5514 insigniretur.
1319 5447 1511 5515 quibus
1563 5449 1632 5502 ab
1671 5448 1814 5502 omni
1866 5446 2001 5500 falsa
2039 5445 2317 5515 religione,

777 5536 1002 5604 aliisque
1032 5538 1229 5606 spuriis
1259 5538 1683 5608 adulterinisque
1733 5540 2078 5594 societatibus
2126 5539 2328 5592 discer-

778 5639 1015 5684 neretur.
1056 5628 1248 5684 Multas
1276 5640 1453 5686 autem
1478 5646 1614 5684 verae
1636 5630 1889 5686 Ecclesiae
1908 5642 2061 5686 notas
2091 5645 2320 5686 enume-

883 5791 925 5820 ⁸⁷
956 5788 1116 5856 Iren.,
1141 5788 1179 5844 Ι.
1213 5805 1294 5858 ιιι,
1322 5806 1368 5846 c.
1398 5793 1451 5858 3,
1482 5809 1534 5847 ιι.
1561 5790 1610 5845 1.
1688 5792 1731 5823 ⁸⁸
1763 5791 1824 5846 Ν.
1854 5792 1903 5846 5.

2431 5079 2531 5132 SS.
2584 5077 2792 5142 Patres,
2825 5089 2933 5131 tum
2974 5079 3211 5149 theologi
3256 5080 3526 5136 catholici.
3563 5081 3666 5135 Sed
3693 5096 3888 5139 omnes
3925 5088 3995 5140 ad

2428 5179 2661 5239 quatuor
2699 5171 2829 5224 istas
2859 5172 3017 5227 facile
3049 5181 3390 5237 revocantur,
3419 5188 3552 5242 quas
3582 5172 3839 5243 Symbolo
3887 5191 3996 5231 suo

2422 5264 2647 5317 inseruit
2716 5263 2999 5318 concilium
3063 5264 3713 5333 Constantinopolitanum
3771 5282 3784 5317 :
3862 5287 3884 5320 ι
3929 5269 3997 5325 Et

2423 5370 2584 5408 unam
2611 5398 2626 5423 ,
2677 5366 2920 5408 sanctam
2941 5397 2954 5419 ,
2982 5357 3303 5411 catholicam
3331 5366 3385 5411 et
3411 5359 3754 5425 apostolicam
3785 5359 3992 5416 Eccle-

2425 5449 2582 5502 siam.
2613 5468 2630 5501 ι
2659 5449 3000 5518 Qumcunque
3034 5451 3198 5519 igitur
3226 5467 3347 5504 vera
3379 5450 3575 5506 Christi
3604 5451 3846 5507 Ecclesia
3879 5466 3994 5521 est,

2424 5541 2508 5595 his
2553 5543 2692 5598 notis
2733 5542 3081 5609 dignoscatur
3127 5557 3350 5599 necesse
3394 5552 3495 5610 est,
3529 5544 3670 5613 quod
3721 5545 3994 5603 nimirum

2425 5648 2531 5687 una
2565 5634 2655 5699 sit,
2689 5645 2876 5690 sancta
2898 5675 2913 5701 ,
2953 5635 3217 5692 catholica
3249 5646 3303 5692 et
3339 5638 3651 5706 apostolica.
3683 5636 3831 5692 Talis
3867 5652 3996 5696 erat

1988 5792 2029 5825 "
2057 5791 2115 5848 L.
2147 5809 2226 5858 Ill,
2259 5808 2306 5848 c.
2339 5792 2420 5859 li,
2452 5809 2506 5848 ιι.
2544 5792 2598 5849 2.
