4196 6330
238 406 338 458 ἳτδ

1157 405 1610 464 DlSSEllTATlO
1649 408 1734 475 ΙΙΙ,
1775 407 1861 464 DE
1897 409 2153 468 ΙΒΕΝᾸΞΙ
2183 410 2550 471 ΒΟΟΤΒΙΝΑ.

1796 408 1861 464 )E
1897 409 2153 468 ΙΒΕΝᾸΞΙ
2183 410 2550 471 ΒΟΟΤΒΙΝΑ.
3355 418 3453 478 274

237 539 323 587 ea,
349 520 501 590 cuius
530 522 834 579 membrum
861 533 978 580 erat
1006 524 1258 590 lrenaens,
1281 527 1434 596 cujus
1459 529 1616 583 ﬁdem
1639 539 1802 598 atque
1829 535 1876 590 A
1905 546 2062 588 verso
2091 537 2289 590 mundo
2317 536 2642 591 ostenditur.
2685 532 2820 591 Huic
2867 534 3014 591 enim
3063 534 3330 591 creditum
3372 549 3458 594 cst

237 616 538 672 doctrinam
569 617 843 681 tuebatur,
877 628 930 673 et
962 633 992 672 a
1028 635 1131 688 qua
1183 635 1466 690 perperam
1506 624 1798 677 secessisse

235 724 353 773 eos,
378 723 514 780 quos
569 709 944 779 impugnabat,
976 711 1279 776 haereticos,
1333 715 1532 768 invicte
1571 715 1798 770 demon-

233 801 465 858 Strabat.
492 799 653 856 Hisce
677 804 1084 859 characteribus
1106 820 1223 860 eam
1256 807 1369 874 ipse
1392 822 1498 862 non
1517 806 1681 862 semel
1701 807 1798 862 de-

233 894 487 960 signavit,
512 903 568 947 et
613 908 643 948 a
687 895 932 964 qualibet
982 898 1087 952 alia
1133 897 1397 954 societate
1433 900 1682 955 haeretica
1712 900 1798 958 vel

231 984 582 1039 schismatica
604 986 856 1058 distingui
891 988 1077 1043 voluit.

303 1077 396 1131 27.
434 1076 673 1135 Unitatis
725 1091 906 1135 notam
937 1081 1035 1136 soli
1077 1082 1326 1138 Ecclesia:
1375 1085 1656 1140 catholicae
1681 1086 1795 1142 sin-

229 1170 481 1238 gularem
516 1186 640 1227 esse
675 1188 737 1228 ac
759 1175 1056 1244 propriam,
1091 1193 1195 1244 qua
1227 1177 1296 1233 ab
1319 1178 1586 1234 haereticis
1621 1180 1798 1235 omni-

233 1269 334 1319 bus
368 1280 432 1321 ac
482 1266 850 1324 schismaticis
894 1270 1242 1334 discernitur,
1275 1274 1409 1328 adeo
1444 1272 1797 1329 lrenaeocon-

228 1357 432 1420 stabat,
460 1367 519 1411 ut
550 1359 600 1413 in
636 1359 734 1414 hac
767 1375 892 1414 arce
937 1363 1265 1416 tutissimum
1295 1364 1623 1420 defensionis
1673 1365 1796 1420 ﬁdei

228 1449 542 1517 pmidium
593 1455 910 1518 constituat,
940 1454 1176 1524 indeque
1222 1456 1532 1524 disputandi
1579 1458 1794 1512 initium

227 1540 412 1596 ducat.
440 1561 459 1594 ι
495 1541 641 1599 Hanc
671 1545 1123 1613 praedicationem,
1151 1548 1413 1616 inquit",
1436 1566 1554 1604 cum
1580 1565 1795 1620 accepe-

227 1635 322 1697 rit,
385 1645 440 1690 et
498 1637 636 1692 hanc
695 1637 879 1705 ﬁdem,
921 1640 1374 1708 quemadmodum
1423 1643 1791 1710 praediximus,

227 1724 494 1789 Ecclesia,
525 1736 578 1780 et
624 1729 838 1796 quidem
900 1728 1141 1799 (Graece,
1187 1728 1408 1803 καίπερ,
1451 1732 1706 1800 quamvis)
1740 1731 1790 1785 in

225 1815 546 1869 universum
589 1819 844 1872 mundum
871 1820 1246 1884 disseminata,
1285 1821 1575 1892 diligenter
1614 1830 1792 1875 custo-

223 1909 326 1973 dit,
363 1910 518 1979 quasi
556 1926 714 1965 unam
755 1912 972 1966 domum
1035 1913 1394 1969 inhabitans:
1426 1925 1480 1969 et
1537 1915 1790 1970 similiter

223 2002 406 2054 credit
431 2002 515 2068 iis,
543 2002 794 2058 videlicet
830 2007 982 2074 quasi
1025 2021 1185 2060 unam
1207 2007 1443 2058 animam
1475 2005 1703 2072 habens,
1735 2017 1791 2063 et

225 2108 396 2147 unum
419 2108 547 2148 cor:
568 2105 620 2149 et
644 2107 1004 2151 consonanter
1029 2099 1143 2152 haec
1167 2100 1441 2167 praedicat,
1470 2099 1717 2164 etdocet,
1735 2109 1788 2154 et

224 2187 414 2254 tradit,
447 2189 600 2256 quasi
637 2205 799 2243 unum
837 2192 1116 2259 possidens
1140 2208 1218 2249 os.
1263 2213 1281 2245 ι
1323 2193 1487 2260 Quasi
1533 2194 1738 2249 diceret
1769 2211 1783 2247 :

220 2280 353 2335 Haec
399 2297 540 2336 vera:
578 2281 832 2338 Ecclesiae
861 2295 1008 2350 nota,
1039 2287 1124 2340 hic
1169 2288 1473 2342 character.
1527 2288 1788 2355 Quamvis

219 2390 323 2444 per
353 2385 521 2429 totum
565 2379 750 2433 orbem
782 2377 938 2448 longe
973 2378 1184 2449 lateque
1213 2390 1506 2451 propagata
1534 2381 1625 2446 sit,
1671 2395 1789 2450 per.

220 2468 353 2522 inde
382 2479 468 2523 est
515 2479 689 2524 tamen
738 2471 802 2526 ad
851 2473 969 2527 ﬁdei
1004 2475 1288 2536 unitatem,
1325 2490 1388 2528 ac
1417 2476 1460 2529 si
1491 2490 1653 2529 unam
1692 2475 1789 2530 do-

219 2577 377 2615 mum
404 2562 699 2617 habitaret.
727 2563 896 2630 Quam
930 2567 1074 2620 enim
1114 2566 1270 2621 ﬁdem
1301 2576 1459 2636 atque
1482 2567 1783 2624 doctrinam

218 2654 291 2709 ab
350 2655 608 2723 apostolis
640 2658 742 2712 sibi
791 2659 1053 2714 creditam
1087 2661 1314 2727 accepit,
1348 2661 1534 2716 eodem
1587 2661 1787 2731 ubique

216 2748 408 2801 studio
451 2756 505 2800 et
543 2751 727 2802 eadem
781 2764 908 2804 cura
949 2762 1264 2815 conservat;
1311 2763 1366 2806 et
1421 2753 1574 2820 quasi
1628 2769 1786 2807 unam

217 2840 490 2903 animam,
516 2855 682 2894 unum
739 2857 833 2897 cor
882 2854 936 2898 et
983 2859 1147 2898 unum
1197 2860 1259 2900 os
1309 2846 1554 2911 haberet,
1600 2847 1785 2900 eodem

217 2931 433 3001 ubique
472 2934 628 2988 modo
674 2935 863 2997 credit,
923 2937 1199 3004 pranlicat,
1253 2937 1410 2991 docet
1464 2947 1518 2990 et
1569 2947 1788 3004 accepta

217 3025 415 3078 tradit.
449 3023 602 3090 Nam,
649 3029 826 3087 addit,
880 3030 978 3081 etsi
1035 3029 1279 3096 dispares
1329 3029 1468 3082 inter
1508 3043 1565 3082 se
1603 3029 1784 3082 mundi

216 3113 422 3183 lingua:
452 3126 599 3180 sunt,
628 3133 730 3170 una
773 3127 950 3171 tamen
994 3129 1047 3173 et
1075 3120 1263 3174 eadem
1319 3131 1400 3175 est
1454 3120 1652 3189 ubique
1705 3120 1786 3174 vis

1901 624 2078 680 lumen
2107 627 2223 694 Dei,
2256 639 2359 684 etc.
2392 647 2412 682 ι

1971 719 2062 775 28.
2095 719 2220 775 Hac
2250 721 2664 790 apostolicorum
2712 719 3004 776 hominum
3056 719 3208 784 ﬁdes,
3237 731 3349 776 haec
3402 721 3456 774 in

1900 827 2086 867 eorum
2139 813 2335 868 animis
2388 811 2575 880 insita,
2607 822 2663 868 et
2715 813 2783 868 ab
2827 812 3087 882 apostolis
3136 823 3351 882 accepta
3405 821 3461 869 et

1898 905 2052 973 quasi
2101 906 2413 978 consignata
2450 921 2593 960 vera:
2625 903 2881 960 Ecclesia:
2922 905 3091 960 notio.
3120 903 3298 974 Apage
3327 917 3459 973 ergo

1899 996 2136 1066 spuriam
2201 997 2348 1051 illam
2403 1004 2924 1065 portentosamque,
2978 1011 3139 1066 quam
3183 1008 3460 1050 commen-

1900 1083 1938 1137 ti
1973 1093 2099 1138 sunt
2135 1085 2468 1139 recentiores
2516 1082 2946 1138 Protestantium
2980 1084 3240 1148 ministri,
3281 1083 3460 1139 Eccle-

1900 1177 1997 1232 siae
2047 1177 2355 1241 notionem,
2414 1191 2532 1248 quae
2587 1191 2767 1232 sectas
2830 1192 3043 1242 omnes,
3086 1186 3196 1232 tum
3245 1177 3460 1232 haereti-

1898 1283 2012 1333 cas,
2046 1266 2254 1340 [CXIX]
2289 1279 2401 1322 tum
2427 1268 2804 1324 schismaticas
2827 1269 3240 1338 complectatur,
3263 1281 3381 1336 qua:
3403 1267 3457 1320 in

1899 1362 1966 1417 iis
1996 1361 2116 1416 ﬁdei
2153 1361 2426 1427 articulis,
2460 1377 2598 1431 quos
2633 1363 2849 1433 quidem
2893 1359 3322 1415 fundamentales
3363 1373 3461 1413 vo-

1897 1472 2023 1512 care
2044 1496 2058 1522 ,
2094 1472 2354 1524 nusquam
2385 1470 2514 1510 vero
2539 1454 2684 1510 clare
2714 1463 2768 1509 et
2803 1463 2987 1522 aperte
3022 1453 3304 1523 designare
3336 1449 3458 1520 pla-

1898 1551 2040 1617 cuit,
2080 1550 2406 1604 conveniant
2435 1591 2449 1612 ,
2498 1548 2626 1604 licet
2673 1549 2725 1602 in
2766 1547 2977 1602 caeteris
3014 1545 3262 1600 omnibus
3293 1542 3458 1598 dissi-

1898 1643 2078 1710 deant,
2108 1653 2161 1697 et
2191 1643 2341 1712 quasi
2372 1642 2519 1696 civili
2546 1641 2684 1696 bello
2713 1649 3038 1711 pugnantes,
3083 1637 3286 1692 mutuis
3327 1651 3460 1690 ana-

1900 1732 2192 1787 thematum
2216 1732 2532 1787 vulneribus
2557 1746 2676 1784 sese
2701 1731 2897 1785 misere
2917 1728 3272 1784 conscindant
3297 1735 3460 1795 atque

1899 1821 2162 1876 lacerent.
2193 1820 2336 1876 Nihil
2365 1821 2432 1875 ab
2461 1837 2523 1875 ea
2551 1821 2767 1885 animae,
2800 1819 2984 1874 cordis
3009 1826 3064 1873 et
3089 1818 3201 1872 oris
3229 1815 3458 1880 unitate,

1893 1929 2055 1984 quam
2085 1930 2223 1969 verae
2245 1913 2502 1969 Ecclesiae
2517 1914 2892 1968 characterem
2913 1925 3035 1967 esse
3053 1910 3182 1964 dicit
3202 1906 3457 1971 lrenaeus,

1892 2006 2125 2060 alienius
2155 2005 2277 2076 ﬁngi
2309 2005 2505 2075 potuit.
2541 2005 2652 2059 lmo
2683 2012 2892 2058 tantum
2926 2002 3080 2056 abest
3105 2010 3164 2055 ut
3192 2000 3461 2066 quaslibet

1893 2113 2066 2156 sectas
2107 2099 2388 2155 hazreticas
2434 2099 2554 2153 sinu
2603 2113 2701 2153 suo
2731 2095 3124 2166 complectatur
3175 2092 3412 2148 Ecclesia
3440 2132 3456 2157 ,

1889 2193 2104 2262 qualem
2133 2191 2474 2246 describebat
2505 2190 2768 2256 lrenaeus,
2799 2189 2928 2258 quin
2963 2186 3145 2257 potius
3174 2186 3226 2239 in
3258 2183 3361 2239 hoc
3387 2183 3456 2238 ab

1892 2286 2162 2342 haereticis
2207 2286 2516 2341 distinctam
2555 2299 2675 2340 esse
2719 2283 3045 2347 contendat,
3103 2277 3244 2348 quod
3277 2296 3297 2331 ‹
3337 2276 3456 2349 ejus

1889 2381 2200 2452 praedicatio
2239 2379 2474 2450 undique
2503 2386 2765 2434 constans
2799 2386 2853 2432 et
2891 2374 3173 2445 aequaliter
3202 2388 3457 2444 perseve-

1891 2489 2015 2527 rans
2045 2492 2064 2526 ι
2091 2487 2273 2528 secum
2302 2472 2500 2540 ubique
2532 2481 2801 2526 terrarum
2844 2469 3182 2534 consentiat;
3213 2466 3289 2521 illi
3322 2479 3455 2521 vero

1889 2584 2160 2638 nunquam
2193 2576 2541 2629 constantes,
2575 2580 2788 2634 semper
2821 2572 2876 2617 et
2905 2563 3106 2631 ubique
3133 2573 3317 2616 secum
3349 2573 3451 2631 pu-

1888 2673 2119 2732 gnantes
2139 2702 2156 2728 ,
2188 2662 2333 2716 omni
2363 2668 2523 2714 vento
2563 2657 2826 2713 doctrina:
2863 2663 3206 2719 moveantur,
3233 2667 3298 2708 ac
3336 2655 3454 2706 vel-

1889 2761 1947 2804 ut
1989 2753 2414 2815 alternantibus,
2455 2750 2666 2818 sibique
2709 2748 3127 2802 succedentibus
3174 2747 3454 2800 variarum

1887 2847 2275 2901 sententiarum
2301 2844 2551 2898 ﬂuctibus
2584 2842 2882 2909 jactentur.
2920 2859 2939 2892 t
2984 2840 3094 2895 Nos
3113 2878 3129 2906 ,
3157 2839 3336 2910 inquit
3366 2837 3416 2870 "
3435 2879 3452 2904 .

1890 2953 2054 2989 unum
2079 2937 2321 2991 etsolum
2347 2950 2410 2988 ve
2422 2951 2535 2987 rum
2570 2935 2737 2988 Deum
2758 2934 3033 2989 doctorem
3054 2942 3366 3001 sequentes,
3398 2938 3455 2985 et

1889 3029 2124 3097 regulam
2146 3027 2394 3082 veritatis
2425 3026 2684 3079 habentes
2701 3023 2817 3093 cjus
2838 3037 3140 3087 sermones,
3163 3021 3229 3076 de
3258 3021 3450 3075 iisdem

1887 3134 2105 3189 semper
2159 3119 2345 3173 eadem
2398 3119 2630 3172 dicimus
2693 3131 2904 3172 omnes.
2933 3134 2952 3169 ι
2994 3115 3072 3169 llli
3119 3128 3252 3170 vero
3287 3133 3305 3166 ‹
3340 3129 3447 3168 non

215 3207 572 3271 traditionis;
609 3225 705 3264 nec
727 3226 805 3265 ea:
855 3227 970 3280 quae
1015 3213 1066 3266 in
1120 3212 1434 3274 Germania,
1490 3212 1783 3282 Hispaniis,
1813 3231 1853 3288 ς
1889 3213 2023 3266 bene
2057 3212 2373 3274 sentientes,
2411 3209 2625 3264 interim
2650 3217 2828 3262 tamen
2851 3207 3169 3277 semetipsos
3187 3215 3448 3276 arguunt,

211 3300 437 3365 Galliis,
475 3300 730 3364 Oriente,
765 3302 1020 3374 Egyplo,
1066 3315 1159 3357 aut
1198 3305 1323 3357 alibi
1369 3306 1607 3372 gentium
1648 3322 1780 3361 con~

213 3395 429 3448 stitutze
453 3403 572 3448 sunt
601 3394 879 3459 Ecclesiae,
913 3397 1070 3451 aliter
1099 3399 1328 3452 credunt
1363 3409 1456 3450 aut
1479 3400 1637 3452 aliter
1668 3407 1780 3448 tra-

213 3488 395 3550 dunt;
435 3488 525 3541 sed
573 3489 730 3542 sicuti
772 3489 904 3544 sola
952 3492 1058 3545 Deo
1104 3495 1396 3558 conditus,
1448 3497 1497 3549 in
1529 3495 1782 3548 universo

214 3579 431 3632 mundo
475 3596 612 3634 unus
659 3590 818 3650 atque
876 3584 1013 3638 idem
1055 3593 1176 3653 est,
1233 3587 1306 3640 ita
1347 3589 1510 3643 etiam
1539 3593 1782 3650 veritatis

215 3673 539 3744 praedicatio
593 3675 778 3727 eadem
819 3675 1018 3744 ubique
1068 3678 1230 3740 lucet,
1265 3694 1564 3750 omnesque
1611 3685 1784 3738 homi-

215 3779 340 3826 nes,
369 3764 458 3832 qui
492 3767 554 3818 ad
581 3767 827 3820 veritatis
852 3769 1178 3837 agnitionem
1218 3772 1404 3828 venire
1438 3775 1684 3844 cupiunt,
1719 3775 1781 3830 il-

215 3857 442 3911 lustrat.
479 3857 542 3910 Et
572 3859 818 3926 quamvis
862 3875 966 3914 non
999 3862 1200 3916 caedem
1231 3865 1473 3920 omnium
1525 3867 1781 3926 Ecclesia:

212 3951 525 4005 antistitum
575 3952 747 4018 dotes,
779 3955 981 4024 aliique
1019 3955 1142 4008 aliis
1183 3959 1464 4024 peritiores
1507 3970 1560 4014 et
1608 3964 1781 4019 diser-

216 4045 395 4096 tiores
453 4045 595 4110 sint;
642 4047 830 4099 eadem
877 4057 1055 4101 tamen
1115 4052 1354 4104 omnium
1402 4055 1646 4110 doctrina
1677 4067 1778 4113 est.

217 4155 242 4185 ι
275 4135 414 4190 Cum
454 4137 592 4190 enim
641 4155 743 4192 una
778 4149 830 4192 et
861 4141 1046 4196 eadem
1080 4144 1209 4198 lides
1261 4145 1353 4207 sit,
1393 4161 1566 4216 neque
1601 4165 1646 4202 IS
1687 4151 1778 4220 qui

212 4227 449 4279 multum
485 4229 546 4282 de
579 4246 638 4283 ea
675 4239 848 4298 potest
878 4234 1078 4298 dicere,
1112 4236 1363 4304 ampliat;
1410 4254 1584 4307 neque
1613 4241 1656 4294 is
1687 4243 1778 4312 qui

212 4318 425 4377 minus,
453 4318 770 4373 deminorat.
801 4339 919 4371 ›-‹
943 4321 1690 4404 Eorum,inquitalibi",qui
1713 4335 1779 4387 ab

218 4410 468 4466 Ecclesia
506 4421 650 4476 sunt,
679 4413 890 4479 semita,
925 4415 1253 4473 circumiens
1276 4413 1529 4475 mundum
1564 4423 1779 4478 univer-

211 4517 365 4565 sum,
394 4503 588 4571 quippe
618 4504 828 4558 ﬁrmam
876 4506 1079 4562 habens
1126 4512 1194 4564 ab
1239 4514 1496 4579 apostolis
1537 4516 1781 4570 traditio-

1889 3308 1953 3360 de
1985 3306 2169 3358 iisdem
2213 3304 2390 3358 verbis
2423 3319 2528 3358 non
2568 3302 2994 3357 consentientes.
3031 3320 3050 3354 ι
3089 3300 3154 3355 Ει
3184 3299 3311 3354 alibi
3348 3297 3396 3330 "
3430 3316 3444 3353 :

1889 3419 1907 3451 ι
1945 3399 2090 3454 Bene
2121 3400 2319 3453 habere
2351 3398 2680 3467 putavimus,
2705 3397 2990 3451 ostendere
3017 3395 3215 3465 primo,
3248 3394 3299 3447 in
3326 3393 3439 3463 qui-

1884 3492 1982 3546 bus
2008 3491 2108 3559 ipsi
2139 3502 2327 3560 patres
2360 3488 2518 3558 hujus
2549 3487 2738 3542 fabula:
2763 3489 3074 3555 discrepant
3103 3487 3364 3539 adversus
3386 3498 3445 3538 se

1885 3583 2135 3647 invicem,
2165 3584 2318 3650 quasi
2347 3582 2438 3651 qui
2482 3582 2591 3635 sint
2616 3596 2679 3636 ex
2715 3579 2880 3634 variis
2909 3578 3189 3649 spiritibus
3216 3579 3438 3631 erroris.

1885 3675 1946 3727 Et
1973 3691 2035 3728 ex
2072 3675 2174 3728 hoc
2216 3675 2363 3728 enim
2408 3674 2696 3742 diligenter
2741 3686 3070 3743 cognoscere
3111 3679 3230 3736 est,
3277 3678 3334 3724 et
3373 3683 3441 3724 ex

1883 3767 2190 3822 ostensione
2219 3766 2448 3837 (Grmcc,
2482 3767 2573 3819 καὶ
2613 3765 2717 3838 πρὸ
2745 3766 2840 3838 τῆς
2879 3763 3202 3831 ἀποδείξεως
3222 3777 3264 3825 ,ι
3281 3763 3442 3817 nullis

1882 3863 2004 3914 dum
2051 3847 2210 3916 etiam
2259 3861 2436 3914 allatis
2494 3856 2907 3931 argumentis,»
2943 3869 2999 3913 ut
3049 3858 3239 3914 melius
3285 3859 3444 3914 vertit

1883 3955 2093 4023 Billins)
2119 3970 2237 4009 eam
2274 3956 2518 4019 ﬁrmam,
2547 3969 2668 4024 quae
2701 3953 2768 4007 ab
2794 3953 3034 4008 Ecclesia
3080 3954 3443 4023 praedicatur,

1883 4047 2203 4111 veritatem,
2235 4055 2289 4100 et
2331 4047 2397 4100 ab
2431 4046 2496 4100 iis
2526 4045 2672 4114 quod
2713 4045 2937 4117 tingitur
2981 4044 3369 4115 lalsiloquium.
3415 4064 3436 4100 ο

1883 4139 2017 4194 Τιιιιι
2060 4142 2304 4210 exposita
2355 4141 2489 4194 mira
2537 4139 2898 4193 Ecclesiarum
2944 4140 3186 4192 omnium
3231 4138 3283 4192 in
3337 4153 3442 4192 una

1886 4236 1988 4288 ﬁde
2021 4244 2182 4303 atque
2218 4235 2460 4288 doctrina
2494 4234 2885 4297 consensione;
2924 4232 3142 4304 subjicit
3170 4233 3257 4285 τις
3291 4251 3312 4284 ‹
3353 4231 3445 4285 Vi-

1882 4329 2102 4381 deamus
2134 4343 2277 4382 nunc
2308 4334 2361 4380 et
2419 4327 2613 4380 horum
2648 4325 3045 4380 inconstantem
3081 4325 3402 4380 sententiam
3426 4364 3444 4392 ,

1883 4434 2005 4474 cum
2042 4419 2149 4472 sint
2183 4417 2317 4486 duo,
2365 4418 2447 4472 vcl
2480 4425 2628 4483 tres,
2665 4416 3115 4473 quemadmodum
3146 4417 3212 4471 de
3245 4416 3438 4471 iisdem

1884 4528 1986 4566 non
2021 4513 2204 4565 eadetn
2245 4511 2451 4575 dicunt,
2485 4510 2578 4564 sed
2610 4517 2663 4562 et
2689 4509 3020 4575 nominibus,
3044 4512 3277 4562 etrc’nus
3309 4523 3441 4562 con-

207 4611 367 4658 nem,
401 4605 453 4649 et
502 4597 686 4651 videre
742 4598 901 4654 nobis
956 4605 1162 4657 donans
1215 4606 1455 4658 ninnium
1515 4623 1673 4660 unam
1723 4619 1775 4662 et
1811 4585 1853 4639 D
1885 4605 2048 4657 traria
2080 4604 2425 4672 reapondent.
2471 4621 2489 4654 ι
2534 4601 2833 4670 Descriptis
2871 4616 3002 4655 vero
3046 4602 3438 4672 praecipuorum

205 4689 459 4743 eamdem
486 4703 602 4743 esse
630 4691 808 4758 ﬁdem,
835 4694 1085 4748 omnibus
1116 4711 1279 4749 unum
1313 4705 1364 4750 et
1397 4699 1645 4752 eumdem
1667 4682 1774 4755 Ῥει-

204 4791 276 4834 tr.
301 4798 354 4834 m
383 4783 831 4850 pmcipientilms,
871 4797 925 4840 et
971 4790 1214 4842 eamdem
1253 4791 1656 4858 dispositionem
1687 4793 1770 4847 in-

203 4875 548 4928 Carnutionis
581 4874 701 4929 Filii
739 4879 828 4932 Dei
855 4881 1219 4943 credentibus,
1247 4891 1298 4935 et
1322 4884 1565 4937 eamdem
1599 4886 1767 4940 dona-

203 4978 226 5019 t
253 4980 416 5018 onem
441 4965 674 5034 Spiritus
706 4971 1024 5035 scientibus,
1059 4982 1112 5026 et
1152 4973 1335 5027 eadem
1387 4977 1769 5032 meditantibus

201 5064 500 5125 praecepta,
532 5065 585 5108 et
636 5063 878 5116 eamdem
913 5062 1133 5133 ﬁguram
1181 5079 1317 5133 eius,
1349 5080 1468 5134 quae
1511 5078 1595 5123 est
1641 5085 1770 5138 erga

203 5149 528 5211 Ecclesiam,
578 5155 939 5210 ordinationis
996 5156 1083 5224 (id
1123 5161 1770 5228 esteamdemregiminis

196 5243 565 5302 ecclesiastici
603 5247 857 5319 formam)
889 5250 1355 5315 custodientibus,
1417 5260 1470 5305 et
1519 5253 1768 5307 eumdem

193 5341 653 5404 exspectantibus
686 5341 973 5394 adventum
1008 5340 1241 5404 Domini,
1266 5352 1320 5396 et
1344 5345 1588 5397 eamdem
1625 5345 1770 5398 salu-

192 5440 311 5485 tem
341 5428 508 5486 totius
536 5433 793 5494 hominis,
829 5433 878 5486 id
905 5441 986 5486 est
1011 5435 1202 5486 anim-.e
1227 5445 1278 5486 et
1311 5438 1576 5504 corporis,
1607 5439 1770 5491 susti-

191 5524 483 5582 nentibus.
532 5525 600 5580 Et
632 5527 887 5581 Ecclesia:
940 5530 1159 5595 quidem
1213 5530 1527 5598 praedicatio
1566 5546 1687 5583 vera
1715 5541 1767 5584 et

186 5617 381 5676 ﬁrma,
417 5621 554 5688 apud
579 5634 743 5689 quam
777 5633 882 5672 una
912 5627 967 5673 et
1003 5620 1188 5674 eadem
1223 5619 1410 5674 salutis
1439 5622 1524 5674 via
1562 5624 1611 5676 iu
1640 5626 1764 5677 uni-

263 5822 312 5851 "
352 5822 520 5889 lren.,
551 5826 642 5878 lib.
677 5842 715 5884 t.
749 5840 864 5892 cap.
902 5826 988 5886 lll,
1016 5843 1063 5877 n.
1101 5825 1153 5878 9.

186 5894 236 5925 τι
267 5895 503 5964 Catull,
536 5914 589 5952 ιι.
626 5900 673 5952 l.
761 5897 806 5928 τι
836 5898 895 5950 c.
929 5897 1016 5959 at,
1055 5914 1104 5952 ιι.
1151 5897 1201 5950 s.

1234 5828 1271 5857 ⁷¹
1310 5827 1423 5900 Lib.
1462 5844 1510 5891 v,
1542 5846 1588 5881 c.
1614 5830 1704 5890 20,
1738 5847 1791 5883 n.
1827 5831 1876 5884 l.

1303 5901 1345 5930 ⁷⁸
1377 5899 1508 5970 Cap.
1543 5900 1629 5967 28,
1669 5920 1718 5957 n.
1758 5904 1805 5970 l,
1840 5915 1892 5960 et
1920 5902 2011 5959 lib.
2057 5919 2135 5970 lit,
2170 5925 2215 5959 ι’.
2259 5905 2349 5969 94,
2386 5899 2436 5958 tt.
2469 5907 2521 5960 ‘2.

1887 4695 2154 4749 Valentini
2191 4694 2580 4763 discipulorum
2616 4709 2801 4749 secum
2831 4694 3195 4763 pugnantibus
3224 4705 3441 4747 senten-

1882 4788 2007 4850 tiis,
2042 4787 2314 4842 concludit
2347 4787 2392 4818 "
2428 4801 2442 4837 :
2485 4805 2502 4837 ι
2541 4785 2671 4840 Cum
2705 4795 2882 4839 autem
2921 4786 3230 4855 discrepent
3258 4785 3324 4838 ab
3360 4785 3441 4838 in-

1880 4881 2075 4944 vicem,
2114 4891 2167 4934 et
2190 4881 2454 4941 doctrina,
2482 4889 2534 4933 et
2567 4880 2879 4943 traditione,
2909 4889 2963 4932 et
2990 4878 3078 4948 qui
3113 4878 3441 4932 recentiores

1876 4988 2064 5027 eorum
2095 4983 2484 5042 agnoscuntur,
2524 4970 2777 5025 aﬁ‘ectant
2807 4988 2900 5040 per
2933 4971 3171 5041 singulos
3204 4970 3317 5025 dies
3343 4985 3438 5024 no-

1876 5083 1999 5119 vum
2032 5065 2232 5135 aliquid
2270 5067 2584 5121 adinvenire
2611 5108 2625 5131 ,
2658 5076 2712 5120 et
2756 5066 3090 5121 fructiﬁcare
3114 5067 3256 5135 quod
3300 5080 3436 5118 nun-

1873 5176 2034 5229 quam
2081 5162 2369 5229 quisquam
2416 5161 2772 5231 excogitavit,
2827 5160 3017 5214 durum
3061 5168 3144 5213 est
3193 5158 3434 5211 omnium

1873 5254 2183 5309 describere
2242 5256 2560 5310 sententias.
2617 5275 2634 5306 ι
2688 5255 2743 5307 Si
2795 5265 2974 5308 autem
3024 5269 3269 5322 quaeras,
3316 5269 3436 5321 quae

1873 5363 2034 5402 causa
2075 5357 2179 5400 tam
2216 5346 2398 5401 elTusze
2449 5349 2584 5416 apud
2635 5349 2921 5404 haereticos
2961 5347 3227 5403 sentiendi
3267 5346 3435 5402 licen-

1875 5440 1993 5500 tire;
2043 5441 2180 5494 hanc
2227 5439 2520 5509 assignabit
2578 5440 2807 5495 lrenaeus
2837 5442 2882 5472 "
2917 5459 2932 5495 :
2971 5459 2989 5492 ί
3031 5442 3175 5511 quod
3216 5459 3234 5490 ι
3274 5440 3435 5493 nimi-

1877 5547 1992 5584 rum
2031 5548 2048 5581 ι
2085 5547 2188 5584 non
2231 5530 2441 5584 fundati
2475 5548 2638 5600 super
2668 5549 2826 5586 unam
2871 5545 3103 5600 petram,
3144 5535 3235 5586 sed
3270 5547 3434 5600 super

1874 5641 2092 5679 arenant
2130 5626 2414 5680 habentem
2465 5625 2515 5678 in
2571 5641 2628 5679 se
2677 5626 2880 5694 lapides
2915 5626 3140 5692 multos;
3180 5626 3332 5680 multi
3364 5639 3434 5681 ex

1967 5833 2010 5862 "
2047 5832 2167 5888 Lib.
2216 5850 2287 5897 iV,
2319 5849 2435 5901 cap.
2468 5835 2535 5888 55
2591 5854 2641 5888 n.
2688 5837 2738 5890 4.
2826 5837 2870 5868 ⁷³
2901 5835 3020 5890 Lib.
3058 5855 3094 5899 ι,
3123 5852 3167 5891 c.
3200 5837 3254 5901 9,
3286 5851 3340 5892 ηιμ
3373 5840 3423 5895 5.
