4196 6330
787 430 891 487 275

1552 416 2148 477 msssnrniosss
2182 384 2484 469 Ριιίειτιιε
2520 407 2585 463 IN
2625 404 2879 461 meam
2911 400 3173 459 uanos.

3894 395 3995 449 276

789 547 940 616 ipsis,
971 547 1077 600 imo
1102 559 1290 599 omnes
1323 542 1756 600 velintdoctores
1788 558 1928 609 esse,
1965 549 2018 595 et
2051 537 2338 593 abscedere
2366 535 2412 591 Α
2441 529 2568 583 illud
2595 527 2765 588 dives,
2805 545 2823 576 ι
2852 524 2905 578 in
2931 525 3071 590 quod
3107 537 3126 572 ι
3164 516 3473 616 plenissime
3506 514 3852 616 contulerunt
3874 526 3992 563 om-

789 641 1004 707 quidem
1049 637 1117 693 ab
1148 638 1378 701 haeresi,
1426 636 1479 689 in
1518 651 1621 704 qua
1665 635 1921 702 fuerunt,
1966 633 2108 687 aliud
2152 641 2335 685 autem

790 733 981 800 dogma
1020 733 1087 785 ab
1116 730 1221 787 alia
1265 732 1570 796 sententia,
1614 738 1669 784 et
1712 728 1965 796 deinceps
2003 725 2225 779 alteram
2267 724 2335 777 ab

791 822 961 877 altera
992 833 1397 892 componentes,
1432 838 1569 877 nove
1597 823 1792 877 docere
1818 821 2102 883 insistunt,
2140 826 2340 872 semet-

790 914 936 987 ipsos
977 916 1357 971 adinventores
1378 915 1682 979 sententias,
1716 927 2092 983 quamcunque
2118 926 2337 979 compe-

791 1007 987 1077 gerint,
1017 1007 1326 1076 gloriantes.
1364 1026 1383 1058 ι
1410 1004 1612 1075 Nempe
1641 1019 1869 1059 excusso
1896 1002 2061 1059 semel
2085 1000 2337 1057 Ecclesiae

790 1099 1135 1153 auctoritatis
1176 1098 1338 1168 jugo,
1389 1096 1775 1168 repudiataque
1821 1098 2071 1153 veritatis
2119 1097 2333 1165 regula;

791 1189 942 1243 nullo
970 1190 1080 1259 jam
1115 1188 1271 1243 freno
1297 1193 1537 1246 coerceri
1560 1191 1833 1254 valentes,
1877 1190 1930 1244 in
1959 1191 2148 1243 obvias
2174 1204 2338 1258 quas-

788 1277 920 1334 libet
952 1280 1235 1350 opiniones
1264 1281 1421 1338 facile
1451 1283 1754 1338 concedunt
1776 1284 1842 1336 ⁷⁷.
1909 1300 1929 1334 ι
1964 1283 2274 1351 Arguuntur
2311 1300 2330 1333 ι

787 1370 1015 1442 proinde
1047 1390 1066 1423 ι
1106 1389 1211 1428 non
1242 1375 1455 1442 quidem
1482 1377 1846 1445 apostolorum
1868 1415 1884 1441 ,
1917 1378 2008 1431 sed
2044 1391 2155 1430 suae
2186 1375 2339 1429 mala:

789 1469 1074 1523 sementim
1099 1484 1219 1525 esse
1256 1470 1527 1541 discipuli.
1569 1469 1790 1541 Propter
1829 1471 1932 1526 hoc
1960 1478 2141 1525 autem
2170 1479 2224 1525 et
2247 1484 2337 1523 va-

788 1560 885 1613 riae
916 1562 1195 1615 sententiae
1229 1571 1355 1615 sunt
1381 1563 1804 1633 uniuscujusque
1832 1577 2041 1626 eorum,
2070 1563 2339 1631 recipien-

788 1652 861 1707 tis
900 1667 1165 1717 errorem,
1200 1655 1653 1724 quemadmodum
1684 1655 1949 1726 capiebat.
1994 1674 2012 1706 ι
2042 1655 2338 1724 Eapropter

788 1747 1088 1800 rectissime
1113 1757 1293 1800 monet
1314 1747 1383 1811 ⁷⁸,
1415 1765 1434 1797 ς
1482 1762 1588 1803 non
1621 1758 1869 1817 oportere
1891 1747 2065 1802 adhuc
2096 1761 2340 1817 quaerere

788 1837 929 1908 apud
960 1838 1116 1904 alios,
1163 1857 1182 1889 ι
1220 1838 1474 1893 videlicet
1508 1840 1646 1908 apud
1681 1840 2001 1906 brereticos,
2030 1841 2336 1905 veritatem,

786 1942 947 1997 quam
1019 1926 1176 1986 facile
1254 1942 1336 1986 est
1378 1934 1444 1990 ab
1480 1932 1716 1988 Ecclesia
1758 1948 2006 1998 sumere;
2041 1949 2159 1987 cum
2206 1948 2335 2001 apo-

785 2023 949 2091 stoli,
984 2025 1138 2093 quasi
1191 2026 1243 2079 in
1296 2025 1685 2093 depositorium
1723 2026 1907 2091 dives,
1943 2026 2251 2094 plenissime
2284 2027 2335 2079 in

784 2130 904 2168 eam
937 2116 1261 2172 contulerint
1288 2118 1487 2181 omnia,
1523 2134 1641 2187 qua:
1665 2119 1775 2172 sint
1808 2119 2049 2173 veritatis
2077 2134 2090 2171 :
2121 2118 2196 2171 uti
2224 2133 2338 2170 om-

782 2207 889 2270 nis,
914 2209 1224 2278 quicunque
1254 2209 1400 2275 velit,
1436 2219 1617 2264 sumat
1648 2226 1712 2265 ex
1740 2225 1801 2265 ea
1827 2218 2010 2278 potum
2036 2210 2179 2263 vitae.
2215 2209 2338 2264 llaec

782 2311 865 2356 est
888 2301 1028 2354 enim
1065 2301 1185 2357 vitae
1210 2301 1497 2367 introitus;
1533 2316 1721 2355 omnes
1752 2311 1930 2355 autem
1968 2300 2157 2371 reliqui
2190 2301 2337 2355 fures

782 2404 913 2449 sunt
941 2404 996 2447 et
1020 2393 1276 2448 latrones.
1301 2392 1530 2459 Propter
1555 2394 1696 2462 quod
1720 2402 1929 2461 oportet
1956 2393 2196 2448 devitarc
2218 2393 2337 2463 qui-

782 2486 903 2541 dem
940 2484 1101 2548 illos;
1130 2500 1248 2553 quae
1280 2494 1458 2539 autem
1488 2494 1613 2539 sunt
1646 2485 1922 2551 Ecclesiae,
1960 2502 2079 2540 cum
2123 2502 2333 2542 summa

781 2575 1064 2644 diligentia
1098 2574 1324 2645 diligere
1360 2587 1415 2630 et
1460 2579 1865 2647 apprehendere
1896 2578 2140 2633 veritatis
2171 2579 2339 2632 tradi-

786 2667 1009 2721 tionem.
1053 2686 1071 2718 ι
1100 2666 1269 2736 Igitur
1313 2669 1454 2738 apud
1499 2670 1667 2724 solam
1720 2670 2015 2725 Ecclesiam
2048 2674 2334 2740 quaerenda

783 2759 1023 2816 veritas:
1048 2758 1176 2814 huic
1207 2760 1304 2815 soli
1331 2761 1535 2815 credita
1569 2771 1651 2816 est
1683 2766 1750 2817 ab
1778 2763 2051 2831 apostolis,
2086 2766 2210 2818 huic
2239 2765 2333 2817 soli

778 2849 1047 2907 creditum
1098 2852 1276 2906 lumen
1322 2852 1414 2907 Dei
1446 2854 1527 2919 ⁷⁸,
1580 2855 1708 2909 huic
1756 2856 1854 2910 soli
1890 2874 1909 2907 ι
1943 2857 2206 2911 creditum
2242 2857 2335 2910 Dei

785 2956 999 3006 munus,
1039 2960 1056 2993 ι
1085 2942 1233 3004 ﬁdes.
1267 2961 1285 2993 ‹
1320 2948 1767 3012 quemadmodum
1800 2948 2077 3018 inspiratio
2102 2951 2338 3021 plasma-

786 3034 937 3101 tioni,
970 3037 1035 3091 ad
1070 3038 1172 3093 boc
1214 3050 1270 3094 ut
1298 3043 1480 3095 omnia
1528 3044 1768 3097 membra
1799 3046 2148 3115 percipientia
2203 3048 2336 3102 vivi-

783 3127 1043 3194 ﬁcentur;
1084 3149 1102 3181 ι
1142 3132 1210 3186 ab
1251 3133 1352 3188 hac
1377 3134 1491 3190 sola
1519 3138 1815 3193 sumendus
1848 3139 1969 3193 vitae
2003 3150 2189 3206 potus;
2225 3144 2336 3197 haec

781 3219 894 3274 sola
926 3222 1051 3276 vita:
1080 3223 1350 3279 introitus.
1400 3226 1461 3279 Et
1504 3242 1621 3295 qua:
1658 3228 1941 3285 Ecclesia?
1973 3232 2045 3286 Ea
2081 3233 2331 3289 nimirum
2360 3240 2402 3298 α

780 3326 941 3379 quam
965 3313 1080 3382 jam
1108 3315 1397 3379 descripsit
1426 3316 1819 3389 lrenmus,.quae
1842 3340 1935 3392 per
1960 3335 2125 3380 totum
2152 3327 2335 3382 orbem

781 3416 1073 3475 prepagata
1106 3407 1271 3461 habet
1301 3424 1459 3461 unam
1497 3412 1731 3466 animam
1753 3456 1766 3479 ,
1803 3431 1967 3468 unum
2001 3432 2128 3481 cor,
2170 3434 2334 3472 unum

782 3510 882 3561 os,
914 3512 1075 3550 unam
1117 3508 1172 3553 et
1217 3499 1461 3555 eamdem
1508 3504 1787 3573 regiminis
1837 3506 2187 3562 ecclesiastici
2224 3508 2336 3561 for-

782 3603 964 3653 tnam,
1017 3606 1113 3659 per
1158 3592 1471 3647 continuam
1526 3596 1903 3666 episcOporum
1963 3600 2030 3653 ab
2079 3600 2336 3669 apostolis

780 3685 1184 3740 successionem
1206 3727 1221 3751 ,
1259 3687 1412 3756 cujus
1432 3703 1542 3742 una
1571 3691 1732 3756 tides,
1767 3692 2012 3746 doctrina
2047 3704 2206 3762 atque
2236 3694 2334 3747 do-

779 3776 935 3831 cendi
966 3778 1123 3833 ratio.
1156 3779 1389 3833 Tantum
1427 3783 1577 3835 abest
1613 3784 1677 3837 ad
1709 3786 1848 3839 hanc
1884 3784 2179 3841 Ecelesiam
2210 3803 2333 3855 per~

781 3868 956 3924 tinere
981 3872 1265 3927 lnereticos
1288 3874 1584 3929 arbitretur
1603 3916 1617 3939 ,
1651 3888 1709 3931 ιιι
1746 3879 1921 3946 potius
1953 3880 2155 3933 diserte
2180 3883 2245 3935 ab
2272 3897 2332 3936 ea

780 3963 1055 4025 excludat,
1084 3974 1141 4017 ut
1173 3963 1319 4019 fures
1340 3976 1394 4020 et
1426 3966 1687 4033 latrones,
1716 3971 1854 4039 apud
1876 3987 2008 4041 quos
2035 3973 2175 4026 nulla
2202 3974 2332 4039 vita,

781 4052 925 4105 nulla
957 4054 1245 4121 quaerenda
1281 4056 1483 4111 veritas
1512 4058 1600 4112 sit.

849 4145 938 4199 29.
985 4145 1126 4212 Sed,
1165 4149 1448 4217 inquiunt,
1479 4150 1621 4205 inter
1662 4151 1805 4206 illius
1840 4153 2006 4222 ipsius
2041 4152 2331 4219 Ecclesiae,

777 4250 895 4305 quae
928 4238 1134 4292 unitate
1162 4247 1449 4309 tantopere
1470 4243 1749 4311 gloriatur,
1780 4248 2042 4312 membra,
2074 4249 2332 4317 gravissi-

778 4345 879 4384 ma:
930 4330 1200 4384 interdum
1244 4335 1494 4387 oriuntur
1532 4339 1907 4392 contentiones
1949 4342 2333 4408 acerrimaeque

778 4423 1194 4476 controversiae.
1240 4422 1439 4480 Verum
1477 4428 1528 4480 id
1572 4430 1829 4496 quidem:
1862 4442 1914 4484 at
1955 4434 2171 4487 omissis
2204 4450 2334 4489 con-

777 4512 922 4567 sulto
955 4515 1219 4583 pluribus,
1253 4533 1371 4586 quae
1416 4522 1725 4587 responderi
1772 4535 1993 4590 possent
2030 4526 2153 4592 (nec
2186 4530 2330 4581 enim

776 4606 1278 4660 controversiarum
1327 4624 1517 4679 campo
1552 4612 1670 4680 plus
1701 4629 1861 4682 quam
1892 4616 2122 4671 Irenzeus
2150 4630 2334 4673 noster

775 4702 940 4761 sinat,
977 4699 1176 4753 inferre
1214 4717 1298 4757 me
1331 4704 1538 4774 velim),
1564 4706 1621 4757 id
1644 4723 1806 4761 unum
1844 4709 2109 4763 duntaxat
2140 4712 2329 4765 obser-

774 4792 947 4855 vabo;
987 4808 1052 4846 eo
1082 4794 1287 4849 scilicet
1318 4813 1500 4850 veram
1538 4798 1738 4853 Christi
1774 4802 2067 4856 Ecclesiam
2102 4819 2129 4856 a
2166 4814 2326 4860 crete-

782 4882 856 4934 ris
890 4884 1306 4953 quibuscunque
1352 4889 1703 4945 societatibus
1742 4893 2145 4959 discriminari,
2191 4900 2334 4965 quod

778 4972 831 5026 in
886 4975 969 5028 bis
1014 4977 1156 5030 nulla
1208 4980 1279 5033 sit
1324 4982 1682 5036 liniendarum
1711 4989 2212 5041 controversiarum
2244 5005 2330 5043 re-

771 5064 893 5133 gula
923 5084 934 5129 ;
975 5069 1027 5120 in
1060 5069 1149 5121 illa
1173 5086 1299 5124 vero
1329 5083 1508 5129 certus
1541 5078 1609 5129 sit
1636 5094 2084 5147 quarumcunqne
2111 5091 2334 5136 conten-

774 5156 979 5211 tionum
1014 5167 1508 5232 componendarum
1552 5173 1773 5233 modus,
1810 5176 2110 5228 auctoritas
2145 5176 2333 5229 videli-

772 5263 856 5303 cet
889 5252 1127 5320 ejusdem
1176 5256 1428 5313 Ecclesia:
1479 5278 1572 5328 per
1619 5266 1902 5334 episcopos
1935 5283 2094 5330 suos,
2145 5269 2226 5321 vel
2279 5270 2329 5321 in

771 5346 1019 5397 conciliis
1047 5350 1386 5416 generalibus
1422 5352 1709 5421 loqucnlis,
1744 5358 2072 5424 jndicantis,
2106 5377 2168 5415 ac
2199 5362 2330 5416 deﬁ-

769 5434 991 5502 nientis,
1027 5439 1107 5493 vel
1136 5444 1372 5496 unanimi
1402 5450 1759 5501 consensione
1786 5453 2059 5520 quidpiam
2085 5466 2175 5507 aut
2206 5472 2328 5523 pro-

771 5525 951 5583 bantis
987 5541 1077 5581 aut
1116 5541 1433 5600 respuentis.
1460 5538 1592 5593 Cum
1621 5543 1762 5595 enim
1796 5545 2064 5614 episcopis
2099 5550 2326 5602 commi-

769 5620 942 5671 serint
978 5621 1246 5679 Eeclesias
1272 5629 1532 5694 apostoli,
1562 5642 1617 5683 ut
1648 5634 1807 5688 toties
1834 5637 2027 5689 asserit
2053 5638 2286 5693 Irenazus
2309 5680 2324 5705 ,

767 5709 948 5773 iisque
1008 5718 1419 5772 custodiendum
1476 5725 1806 5779 crediderint
1862 5746 1878 5776 ι
1940 5728 2327 5796 depositorium

840 5826 1032 5907 ’_"|l.ib.
1068 5848 1147 5893 Ill,
1174 5834 1334 5907 c._l2,
1376 5837 1506 5907 n.7,
1584 5841 1627 5868 ⁷⁸
1659 5840 1814 5905 lbid.,
1847 5860 1894 5899 c.
1926 5844 1974 5907 4',
2006 5862 2051 5897 ιιη
2090 5846 2138 5900 1.

767 5893 811 5930 ⁸⁸
853 5896 969 5953 Lib.
1009 5917 1091 5966 ιιι,
1123 5919 1170 5957 c.
1204 5905 1253 5966 3,
1284 5893 1334 5958 n.
1376 5906 1421 5957 l.

2216 5849 2258 5878 τ’
2290 5848 2443 5914 Ιιιὶιί.,
2489 5866 2537 5906 C.
2577 5850 2667 5913 εὶρι,
2702 5868 2753 5903 ιι.
2790 5850 2841 5903 l-

2443 621 2557 683 nia,
2591 634 2710 687 qna:
2744 627 2869 673 sunt
2907 616 3193 689 veritatis;
3238 632 3255 664 ι
3297 610 3631 680 impossibile
3666 617 3784 668 est.
3818 621 3994 672 quan-

2440 713 2529 767 diu
2564 725 2690 765 vera
2720 710 2885 764 stabit
2914 706 3175 769 Ecclesia,
3204 704 3557 771 Cbristusque
3583 700 3862 770 promissis
3884 698 3995 752 suis

2441 819 2547 858 non
2591 803 2759 856 deerit
2815 799 3158 870 (defuturum
3207 811 3442 864 unquam
3489 793 3612 863 quis
3652 790 3994 846 Christianus

2444 894 2709 963 suspicari
2743 894 3267 963 queat?),cpiscopos
3303 904 3489 944 omnes
3511 928 3525 952 ,
3554 886 3893 957 singulasque
3926 883 3996 936 ab

2440 987 2509 1040 iis
2548 987 2951 1041 administratas
2978 984 3283 1045 Ecclesias,
3312 984 3364 1037 in
3396 996 3635 1037 errorem
3660 980 3991 1049 conspirare.

2441 1079 2775 1148 Quapropter
2799 1085 2857 1131 ιιι
2878 1078 3005 1145 quid
3024 1086 3231 1130 certum
3256 1084 3306 1129 et
3342 1074 3723 1134 indubitatum,
3756 1078 3810 1125 et
3835 1087 3862 1123 a
3885 1084 3995 1138 quo

2441 1171 2666 1241 religata
2706 1171 2903 1240 pendet
2934 1169 3190 1224 Ecclesia:
3223 1169 3437 1226 unitas.
3470 1166 3755 1235 proponit,
3787 1179 3849 1218 ac
3887 1162 3996 1215 fre-

2442 1272 2674 1331 quenter
2702 1259 2940 1315 inculcat
2975 1260 3210 1314 lrenaeus
3242 1259 3311 1322 ⁸ο,
3354 1277 3372 1310 ι
3403 1258 3518 1323 eis,
3549 1256 3640 1324 qui
3672 1256 3723 1308 in
3749 1252 3992 1308 Ecclesia

2442 1361 2592 1416 sunt,
2617 1353 2954 1423 presbyteris
2975 1352 3236 1406 obaudire
3273 1360 3523 1417 Oporlere
3550 1388 3565 1415 ,
3605 1368 3622 1399 ι
3658 1348 3724 1400 ab
3754 1347 3819 1401 iis
3850 1363 3871 1398 ¢
3909 1344 3995 1398 di-

2440 1460 2597 1501 scere
2622 1456 2873 1514 oportere
2914 1463 2932 1498 ι
2964 1444 3275 1505 veritatem.
3309 1454 3727 1513 germanamque
3752 1438 3996 1508 Scriptu-

2442 1554 2629 1592 rarum
2675 1538 3073 1607 expositionem
3115 1553 3235 1591 esse
3274 1537 3639 1601 quaerendam.
3676 1532 3832 1587 Ratio
3876 1539 3997 1593 est,

2442 1632 2569 1699 quia
2600 1649 2619 1683 ι
2652 1647 2774 1686 cum
2808 1631 3149 1701 episcopatus
3179 1630 3524 1684 successione
3553 1627 3823 1681 charisma
3852 1624 3999 1677 veri-

2443 1725 2569 1778 tatis
2597 1734 2804 1778 certum
2829 1762 2844 1787 ,
2875 1723 3167 1779 secundum
3215 1722 3470 1790 placitum
3508 1721 3684 1775 Patris
3706 1760 3721 1783 ,
3771 1731 3999 1784 accepe-

2444 1825 2586 1870 runt.
2631 1834 2651 1868 ι
2687 1817 2748 1871 Ει
2790 1817 3035 1886 quamvis
3089 1815 3358 1869 interdum
3414 1815 3665 1867 oriantur
3723 1828 3741 1861 ι
3800 1808 3994 1864 crediti

2441 1910 2655 1978 quidem
2682 1926 2709 1963 a
2743 1910 2931 1964 multis
2959 1908 3306 1980 presbyteri,
3358 1925 3377 1958 ι
3416 1907 3508 1960 sed
3556 1922 3573 1955 ι
3628 1904 3716 1973 qui
3754 1903 4001 1957 serviunt

2440 2006 2551 2063 suis
2593 2004 2955 2074 voluptatibus
2982 2044 2997 2068 ,
3030 2015 3082 2057 et
3123 2017 3225 2055 non
3258 2008 3573 2070 prmponunt
3617 2001 3860 2051 timorem
3899 1995 3997 2049 Dei

2440 2102 2493 2155 in
2536 2099 2793 2155 cordibus
2848 2097 2992 2159 suis;
3059 2113 3077 2146 ι
3123 2102 3331 2149 certum
3377 2101 3461 2146 est
3499 2102 3704 2154 tamen,
3737 2108 3755 2139 ι
3797 2089 3932 2142 tales
3970 2106 3995 2140 ι

2439 2207 2652 2261 semper
2686 2208 2704 2241 ι
2759 2188 3109 2261 presbyteros
3170 2185 3376 2239 nutrire
3424 2183 3754 2241 Ecclesiam.
3807 2182 3894 2250 qui
3940 2190 4000 2233 et

2441 2285 2809 2355 apostolorum
2837 2280 3138 2336 doctrinam
3166 2278 3510 2339 custodiunt,
3540 2286 3596 2329 et
3623 2290 3742 2328 cum
3768 2274 4001 2341 presby-

2442 2380 2561 2434 terii
2594 2377 2785 2433 ordine
2818 2389 3122 2430 sermonem
3162 2385 3377 2432 sanum,
3420 2380 3475 2423 et
3524 2367 3996 2422 conversationem

2439 2468 2560 2520 sine
2593 2465 2796 2519 oﬂ‘ensa
2830 2471 3109 2533 praestant,
3134 2462 3198 2515 ad
3228 2459 3691 2515 conﬁrmationem
3722 2465 3775 2509 et
3808 2469 3999 2509 corre-

2438 2564 2679 2631 ptionem
2706 2560 3072 2629 reliquorum;
3108 2576 3125 2607 »
3161 2554 3355 2624 quibus
3393 2552 3614 2622 proinde
3650 2568 3667 2600 ι
3717 2549 4001 2603 adlnerere

2435 2670 2664 2729 Oportet.
2705 2677 2721 2709 ι

2508 2754 2596 2808 50.
2641 2753 2709 2808 Ut
2759 2767 2887 2806 vero
2922 2749 3101 2803 unitas
3143 2747 3288 2801 inter
3343 2753 3421 2799 tot
3471 2743 3758 2812 episcopos
3810 2749 4003 2809 totque

2436 2847 2737 2916 singulares
2773 2842 3045 2899 Ecclesias
3074 2850 3178 2895 tam
3211 2839 3367 2908 longe
3395 2852 3423 2890 a
3452 2852 3509 2891 se
3539 2834 3769 2889 invicem
3794 2834 4004 2887 distan-

2438 2949 2520 2993 tes
2553 2937 2747 3001 foveri,
2781 2935 3133 3001 omniumque
3161 2942 3460 2986 consensus
3490 2924 3698 2979 facilius
3726 2920 3999 2989 explorari

2437 3040 2659 3100 posset,
2713 3043 2810 3082 nec
2872 3040 3064 3081 omnes
3121 3021 3528 3089 emergentibus
3580 3018 4001 3086 quibuscunque

2436 3120 2821 3177 controversiis
2856 3118 3097 3171 maximo
3144 3130 3265 3167 cum
3314 3112 3643 3181 singularum
3681 3104 4003 3176 gravamiue

2436 3215 2595 3268 simul
2640 3215 2693 3268 in
2737 3227 2899 3265 unum
2944 3210 3120 3262 locum
3160 3205 3451 3260 convenire
3486 3212 3848 3272 cogerentur:
3899 3211 4003 3250 ne-

2438 3324 2587 3364 cesse
2616 3317 2733 3359 erat
2771 3306 3003 3373 primam
3040 3302 3276 3369 aliquam
3313 3300 3454 3352 inter
3482 3311 3667 3352 omnes
3697 3292 4001 3349 Ecclesiam

2438 3399 2712 3460 constitui,
2745 3412 2864 3465 qua:
2914 3394 3126 3449 caeteris
3170 3392 3419 3446 omnibus
3450 3396 3738 3459 praeesset,
3780 3386 4003 3440 caneris

2436 3511 2533 3564 pro
2583 3494 2703 3563 jure
2755 3491 3092 3561 invigilaret,
3141 3504 3204 3542 ac
3242 3486 3402 3542 veluti
3443 3482 3713 3554 quoddam
3770 3478 4005 3533 unitatis

2437 3595 2683 3641 centrum
2714 3595 2879 3652 esset,
2913 3585 2963 3637 in
2992 3583 3135 3652 quod
3163 3596 3349 3635 omnes
3371 3577 3718 3640 conﬂuentes,
3755 3573 4004 3640 ejusdem

2438 3679 2559 3734 ﬁdei
2613 3689 2666 3731 et
2714 3676 3117 3731 communionis
3163 3688 3299 3725 nexu
3338 3671 3737 3740 colligaientur.
3771 3666 4004 3735 Cognita

2437 3776 2605 3843 igitur
2633 3770 2790 3838 huius
2829 3773 3015 3839 prium
3056 3767 3308 3823 Ecclesiae
3333 3765 3604 3819 sententia
3626 3802 3640 3825 ,
3677 3769 4003 3814 cmterarum

2438 3869 2678 3922 omnium
2711 3866 2844 3919 satis
2870 3874 2926 3916 ut
2951 3862 3238 3932 plurimum
3267 3858 3475 3927 cognita
3500 3856 3689 3920 fuerit;
3722 3869 3826 3907 una
3850 3854 4002 3906 enim

2437 3963 2675 4017 omnium
2733 3975 2853 4012 cum
2907 3973 2971 4010 ea
3019 3954 3260 4009 Ecclesia
3312 3952 3447 4005 ﬁdes
3495 3958 3657 4017 atque
3711 3948 4001 4004 doctrina:

2437 4054 2626 4129 [CXX]
2680 4056 2794 4108 hmc
2834 4063 3148 4105 czeterarum
3194 4057 3386 4118 caput,
3433 4047 3518 4099 cui
3570 4043 3872 4097 arctissime
3904 4043 4003 4095 ad-

2437 4151 2646 4204 lnerere
2678 4157 2932 4203 tenentur
2966 4157 3170 4199 omnes.
3202 4142 3373 4196 Porro
3414 4140 3517 4194 hoc
3553 4152 3672 4191 esse
3697 4135 3853 4187 unius
3888 4133 4008 4186 Ro—

2437 4258 2609 4296 manae
2644 4241 2900 4295 Ecclesia:
2926 4234 3291 4310 privilegium,
3324 4244 3378 4284 ut
3410 4230 3640 4300 primum
3669 4227 3808 4280 inter
3833 4236 4007 4279 caete-

2437 4352 2527 4389 ras
2568 4350 2756 4388 omnes
2825 4332 3081 4397 honoris,
3131 4324 3413 4397 dignitatis
3463 4333 3623 4391 atque
3656 4317 4007 4373 auctoritatis

2439 4429 2663 4497 gradum
2701 4426 2980 4490 obtineat,
3032 4426 3279 4493 aliasque
3327 4431 3515 4471 omnes
3554 4413 3657 4468 sibi
3709 4409 4007 4465 inferiores

2442 4523 2659 4589 habent,
2702 4533 2812 4575 tam
2850 4520 2996 4575 clare
3024 4528 3076 4574 et
3108 4529 3291 4587 aperte
3324 4512 3480 4565 docel
3520 4510 3752 4562 Irenaus
3774 4546 3788 4569 .
3821 4514 3880 4559 ul
3912 4505 4008 4558 lu-

2443 4617 2575 4669 bens
2619 4616 2669 4668 in
2716 4614 3010 4668 meridiana
3048 4612 3165 4665 luce
3201 4605 3487 4667 caecutinl,
3524 4598 3768 4670 ηιιίείιιιίε
3800 4612 4007 4665 ιιοθεπθ

2438 4714 2663 4767 audeat.
2703 4712 3032 4777 Argumenta
3076 4716 3263 4761 contra
3308 4697 3588 4759 baerelicos
3637 4698 3896 4748 ducturus
3934 4693 4009 4747 ab

2436 4806 2767 4860 auctoritate
2825 4801 3139 4854 traditionis
3198 4798 3535 4866 apostolicae.
3596 4798 3649 4843 et
3724 4799 4005 4840 consensu

2434 4900 2675 4953 omnium
2711 4896 3109 4957 Ecclesiarum;
3135 4893 3185 4945 id
3212 4891 3461 4961 principii
3493 4892 3615 4943 loco
3648 4882 3853 4947 Statuit,
3889 4890 4007 4934 ιη.

2432 4994 2689 5046 ditionem
2730 4988 3081 5058 apostolicam
3121 5000 3281 5038 unam
3314 4994 3365 5037 et
3400 4985 3679 5039 eamdem.
3716 4988 3908 5042 imm“
3948 4984 4005 5027 ει

2432 5084 2691 5136 illibatam
2725 5082 2777 5135 in
2817 5079 3071 5134 omnibus
3106 5077 3360 5131 Ecclesiis
3388 5077 3761 5129 conservillam
3799 5064 4003 5129 fuisse.

2430 5190 2661 5242 eamque
2682 5175 2930 5228 veritatis
2961 5172 3215 5227 studiosis
3235 5171 3488 5225 omnibus
3514 5170 3717 5239 patere-
3780 5155 4004 5211 In"Tra-

2432 5271 2688 5324 ditionem
2724 5271 2907 5335 itaque
2952 5267 3318 5337 apostolorum
3366 5266 3417 5319 in
3455 5266 3599 5319 omni
3640 5253 3840 5317 mundo
3876 5268 4005 5305 ma-

2431 5365 2762 5425 nifestatani,
2792 5366 2843 5417 in
2872 5362 3016 5417 omni
3043 5360 3281 5415 Ecclesia
3313 5360 3465 5413 adest
3512 5361 3781 5428 reSpie‘ere
3812 5348 4002 5400 οηὶιιῖ-

2426 5459 2544 5521 bus,
2583 5457 2672 5526 qui
2710 5472 2831 5509 vera
2869 5456 3034 5509 velint
3073 5455 3276 5509 videre.
3330 5474 3347 5505 ι
3387 5452 3538 5507 lianc
3586 5467 3715 5506 vero
3741 5442 4001 5509 μηνυθεί-

2427 5551 2626 5603 tionem
2658 5564 2723 5602 ex
2754 5562 2819 5602 eo
2843 5547 3053 5614 probat,
3081 5548 3223 5616 quod
3258 5562 3376 5600 cum
3402 5548 3453 5599 in
3490 5546 3715 5614 singulis
3738 5531 3999 5595 εοςιεδίῑε

2425 5642 2761 5710 apostolicis,
2792 5657 2818 5693 a
2850 5640 3044 5708 primo,
3079 5642 3168 5708 qui
3196 5639 3261 5691 ab
3293 5640 3548 5708 apostolis
3580 5638 3860 5693 instituius
3881 5638 3996 5693 εει.

2425 5737 2677 5805 episc0po
2702 5735 2957 5788 continua
2999 5748 3215 5801 semper
3246 5733 3441 5795 fuerit,
3492 5747 3591 5787 nec
3633 5736 3862 5801 usquam
3908 5721 3995 5775 ill-

2910 5850 2952 5881 ⁸⁰
2990 5849 3108 5903 Lib.
3147 5863 3219 5913 Iv,
3263 5863 3380 5916 cap.
3423 5848 3513 5913 '24,
3562 5867 3613 5902 ιι.
3660 5848 3692 5900 ‘2
3732 5861 3780 5902 ci
3827 5850 3989 5907 seqq.
