4196 6330
242 390 351 443 277

1170 382 1627 442 DlSSERTATlO
1664 380 1751 447 ill,
1792 380 1880 436 DE
1915 380 2166 437 lRENEl
2205 379 2569 438 DOCTRINA.

3371 384 3474 439 278

247 514 489 574 terrupta
519 508 690 560 series
713 506 1093 576 episcoporum
1129 505 1232 560 sibi
1263 505 1691 566 succedentium,
1719 502 1809 571 qui
1843 510 1884 564 Α
1915 501 2052 555 siam
2083 511 2307 572 propter
2343 502 2599 571 potiorem
2643 501 3084 572 principalitatem
3132 516 3352 557 necesse
3391 513 3473 558 est

242 599 350 652 sibi
389 599 621 654 invicem
655 614 716 652 ac
751 615 897 654 cura:
925 614 1035 654 sua:
1061 599 1369 653 commissis
1397 597 1607 667 populis
1646 595 1812 650 veluti

243 705 344 759 per
379 707 569 746 manus
603 692 969 755 tradiderunt,
1004 692 1145 762 quod
1177 692 1243 745 ab
1270 692 1529 760 apostolis
1558 691 1812 744 traditum

248 781 461 846 fuerat;
495 783 538 837 si
575 783 627 836 in
668 783 851 852 aliquo
885 784 1140 852 dogmate
1174 783 1580 838 consentientes
1623 797 1814 837 omnes

245 873 503 929 Ecclesia:
533 877 916 939 inveniantur,
969 878 1232 932 invictum
1283 890 1366 932 est
1407 887 1807 945 argumentum.

243 966 376 1020 illud
407 971 474 1021 ab
504 969 764 1036 apostolis
799 970 928 1037 ipsis
966 983 1238 1024 manasse.
1275 989 1293 1020 t
1331 968 1604 1023 Habemus
1641 985 1810 1023 anuu-

240 1073 460 1112 merare
501 1073 617 1124 eos,
650 1060 741 1128 qui
775 1062 841 1114 ab
864 1060 1126 1129 apostolis
1165 1062 1397 1116 instituti
1429 1073 1552 1116 sunt
1572 1061 1808 1130 episcopi

239 1151 292 1204 in
319 1149 604 1216 Ecelesiis,
631 1162 682 1206 et
714 1168 1062 1209 successores
1101 1171 1287 1209 eorum
1337 1169 1507 1223 usque
1553 1157 1618 1208 ad
1674 1169 1806 1220 nos,

234 1244 330 1313 qui
362 1244 496 1298 nihil
529 1246 639 1299 tale
673 1245 1000 1309 docuerunt,
1032 1262 1208 1315 neque
1241 1256 1630 1317 cognoverunt,
1651 1248 1808 1317 quale

235 1337 306 1392 ab
328 1337 418 1392 bis
445 1336 728 1393 deliratur.
765 1337 978 1393 Etenim
1003 1339 1045 1394 si
1081 1341 1356 1395 recondita
1389 1341 1642 1411 mysteria
1675 1343 1807 1396 scis-

231 1436 365 1482 sent
408 1429 672 1497 apostoli.
709 1445 829 1500 qum
865 1431 1091 1486 seorsim
1137 1443 1192 1486 et
1242 1431 1471 1487 latenter
1508 1450 1536 1488 a
1583 1435 1805 1504 reliquis

231 1520 511 1589 perfectos
541 1522 848 1586 docebant,
898 1523 982 1576 bis
1016 1523 1099 1576 vel
1133 1525 1369 1579 maxime
1405 1527 1680 1582 traderent
1707 1527 1800 1592 ea,

228 1613 433 1681 quibus
463 1615 629 1668 etiam
664 1614 808 1684 ipsas
840 1615 1112 1670 Ecclesias
1154 1618 1587 1683 committebant,
1631 1629 1734 1675 etc.
1779 1640 1797 1673 ι

227 1702 369 1757 Tota
402 1705 483 1759 vis
512 1706 673 1774 hujus
709 1711 1010 1777 argumenti
1037 1709 1233 1777 pendet
1262 1725 1290 1764 a
1321 1710 1518 1779 duplici
1551 1715 1802 1783 proposi-

227 1796 417 1862 tione;
461 1798 663 1866 prima,
705 1800 756 1853 in
783 1801 1011 1870 singulis
1037 1800 1296 1857 Ecclesiis
1331 1807 1649 1874 apostolicis
1673 1789 1801 1864 con-

228 1888 436 1942 tinuam
464 1905 681 1959 semper
705 1907 1080 1961 perseverasse
1103 1897 1475 1964 episcoporum
1496 1900 1564 1953 ab
1588 1913 1796 1969 aposto-

225 1981 296 2034 lis
331 1985 770 2051 successionem;
803 1989 1063 2052 seeunda,
1089 2004 1274 2043 omnes
1312 1990 1429 2045 illas
1453 1991 1723 2048 Ecclesias
1746 1995 1795 2048 in

222 2078 476 2131 eamdem
507 2080 830 2133 sententiam
857 2083 1190 2148 conspirare.
1229 2081 1527 2151 Utramque
1554 2084 1713 2138 simul
1742 2097 1799 2139 ut

223 2170 488 2237 probaret
512 2171 768 2238 lrenaaus,
801 2188 1023 2228 necesse
1051 2174 1152 2228 sibi
1183 2190 1302 2228 esse
1335 2191 1437 2229 non
1468 2175 1621 2230 duxit
1647 2178 1797 2232 adire

222 2261 471 2330 singulas
508 2264 797 2329 Ecclesias,
832 2277 891 2318 ut
921 2268 1286 2321 successionis
1305 2270 1578 2341 catalogus
1616 2272 1668 2326 in
1703 2287 1793 2326 ar-

222 2355 409 2410 chivis
433 2373 617 2412 earum
660 2373 971 2417 asservatos
1013 2363 1320 2429 evolveret,
1364 2377 1417 2421 et
1461 2369 1793 2432 singularum

223 2451 563 2503 sententiam
603 2453 911 2521 exploraret
949 2472 961 2507 :
994 2454 1209 2524 longius
1242 2457 1292 2511 id
1324 2458 1512 2514 fuisset
1536 2501 1550 2523 ,
1580 2461 1792 2517 multis-

220 2554 335 2604 que
365 2538 770 2597 diﬂicultatibus
806 2546 1144 2614 obnoxium;
1190 2549 1508 2619 expeditiori
1557 2567 1619 2607 ac
1670 2554 1794 2607 bre-

222 2627 367 2680 viori
403 2630 486 2682 via
531 2632 792 2699 procedit.
833 2633 1002 2690 Unius
1040 2637 1292 2692 Ecclesiae
1332 2640 1589 2694 Romanae
1622 2643 1793 2696 tradi-

220 2718 431 2772 tionem
476 2736 570 2790 per
611 2725 918 2781 continuam
967 2729 1339 2799 episcoporum
1392 2734 1792 2789 successionem

218 2809 280 2860 in
316 2824 382 2862 ea
411 2821 780 2868 conservatam
815 2819 1099 2872 consulere
1120 2821 1252 2872 satis
1285 2821 1498 2888 habuit,
1532 2834 1587 2875 nt
1623 2825 1791 2879 Inete-

217 2902 371 2955 ticos
411 2917 597 2962 omnes
649 2906 1045 2975 confunderet;
1091 2923 1242 2967 ratus
1288 2913 1411 2981 jure
1459 2917 1689 2981 merito,
1728 2933 1791 2972 ea

216 2994 400 3047 semel
433 2998 667 3067 cognita,
703 3000 847 3055 illico
887 3002 1118 3057 aliarum
1150 3005 1390 3060 omnium
1423 3007 1788 3064 Ecclesiarum

221 3085 597 3153 traditionem,
631 3093 958 3147 sententiam
989 3106 1151 3163 atque
1180 3098 1483 3152 doctrinam
1516 3104 1788 3172 cognosci.

1917 609 2136 650 omnem
2168 599 2462 651 convenire
2495 597 2817 662 Eeclesiam,
2851 597 2951 653 hoc
2979 606 3062 652 est
3083 611 3197 664 eos,
3229 598 3322 668 qui
3350 607 3474 652 sunt

1916 689 2153 756 undique
2174 729 2190 746 .
2226 689 2441 752 fideles,
2484 691 2536 744 iu
2566 705 2672 760 qua
2718 704 2935 759 semper
2963 690 3031 746 ab
3059 690 3179 755 his,
3212 691 3303 760 qui
3347 699 3474 745 sunt

1916 780 2152 848 undique
2176 821 2189 845 ,
2223 791 2545 836 conservata
2571 791 2656 838 est
2697 797 2760 838 ea
2786 825 2800 850 ,
2829 797 2948 852 qua:
2984 792 3065 838 est
3091 784 3160 839 ab
3208 784 3472 852 apostolis

1915 872 2157 926 traditio.
2196 889 2215 924 ι

1980 965 2067 1018 51.
2111 963 2166 1018 lu
2219 965 2286 1020 iis
2327 965 2507 1020 verbis
2537 964 2690 1034 plura
2724 966 3061 1022 observanda
3091 976 3246 1021 sunt:
3277 967 3330 1021 1ο
3360 965 3469 1019 Bo.

1910 1072 2121 1110 manam
2154 1056 2574 1127 Ecclesiamjam
2600 1057 2786 1113 lrenaei
2817 1057 3013 1114 saeculo
3033 1060 3271 1114 omnium
3301 1059 3471 1113 maxi—

1909 1164 2048 1203 mam
2090 1150 2454 1204 existimatam
2484 1150 2673 1218 fuisse,
2709 1151 2870 1221 longe
2898 1151 3075 1206 minus
3103 1151 3338 1206 ﬁdelium
3367 1167 3468 1205 nu-

1909 1259 2080 1307 mero,
2128 1243 2192 1297 de
2234 1259 2343 1310 quo
2381 1252 2504 1297 tunc
2555 1245 2816 1311 temporis
2868 1259 2993 1299 cum
3039 1259 3100 1298 ea
3147 1246 3472 1300 contendere

1907 1337 2211 1403 potuissent
2240 1336 2361 1389 alia:
2389 1336 2632 1403 qutedam
2671 1336 2946 1399 Ecclesiae,
2981 1351 3139 1405 quam
3173 1337 3457 1391 auctorita-

1907 1429 1974 1481 tis
2006 1427 2382 1497 amp‘litudine.
2420 1427 2479 1480 2-
2522 1427 2775 1482 Omnium
2823 1429 3292 1498 antiquissimam;
3326 1431 3468 1498 quod

1906 1521 1948 1572 si
2002 1521 2066 1574 ad
2117 1521 2450 1575 laudationis
2505 1531 2713 1590 tempus
2766 1523 3068 1589 referatur,
3121 1523 3467 1578 falsissimum

1904 1614 2040 1676 erit;
2078 1613 2278 1667 dudum
2312 1592 2454 1666 enim
2492 1623 2649 1666 antea
2687 1613 3251 1684 Hierosolymitanam,
3280 1613 3468 1669 Antio-

1905 1707 2134 1758 chenam
2160 1715 2212 1759 et
2243 1706 2392 1762 alias.
2432 1706 2789 1760 fundaverant
2826 1706 3078 1772 apostoli.
3119 1707 3199 1759 Ad
3231 1707 3465 1774 dignita-

1908 1810 2013 1850 tem
2049 1797 2214 1866 igitur
2244 1798 2552 1852 necessario
2584 1796 2927 1852 referendum
2955 1806 3073 1862 est,
3109 1807 3165 1849 ut
3191 1797 3312 1850 ideo
3348 1811 3467 1850 om-

1902 1890 2049 1942 nium
2081 1890 2463 1958 antiquissima
2500 1890 2713 1945 dicatur
2746 1889 2986 1943 Romana
3026 1889 3266 1944 Ecclesia
3292 1928 3307 1954 ,
3331 1892 3464 1957 quia

1897 1967 2139 2038 omnium
2175 1983 2428 2052 princeps
2476 1992 2528 2037 et
2576 1984 2870 2052 praecipua.
2921 1982 3099 2049 Quare
3143 1984 3229 2036 vix
3279 1984 3466 2037 dubito

1897 2075 2024 2141 quin
2053 2072 2241 2128 Graece
2265 2075 2543 2142 scripserit
2574 2073 2804 2128 Ireureus
2829 2116 2842 2138 ,
2873 2075 3242 2147 ἀρχαιοτάτης
3262 2117 3276 2138 ,
3323 2077 3464 2144 quod

1897 2166 2034 2220 male
2074 2169 2298 2220 verterit
2331 2169 2620 2236 interpres,
2648 2170 3062 2236 antiquissimus;
3097 2185 3218 2224 cum
3247 2180 3458 2223 verten-

1896 2259 2019 2311 dum
2061 2260 2145 2313 hic
2184 2258 2394 2324 fuisset,
2432 2280 2448 2312 ι
2492 2262 2775 2329 praecipuae
2803 2276 2864 2315 ac
2888 2262 3167 2331 principis.
3201 2281 3219 2313 ι
3256 2262 3313 2315 5·
3336 2263 3463 2317 0m-

1898 2350 2055 2403 nibus
2089 2352 2359 2420 cognitam
2402 2353 2601 2406 asserit
2647 2351 2878 2424 lrenteus
2904 2396 2916 2417 ,
2954 2361 3140 2420 utpote
3169 2368 3464 2420 quamces-

1897 2443 2027 2498 teris
2060 2442 2433 2496 sublimiorem
2466 2459 2529 2497 ac
2559 2443 3021 2509 excellentiorem,
3051 2443 3166 2497 alia:
3192 2459 3381 2498 omnes
3407 2455 3465 2500 ut

1894 2545 2056 2602 caput
2090 2547 2143 2590 et
2172 2537 2400 2604 primam
2432 2537 2795 2604 suspicerent,
2819 2551 2882 2589 ac
2905 2546 3313 2591 venerarentur.
3341 2537 3399 2592 4·
3420 2541 3461 2593 Α

1896 2628 2304 2697 gloriosissimis
2340 2630 2548 2683 duobus
2572 2631 2836 2696 apostolis
2865 2629 3028 2683 Petro
3058 2639 3111 2683 et
3144 2630 3310 2683 Paulo
3337 2631 3460 2683 fun-

1895 2723 2074 2774 datam
2104 2731 2156 2774 et
2180 2723 2542 2779 constitutam
2576 2723 2748 2788 dicit;
2781 2739 2887 2792 quo
2918 2724 3028 2776 ruit
3062 2725 3353 2778 absurdum
3391 2725 3458 2777 il-

1895 2812 1981 2867 lud
2040 2815 2403 2868 recentiorum
2457 2816 2811 2882 quorumdam
2876 2817 3260 2869 haereticorum
3307 2829 3458 2870 eom-

1894 2918 2169 2969 tuentum,
2198 2908 2285 2974 qui
2328 2919 2435 2960 tota
2469 2907 2801 2961 reclamante
2845 2908 3205 2977 antiquitate,
3257 2923 3460 2978 negare

1894 3003 2006 3054 ausi
2039 3011 2167 3056 sunt
2199 3002 2418 3055 Petrum
2449 3002 2670 3055 Romam
2715 3015 2940 3070 usquam
2995 3003 3226 3055 venisse.
3277 3001 3336 3055 5·
3378 3001 3458 3054 Ad

1895 3092 2036 3144 banc
2078 3091 2376 3146 Ecclesiam
2425 3107 2654 3146 necesse
2718 3107 2836 3145 esse
2887 3106 3102 3144 omnem
3152 3089 3454 3145 Ecclesiam

215 3177 365 3232 Cum
399 3181 537 3235 enim
573 3183 808 3240 Ecclesia
839 3185 1085 3244 Romana
1112 3191 1352 3246 omnium
1394 3194 1666 3265 princeps,
1698 3212 1788 3251 ca.
1817 3205 1857 3261 ο
1893 3201 1986 3238 seu
2014 3200 2200 3239 omnes
2233 3185 2456 3238 omnino
2483 3184 2664 3238 ﬁdeles
2701 3199 2796 3253 per
2830 3195 2996 3237 tutum
3034 3186 3220 3237 orbem
3249 3185 3454 3253 disper-

215 3283 325 3341 put
356 3282 410 3326 et
433 3276 598 3343 prima
628 3278 716 3342 sit,
748 3280 988 3334 omnium
1019 3283 1282 3348 maxima,
1313 3287 1711 3354 antiquissima.
1738 3302 1792 3345 et

217 3366 466 3420 maxime
495 3371 741 3438 cognita,
790 3372 862 3426 ab
909 3368 1281 3441 apostolorum
1307 3378 1549 3448 principe
1593 3381 1788 3450 Petro,

214 3457 453 3526 ejusque
482 3463 626 3514 socio
663 3461 828 3518 Paulo
861 3463 1082 3519 fundata
1102 3463 1132 3528 ,'
1154 3482 1274 3536 qua:
1296 3473 1510 3526 creteris
1538 3474 1792 3530 omnibus

211 3564 323 3616 pro
351 3549 477 3618 jure
506 3566 600 3605 suo
631 3555 816 3621 prtesit
848 3566 904 3608 et
936 3556 1264 3626 dominetur,
1304 3571 1357 3615 et
1387 3577 1508 3616 cum
1543 3579 1646 3631 qua
1674 3583 1790 3620 om-

213 3655 323 3696 nes
353 3644 573 3698 omnino
604 3646 787 3701 fideles
816 3649 978 3703 unius
1011 3658 1061 3703 et
1097 3652 1339 3721 ejusdem
1379 3654 1523 3719 tidei,
1559 3667 1608 3711 et
1637 3674 1786 3712 com-

213 3734 499 3788 munionis
532 3736 759 3792 vinculis
785 3739 1028 3810 colligari
1062 3759 1280 3800 necesse
1307 3748 1408 3811 sit;
1440 3749 1562 3803 inde
1583 3749 1787 3821 liquido

210 3835 409 3894 patet,
454 3827 610 3882 aliam
656 3845 775 3885 esse
823 3848 926 3886 nou
973 3849 1130 3902 posse
1165 3837 1389 3891 aliarum
1421 3839 1784 3898 Ecclesiarum

211 3918 569 3973 traditionem
612 3932 666 3976 et
696 3921 857 3978 fidem
879 3967 894 3991 ,
929 3940 957 3978 a
993 3927 1095 3981 [ide
1120 3938 1174 3983 et
1208 3931 1497 3987 traditione
1530 3935 1785 3990 Romana:

209 4008 496 4064 Ecclesiae.
544 4012 932 4071 Praetermissis
978 4019 1161 4090 itaque
1201 4023 1366 4077 totius
1408 4027 1555 4080 orbis
1594 4027 1780 4082 Eccle-

206 4100 422 4154 siarum
449 4104 829 4174 episcoporum
869 4111 1164 4180 catalogis,
1212 4115 1356 4170 illius
1401 4120 1560 4173 unius
1599 4125 1778 4176 conti-

208 4210 382 4247 nuam
407 4197 777 4265 episcoporum
796 4205 1192 4259 successionem
1219 4223 1523 4278 recensere,
1553 4227 1638 4277 ac,
1664 4230 1781 4281 quae

207 4300 311 4354 per
347 4286 488 4341 hunc
521 4290 685 4344 veluti
727 4293 966 4348 canalem
1022 4299 1262 4352 manavit
1316 4316 1484 4369 usque
1525 4306 1591 4358 ad
1647 4320 1776 4371 nos,

205 4379 584 4446 apostolorum
625 4384 968 4440 traditionem
1003 4388 1283 4445 declarare
1319 4394 1450 4448 satis
1484 4405 1596 4459 est;
1633 4409 1776 4452 utex

205 4470 486 4522 comnmni
523 4472 768 4525 omnium
799 4471 1036 4529 Ecclesia
1050 4493 1164 4531 rum
1185 4519 1199 4544 ,
1228 4496 1347 4550 quae
1377 4500 1496 4538 cum
1531 4486 1772 4543 Romana

1895 3296 1982 3334 sos
2014 3282 2306 3336 convenire
2348 3301 2362 3336 :
2408 3297 2511 3335 non
2543 3281 2685 3350 quod
2719 3282 2846 3334 illuc
2877 3279 3145 3348 proﬁcisci
3197 3289 3455 3334 teneren-

1896 3377 2079 3438 turii,
2113 3376 2201 3444 qui
2236 3383 2392 3428 erant
2430 3375 2668 3444 undique
2710 3373 2930 3436 ﬁdeles;
2981 3373 3031 3426 id
3077 3372 3158 3426 vel
3210 3372 3456 3440 cogitare

1891 3466 2341 3519 absurdissimum
2372 3464 2565 3520 fuisset
2593 3480 2606 3528 ;
2642 3464 2732 3518 sed
2762 3466 2925 3532 quod,
2963 3473 3020 3518 ut
3045 3464 3201 3518 fateri
3230 3472 3454 3518 c0aetus

1891 3567 1972 3610 est
2006 3557 2118 3626 ipse
2156 3555 2455 3611 Salmasius
2488 3556 2556 3620 ⁸³,
2595 3571 2817 3609 necesse
2845 3565 2986 3609 esset
3023 3573 3041 3605 ι
3085 3555 3376 3608 convenire
3399 3563 3454 3608 et

1890 3648 2228 3702 concordare
2276 3648 2328 3702 in
2386 3649 2546 3700 rebus
2575 3647 2698 3702 lidei
2732 3663 2853 3702 cum
2897 3647 3140 3702 Ecclesia
3187 3646 3448 3701 Romana.

1887 3741 2074 3796 Graece
2141 3738 2373 3807 quippe,
2444 3736 2651 3808 inquit,
2715 3741 2926 3796 loeutus
2960 3741 3137 3796 fuerat
3183 3740 3445 3801 lreuaeus,

1890 3833 2200 3902 συμϐαίνειν
2217 3833 2348 3903 πρὸς
2365 3831 2459 3902 τὴν
2478 3830 2580 3883 τῶν
2608 3832 2889 3901 Ῥωμαίων
2906 3831 3225 3904 Ἐκκλησίαν
3247 3850 3259 3862 ·
3283 3846 3447 3901 porro

1890 3924 2202 3992 συμϐαίνειν
2245 3924 2378 3993 πρός
2411 3942 2563 3988 τινα,
2624 3941 2757 3988 arqui
2823 3927 3081 3978 usitatum
3111 3923 3334 3989 Grazcis,
3380 3939 3444 3978 ac

1888 4019 2198 4089 συμϐαίνειν
2229 4018 2362 4081 τινί;
2395 4019 2524 4072 illud
2565 4033 2692 4071 vero
2725 4019 2812 4071 hic
2840 4035 2943 4071 non
2981 4017 3078 4071 nisi
3115 4016 3177 4071 ad
3212 4031 3447 4072 consen-

1885 4127 2002 4165 sum
2040 4125 2092 4165 et
2131 4113 2473 4165 concordiam
2523 4110 2752 4178 referri,
2787 4112 2852 4165 ad
2883 4123 3261 4181 quamcunque
3293 4126 3448 4180 pere-

1883 4203 2247 4272 grinationem
2296 4203 2609 4270 detorqueri
2640 4244 2654 4265 ,
2694 4205 2912 4257 nonnisi
2957 4201 3313 4258 insulsissime
3347 4217 3444 4272 po-

1886 4305 2009 4347 test.
2057 4295 2214 4347 Ratio
2247 4306 2427 4348 autem
2473 4311 2574 4348 cur
2602 4312 2719 4349 cum
2767 4295 3006 4349 Romana
3053 4294 3290 4349 Ecclesia
3347 4311 3444 4350 ne-

1881 4401 2032 4440 cesse
2087 4388 2156 4439 sit
2205 4401 2422 4439 omnem
2466 4388 2775 4442 consentire
2824 4385 3158 4449 Ecclesiam,
3210 4387 3324 4441 haec
3372 4388 3442 4441 ab

1882 4478 2082 4532 Irenaeo
2120 4478 2364 4541 affertur,
2403 4499 2418 4530 ι
2455 4480 2523 4534 ob
2559 4480 2818 4548 potiorem
2873 4499 2890 4530 I
2927 4479 3069 4532 illitis
3111 4498 3127 4528 ι
3167 4481 3442 4549 principa-

204 4561 521 4613 Consenlire
560 4561 798 4626 debent.
849 4569 1118 4622 sententia
1156 4582 1212 4625 et
1253 4578 1541 4630 traditione
1583 4556 1771 4634 (ξενίη-
1807 4552 1849 4605 D
1880 4573 2106 4626 litatem.
2153 4592 2170 4624 ›
2208 4572 2300 4625 Sic
2346 4573 2629 4639 scripsisse
2662 4573 2908 4626 Latinum
2947 4574 3294 4642 interpretem
3336 4589 3436 4626 no-

203 4658 407 4703 cantur
427 4666 620 4707 omnes
650 4654 907 4710 haeretici.
941 4676 958 4708 ‹
1002 4658 1105 4713 Sed
1146 4665 1402 4729 quoniam
1423 4710 1437 4733 ,
1482 4670 1658 4739 inquit
1687 4675 1732 4704 ⁸³
1759 4713 1774 4737 ,

204 4739 369 4792 valde
413 4740 632 4808 longum
682 4754 801 4810 est,
857 4749 908 4800 in
954 4750 1055 4804 hoc
1099 4753 1192 4806 tali
1231 4755 1504 4812 volumine
1532 4764 1772 4816 omnium

205 4828 579 4886 Ecclesiarum
629 4850 951 4894 enumerare
983 4843 1385 4911 successiones;
1439 4851 1686 4906 maxima:
1723 4865 1774 4907 et

205 4922 630 4991 antiquissima‘,
661 4938 711 4982 et
754 4933 1004 4987 omnibus
1037 4938 1264 5005 cognitze
1296 4955 1323 4990 a
1367 4941 1774 5008 gloriosiSsimis

201 5014 419 5070 duobus
444 5020 704 5086 apostolis
729 5018 889 5076 Petro
937 5035 988 5078 et
1030 5025 1199 5084 Paulo
1237 5030 1419 5086 Roma:
1459 5034 1691 5090 fundata:
1721 5048 1774 5092 et

202 5107 523 5163 constituta:
551 5111 826 5178 Ecclesias,
862 5131 980 5170 eam
1007 5133 1165 5187 quam
1201 5123 1359 5178 habet
1394 5127 1461 5180 ab
1487 5131 1768 5197 apostolis,

202 5198 577 5265 traditionem,
615 5213 672 5256 et
697 5210 1072 5263 anuuntiatam
1109 5214 1414 5272 hominibus
1451 5219 1642 5286 ﬁdem,
1679 5239 1771 5292 per

196 5292 591 5348 successiones
624 5296 1005 5366 episc0porum
1048 5307 1453 5370 pervenientem
1503 5328 1673 5381 usque
1702 5316 1768 5368 ad

195 5395 304 5436 nos
346 5381 648 5440 iudicantes
674 5427 688 5450 ,
721 5391 1103 5449 confundimus
1137 5411 1327 5454 omnes
1357 5416 1470 5467 eos,
1513 5403 1601 5472 qui
1635 5421 1768 5472 quo-

191 5488 309 5542 quo
343 5475 526 5541 modo,
562 5480 644 5532 vel
688 5495 782 5549 per
809 5483 908 5536 sibi
944 5486 1215 5554 placentia
1243 5531 1257 5553 ,
1307 5493 1386 5546 vel
1431 5508 1621 5548 vanam
1651 5497 1766 5565 glo-

194 5565 376 5627 riam,
405 5566 492 5621 vel
539 5585 636 5636 per
665 5572 1003 5639 caecitatem,
1051 5588 1104 5631 et
1156 5581 1351 5635 malam
1406 5585 1762 5652 sententiam,

189 5667 562 5729 praeterquam
589 5673 803 5731 oportet
829 5665 1108 5736 colligunt.
1136 5673 1215 5726 Ad
1245 5674 1382 5727 hanc
1413 5676 1556 5729 enim
1583 5676 1766 5732 Eccle-

288 5838 413 5893 ἨΝ
464 5838 518 5890 2.

1873 4663 2081 4716 biscmn
2110 4662 2300 4714 merito
2327 4671 2513 4716 censet
2545 4662 2685 4716 idem
2721 4662 3058 4717 Salmasius:
3090 4662 3277 4717 Graece
3309 4677 3439 4716 vero

1871 4755 2133 4824 scriptum
2175 4757 2242 4810 ab
2280 4756 2480 4810 Irenaeo
2524 4765 2700 4825 putat.
2740 4754 2826 4808 διὰ
2871 4755 2929 4806 τὸ
2970 4754 3241 4827 ἐξαίρετον
3267 4755 3438 4825 αὐτῆς

1875 4850 2169 4917 πρωτεῖον;
2204 4863 2298 4900 nos
2333 4848 2667 4915 probabilius
2690 4891 2704 4913 ,
2751 4847 2835 4901 διὰ
2866 4847 2927 4899 τὸ
2960 4847 3254 4917 ὑπέρτερον
3284 4863 3435 4917 πρω-

1870 4941 2031 4991 τεῖον.
2070 4939 2174 4994 Sed
2206 4940 2532 4994 alterutrum
2567 4942 2854 5010 scripserit
2880 4951 3071 4994 auctor
3108 4949 3328 5001 noster.
3363 4940 3428 4993 si-

1871 5027 2130 5094 gnificare
2161 5029 2344 5097 voluit,
2384 5031 2503 5084 ideo
2525 5047 2711 5086 omnes
2744 5031 3014 5086 Ecclesias
3038 5048 3158 5084 cum
3188 5033 3431 5086 Romana

1870 5123 2180 5178 consentire
2212 5126 2402 5186 teneri;
2446 5127 2568 5194 quia
2604 5126 2728 5180 licet
2749 5136 2958 5181 caetera:
2990 5126 3043 5180 in
3072 5128 3185 5181 suis
3206 5142 3433 5196 qumque

1871 5211 2064 5265 finibus
2099 5215 2443 5284 principatus
2476 5219 2526 5270 in
2553 5217 2653 5271 sibi
2679 5217 2925 5272 subditos
2954 5217 3139 5272 ﬁdeles
3162 5219 3284 5286 jure
3305 5235 3434 5288 gau-

1869 5311 2052 5369 deant,
2091 5307 2246 5377 longe
2278 5318 2456 5362 tamen
2495 5310 2670 5377 potior
2691 5319 2772 5363 est
2799 5311 2850 5364 in
2884 5325 3046 5379 quem
3077 5310 3288 5365 obtinet
3323 5310 3427 5364 Ro-

1867 5417 2062 5462 mana;
2127 5412 2309 5472 utpote
2353 5418 2475 5472 quae
2517 5404 2856 5473 principatus
2895 5420 2959 5459 ac
3005 5405 3266 5473 primatus
3307 5405 3429 5472 jure

1863 5494 2113 5546 omnibus
2139 5495 2465 5556 dominetur,
2490 5497 2739 5550 omnibus
2773 5496 2976 5566 praesit,
3005 5514 3302 5568 omnesque
3324 5499 3424 5552 sibi

1865 5588 2108 5642 subditas
2145 5586 2358 5640 habeat.
2391 5589 2446 5640 6ο
2471 5589 2736 5658 Denique,
2768 5591 2819 5645 iu
2850 5606 2912 5646 ea
2941 5591 3182 5646 Ecclesia
3214 5608 3427 5658 semper

1863 5681 2065 5743 abhis,
2097 5682 2190 5749 qui
2227 5691 2354 5734 sunt
2390 5683 2664 5751 undique,
2708 5695 3090 5740 conservatam
3137 5699 3255 5740 esse
3280 5700 3422 5752 eam,

639 5839 685 5870 ⁸³
727 5843 795 5895 De
847 5843 1067 5909 primat.
1110 5863 1253 5917 pap.,
1293 5867 1408 5918 cap.
1460 5857 1510 5916 5,
1557 5869 1608 5917 p.
1663 5854 1728 5908 65
1765 5856 1886 5911 Ctlil.
1943 5855 2110 5924 Lugd.
2149 5856 2264 5910 ΒΛ.
2300 5856 2450 5909 ιϐιδ.
