4196 6330
830 364 896 421 79
1566 362 2161 420 DISSEBTATIONES
2189 363 2346 420 PB/E

2378 362 2489 419 ἶΙλΕ
2519 362 2584 419 ιΝ
2624 364 2878 420 ΙΒΕΝᾹΖΙ
2914 363 3171 424 LIBROS.

3896 365 4000 423 280

791 497 914 553 quae
942 490 1024 536 est
1052 481 1121 537 ab
1147 482 1427 551 apostolis,
1465 481 1833 537 traditionem.
1858 481 1990 537 Cum
2020 485 2163 538 enim
2189 483 2349 553 hujus
2376 489 2417 546 Α
2450 483 2755 553 exemplum
2788 483 3049 538 doctrinas
3101 482 3431 539 sinceritatis
3457 491 3510 537 et
3542 482 3845 538 traditionis
3873 499 4000 551 apo-

793 573 1076 629 sententiae
1106 580 1271 644 atque
1309 573 1569 628 doctrinae
1602 573 1878 628 adhaerere
1923 582 2206 629 teneantur
2230 590 2347 629 om-

796 678 913 731 nes,
942 662 1034 733 qui
1056 673 1183 718 sunt
1208 663 1466 733 undique,
1517 662 1740 729 ﬁdeles,
1774 664 1932 734 longe
1966 666 2132 720 tutius
2178 681 2243 720 ac
2268 667 2348 720 fa—

797 759 961 814 cilius
986 759 1303 815 conservari
1345 758 1401 813 in
1442 774 1505 813 ea
1554 759 1728 829 potuit
1768 761 2063 828 apostolica
2093 762 2344 827 traditio,

797 857 878 900 tot
903 848 1192 917 episcOpis,
1217 848 1548 920 presbyteris
1566 850 1873 918 etclericis,
1902 860 2086 918 totque
2113 850 2347 905 ﬁdelium

801 939 1384 1011 myriadibuscredita,
1413 938 1626 1013 [CXXI]
1654 942 1886 1012 imisque
1921 942 2229 1011 pectoribus
2271 957 2352 998 re-

798 1031 1034 1094 condita,
1063 1045 1223 1100 quam
1259 1032 1311 1085 in
1342 1032 1463 1087 aliis
1489 1034 1748 1088 Ecclesiis
1798 1034 2014 1089 divisim
2062 1033 2347 1102 spectatis,

797 1140 1030 1195 quarum
1076 1124 1472 1194 jurisdictionis
1512 1127 1645 1182 ﬁnes
1677 1141 1780 1182 non
1819 1135 1926 1181 tam
1952 1129 2107 1197 longe
2137 1128 2349 1196 lateque

799 1218 1074 1288 patebant.

867 1311 957 1365 32.
989 1310 1165 1366 Locus
1201 1311 1289 1365 hic
1320 1312 1503 1367 lrenazi
1537 1311 1674 1368 male
1703 1313 1867 1367 habet
1892 1327 1989 1368 eos
2017 1327 2224 1378 omnes,
2255 1312 2346 1382 qui

805 1420 824 1454 ι
862 1419 957 1473 per
983 1404 1281 1457 caecitatem
1309 1414 1362 1457 et
1395 1404 1589 1458 malam
1618 1405 1966 1469 sententiam,
1991 1415 2347 1473 praeterquam

796 1506 1029 1563 oportet,
1052 1498 1402 1566 collegerunt,
1436 1516 1455 1547 ι
1500 1498 1551 1552 id
1582 1508 1666 1553 est
1694 1497 1784 1568 qui
1824 1499 2101 1553 catholicae
2126 1497 2244 1551 ﬁdei
2275 1497 2349 1550 si-

797 1588 909 1642 mul
936 1599 989 1643 et
1032 1590 1371 1652 obcdicnlim,
1415 1605 1575 1659 quam
1606 1589 1867 1645 exhibere
1916 1592 2168 1645 Romanae
2199 1597 2347 1642 tene-

797 1681 995 1735 bantur
1011 1681 1485 1751 Ecclesiae,jugum
1505 1685 1883 1744 excusserunt,
1904 1690 1957 1734 ut
1976 1680 2219 1749 ἀκέφαλα
2242 1679 2346 1734 sibi

798 1772 862 1825 ad
899 1772 1180 1826 arbitrium
1206 1774 1582 1828 conventicula
1608 1776 2020 1830 constituerent.
2053 1774 2254 1841 Quare,
2281 1790 2348 1829 ne

797 1864 1167 1933 turpissimam
1184 1865 1494 1919 schismatis
1509 1880 1571 1919 ac
1586 1864 1852 1919 haereseos
1870 1865 2040 1921 labem
2064 1866 2347 1921 incurrant

796 1956 1186 2022 Protestantes,
1208 1955 1411 2011 nullum
1441 1957 1667 2026 lapidem
1686 1972 1788 2012 non
1814 1969 2048 2023 moveut,
2071 1968 2128 2012 ut
2151 1959 2350 2028 impor-

797 2048 1065 2103 tunissimi
1089 2048 1190 2105 loci
1212 2050 1418 2117 pondus
1432 2048 1723 2103 declinent.
1748 2049 1851 2104 Sed
1882 2059 1986 2103 tam
2015 2066 2207 2119 parum
2245 2052 2349 2106 sibi

797 2140 850 2193 in
866 2139 969 2195 hoc
989 2140 1328 2208 eXplicando,
1350 2157 1507 2209 quam
1527 2142 1580 2193 in
1599 2140 1722 2194 ﬁdei
1743 2142 2086 2212 dogmatibus
2113 2158 2347 2198 consen-

796 2230 957 2284 tiunt.
993 2230 1289 2287 Salmasius
1305 2233 1370 2287 ad
1397 2232 1713 2287 clarissima:
1742 2234 1877 2287 lucis
1906 2233 2167 2304 fulgorem
2217 2250 2347 2289 ocu-

794 2322 878 2378 los
911 2321 1160 2378 claudcre
1183 2341 1289 2385 non
1311 2324 1512 2390 valens,
1541 2323 1723 2393 fateri,
1757 2325 1961 2389 utdixi,
1994 2334 2213 2381 coactus
2243 2336 2347 2392 est,

794 2415 981 2473 lrenazi
1025 2420 1309 2473 verborum
1334 2433 1551 2473 sensum
1575 2434 1715 2485 esse,
1756 2437 1775 2470 ‹
1808 2434 2033 2475 necesse
2068 2434 2189 2475 esse
2234 2435 2351 2473 om-

795 2526 917 2565 nem
941 2509 1233 2565 Erclesiam
1260 2513 1550 2566 convenire
1582 2521 1635 2565 et
1654 2514 1987 2568 concordare
2012 2514 2064 2567 in
2090 2513 2250 2567 rebus
2290 2512 2350 2566 ﬁ-

794 2602 907 2666 dei,
939 2618 1001 2655 ac
1038 2603 1283 2657 doctrina
1318 2619 1438 2657 cum
1474 2604 1711 2658 Rutuaua
1740 2605 2007 2660 Ecclesia.
2046 2624 2064 2658 ι
2109 2605 2349 2675 ldipsum

795 2704 877 2749 est
906 2694 1047 2764 quod
1078 2712 1145 2749 ex
1172 2695 1435 2750 coirenazi
1460 2698 1577 2752 loco
1598 2696 2112 2755 inferuntCatholici
2141 2714 2346 2755 omnes.

795 2785 1057 2841 Fateatur
1090 2789 1252 2857 igitur
1272 2803 1492 2843 necesse
1522 2797 1604 2844 est
1633 2789 1955 2855 Salmasius,
1977 2807 2110 2850 eam.
2136 2807 2346 2847 onmem

793 2879 1114 2956 Ecclesiam,
1140 2896 1258 2950 qua:
1282 2897 1307 2934 a
1357 2880 1597 2936 Romana
1627 2884 1950 2953 discrepabit
1980 2899 2045 2939 ac
2074 2884 2349 2939 dissentiet

798 2973 851 3025 in
890 2971 1050 3027 rebus
1078 2974 1200 3028 ﬁdei
1226 2990 1289 3028 ac
1314 2977 1579 3042 doctrina,
1605 2991 1670 3031 eo
1695 2977 1810 3046 ipso
1831 2978 2141 3033 schismalis
2164 2994 2228 3033 ac
2250 2978 2351 3032 ha:-

798 3080 979 3120 reseos
1012 3066 1168 3135 culpa
1202 3070 1395 3124 teneri.
1426 3066 1652 3122 Videant
1704 3070 1933 3140 proinde
1983 3070 2234 3125 Salmasii
2263 3086 2350 3126 as-

2446 575 2649 630 stolicte
2697 576 3065 631 custodienda:
3118 576 3330 631 caeteris
3387 576 3610 646 proponi
3673 576 3995 646 potuissent.

2447 668 2671 723 Frustra
2703 682 2831 737 ergo
2860 681 2915 722 et
2942 667 3169 723 ridicule
3197 669 3287 722 uni
3323 668 3580 722 Romanae
3625 668 3877 723 Ecclesia:
3906 684 3999 737 po-

2446 762 2629 813 tiorem
2645 761 3082 830 principalitatem
3097 762 3413 815 asseruisset
3436 759 3685 825 lrenmus,
3706 775 3865 829 quam
3884 760 3999 817 alia:

2447 850 2634 905 eodem
2656 848 2797 917 jure,
2829 850 2955 919 ipsa:
2982 856 3036 905 et
3064 850 3133 904 ab
3164 851 3421 918 apostolis
3447 852 3648 920 pariter
3670 850 3923 914 fundatae,
3942 860 3998 906 et

2448 958 2476 996 a
2508 944 2868 999 sanctissimis
2887 958 3072 999 eorum
3092 945 3495 999 successoribus
3524 945 3857 1014 gubernataa,
3882 945 4003 997 vin-

2447 1034 2629 1088 dicare
2652 1034 2752 1089 sibi
2778 1036 3097 1104 potuissent.
3117 1032 3342 1089 Frustra
3368 1034 3757 1098 contendisset,
3780 1047 3999 1089 necesse

2446 1142 2568 1182 esse
2596 1137 2809 1181 omnem
2840 1125 3134 1180 Ecclesiam
3171 1126 3463 1180 convenire
3503 1135 3557 1180 et
3582 1126 3917 1181 concordare
3943 1126 3999 1180 in

2451 1219 2611 1272 rebus
2655 1217 2775 1273 ﬁdei
2820 1232 2881 1272 ac
2930 1218 3173 1274 doctrina
3203 1234 3326 1273 cum
3352 1219 3617 1285 Romana,
3647 1221 3715 1273 ob
3737 1220 4001 1289 potiorem

2448 1308 2686 1377 ejusdem
2723 1311 3198 1380 principalitatem.
3233 1310 3343 1365 Nisi
3373 1312 3515 1366 enim
3542 1313 3699 1381 hujus
3723 1314 4007 1367 sententiae

2450 1402 2503 1455 in
2542 1402 2702 1456 rebus
2754 1402 2870 1457 ﬁdei
2905 1412 3113 1458 caetera;
3162 1403 3415 1458 Ecclesia:
3446 1417 3640 1471 parere
3694 1414 4005 1471 teneantur,

2450 1491 2590 1544 nulla
2618 1493 3104 1561 potiornecessitas
3131 1509 3253 1548 cum
3280 1495 3370 1547 illa
3405 1494 3646 1548 Ecclesia
3672 1476 4007 1559 consentire,

2447 1600 2607 1653 quam
2662 1602 2784 1640 cum
2827 1586 3200 1654 Antiocliena,
3246 1587 3540 1657 Ephesina,
3580 1587 3905 1657 Smyrnensi
3953 1596 4012 1643 et

2448 1677 2590 1730 aliis.

2518 1768 2605 1821 55.
2638 1768 2809 1836 Quam
2842 1770 2980 1826 male
3032 1772 3133 1826 hac
3158 1786 3252 1827 sua
3288 1772 3653 1842 explicatione
3703 1771 4013 1828 Protestan-

2378 1834 2421 1889 Β
2453 1860 2583 1914 tium
2635 1877 2855 1916 causam
2889 1863 3063 1934 egerit
3115 1861 3435 1929 Salmasius,
3471 1864 3671 1933 optime
3721 1864 3892 1918 sensit
3937 1864 4008 1918 cl.

2450 1950 2707 2009 Grabius.
2739 1952 2917 2020 Quare
2948 1971 3008 2009 ea
3044 1953 3260 2023 rejecta,
3315 1956 3473 2008 aliter
3522 1955 3623 2009 sibi
3663 1954 4009 2009 sentiendum

2450 2060 2569 2100 esse
2592 2047 2822 2113 putavit,
2862 2047 3284 2117 inclinatamque
3331 2063 3549 2103 causam
3582 2048 3703 2104 aliis
3732 2062 4013 2104 commen-

2451 2137 2603 2191 tariis
2622 2139 2826 2209 erigere
2857 2142 3105 2195 tentavit:
3138 2158 3240 2194 non
3273 2142 3427 2195 novis
3450 2141 3671 2211 quidem
3694 2181 3708 2207 ,
3744 2143 3839 2196 sed
3871 2154 4013 2210 quos

2449 2229 2515 2282 ad
2544 2229 2942 2285 obs'curandum
2964 2232 3103 2285 hunc
3135 2232 3319 2287 lrenmi
3350 2232 3523 2287 locum
3549 2233 3748 2287 dudum
3775 2232 4014 2299 scripse-

2451 2332 2535 2375 rat
2560 2322 2877 2378 Chamiertts
2905 2321 2971 2378 ⁸⁸.
3016 2325 3087 2376 Ea
3122 2340 3240 2393 qute
3272 2325 3477 2380 lrenaeo
3504 2323 3691 2380 Graeca
3729 2328 4010 2396 supponit,

2448 2428 2538 2480 ac,
2574 2424 2729 2483 prout
2760 2415 2931 2479 lubet,
2970 2415 3293 2477 fabricatur,
3344 2432 3446 2471 non
3498 2417 3777 2472 morabor:
3817 2417 4016 2472 inanes

2450 2509 2776 2564 luxuriantis
2807 2509 3009 2579 ingenii
3041 2509 3364 2577 conjecturae
3396 2520 3541 2574 sunt,
3566 2526 3683 2579 qua:
3715 2520 3821 2564 tam
3846 2510 4015 2568 facile

2452 2610 2734 2670 negantur,
2763 2616 2923 2671 quam
2959 2612 3127 2673 gratis
3166 2611 3558 2671 proponuntur.
3586 2602 3641 2656 Id
3682 2603 3843 2657 etiam
3899 2620 4011 2658 non

2451 2695 2724 2756 morabor,
2780 2694 2921 2762 quod
2958 2696 3096 2763 apud
3148 2694 3403 2747 Irenaeum
3433 2692 3685 2746 Latinum
3717 2693 4008 2763 legendum

2450 2798 2623 2857 putat,
2654 2789 2996 2854 potentiorem
3024 2787 3495 2856 principalitatem,
3529 2796 3587 2841 ut
3635 2787 3900 2841 hactenus
3933 2786 4015 2842 fe-

2451 2888 2577 2934 runt
2610 2868 2953 2934 omnes‘editi
2985 2881 3217 2943 codices,
3247 2888 3303 2933 et
3328 2879 3568 2949 plerique
3594 2894 3744 2943 mss.,
3768 2894 3874 2934 non
3920 2896 4017 2944 po-

2450 2972 2656 3035 tiorem,
2691 2982 2747 3025 ut
2776 2986 2840 3024 ex
2866 2986 2967 3025 ms.
3005 2971 3446 3035 Claron'iontano,
3477 2971 3717 3025 omnium
3749 2970 4016 3041 antiquis-

2450 3061 2608 3125 simo,
2629 3062 2984 3127 restituimus;
3005 3063 3248 3130 quamvis
3264 3061 3404 3115 enim
3428 3061 3693 3129 posterior
3710 3059 3827 3113 haec
3845 3057 4015 3113 lectio

796 3161 980 3223 scolae,
1012 3159 1308 3214 Calviuiani
1358 3176 1567 3223 omnes,
1614 3170 1668 3216 et
1709 3164 2013 3231 quicunque
2043 3179 2072 3216 ε
2109 3165 2345 3218 Romam
2375 3168 2418 3226 α
2452 3155 2516 3209 ad
2547 3155 2732 3210 Irenaei
2776 3162 3006 3209 mentem
3048 3162 3103 3207 et
3143 3155 3303 3208 verba
3342 3152 3533 3207 melius
3576 3151 3837 3221 quadret;
3875 3152 4017 3207 bene

799 3250 1039 3306 Ecclesia
1072 3252 1123 3307 in
1155 3254 1314 3307 rebus
1366 3253 1485 3308 ﬁdei
1520 3254 1865 3318 dissentiunt,
1895 3270 1999 3324 quo
2041 3266 2196 3324 pacto
2236 3257 2349 3311 cul-

798 3360 918 3410 pam
939 3345 1077 3400 hanc
1092 3360 1121 3397 a
1138 3359 1196 3400 se
1222 3345 1566 3401 :nnoliantur.
1587 3346 1769 3417 Neque
1786 3349 1924 3401 enim
1946 3350 2086 3417 quod
2112 3351 2349 3406 secundo

797 3434 1058 3492 Ecclesiae
1102 3439 1316 3501 sarculo,
1353 3437 1617 3494 Salmasio
1664 3440 1885 3501 fatente,
1943 3456 2161 3495 necesse
2211 3451 2348 3505 erat,

798 3528 1191 3594 posterioribus
1223 3529 1306 3582 his
1335 3530 1545 3584 saeculis
1594 3533 1773 3584 minus
1809 3546 2036 3585 necesse
2065 3543 2166 3589 est.
2196 3534 2351 3600 Quod

800 3620 887 3674 hic
911 3621 1081 3685 addit,
1113 3639 1131 3672 ‹
1166 3622 1299 3676 velle
1321 3621 1601 3688 lreumum,
1628 3624 1918 3678 Ecclesiam
1945 3627 2260 3691 Romanam,
2294 3636 2351 3682 ut

728 3736 737 3746 -
799 3708 1194 3779 principalem,
1247 3714 1297 3766 id
1342 3724 1424 3766 est
1461 3715 1685 3782 primam
1729 3724 1782 3769 et
1822 3717 2058 3770 omnium
2118 3720 2352 3774 maxime

799 3816 1011 3869 puram,
1041 3812 1220 3872 typum
1255 3814 1307 3857 et
1328 3806 1628 3873 exemplum
1665 3808 2087 3861 cmterisdeberc
2106 3823 2227 3861 esse
2257 3809 2350 3863 do-

798 3894 989 3949 ctrina:
1019 3896 1351 3950 sinceritatis
1378 3907 1429 3949 et
1464 3899 1775 3965 apostolicae
1828 3900 2133 3954 traditionis
2167 3911 2350 3955 custo-

800 3988 1025 4054 diendae,
1058 4005 1076 4038 ι
1130 3989 1183 4041 in
1230 4004 1295 4043 eo
1327 4004 1512 4043 verum
1541 3992 1782 4059 estquod
1823 3991 2042 4055 fatetur,
2092 3990 2349 4046 lrenmum

803 4080 959 4144 velle,
992 4079 1285 4135 Ecclesiam
1320 4084 1614 4135 Romanam
1665 4084 1999 4152 principalem
2043 4096 2089 4138 et
2128 4086 2350 4155 primam

798 4175 1036 4227 omnium
1056 4190 1194 4228 esse.
1224 4173 1360 4227 Velit
1386 4175 1566 4244 igitur,
1591 4177 1741 4241 nolit,
1769 4177 2031 4245 sequitur,
2057 4192 2173 4230 eam
2203 4179 2352 4245 prin-

803 4264 1013 4333 cipatus
1038 4280 1101 4318 ac
1133 4268 1392 4333 primatus
1424 4267 1549 4334 jure
1581 4268 1793 4322 cmteris
1835 4269 2086 4323 omnibus
2120 4286 2350 4337 praeesse

800 4373 865 4411 ac
895 4357 1192 4423 dominari;
1226 4376 1287 4413 ac
1315 4363 1540 4428 proinde
1578 4378 1670 4415 eos
1726 4378 1911 4415 omnes
1940 4364 2027 4431 qui
2064 4364 2348 4430 imperium

799 4450 943 4505 liiiUS
993 4452 1316 4515 detrectant,
1350 4452 1619 4520 objc-ctnm
1654 4456 1752 4507 sibi
1807 4464 2005 4520 aperta:
2044 4455 2349 4510 rebellionis

798 4544 1002 4594 crimen
1038 4541 1332 4595 dissolvere
1382 4557 1483 4595 non
1515 4558 1688 4609 posse.
1720 4542 1772 4595 Si
1815 4558 1938 4596 vero
1987 4558 2049 4596 eo
2094 4543 2353 4595 duntaxat

798 4648 958 4688 sensu
993 4634 1288 4686 Romanam
1325 4634 1616 4688 Ecclesiam
1654 4635 1878 4700 primum
1910 4651 1973 4688 ac
2002 4633 2349 4701 principalem

797 4742 921 4780 esse
944 4727 1069 4779 velit
1120 4726 1432 4788 Salinasius,
1471 4728 1609 4793 quod
1642 4728 1879 4777 tttllttillm
1929 4728 2160 4778 Inaxinie
2192 4740 2346 4793 pura,

802 4828 958 4888 typus
996 4827 1048 4870 et
1079 4817 1379 4884 exetnplun‘t
1426 4819 1638 4872 caeteris
1689 4833 1807 4870 esse
1851 4818 2043 4871 debent
2088 4818 2348 4871 det-triuio

798 4911 1145 4967 sinceritatis,
1180 4920 1232 4962 et
1264 4910 1570 4977 apostolica:
1618 4912 1917 4963 traditionis
1958 4911 2343 4974 custodiendrc,

797 5012 1047 5073 nugatur,
1080 5013 1133 5056 et
1172 5004 1355 5071 nugari
1409 5019 1591 5056 secum
1645 5002 1752 5055 vult
1788 5006 2065 5055 Ire-mnum.
2104 5004 2169 5058 Ut
2202 5005 2343 5056 enim

796 5106 1004 5153 taceam
1038 5099 1123 5152 hic
1157 5098 1330 5167 plura,
1364 5110 1480 5163 quae
1510 5096 1667 5149 modo
1692 5095 1875 5149 Grabii
1910 5096 2229 5148 sententiam
2256 5111 2347 5146 cx-

797 5192 1035 5259 pendens
1057 5192 1300 5244 dicturus
1317 5204 1432 5241 sum
1457 5207 1469 5247 ;
1489 5190 1607 5241 sica
1629 5189 1796 5241 solum
1816 5192 2018 5242 ratione
2041 5188 2347 5255 principalis

796 5300 858 5338 ac
888 5285 1058 5352 prima
1083 5282 1409 5336 sitRomana
1436 5280 1696 5342 Ecclesia,
1718 5281 1780 5333 de.
1807 5283 2031 5348 primatu
2061 5297 2120 5334 ac
2149 5281 2348 5331 minci-

796 5374 1054 5442 patujure
1072 5374 1264 5427 merito
1279 5389 1398 5427 cum
1419 5387 1481 5425 ea
1502 5373 1831 5425 contendere
1851 5374 2139 5438 potuissent
2162 5369 2345 5439 Smyr-

799 5466 980 5520 nensis
1002 5478 1053 5520 et
1082 5466 1349 5534 Ephesina
1379 5464 1645 5526 Ecclesia,
1680 5479 1813 5532 quas
1831 5463 2056 5516 subinde
2087 5470 2345 5515 memorat

795 5557 1048 5612 lrcnaeus.
1072 5558 1277 5626 Etipsze
1297 5559 1438 5612 enim
1460 5568 1583 5611 tunc
1602 5556 1856 5625 temporis
1880 5570 1980 5608 nec
2000 5557 2176 5607 minus
2202 5569 2347 5622 pune

794 5660 972 5714 erant,
1009 5666 1168 5719 quam
1202 5650 1464 5716 lioiiiana,
1513 5665 1611 5704 nec
1646 5651 1838 5703 minori
1866 5649 1987 5715 jure
2021 5658 2075 5701 ut
2105 5657 2262 5717 typus
2294 5656 2344 5701 et

2453 3259 2631 3303 tamen
2658 3249 2888 3317 quadrat
2910 3258 2963 3302 et
2986 3248 3175 3313 altera;
3210 3261 3376 3315 quare
3400 3246 3655 3300 alterutra
3683 3245 4013 3309 retineatur,

2450 3342 2670 3410 perinde
2689 3355 2810 3395 esse
2835 3342 2901 3394 ad
2926 3356 3141 3396 sensum
3163 3341 3437 3395 existimo.
3465 3339 3568 3393 Sed
3592 3340 3657 3393 ad
3690 3355 3800 3392 rem
3824 3338 4013 3395 venio.

2451 3434 2745 3488 Contendit
2773 3434 2952 3502 itaque
2979 3432 3233 3499 Grabius,
3270 3451 3289 3484 c
3337 3447 3434 3499 per
3471 3439 3791 3487 conventum
3827 3431 4014 3485 omnis

2452 3526 2729 3590 Ecclesiae,
2762 3526 2812 3579 id
2834 3533 3140 3588 esteorum,
3166 3526 3256 3595 qui
3287 3535 3410 3579 sunt
3450 3526 3713 3593 undique,
3748 3523 4014 3591 ﬁdelium,

2450 3620 2515 3670 ad
2548 3616 2848 3671 Ecclesiam
2873 3617 3190 3681 Romanam,
3218 3627 3435 3686 propter
3475 3617 3831 3686 potentiorem
3859 3616 4017 3685 prin-

2451 3708 2798 3777 cipalitatem,
2830 3709 3233 3778 intelligendum
3267 3724 3388 3763 esse
3434 3707 3741 3763 conﬁuxum
3793 3723 4015 3774 eorum,

2451 3800 2538 3866 qui
2566 3799 2632 3851 ab
2660 3802 2807 3853 omni
2842 3800 3081 3853 Ecclesia
3117 3800 3342 3853 Romam
3376 3801 3753 3865 mittebantur,
3783 3809 3840 3852 ut
3881 3815 4015 3853 catt-

2452 3904 2564 3940 sam
2591 3888 3022 3942 Christianorum
3050 3897 3271 3958 agerent
3300 3889 3440 3955 apud
3474 3887 3845 3953 imperatores,
3872 3900 4019 3954 quo-

2453 3992 2570 4030 rum
2596 3977 2867 4047 potentior
2888 3987 3006 4033 erat
3044 3978 3431 4048 principalitas,
3451 3976 3500 4029 id
3528 3982 3609 4030 est
3635 3990 3889 4044 suprema
3914 3989 4019 4043 po-

2454 4079 2635 4125 testas.
2694 4070 2774 4125 Ob
2811 4072 3164 4140 potentiorem
3214 4071 3395 4139 itaque
3422 4066 3871 4137 principalitatem
3900 4065 4017 4120 Ro-

2452 4179 2755 4228 manorum,
2782 4165 2878 4228 ait,
2899 4166 3268 4235 contingebat,
3297 4173 3353 4217 ut
3376 4162 3442 4216 ad
3461 4161 3761 4214 Romanam
3790 4160 4014 4223 urbem,

2450 4268 2502 4313 et
2531 4258 2755 4325 proinde
2779 4256 3094 4320 Ecclesiam,
3117 4257 3183 4309 ab
3210 4255 3461 4310 omnibus
3490 4253 3723 4319 undique
3749 4250 4013 4306 Ecclesiis

2451 4350 2808 4403 convenirent
2849 4348 3051 4409 ﬁdeles,
3085 4346 3449 4401 defensionem
3501 4359 3610 4398 sua:
3636 4344 3755 4396 ﬁdei
3802 4352 3857 4394 et
3907 4343 4017 4397 Ec-

2454 4442 2631 4495 clesiae
2663 4440 2981 4507 suscepturi.
3021 4439 3094 4491 De
3131 4438 3233 4491 hoc
3256 4452 3385 4492 vero
3434 4447 3698 4491 conventu
3739 4435 3806 4489 ad
3832 4435 4016 4489 locum

2456 4534 2603 4588 urbis
2629 4542 2788 4603 atque
2818 4531 3068 4586 Ecclesia:
3088 4531 3363 4598 Romanae,
3387 4546 3489 4583 non
3532 4534 3598 4582 de
3628 4530 4019 4583 communione

2457 4628 2582 4680 ﬁdei
2618 4643 2681 4680 ac
2710 4626 2989 4680 Charilaus
3018 4640 3137 4677 cum
3168 4639 3255 4688 ea,
3285 4623 3456 4676 multo
3506 4623 3684 4675 minus
3715 4622 3779 4675 de
3824 4620 4017 4690 subje-

2452 4721 2973 4776 (‘tioneohcdicntiae
3036 4723 3278 4780 \enazum
3326 4718 3427 4771 hoc
3468 4715 3587 4772 loco
3633 4715 3943 4782 scripsisse.
3992 4733 4011 4767 ι

2454 4815 2541 4869 Sic
2574 4814 2821 4867 Grabius.

2521 4907 2607 4959 5i.
2646 4904 2749 4959 Sed
2786 4918 2883 4957 nec
2919 4918 2980 4955 ea
3010 4901 3299 4969 explicatio
3334 4900 3399 4956 ad
3446 4898 3633 4954 irenmi
3685 4898 3870 4961 verba,
3904 4897 4017 4951 nisi

2452 5014 2675 5067 prorsus
2698 4997 2959 5050 dclirasse
2990 5004 3345 5062 supponatur,
3374 4993 3641 5061 quadrare
3660 4990 3760 5043 ulla
3796 4990 4017 5044 ratione

2451 5099 2644 5161 potest.
2684 5090 2736 5142 1ο
2776 5088 2829 5141 Si
2870 5089 2935 5141 de
2967 5086 3214 5140 confluxu
3238 5100 3457 5148 eorum,
3495 5084 3582 5151 qui
3620 5084 3685 5137 ab
3713 5081 3852 5135 onmi
3904 5081 4019 5135 Ec-

2452 5184 2613 5237 clesia
2646 5181 2869 5232 Romam
2904 5179 3273 5241 mittebantur,
3311 5186 3367 5229 ut
3417 5191 3633 5229 causam
3661 5175 4015 5229 Christiano-

2456 5293 2569 5332 rum
2604 5286 2827 5341 agerent
2878 5273 3017 5341 apud
3068 5273 3439 5340 imperatores,
3494 5268 3869 5337 intelligendus
3906 5269 4019 5335 sit;

2454 5387 2644 5423 sensus
2677 5371 2801 5431 crit,
2843 5380 3061 5420 necesse
3102 5366 3267 5417 fuisse
3311 5377 3522 5417 omnem
3557 5360 3873 5424 Ecclesiam,
3909 5361 4017 5415 hoc

2451 5473 2532 5515 est
2563 5477 2653 5514 eos
2688 5460 2774 5527 qui
2813 5468 2936 5511 sunt
2988 5458 3222 5523 undique
3257 5455 3464 5519 ﬁdeles,
3519 5454 3743 5505 Romam
3795 5454 4014 5518 venire,

2454 5565 2503 5605 ut
2534 5568 2747 5605 (rwsain
2770 5550 3195 5605 Christianorum
3220 5558 3441 5617 agerent
3464 5546 3600 5613 apud
3632 5546 4017 5606 imperatores.

2451 5646 2607 5713 Atqui
2635 5654 2841 5697 tantum
2876 5644 3025 5694 abest
3084 5641 3136 5693 id
3168 5652 3384 5693 necesse
3436 5636 3617 5701 fuerit,
3646 5646 3705 5689 ut
3733 5644 3859 5689 ante
3892 5634 4013 5690 ire-

866 5805 913 5838 “
943 5804 999 5858 Τ.
1035 5804 1072 5858 il
1120 5806 1388 5862 Panstrat.
1425 5806 1631 5861 Cathol.
1672 5807 1763 5861 lib.
1806 5822 1920 5859 un.
1957 5802 2025 5861 De
2064 5820 2254 5859 (ecum.
2298 5802 2471 5862 Pam,
2515 5816 2629 5868 cap.
2662 5798 2749 5861 £22,
2786 5813 2833 5851 η.
2870 5796 2933 5849 12
2956 5808 3103 5863 seqq.
