4196 6330
254 383 350 438 23!
1170 385 1232 440 DI
1247 385 1635 442 SSERTATIO
1676 385 1762 452 Ill,
1805 385 1889 441 DE

1170 385 1635 442 DISSERTATIO
1676 385 1762 452 Ill,
1805 385 1889 441 DE
1930 387 2187 444 ΙῐὶΙΞΝΑΞΙ
2224 389 2583 452 ΒΟΟΤΒΙΝΑ.

3387 400 3494 456 289.

256 497 356 550 ιιιιιί
388 505 602 552 aetatem
637 494 836 553 factum
864 498 1156 570 aliquando
1188 501 1353 557 fuisse
1383 517 1450 557 ne
1474 518 1578 557 uno
1602 504 1819 572 quidem
1851 519 1897 565 Α
1926 517 2150 585 necesse
2201 507 2272 561 sit
2315 521 2534 562 omnem
2576 507 2872 566 Ecclesiam
2921 512 3228 567 convenire.
3276 513 3330 567 Si
3361 529 3492 585 ergo

254 590 504 658 exemplo
556 591 789 658 probare
842 593 1015 660 possit
1055 591 1311 650 Grabius.
1372 594 1562 651 Plures
1604 597 1819 665 quidem

252 678 692 735 Christianorum
725 682 1016 752 Apologias
1061 684 1273 741 oblatas
1319 685 1759 755 imperatoribus,
1791 704 1818 742 a

251 770 551 839 Quadrato,
596 775 852 840 Aristide,
895 776 1166 843 Melitone,
1214 778 1528 846 Apollinari,
1577 780 1820 834 Athena—

253 879 386 930 gora
417 873 469 917 et
502 865 713 921 .lnstiuo
747 867 1004 938 legimus:
1052 870 1146 923 sed
1190 885 1284 924 eos
1317 870 1384 924 ab
1420 871 1680 927 Ecelesiis
1711 872 1820 927 Ro-

251 971 400 1009 mam
425 960 618 1012 missos
649 957 839 1024 fuisse,
872 970 926 1014 ut
953 976 1171 1016 causam
1210 961 1642 1018 Christianorum
1690 981 1821 1036 agt-.-

249 1057 379 1102 rent
404 1051 541 1119 apud
567 1053 941 1119 imperatores,
964 1054 1347 1110 falsissimum:
1376 1057 1484 1112 imo
1503 1056 1815 1127 plerosque,

249 1140 437 1208 ipsum
467 1143 628 1196 etiam
653 1143 1081 1215 Athenagoram,
1114 1146 1265 1215 cujus
1308 1147 1583 1219 Apologia:
1640 1150 1815 1216 titulo,

246 1234 398 1300 quod
435 1235 785 1300 inscrihatur,
819 1234 1059 1307 Legatio,
1092 1239 1340 1294 abutitur
1378 1239 1631 1304 Grabius,
1662 1256 1692 1295 e
1723 1258 1818 1311 pa.

249 1325 360 1376 tria
393 1327 578 1392 pedem
630 1328 908 1395 extulisse,
959 1339 1014 1384 ut
1060 1331 1346 1399 Apologias
1375 1348 1500 1387 suas
1535 1332 1814 1397 offerrent,

247 1416 445 1470 nullihi
494 1417 760 1486 legimus;
814 1422 857 1473 si
895 1421 984 1488 qni
1040 1436 1187 1488 vero,
1243 1421 1590 1488 ntJustinus,
1629 1425 1816 1480 Roma:

241 1508 582 1576 obtulerint,
623 1511 824 1565 dudum
865 1524 1023 1567 antea
1049 1515 1123 1568 ibi
1156 1516 1440 1585 degebant,
1484 1533 1581 1571 nec
1614 1520 1719 1571 huc
1749 1534 1812 1573 eo

245 1599 363 1653 ﬁne
387 1612 663 1656 venerant.
691 1603 777 1669 Et,
808 1619 1013 1672 quaeso,
1032 1621 1151 1674 quae
1176 1610 1468 1663 necessitas
1491 1610 1812 1664 Christianis

243 1693 485 1748 adeundi
528 1696 881 1764 imperatores
914 1699 1182 1765 ethnicos,
1218 1718 1244 1754 a
1287 1703 1484 1771 quibus
1511 1704 1663 1768 nihil,
1705 1705 1813 1759 nisi

237 1782 334 1850 jus
364 1799 524 1839 omne
549 1785 736 1857 fasque
766 1789 1018 1842 violatum
1055 1807 1273 1859 sperare
1302 1794 1587 1861 poterant?
1619 1796 1672 1846 2ο
1697 1794 1808 1849 Ire-

1927 581 2255 649 Grabianam
2280 597 2700 665 explicationem
2733 602 3164 668 admittamus,ea
3191 581 3491 674 supposita,

1924 685 2000 738 sic
2022 694 2452 755 argumentatum
2471 684 2910 746 fuisselrenteum
2941 692 3228 747 dicendum
3249 693 3354 747 erit
3383 711 3395 746 :
3427 695 3496 751 ll-

1924 772 2096 828 larum
2130 775 2498 830 Ecclesiarum
2527 779 2714 834 eadem
2740 790 2822 834 est
2847 797 2968 835 cum
2996 782 3239 838 llomaua
3282 784 3413 840 ﬁdes
3438 795 3493 842 et

1926 868 2167 934 traditio,
2199 884 2428 938 quarum
2464 871 2644 926 ﬁdeles
2679 888 2900 928 necesse
2927 884 3004 928 est
3039 875 3263 931 Romam
3284 879 3490 946 venire,

1923 971 1979 1015 ut
2015 963 2452 1018 Christianorum
2492 980 2710 1019 causam
2747 977 2912 1035 agant
2936 969 3074 1036 apud
3109 970 3487 1041 imperatores,

1921 1067 2151 1121 quorum
2181 1055 2460 1122 potentior
2494 1065 2576 1110 est
2603 1058 2985 1125 principalitas
3013 1074 3106 1112 seu
3144 1070 3383 1128 potestas
3408 1079 3494 1118 su-

1920 1159 2128 1213 prema.
2163 1145 2324 1215 Atqui
2365 1162 2591 1202 necesse
2613 1159 2694 1201 est
2723 1148 2907 1205 ﬁdeles
2932 1166 2996 1204 ex
3029 1154 3279 1208 omnibus
3304 1155 3492 1210 Eccle-

1919 1237 2014 1290 siis
2038 1236 2264 1293 Romam
2292 1240 2503 1304 venire,
2537 1250 2594 1294 ιιι
2618 1256 2840 1296 causam
2867 1242 3303 1299 Christianorum
3329 1255 3492 1317 agant

1919 1328 2058 1396 apud
2094 1330 2473 1397 imperatores,
2496 1347 2726 1402 quorum
2771 1336 3045 1402 potentior
3098 1345 3181 1391 est
3209 1339 3489 1408 principa-

1918 1420 2064 1475 litas.
2096 1421 2264 1491 igitur
2305 1425 2548 1479 omnium
2598 1425 2966 1480 Ecclesiarum
3013 1430 3201 1483 eadem
3249 1442 3332 1486 est
3363 1448 3483 1485 cum

1921 1511 2161 1565 Rontana
2199 1511 2332 1566 ﬁdes
2385 1516 2702 1568 ettraditio.
2759 1514 3017 1570 Grabium
3053 1517 3488 1587 ipsumjndieent

1920 1601 2063 1666 volo,
2108 1602 2250 1672 quis,
2282 1602 2382 1656 nisi
2415 1603 2642 1670 delirus,
2673 1605 2746 1659 ita
2786 1610 3239 1674 argumentetur?
3275 1608 3486 1678 Suppo-

1917 1708 2111 1747 namus
2135 1697 2470 1756 econtrario,
2510 1695 2769 1749 lreuzenm
2804 1700 3167 1765 argumentari
3201 1714 3264 1754 eo
3305 1700 3483 1766 modo,

1918 1799 2026 1852 quo
2044 1788 2405 1854 argumentari
2429 1789 2678 1855 superius
2699 1789 3104 1855 demonstravi;
3128 1790 3206 1844 sic
3224 1791 3486 1858 procedet

243 1890 404 1929 ηεευε
432 1878 620 1931 scribit
647 1895 867 1935 necesse
918 1897 1058 1946 esse,
1089 1883 1271 1938 ﬁdeles
1298 1888 1586 1941 comem";
1619 1890 1682 1942 ad
1702 1889 1810 1942 [ιο-
1842 1863 1881 1916 Β
1914 1887 2310 1945 argumentum.
2336 1877 2535 1931 Earum
2569 1879 2927 1934 Ecclesiarum
2956 1897 3058 1933 una
3092 1892 3147 1935 et
3169 1883 3358 1936 eadem
3391 1892 3475 1937 est

243 1982 494 2032 manam,
527 1985 631 2022 non
669 1973 879 2033 urbem,
917 1975 1010 2026 sed
1054 1974 1368 2030 Ecclesiam.
1407 1975 1603 2046 thuitl
1655 1979 1814 2048 igitur

237 2059 562 2126 verbisejus
587 2062 693 2113 vim
716 2073 958 2130 apertam
982 2063 1286 2130 inferendo,
1309 2083 1405 2136 per
1428 2088 1444 2118 ι
1471 2068 1764 2123 Ecclesium
1789 2089 1808 2121 ι

237 2149 486 2204 Grahins
513 2152 733 2221 intelligi
762 2154 870 2205 vult
891 2156 1136 2209 «urbem?
1157 2157 1234 2209 Ad
1273 2159 1568 2212 ltomanam
1600 2159 1810 2222 urbem,

237 2253 294 2295 ct
332 2244 558 2311 proinde
596 2246 914 2311 Ecclesium,
945 2268 964 2300 ι
1008 2249 1106 2313 ait,
1143 2267 1161 2298 ι
1186 2251 1251 2303 ab
1286 2251 1536 2305 omnibus
1577 2253 1815 2321 undique

239 2337 510 2391 Ecclesiis
528 2340 925 2393 conveniebant
959 2341 1162 2396 ﬁdeles.
1191 2361 1208 2393 ι
1232 2342 1396 2408 Quasi
1421 2358 1546 2398 vero
1572 2345 1810 2399 Romana

236 2433 384 2486 orhs
413 2443 466 2485 et
491 2431 728 2484 Romana
763 2432 1024 2500 Ecclesia,
1050 2434 1189 2487 idem
1225 2450 1447 2504 prorsus
1491 2438 1571 2492 sic
1597 2447 1811 2502 sonent,

235 2535 301 2578 ut
329 2527 578 2592 quisquis
619 2526 804 2580 urbem
847 2525 1050 2590 adibat,
1089 2527 1233 2582 illico
1264 2528 1328 2581 ad
1361 2528 1658 2583 Ecclesiam
1683 2547 1815 2585 con-

233 2619 436 2671 venire
465 2618 725 2671 dicendus
747 2618 924 2672 esset?
956 2618 1115 2682 Ecce,
1150 2619 1406 2674 Romana:
1431 2621 1580 2676 urbis
1602 2663 1616 2686 ,
1654 2622 1812 2688 aulae,

231 2707 661 2775 imperatorum.
706 2723 770 2761 ne
822 2710 988 2764 verbo
1019 2712 1234 2779 quidem
1271 2712 1528 2766 hactenus
1569 2715 1814 2769 meminit

229 2798 504 2862 Iren'eus,
548 2801 639 2854 sed
699 2800 864 2856 solius
903 2801 1156 2857 Ecclesiae
1212 2803 1501 2870 Romanae;
1540 2813 1591 2859 et
1629 2817 1810 2860 tamen

231 2886 413 2938 verba
450 2888 577 2948 hare,
618 2886 849 2961 [CXXII]
886 2891 946 2943 ob
978 2893 1314 2960 potentiorem
1355 2895 1808 2963 principalitatem,

230 2976 280 3029 si
317 2975 524 3032 Grabio
565 2978 717 3043 ﬁdes,
769 2995 872 3034 non
899 2981 964 3033 ad
999 2981 1320 3046 Ecclesium,
1363 2986 1428 3040 de
1453 3001 1553 3048 qua
1585 3001 1647 3040 ex
1686 3003 1811 3053 pro-

233 3071 397 3123 fesso
438 3085 738 3126 sermonem
793 3074 1048 3138 instituit,
1091 3079 1183 3129 sed
1234 3079 1299 3129 ad
1339 3079 1558 3145 urbem,
1607 3080 1806 3147 aulam,

234 3163 631 3231 imperatores,
662 3181 891 3234 quorum
927 3167 1070 3221 nulla
1119 3167 1262 3222 facta
1297 3180 1379 3222 est
1411 3173 1635 3236 mentio,
1677 3175 1812 3228 refe-

241 3258 422 3311 renda
452 3258 619 3311 sunt?
647 3259 842 3326 Ecquis
873 3261 1187 3314 stomachus
1215 3262 1446 3315 absurda
1483 3265 1593 3318 haec
1614 3282 1809 3321 conco-

235 3364 420 3419 quere
467 3351 678 3405 valeat?
718 3352 849 3418 Quis
899 3369 1000 3406 non
1053 3354 1235 3408 videat
1271 3357 1604 3417 potentiorem
1660 3357 1805 3411 illam

239 3441 715 3510 principalitatem,
749 3455 807 3497 ut
839 3443 1019 3514 legere
1047 3454 1194 3498 amat
1233 3445 1312 3497 vir
1339 3445 1570 3510 clariss.,
1597 3449 1661 3501 ad
1687 3462 1806 3501 eam

238 3534 547 3588 Ecclesiam
595 3536 888 3604 pertinere,
948 3537 1013 3590 ad
1065 3552 1227 3606 quam
1274 3536 1455 3593 ﬁdeles
1507 3555 1695 3594 omnes
1733 3542 1809 3595 sic

238 3625 540 3679 convenire
564 3625 789 3690 debent,
815 3637 873 3679 ut
901 3635 1010 3681 tota
1035 3630 1394 3682 conveniendi
1426 3632 1562 3682 ratio
1595 3631 1660 3683 sit
1697 3631 1806 3700 ipsa

235 3715 513 3785 potentior
545 3716 786 3782 ejusdem
834 3715 1091 3771 Ecclesia:
1119 3718 1534 3787 principalitas?
1567 3721 1622 3773 5η
1656 3721 1812 3775 Deni-

237 3824 353 3877 que
389 3809 475 3876 (et
504 3809 587 3860 hic
622 3823 800 3861 causa:
848 3809 1013 3862 cardo
1065 3811 1180 3878 est)
1216 3825 1415 3878 negare
1460 3825 1556 3864 nec
1610 3821 1808 3880 potest,

239 3915 343 3955 uec
379 3901 538 3954 audet
569 3899 822 3964 Grabius,
851 3901 978 3968 quin
1003 3899 1192 3954 frenari
1228 3912 1339 3955 toto
1359 3903 1464 3957 hoc
1486 3906 1665 3974 capite
1697 3921 1810 3960 sco-

236 4013 343 4066 pus
370 3996 434 4047 sit
467 3994 710 4062 probare,
737 4010 894 4047 unam
932 4002 986 4049 et
1019 3997 1258 4049 eamdem
1296 3996 1345 4049 in
1391 3997 1535 4050 omni
1570 3998 1807 4054 Ecclesia

240 4088 591 4141 traditionem
627 4086 1001 4154 apostolicam,
1055 4098 1107 4141 et
1154 4089 1311 4141 fidem
1347 4104 1492 4154 esse,
1545 4106 1650 4158 qua
1682 4106 1807 4144 cou-

235 4179 538 4233 fundantur
576 4193 763 4232 omnes
793 4178 1072 4244 haeretici;
1106 4194 1224 4232 eam
1273 4195 1402 4234 vero
1429 4197 1620 4248 puram
1657 4193 1710 4235 et
1747 4182 1808 4235 il-

236 4273 466 4325 libatam
518 4286 611 4339 per
643 4271 955 4324 continuam
986 4274 1363 4340 episcoporum
1401 4275 1803 4328 successionem

236 4363 307 4415 ad
334 4376 486 4412 suam
516 4377 682 4430 usque
713 4372 924 4414 tetatcm
961 4379 1228 4416 manasse.
1261 4363 1393 4428 Quia
1421 4379 1546 4417 vero
1593 4365 1804 4433 longius

233 4467 289 4508 et
317 4454 592 4507 molestius
618 4457 810 4507 fuisset
835 4455 1149 4509 omniumct
1176 4455 1509 4524 singularum
1541 4455 1806 4510 Ecclesia-

1917 1985 2037 2023 cum
2063 1969 2298 2024 Romana
2336 1970 2468 2025 ﬁdes
2490 1980 2544 2024 et
2569 1972 2809 2036 traditio,
2835 1989 2966 2042 quas
3002 1989 3224 2030 necesse
3251 1985 3332 2030 est
3353 1990 3484 2030 eunt

1916 2061 2111 2128 capite,
2142 2064 2278 2115 duce
2301 2069 2354 2115 et
2383 2062 2628 2131 principe
2664 2061 2934 2127 Rotuana,
2985 2065 3198 2118 eteteris
3238 2065 3485 2134 regendis

1917 2169 1944 2206 a
1982 2154 2090 2208 Deo
2117 2154 2390 2224 praefecta,
2417 2155 2729 2209 consentire
2754 2157 2806 2210 in
2836 2158 2998 2210 rebus
3033 2157 3154 2211 ﬁdci
3204 2167 3362 2226 atque
3387 2157 3489 2212 do-

1917 2248 2114 2300 ctrina.
2144 2247 2305 2316 Atqui
2334 2263 2559 2302 necesse
2582 2259 2666 2303 est
2689 2262 2876 2303 omnes
2903 2250 3199 2314 Eeclesias,
3225 2266 3316 2305 seu
3341 2251 3484 2319 quod

1916 2340 2056 2394 idem
2088 2349 2189 2406 est,
2215 2340 2399 2395 ﬁdeles
2434 2356 2642 2407 omnes,
2664 2357 2725 2394 ex
2752 2357 3076 2411 quocunque
3106 2342 3240 2404 loco,
3266 2344 3482 2413 regione

1917 2440 2008 2483 aut
2042 2441 2204 2500 gente
2228 2431 2359 2496 sint,
2387 2446 2508 2484 cum
2545 2431 2783 2484 Romana
2820 2432 3058 2486 Ecclesia
3107 2431 3347 2485 omnium
3394 2446 3486 2486 ca-

1917 2525 2047 2594 pite,
2106 2524 2247 2580 duce
2302 2539 2368 2578 ac
2415 2526 2680 2593 principe,
2728 2526 2977 2593 regendis
3010 2525 3261 2578 omnibus
3295 2538 3324 2577 a
3376 2523 3485 2578 Deo

1917 2615 2539 2685 praafecta,consentire.
2594 2614 2848 2670 Omniqu
2900 2617 3065 2686 igitur
3119 2616 3482 2670 Ecclesiarunt

1915 2710 2106 2762 eadem
2133 2718 2215 2761 est
2248 2724 2368 2761 cum
2407 2708 2649 2762 llomana
2688 2709 2820 2762 ﬁdes
2859 2717 2912 2762 et
2945 2708 3205 2774 traditio;
3262 2724 3325 2763 ac
3356 2724 3484 2778 pro.

1915 2800 2038 2852 inde
2061 2815 2182 2852 cum
2209 2815 2272 2853 ex
2303 2801 2593 2853 traditione
2621 2801 2779 2870 hujus
2805 2801 3062 2855 Ecclesia:
3085 2801 3487 2856 confundantur

1913 2892 2146 2946 haeretici
2175 2894 2824 2958 omnes,etschismatici,
2855 2910 2917 2948 ex
2947 2909 3213 2949 consensu
3241 2896 3482 2948 omnium

1911 2983 2275 3038 Eeclesiarmn
2313 2984 2568 3038 confundi
2615 2987 2924 3039 necessario
2951 2985 3323 3055 consequitur.
3363 2984 3463 3040 Ju-

1912 3077 2057 3131 dicet
2084 3078 2333 3147 quisquis
2363 3093 2549 3146 aequus
2580 3095 2759 3132 rerum
2787 3082 3188 3144 :estimator,'et
3212 3080 3485 3151 posterius

1918 3170 2019 3223 hoc
2049 3180 2452 3238 argumentum,
2488 3172 2629 3239 quod
2658 3173 2842 3224 lreuaci
2874 3186 2996 3225 esse
3030 3173 3223 3227 merito
3253 3181 3482 3226 conten.

1912 3265 2047 3317 dunt
2072 3263 2360 3326 Catholici,
2393 3279 2515 3318 cum
2539 3280 2602 3318 eo
2644 3264 2911 3328 conferat,
2947 3268 3089 3334 quod
3125 3268 3479 3320 sanctissimo

1911 3354 2134 3423 martyri
2159 3353 2392 3408 Grabius
2424 3353 2663 3424 allingit:
2701 3356 2801 3408 nisi
2826 3365 3016 3426 sponte
3045 3358 3298 3410 caecutire
3324 3358 3476 3417 velit.

1913 3445 2145 3499 fateatur
2174 3461 2394 3500 necesse
2418 3457 2524 3512 est,
2554 3458 2814 3517 quantum
2836 3450 2936 3502 hoc
2963 3450 3165 3503 lrenmo
3192 3460 3475 3518 repugnat.

1914 3547 2118 3591 tantum
2146 3539 2198 3591 in
2229 3539 2318 3592 illo
2343 3554 2523 3592 secum
2549 3541 2730 3592 omnia
2759 3544 3090 3601 consentire,
3123 3550 3174 3593 et
3197 3543 3262 3594 ad
3285 3540 3478 3596 lrenaui

1911 3644 2157 3700 5e0pum,
2185 3633 2487 3684 doctrinam
2521 3644 2574 3685 et
2615 3635 2989 3686 antecedentia
3021 3636 3154 3688 mire
3181 3636 3475 3702 quadrare.

1979 3720 2070 3774 55.
2101 3720 2229 3788 Sed,
2271 3723 2443 3790 inquit
2483 3723 2735 3787 Grabius,
2771 3722 3024 3776 Ecclesice
3049 3725 3302 3779 Humana:
3351 3733 3466 3780 tan-

1912 3823 2022 3869 tum
2055 3816 2228 3879 abest,
2261 3824 2316 3867 ut
2356 3815 2586 3868 Iretncus
2623 3816 2990 3884 semetipsum,
3015 3817 3256 3886 aliosque
3286 3816 3474 3873 ﬁdeles

1911 3908 2043 3960 adeo
2075 3907 2365 3960 obstrictos
2392 3907 2879 3969 existimaverit,ut
2902 3909 3117 3975 puhlieo
3159 3909 3302 3984 facto
3339 3924 3471 3962 con-

1912 3997 2136 4048 trarium
2165 3996 2576 4049 existimaverit.
2603 3995 2738 4049 Cum
2761 3998 2902 4050 enim
2931 3998 3161 4051 Asianus
3195 3999 3468 4052 Ecclesias

1912 4085 2093 4140 Victor
2121 4102 2252 4155 papa
2273 4103 2300 4139 a
2326 4091 2705 4143 communione
2723 4088 3062 4150 resecuisset,
3098 4090 3240 4157 quod
3267 4089 3471 4143 Pascha

1907 4179 2164 4233 Ecclesiae
2194 4178 2455 4232 Romanae
2497 4195 2646 4233 more
2687 4179 2967 4234 celebrare
3001 4192 3322 4245 renuerent;
3365 4180 3468 4235 non

1909 4271 1977 4326 ob
2013 4271 2064 4323 id
2120 4270 2353 4322 Asianos
2401 4269 2659 4336 prtesules
2714 4272 2992 4340 redarguit
3028 4272 3277 4337 Irenaats,
3331 4272 3474 4341 quod

1909 4376 2115 4413 morem
2163 4359 2399 4428 pontiﬁci
2434 4374 2620 4427 gerere
2654 4360 3042 4425 detrectarent,
3081 4376 3176 4414 nec
3219 4362 3471 4415 hort-itur

1909 4461 1965 4504 ut
1995 4451 2061 4505 ab
2081 4452 2334 4504 Ecclesia:
2354 4451 2608 4504 Romana:
2631 4453 3008 4505 communione
3027 4467 3083 4505 se
3105 4453 3243 4505 nulla
3268 4453 3476 4507 ratione

235 4564 364 4602 ι-ηηι
393 4547 764 4601 successiones
794 4548 1127 4616 episcopales
1157 4564 1492 4611 cnmnerare,
1556 4548 1803 4604 sufﬁcere
1837 4560 1878 4614 ο
1910 4544 2091 4597 divelli
2132 4545 2438 4613 patiantur;
2469 4546 2560 4597 seti
2587 4546 2764 4612 potius
2791 4544 3058 4597 Victorem
3091 4547 3264 4613 ipsum
3298 4546 3478 4598 incre-

234 4642 279 4695 si
314 4641 478 4694 unius
509 4640 759 4694 Ecclesia:
792 4640 1045 4692 ltomaua:
1064 4642 1352 4704 successio,
1381 4657 1473 4709 per
1496 4658 1655 4712 quam
1681 4658 1806 4711 apo-

232 4735 432 4792 stolica
469 4733 684 4786 traditio
729 4734 973 4800 pervenit
1001 4749 1171 4800 usque
1217 4734 1282 4786 ad
1316 4734 1442 4787 illttd
1491 4751 1687 4798 rerum,
1724 4752 1807 4790 re-

233 4837 564 4891 censeatur;
599 4826 724 4893 quia
759 4828 946 4879 cadent
979 4835 1061 4878 est
1089 4826 1321 4877 aliarum
1349 4827 1591 4878 omnium
1626 4826 1807 4880 Eccle-

231 4925 446 4978 siarum
473 4934 590 4971 cum
625 4919 864 4972 Romana
897 4921 1027 4986 ﬁdes
1053 4929 1107 4972 et
1155 4920 1394 4973 traditio.
1443 4919 1804 4983 Qttamohretu

233 5014 509 5070 recensita
558 5011 931 5079 episcoporum
994 5011 1360 5064 ῐὶοιιιίιιιοι-ιιιιι
1415 5010 1803 5074 successione,

231 5104 547 5159 concludit:
583 5122 600 5153 ι
643 5101 750 5156 Ilac
771 5102 1111 5155 ordinatione
1138 5111 1190 5155 et
1210 5101 1572 5163 successione,
1602 5118 1662 5154 ea
1688 5116 1805 5169 qua!

229 5207 320 5254 est
370 5195 435 5248 ab
469 5195 748 5263 apostolis,
782 5195 833 5247 in
878 5195 1114 5248 Ecclesia
1153 5196 1410 5260 traditio,
1468 5204 1520 5247 et
1559 5194 1805 5248 veritatis

230 5289 568 5361 prmconatio
593 5287 835 5356 pervenit
863 5302 1029 5354 usque
1060 5286 1123 5339 ad
1151 5301 1268 5338 nos.
1300 5285 1362 5338 Et
1387 5298 1470 5338 est
1492 5286 1799 5354 plenissima

227 5386 352 5437 hanc
382 5383 637 5441 OSIensio,
664 5395 822 5431 unam
859 5387 910 5430 et
940 5379 1180 5430 eamdem
1209 5378 1611 5431 viviﬁcalt‘icetlt
1648 5377 1804 5430 ﬁdem

227 5488 520 5541 essc,qu;e
549 5473 599 5525 in
655 5472 895 5526 Ecclesia
943 5470 1009 5524 ab
1042 5471 1296 5538 apostolis
1342 5487 1510 5539 usque
1557 5487 1697 5523 llllllC
1733 5472 1804 5523 sit

226 5576 577 5624 conservata,
611 5575 665 5617 et
691 5564 884 5624 tradita
915 5564 965 5616 in
994 5565 1246 5617 veritate.
1282 5582 1300 5614 ι
1340 5562 1590 5616 Eantdem
1624 5573 1803 5614 autem

227 5663 463 5714 aliarum
497 5659 862 5712 Ecclesiarum
911 5672 1033 5709 eum
1072 5656 1311 5708 [tertiana
1358 5656 1510 5709 ﬁdem
1547 5665 1600 5709 et
1631 5657 1800 5708 tradi-

228 5755 435 5806 tionem
471 5766 589 5802 esse
621 5765 686 5803 ex
720 5763 786 5801 eo
815 5749 1007 5816 probat
1041 5747 1290 5809 It‘ctttt‘us,
1329 5747 1468 5814 quod
1504 5747 1569 5801 ad
1600 5746 1800 5798 Itoma-

225 5863 364 5904 nam
397 5843 694 5898 Ecclesium
752 5850 971 5910 propter
1031 5841 1288 5906 potiorem
1344 5839 1798 5906 principalitatem

1913 4637 2082 4705 pavit,
2116 4636 2256 4703 quod
2283 4636 2522 4703 integras
2555 4636 2845 4700 Ecclesias,
2880 4652 3080 4691 morem
3113 4638 3211 4689 sibi
3238 4652 3266 4689 a
3301 4637 3475 4704 maon

1915 4732 2068 4782 ribus
2111 4729 2369 4782 traditum
2431 4731 2816 4792 custodientes,
2883 4745 2909 4782 a
2965 4730 3345 4782 communione
3374 4730 3470 4784 ab-

1911 4823 2186 4883 scidisset,
2223 4830 2281 4872 ιιι
2315 4821 2412 4888 ipsi
2450 4822 2698 4888 superius
2723 4837 2784 4873 ex
2825 4820 3051 4874 Eusebio
3078 4833 3131 4873 et
3172 4823 3292 4874 aliis
3327 4832 3473 4876 retu-

1910 4914 2091 4968 limus.
2126 4913 2419 4967 Dolendum
2451 4929 2579 4965 sane
2612 4915 2750 4981 quod
2781 4914 3013 4968 Grabius
3052 4914 3290 4968 futilibus
3334 4914 3471 4979 ejus-

1908 5007 2048 5060 modi
2101 5007 2661 5074 argmneutatimtibus
2711 5007 2886 5060 deludi
2939 5023 2997 5060 se
3041 5011 3296 5076 patiatur.
3335 5008 3466 5082 Quae

1909 5101 2243 5168 comparatio
2272 5101 2476 5152 institui
2532 5111 2706 5169 potest
2740 5104 2880 5153 inter
2913 5116 3016 5166 res,
3046 5118 3166 5170 quae
3196 5102 3257 5154 ad
3310 5104 3470 5156 lidetn

1908 5195 2202 5261 pertinent,
2221 5205 2274 5247 et
2302 5195 2442 5246 inter
2474 5210 2586 5257 eas,
2609 5211 2726 5263 (pta:
2749 5197 2814 5248 ad
2845 5196 3099 5250 Ecclesia:
3124 5197 3468 5265 disciplinant

1907 5288 2189 5352 spectant?
2225 5287 2354 5352 Quis
2398 5287 2605 5338 nesciat
2657 5298 2821 5339 totam
2873 5304 2991 5340 eam
3041 5290 3106 5341 de
3143 5291 3469 5345 celebrando

1908 5377 2173 5430 l’aschate
2203 5377 2584 5444 quaestionem,
2618 5378 2682 5429 ad
2730 5379 3065 5447 disciplinam
3094 5382 3372 5448 duntaxat,
3405 5383 3470 5435 ad

1909 5470 2063 5520 ﬁdem
2098 5469 2400 5522 nullatenus
2450 5471 2797 5534 pertinuisse,
2829 5483 2882 5522 et
2911 5472 3099 5524 eadem
3137 5487 3349 5540 semper
3383 5475 3466 5526 in-

1910 5571 1988 5612 ter
2019 5560 2377 5626 disputantes,
2415 5576 2475 5613 ac
2516 5560 2679 5612 illu‘su
2712 5572 2963 5613 manente
3004 5563 3103 5614 lide
3147 5564 3340 5632 agitari
3368 5579 3468 5633 po-

1908 5654 2105 5705 tuisse?
2135 5654 2298 5705 Suam
2330 5656 2543 5720 quidem
2585 5667 2812 5719 utraque
2847 5670 2972 5721 pars
3001 5659 3324 5709 sententiam
3361 5669 3467 5711 tra-

1906 5746 2108 5798 ditione
2163 5746 2451 5812 apostolica
2507 5747 2787 5812 fulcit-hat;
2840 5751 2929 5801 sed
2964 5751 3042 5801 vel
3104 5752 3305 5807 tirones
3359 5770 3462 5807 non

1907 5838 2061 5904 fugit,
2115 5837 2244 5892 alias
2304 5855 2422 5890 esse
2488 5840 2807 5893 traditiones
2865 5843 3212 5908 apestolicas,
3247 5862 3362 5907 qua-
3395 5849 3460 5899 ad
