4196 6330
798 361 901 418 ετο

1571 359 2167 417 DISSERTATlONES
2194 360 2494 417 PREVIIE
2524 360 2589 417 ΙΝ
2628 361 2883 417 ιιιεΝω
2919 360 3176 421 LIBROS.

3900 363 4007 420 280

796 494 919 551 qua:
948 487 1029 534 est
1057 479 1126 535 ab
1151 479 1431 548 apostolis,
1469 479 1837 535 traditionem.
1862 479 1994 534 Cum
2025 483 2168 536 enim
2193 480 2354 551 hujus
2381 486 2422 544 Α
2455 481 2759 550 exemplum
2793 481 3053 536 doctrina
3106 480 3437 537 sinceritatis
3462 490 3516 535 et
3546 480 3849 536 traditionis
3878 497 4007 548 apo-

798 570 1081 626 sententia:
1112 578 1276 641 atque
1314 570 1574 625 doctrinae
1606 570 1883 625 adhaerere
1927 579 2211 627 teneantur
2235 588 2352 627 om-

801 676 918 727 nes,
946 659 1039 730 qui
1062 670 1189 715 sunt
1212 660 1470 730 undique,
1522 660 1745 726 fideles,
1778 661 1936 731 longe
1970 663 2137 717 tutius
2183 679 2247 717 ae
2274 664 2354 718 fa-

802 756 966 811 cilius
992 756 1308 812 conservari
1350 756 1405 810 in
1447 770 1509 811 ea
1558 756 1732 826 potuit
1772 759 2068 825 apostolica
2098 759 2349 824 traditio,

802 854 883 897 tot
908 845 1197 914 episc0pis,
1222 846 1552 917 presbyteris
1571 847 1878 915 etclericis,
1906 856 2091 916 totque
2118 847 2351 903 fidelium

805 922 1389 1009 myriadibuscredita,
1418 935 1631 1010 [CXXI]
1659 940 1891 1009 imisque
1925 940 2233 1008 pectoribus
2276 954 2357 995 re-

803 1029 1040 1091 condita,
1068 1044 1229 1097 quam
1264 1029 1316 1083 in
1347 1029 1467 1084 aliis
1494 1031 1752 1085 Ecclesiis
1802 1031 2019 1086 divisim
2067 1031 2352 1100 spectatis,

802 1137 1035 1192 quarunt
1082 1121 1477 1192 jurisdictionis
1516 1124 1649 1179 lines
1681 1138 1785 1179 non
1824 1133 1930 1179 tam
1957 1126 2112 1194 longe
2142 1125 2354 1193 lateque

804 1216 1079 1285 patebant.

872 1308 963 1362 32.
995 1307 1170 1363 Locus
1206 1308 1293 1363 bic
1324 1309 1507 1364 Irenzei
1542 1308 1679 1365 male
1708 1310 1871 1365 habet
1897 1324 1994 1365 eos
2021 1324 2228 1375 omnes,
2260 1309 2351 1379 qui

810 1418 830 1451 r
868 1416 962 1470 per
989 1402 1286 1455 caecitatem
1313 1412 1366 1455 et
1399 1401 1593 1455 malam
1622 1403 1970 1466 sententiam,
1996 1412 2351 1471 praeterquam

801 1503 1035 1561 Oportet,
1058 1496 1407 1564 collegerunt,
1441 1513 1459 1544 ι
1505 1496 1556 1549 id
1586 1505 1671 1551 est
1699 1495 1788 1565 qui
1828 1496 2105 1551 catholica:
2130 1494 2249 1548 fidei
2280 1494 2353 1548 si-

802 1586 914 1639 mul
942 1596 995 1641 et
1039 1587 1374 1649 obedientim,
1420 1602 1580 1656 quam
1611 1587 1871 1642 exhibere
1920 1589 2174 1642 Romanae
2203 1595 2353 1640 tene-

802 1678 1001 1732 bantur
1018 1678 1489 1748 Ecclesim,jugum
1510 1682 1887 1741 excusserunt,
1909 1687 1961 1731 ut
1980 1677 2224 1747 ἀκέφαλα
2247 1676 2350 1731 sibi

803 1769 868 1823 ad
904 1770 1184 1823 arbitrium
1211 1772 1588 1825 conventicula
1612 1773 2026 1827 constituerent.
2058 1771 2260 1838 Quare,
2287 1787 2354 1826 ne

2451 573 2653 628 stolicte
2702 573 3069 628 custodiendae
3124 573 3335 628 caeteris
3391 574 3615 643 proponi
3678 574 4002 643 potuissent.

2453 666 2677 721 Frustra
2708 679 2836 734 ergo
2865 678 2920 720 et
2947 664 3174 720 ridicule
3202 666 3292 719 uni
3328 666 3585 720 Romanae
3630 665 3881 720 Ecclesia:
3912 682 4006 735 po-

2451 759 2633 811 tiorem
2650 758 3087 826 principalitatem
3102 760 3417 812 asseruisset
3441 757 3690 823 lrenmus,
3710 772 3870 827 quam
3889 758 4005 814 alite

2452 847 2639 903 eodem
2661 846 2802 915 jure,
2834 847 2960 916 ipsae
2986 854 3041 901 et
3069 847 3137 901 ab
3168 848 3426 916 apostolis
3452 848 3653 916 pariter
3674 848 3931 911 fundatae,
3950 858 4005 903 et

2453 956 2481 994 a
2513 941 2873 996 sanctissimis
2892 956 3076 995 eorum
3097 943 3499 996 successoribus
3529 942 3863 1011 gubernataa,
3888 942 4009 995 vin-

2452 1031 2635 1085 dicare
2657 1032 2757 1086 sibi
2784 1033 3102 1101 potuissent.
3122 1029 3348 1086 Frustra
3373 1032 3762 1096 contendisset,
3784 1045 4005 1086 necesse

2451 1139 2573 1178 esse
2601 1134 2814 1178 Omnem
2844 1122 3139 1177 Ecclesiam
3176 1123 3467 1178 convenire
3507 1133 3561 1178 et
3586 1124 3924 1178 concordare
3951 1124 4005 1177 in

2456 1216 2616 1270 rebus
2660 1214 2780 1270 fidei
2825 1230 2886 1269 ac
2935 1215 3179 1271 doctrina
3208 1232 3331 1270 eum
3356 1216 3621 1282 Romana,
3651 1219 3720 1272 ob
3742 1218 4007 1287 potiorem

2453 1305 2691 1375 ejusdem
2728 1308 3203 1378 principalitatem.
3237 1307 3347 1362 Nisi
3378 1310 3520 1363 enim
3546 1311 3703 1379 hujus
3728 1312 4012 1365 sententia

2454 1399 2507 1453 in
2547 1400 2707 1453 rebus
2759 1399 2876 1454 fidei
2910 1410 3118 1456 caetera).
3166 1400 3420 1455 Ecclesia:
3452 1415 3645 1469 parere
3699 1411 4010 1468 teneantur,

2455 1488 2595 1542 nulla
2623 1491 3109 1558 potiornecessitas
3136 1507 3257 1546 cum
3284 1493 3375 1545 illa
3410 1491 3651 1546 Ecclesia
3678 1474 4011 1557 consentire,

2453 1598 2611 1650 quain
2668 1599 2789 1637 cum
2832 1584 3205 1652 Antiocltena,
3251 1585 3544 1655 Epltesina,
3585 1585 3910 1655 Smyrnensi
3958 1594 4015 1641 et

2453 1674 2595 1728 aliis.

2523 1766 2610 1819 55.
2643 1766 2815 1834 Quam
2848 1768 2985 1823 male
3038 1769 3137 1824 hac
3163 1784 3257 1825 sua
3293 1769 3658 1839 explicatione
3708 1769 4018 1826 Protestano

803 1861 1172 1931 turpissimam
1189 1862 1857 1917 schismatisacbmrescos
1876 1862 2045 1920 labem
2069 1864 2352 1919 incurrant
2383 1832 2425 1887 Β
2459 1857 2588 1912 lium
2640 1875 2861 1914 causam
2895 1860 3068 1932 egerit
3120 1858 3440 1927 Salmasius,
3476 1862 3676 1931 optime
3726 1863 3897 1916 sensit
3940 1861 4013 1916 cl.

801 1954 1191 2019 Protestantes,
1213 1952 1416 2008 nullum
1446 1954 1672 2023 lapidem
1691 1970 1794 2009 non
1819 1967 2053 2021 moveut,
2076 1966 2133 2010 ut
2156 1957 2354 2026 impor-

802 2046 1071 2100 tunissimi
1094 2045 1195 2102 loci
1218 2047 1423 2115 pondus
1437 2046 1728 2101 declinent.
1752 2047 1856 2101 Sed
1886 2057 1991 2100 tam
2020 2064 2213 2117 parum
2251 2050 2354 2104 sibi

803 2138 856 2191 in
872 2137 974 2192 hoc
995 2138 1334 2205 eXplicando,
1355 2154 1513 2205 quam
1532 2140 1585 2191 in
1605 2138 1727 2192 fidei
1749 2140 2091 2210 dogmatibus
2118 2156 2352 2195 consen-

802 2228 962 2281 tiunt.
999 2227 1294 2284 Salmasius
1310 2231 1375 2284 ad
1401 2230 1717 2285 clarissima:
1747 2231 1882 2285 lucis
1912 2230 2172 2302 fulgorem
2222 2248 2351 2287 ocu-

799 2320 883 2375 los
917 2319 1166 2375 claudere
1189 2338 1294 2381 non
1316 2322 1517 2388 valens,
1546 2320 1728 2391 fateri,
1762 2321 1966 2386 utdixi,
1998 2332 2218 2379 coactus
2248 2334 2352 2388 est,

799 2412 987 2470 Irenazi
1031 2418 1314 2470 verborum
1339 2431 1555 2470 sensum
1580 2431 1720 2482 esse,
1761 2434 1781 2468 ι
1813 2431 2039 2472 necesse
2073 2432 2194 2472 esse
2240 2432 2356 2471 om-

800 2523 923 2563 nem
946 2506 1238 2563 Ecclesiam
1266 2510 1556 2563 convenire
1587 2519 1641 2562 et
1659 2512 1991 2565 concordare
2017 2511 2069 2565 in
2094 2510 2256 2565 rebus
2295 2510 2356 2563 fi-

800 2598 912 2663 dei,
944 2615 1007 2653 ac
1044 2600 1289 2653 doctrina
1324 2616 1443 2655 cum
1480 2601 1717 2655 Romana
1746 2602 2012 2658 Ecclesia.
2052 2622 2069 2655 ι
2114 2603 2354 2673 ldipsum

801 2701 883 2747 est
912 2692 1053 2762 quod
1084 2709 1150 2747 ex
1178 2708 1240 2747 eo
1259 2692 1441 2747 lrenaai
1466 2695 1582 2749 loco
1603 2694 2117 2752 inferuntCatholici
2146 2712 2351 2753 omnes.

802 2783 1063 2839 Fateatur
1095 2786 1257 2854 igitur
1278 2800 1497 2840 necesse
1528 2795 1609 2841 est
1638 2786 1960 2853 Salmasius,
1981 2804 2115 2846 eam.
2142 2805 2351 2844 onmem

800 2876 1119 2954 Ecclesiam,
1145 2893 1263 2947 qua:
1287 2894 1313 2931 a
1362 2878 1602 2933 Romana
1632 2881 1956 2950 discrepabit
1985 2897 2049 2937 ac
2078 2881 2354 2937 dissentiet

804 2971 857 3023 iu
896 2969 1055 3024 rebus
1084 2971 1205 3025 fidei
1232 2987 1294 3025 ac
1318 2974 1584 3039 doctrina,
1610 2988 1675 3029 eo
1701 2974 1815 3044 ipso
1836 2975 2146 3031 scliismatis
2169 2992 2233 3031 ac
2254 2976 2356 3030 haz-

804 3077 984 3118 reseos
1018 3064 1174 3132 culpa
1207 3068 1400 3121 teneri.
1432 3064 1657 3120 Videant
1710 3067 1938 3137 proinde
1988 3067 2239 3123 Salmasii
2268 3084 2354 3122 as-

2455 1948 2712 2007 Grabius.
2745 1950 2922 2018 Quare
2954 1968 3013 2006 ea
3050 1951 3265 2020 rejecta,
3320 1953 3478 2006 aliter
3526 1953 3627 2007 sibi
3667 1952 4013 2007 sentiendum

2455 2058 2574 2098 esse
2598 2045 2827 2111 putavit,
2867 2045 3289 2115 inclinatamque
3336 2061 3553 2101 causam
3586 2046 3708 2101 aliis
3737 2060 4017 2102 commen-

2456 2135 2608 2189 tariis
2627 2137 2831 2207 erigere
2863 2139 3110 2193 tentavit:
3143 2155 3245 2192 non
3279 2140 3432 2193 novis
3455 2139 3676 2209 quidem
3699 2179 3714 2205 ,
3749 2140 3844 2194 sed
3876 2152 4016 2208 quos

2454 2227 2519 2280 ad
2550 2226 2947 2283 obscurandqu
2968 2229 3108 2283 hunc
3140 2229 3324 2284 lrenaei
3355 2230 3528 2285 locum
3553 2231 3754 2285 dudum
3780 2231 4019 2297 scripse-

2456 2330 2540 2373 rat
2564 2320 2882 2375 Chamierus
2909 2319 2976 2374 ⁸⁸.
3021 2321 3092 2373 Ea
3127 2338 3246 2390 quae
3276 2322 3481 2377 Irenaeo
3509 2321 3696 2377 Graeca
3735 2326 4013 2394 supponit,

2454 2426 2543 2477 ac,
2580 2422 2734 2481 prout
2765 2412 2937 2476 lubet,
2975 2413 3298 2475 fabricatur,
3349 2429 3452 2469 non
3503 2415 3783 2469 morabor:
3822 2415 4019 2470 inanes

2456 2506 2781 2562 luxuriantis
2812 2506 3014 2576 ingenii
3046 2506 3369 2574 conjectum
3401 2518 3546 2572 sunt,
3571 2524 3689 2577 quae
3721 2518 3825 2562 tam
3852 2508 4019 2565 facile

2457 2607 2739 2667 negantur,
2768 2614 2929 2668 quam
2964 2610 3132 2670 gratis
3171 2609 3563 2669 proponuntur.
3591 2600 3647 2654 Id
3687 2601 3850 2654 etiam
3906 2618 4016 2656 non

2456 2692 2729 2754 tuurabor,
2784 2692 2926 2760 quod
2962 2693 3101 2760 apud
3153 2691 3408 2745 lrenteum
3438 2690 3689 2744 Latinum
3723 2690 4013 2761 legendum

2455 2796 2629 2855 putat,
2660 2786 3001 2851 potentiorem
3030 2785 3499 2853 principalitatem,
3534 2793 3593 2838 ut
3640 2784 3905 2839 hactenus
3938 2784 4020 2840 fe-

2457 2885 2582 2932 runt
2615 2866 2958 2932 omnes—editi
2989 2879 3222 2941 codices,
3252 2887 3307 2931 et
3333 2876 3573 2946 plerique
3598 2892 3749 2940 mss.,
3774 2892 3878 2931 non
3926 2894 4023 2942 po—

2455 2969 2662 3034 tiorem,
2696 2979 2752 3023 ut
2781 2984 2845 3021 ex
2871 2984 2971 3023 nis.
3010 2968 3451 3032 Claromontano,
3481 2969 3722 3023 omnium
3754 2968 4021 3037 antiquis-

2456 3058 2613 3123 simo,
2635 3059 2989 3125 restituimus;
3010 3060 3253 3127 quamvis
3269 3058 3409 3113 enim
3433 3058 3698 3127 posterior
3716 3056 3831 3110 bare
3850 3054 4021 3111 lectio

803 3159 985 3220 sectas,
1018 3156 1313 3212 Calviuiani
1363 3173 1572 3221 omnes,
1619 3168 1673 3213 et
1714 3161 2017 3229 quicunque
2048 3176 2077 3213 ε
2115 3162 2350 3215 Romam
2380 3165 2423 3223 ε
2457 3152 2521 3206 ad
2552 3152 2737 3207 Irenaei
2781 3159 3011 3206 mentem
3053 3160 3108 3205 et
3148 3152 3308 3206 verba
3347 3150 3537 3204 melius
3580 3149 3841 3219 quadret;
3878 3149 4021 3204 bene

805 3248 1044 3303 Ecclesia
1077 3250 1128 3304 in
1160 3251 1319 3305 rebus
1371 3250 1491 3305 fidei
1526 3252 1870 3315 dissentiunt,
1900 3267 2004 3321 quo
2046 3263 2201 3321 paeto
2241 3254 2354 3307 cul-

804 3358 923 3408 pam
944 3343 1083 3397 hanc
1097 3358 1126 3395 a
1143 3357 1201 3397 se
1227 3342 1571 3398 amoliantur.
1592 3343 1774 3414 Neque
1791 3346 1929 3398 enim
1950 3347 2090 3415 quod
2118 3348 2355 3403 secundo

802 3431 1063 3490 Ecclesia:
1107 3436 1321 3500 saeculo,
1358 3435 1622 3491 Salmasio
1669 3437 1890 3498 fatente,
1947 3453 2166 3493 necesse
2216 3449 2354 3503 erat,

804 3525 1196 3591 posterioribus
1226 3526 1311 3579 liis
1340 3528 1550 3581 szeculis
1598 3530 1777 3581 minus
1814 3543 2040 3583 necesse
2070 3541 2171 3587 est.
2202 3532 2356 3599 Quod

806 3617 893 3671 hic
917 3618 1086 3683 addit,
1117 3636 1136 3668 α
1171 3620 1303 3673 velle
1326 3618 1606 3685 lrenmum,
1633 3621 1923 3676 Ecclesiam
1950 3625 2265 3688 Romanam,
2300 3635 2357 3680 ut

734 3733 742 3742 -
805 3705 1199 3776 principalem,
1253 3711 1302 3763 id
1347 3721 1429 3763 est
1466 3713 1689 3779 primam
1734 3722 1786 3767 et
1826 3716 2063 3767 omnium
2123 3718 2357 3771 maxime

805 3813 1016 3866 puram,
1046 3810 1226 3869 typum
1260 3812 1312 3855 ct
1333 3803 1633 3871 exemplum
1670 3806 2091 3859 cmterisdebere
2111 3822 2231 3859 esse
2262 3807 2355 3861 do-

804 3892 993 3946 ctrinae
1024 3893 1356 3947 sinceritatis
1382 3904 1434 3947 et
1469 3897 1780 3962 apostolicae
1832 3899 2137 3952 traditioois
2171 3909 2355 3953 custo-

806 3984 1030 4051 diendze,
1063 4003 1081 4035 ι
1136 3986 1189 4039 in
1236 4002 1300 4040 eo
1333 4003 1517 4040 verum
1546 3990 1787 4057 estquod
1829 3989 2047 4051 fatetur,
2098 3988 2354 4045 lrenmum

808 4077 965 4142 velle,
997 4077 1289 4133 Ecclesiam
1324 4082 1619 4133 Romanam
1670 4082 2004 4149 principalem
2049 4094 2094 4136 et
2133 4085 2355 4153 primam

803 4172 1041 4225 omnium
1060 4187 1199 4225 esse.
1230 4171 1365 4224 Velit
1391 4172 1571 4241 igitur,
1596 4174 1746 4239 nolit,
1773 4176 2036 4242 sequitur,
2062 4190 2179 4228 eam
2208 4177 2356 4243 prin-

808 4262 1018 4330 cipatus
1044 4277 1106 4315 ac
1138 4264 1397 4329 primatus
1429 4264 1555 4332 jure.
1586 4266 1799 4320 caeteris
1840 4267 2091 4321 omnibus
2125 4283 2355 4334 praeesse

806 4370 870 4409 ac
900 4354 1197 4421 dominari;
1231 4374 1293 4411 ac
1320 4361 1545 4425 proinde
1583 4376 1675 4413 eos
1731 4376 1916 4413 omnes
1945 4361 2032 4428 qui
2070 4361 2353 4428 imperium

805 4448 947 4503 illius
998 4450 1321 4513 detrectant,
1355 4450 1624 4518 objectum
1660 4454 1757 4506 sibi
1813 4462 2011 4517 apertae
2049 4453 2354 4507 rebellionis

804 4540 1008 4592 crimen
1043 4539 1336 4593 dissolvere
1387 4554 1489 4592 non
1520 4555 1692 4607 posse.
1725 4540 1778 4593 Si
1820 4555 1943 4593 vero
1992 4556 2054 4593 eo
2099 4541 2358 4593 duntaxat

803 4646 963 4685 sensu
999 4632 1293 4684 Romanam
1330 4632 1621 4686 Ecclesiam
1660 4632 1884 4698 primum
1916 4648 1978 4686 ac
2008 4631 2354 4699 principalem

803 4740 926 4778 esse
949 4724 1075 4776 velit
1125 4724 1437 4787 Salmasius,
1476 4725 1615 4791 quod
1647 4726 1884 4775 tilllltllllll
1935 4726 2164 4777 maxime
2197 4738 2351 4791 pura,

807 4826 964 4886 typus
1001 4825 1053 4867 et
1084 4816 1384 4883 exemplum
1430 4816 1644 4869 caeteris
1694 4832 1812 4868 esse
1857 4816 2049 4868 debeat
2094 4816 2354 4869 doctrina:

804 4909 1150 4965 sinceritatis.
1185 4918 1237 4961 et
1269 4908 1575 4975 apostolicae
1622 4910 1922 4962 traditionis
1963 4909 2348 4973 custodieudre,

803 5009 1053 5070 nugatur,
1086 5011 1138 5053 et
1177 5002 1360 5069 nugari
1414 5017 1597 5054 secum
1650 5001 1757 5054 vttlt
1793 5004 2069 5053 ll‘L‘ll'J‘lllD.
2110 5002 2175 5056 Ut
2208 5004 2347 5054 enim

802 5103 1010 5150 taceam
1044 5097 1128 5149 hic
1163 5095 1336 5164 plura,
1369 5108 1485 5161 qua:
1516 5094 1672 5147 modo
1697 5094 1879 5146 Grabii
1916 5094 2234 5146 sententiam
2261 5109 2352 5144 ex-

803 5189 1040 5256 pendeus
1063 5190 1305 5241 dicturus
1323 5202 1437 5239 sum
1462 5205 1474 5243 ;
1495 5188 1536 5238 si
1554 5202 1613 5238 ea
1634 5187 1801 5239 solum
1821 5190 2023 5240 ratione
2046 5187 2352 5253 principalis

802 5296 863 5335 ac
894 5282 1063 5349 prima
1088 5280 1414 5334 sitRomana
1442 5278 1701 5339 Ecclesia,
1723 5279 1785 5329 de
1812 5281 2036 5346 prinmtu
2066 5295 2125 5331 ac
2154 5278 2353 5329 utinci-

803 5372 1059 5439 patujure
1078 5372 1269 5424 merito
1285 5387 1403 5424 cum
1424 5385 1486 5423 ea
1508 5371 1836 5423 contendere
1856 5372 2144 5436 potuissent
2167 5368 2291 5437 Smy
2305 5386 2349 5419 r-

804 5464 985 5517 nensis
1008 5475 1059 5517 et
1088 5463 1355 5531 Epliesina
1385 5462 1651 5523 Ecclesia,
1686 5477 1819 5530 quas
1836 5462 2061 5513 subinde
2092 5469 2351 5513 memorat

801 5554 1054 5609 Irenaaus.
1078 5556 1282 5624 Etipsa:
1302 5556 1443 5609 enim
1466 5566 1589 5609 tunc
1608 5554 1861 5623 temporis
1885 5568 1985 5606 nec
2005 5555 2181 5605 minus
2206 5568 2351 5620 pune

799 5657 977 5711 erant,
1014 5663 1173 5716 quam
1208 5648 1469 5713 Romana,
1518 5662 1616 5701 nec
1651 5649 1843 5701 minori
1871 5646 1992 5713 jure
2025 5656 2080 5699 ut
2110 5655 2267 5716 typus
2300 5654 2349 5699 et

2458 3256 2636 3300 tamen
2662 3246 2893 3315 quadrat
2915 3256 2968 3299 et
2991 3244 3180 3311 altera;
3215 3259 3381 3313 quare
3406 3243 3661 3297 alterutra
3688 3243 4017 3307 retineatur,

2456 3339 2675 3407 perinde
2694 3353 2815 3392 esse
2840 3339 2906 3391 ad
2931 3354 3145 3393 sensum
3168 3339 3442 3392 existimo.
3469 3336 3573 3390 Sed
3597 3338 3662 3390 ad
3694 3353 3804 3391 rem
3828 3337 4017 3393 venio.

2457 3432 2750 3485 Contendit
2778 3431 2957 3499 itaque
2984 3430 3239 3497 Grabius,
3275 3448 3294 3481 ι
3342 3445 3439 3497 per
3476 3438 3796 3484 conventum
3832 3429 4019 3483 omnis

2458 3524 2734 3587 Ecclesiae,
2766 3524 2817 3577 id
2839 3531 3145 3585 esteorum,
3171 3524 3261 3593 qui
3292 3533 3415 3577 sunt
3456 3523 3718 3591 undique,
3754 3521 4019 3589 fidelium,

2456 3618 2519 3668 ad
2553 3614 2853 3669 Ecclesiam
2878 3614 3195 3678 Romanam,
3224 3625 3440 3683 propter
3480 3615 3836 3684 potentiorem
3864 3614 4021 3682 prin-

2455 3707 2802 3774 cipalitatem,
2834 3707 3238 3776 intelligendum
3272 3722 3393 3761 esse
3439 3705 3746 3760 coulluxum
3798 3721 4019 3771 eorum,

2455 3798 2543 3865 qui
2571 3797 2637 3849 ab
2666 3800 2811 3851 omni
2848 3798 3086 3851 Ecclesia
3122 3798 3347 3851 Romam
3381 3799 3759 3863 mittebantur,
3788 3807 3846 3850 ut
3885 3813 4019 3851 cauo

2456 3901 2569 3938 satu
2596 3886 3027 3940 Christianorum
3055 3896 3276 3956 agerent
3305 3887 3446 3954 apud
3480 3886 3851 3951 imperatores,
3876 3899 4022 3952 quo-

2458 3990 2576 4028 rum
2600 3976 2872 4045 potentior
2892 3985 3010 4031 erat
3049 3977 3437 4047 principalitas,
3457 3975 3505 4028 id
3533 3982 3614 4028 est
3641 3988 3895 4041 suprema
3921 3988 4021 4041 po-

2459 4078 2640 4123 testas.
2699 4068 2779 4123 Ob
2816 4070 3169 4139 potentiorem
3219 4069 3399 4137 itaque
3428 4064 3875 4136 principalitatem
3906 4064 4020 4118 Ro-

2456 4178 2759 4227 manorum,
2787 4163 2882 4226 ait,
2904 4164 3273 4233 contingebat,
3302 4171 3358 4215 ut
3381 4162 3446 4214 ad
3466 4160 3766 4212 Romanam
3795 4158 4018 4221 urbem,

2455 4266 2508 4310 et
2536 4256 2759 4323 proinde
2784 4254 3099 4318 Ecclesiam,
3122 4255 3188 4307 ab
3215 4252 3466 4308 omnibus
3495 4252 3728 4317 undique
3755 4248 4018 4305 Ecclesiis

2456 4348 2813 4402 convenirent
2853 4347 3056 4407 ﬁdeles,
3090 4345 3453 4399 defensionem
3506 4357 3615 4396 sua:
3641 4342 3761 4394 fidei
3807 4351 3863 4392 et
3913 4342 4019 4395 Ec-

2459 4441 2635 4493 clesiae
2668 4438 2986 4505 suscepturi.
3026 4438 3099 4490 De
3136 4437 3237 4490 hoc
3262 4450 3389 4490 vero
3439 4444 3703 4489 conventu
3744 4434 3811 4487 ad
3838 4434 4019 4487 locum

2461 4533 2607 4587 urbis
2634 4541 2793 4601 atque
2823 4530 3073 4584 Ecclesia}
3093 4529 3369 4596 Romanae,
3392 4544 3495 4581 non
3538 4532 3603 4580 de
3634 4529 4021 4580 communione

2463 4626 2587 4679 fidei
2624 4641 2685 4679 ac
2714 4624 2994 4679 cliaritatis
3023 4638 3141 4676 cum
3173 4637 3259 4686 ea,
3290 4622 3461 4675 multo
3511 4621 3689 4673 minus
3720 4620 3784 4673 de
3830 4618 4020 4689 subje-

2458 4719 2978 4773 rtioneobedicntim
3040 4722 3282 4779 \enteum
3331 4716 3431 4769 hoc
3474 4713 3592 4769 loco
3638 4712 3947 4780 scripsisse.
3995 4731 4014 4765 ι

2459 4814 2545 4866 Sic
2580 4812 2826 4865 Grabius.

2526 4905 2613 4957 5i.
2652 4902 2754 4956 Sed
2791 4916 2888 4955 nec
2924 4916 2985 4953 ea
3015 4899 3304 4967 explicatio
3338 4899 3404 4953 ad
3452 4897 3639 4952 frenati
3691 4896 3877 4960 verba,
3910 4895 4017 4949 nisi

2456 5012 2681 5065 prorsus
2703 4994 2963 5047 delirasse
2995 5002 3350 5059 supponatur,
3378 4991 3647 5059 quadrare
3666 4988 3766 5042 ulla
3802 4989 4018 5042 ratione

2456 5098 2649 5159 potest.
2689 5088 2741 5140 lo
2781 5086 2834 5139 Si
2875 5087 2939 5139 de
2972 5084 3219 5137 conliuxu
3243 5097 3462 5146 eorum,
3500 5082 3588 5149 qui
3625 5083 3691 5135 ab
3720 5080 3861 5133 omni
3910 5079 4019 5133 Ec-

2457 5182 2619 5235 clesia
2651 5179 2874 5230 Romam
2909 5176 3279 5239 mittebantur,
3316 5183 3373 5227 ut
3422 5189 3639 5227 causam
3668 5173 4015 5227 Christiano-

2461 5291 2574 5330 rum
2610 5284 2832 5339 agerent
2883 5272 3020 5339 apud
3072 5270 3444 5338 imperatores,
3500 5268 3876 5335 intelligendus
3910 5267 4018 5332 sit;

2459 5386 2649 5421 sensus
2682 5368 2807 5427 erit,
2848 5379 3066 5419 necesse
3108 5364 3273 5415 fuisse
3317 5375 3527 5415 omnem
3562 5359 3879 5422 Ecclesiam,
3914 5359 4017 5411 hoc

2456 5472 2537 5513 est
2569 5475 2658 5512 eos
2693 5458 2779 5525 qui
2818 5466 2941 5509 sunt
2992 5456 3227 5521 undique
3262 5453 3469 5515 fideles,
3526 5451 3748 5503 Romam
3801 5452 4014 5514 venire,

2460 5564 2509 5603 ut
2538 5566 2753 5603 causam
2775 5548 3199 5603 Christianorum
3226 5556 3447 5614 agerent
3469 5544 3606 5611 apud
3638 5544 4016 5605 imperatores.

2456 5644 2613 5711 Atqui
2640 5652 2846 5695 tantum
2881 5642 3030 5692 abest
3088 5638 3140 5691 id
3172 5650 3389 5691 necesse
3441 5634 3623 5700 fuerit,
3652 5645 3709 5686 ut
3739 5642 3863 5687 ante
3896 5632 4013 5686 irc-

872 5802 919 5834 “
948 5801 1005 5855 T.
1041 5802 1076 5855 ll
1124 5803 1393 5860 Panstrat.
1431 5803 1637 5858 Calhol.
1678 5804 1768 5857 lib.
1811 5820 1925 5857 xm.
1962 5801 2029 5859 De
2068 5818 2261 5858 meum.
2302 5800 2477 5860 PcuL,
2520 5814 2635 5866 cap.
2668 5796 2754 5859 ‘29,
2791 5812 2839 5849 η.
2876 5794 2937 5845 l2
2960 5807 3108 5860 seqq.
