4196 6330
270 357 367 412 281

1186 358 1651 414 DISSERTATIO
1693 357 1778 424 ΙΙΙ,
1821 358 1906 413 DE
1947 359 2203 415 [BENE]
2239 361 2600 423 DOCTRINA.

3403 369 3510 427 982

272 471 374 524 ιιρί
404 478 619 524 aetatem
655 467 852 526 factum
880 471 1172 542 aliquando
1204 474 1369 530 fuisse
1399 489 1466 530 ne
1490 491 1595 530 uno
1618 477 1836 544 quidem
1868 492 1913 537 Α
1943 489 2166 555 necesse
2218 478 2288 533 sit
2331 493 2551 533 omnem
2592 479 2888 537 Ecclesiam
2937 484 3244 538 convenire.
3292 482 3347 538 Si
3377 499 3508 555 ergo

271 563 520 631 exemplo
573 564 806 631 probare
858 566 1032 633 possit
1073 564 1327 623 Grabius.
1389 567 1579 624 Plures
1621 569 1836 638 quidem

269 652 709 708 Christianorum
743 655 1032 725 Apologias
1077 657 1290 713 oblatas
1335 658 1776 728 imperatoribus,
1807 675 1835 714 a

269 743 567 812 Quadrato,
613 749 869 814 Aristide,
913 749 1183 815 Melitone,
1230 751 1544 818 Apollinari,
1594 752 1836 806 Atheua-

272 853 402 904 ποτε
432 847 485 891 et
518 838 730 894 .lustino
764 840 1021 911 legimus:
1069 842 1163 896 sed
1206 858 1301 897 eos
1334 843 1401 897 ab
1436 843 1696 899 Ecclesiis
1728 845 1836 899 Ro-

270 944 416 983 mam
442 933 635 985 missos
666 931 856 996 fuisse,
889 942 944 988 ut
969 949 1188 989 causam
1226 934 1658 990 Christianorum
1707 953 1838 1009 age.-

268 1031 393 1077 rent
419 1025 557 1093 apud
584 1026 958 1092 imperatores,
981 1027 1364 1082 falsissimum:
1393 1029 1500 1084 imo
1519 1028 1831 1099 plerosque,

268 1114 452 1182 ipsum
483 1117 645 1169 etiam
671 1116 1098 1188 Athenagoram,
1131 1119 1282 1188 cujus
1325 1120 1600 1192 Apologia:
1657 1123 1832 1188 titulo,

264 1207 414 1274 quod
451 1209 802 1273 inscribatur,
837 1207 1077 1280 Legatio,
1109 1212 1356 1266 abutitur
1395 1212 1648 1277 Grabius,
1680 1228 1709 1267 e
1741 1230 1836 1283 pa-

267 1299 376 1351 tria
409 1301 595 1366 pedem
647 1301 926 1368 extulisse,
977 1312 1032 1357 ut
1077 1304 1363 1372 Apologias
1393 1320 1517 1360 snas
1552 1304 1831 1369 offerrent,

265 1390 462 1444 nullibi
511 1391 778 1461 legimus;
832 1395 874 1447 si
913 1395 1002 1462 qui
1058 1409 1204 1461 vero,
1260 1410 1316 1448 ut
1343 1394 1608 1460 Justinus,
1647 1397 1833 1452 [totum

259 1483 599 1550 obtulerint,
641 1486 841 1539 dudum
883 1497 1040 1540 antea
1067 1489 1140 1541 ibi
1173 1489 1458 1558 degebant,
1501 1506 1598 1543 nec
1631 1492 1736 1543 huc
1767 1507 1829 1545 eo

264 1573 379 1627 ﬁne
402 1586 681 1630 venerant.
709 1577 794 1643 Et,
825 1593 1031 1646 quaeso,
1050 1595 1168 1648 qua:
1193 1583 1485 1636 necessitas
1508 1582 1830 1638 Christianis

263 1667 502 1722 adeundi
546 1670 898 1738 imperatores
932 1673 1200 1738 ethnicos,
1236 1691 1261 1727 a
1305 1676 1502 1744 quibus
1529 1677 1681 1741 nihil,
1723 1677 1831 1732 nisi

258 1757 352 1823 jus
381 1773 541 1813 omne
566 1759 754 1831 fasque
783 1763 1036 1816 violatum
1072 1779 1291 1832 sperare
1319 1767 1604 1834 poterant?
1637 1769 1690 1820 2·
1715 1767 1826 1822 Ire-

1943 553 2271 621 Grabianam
2296 568 2716 636 explicationem
2749 574 3180 640 admittamus,ca
3207 553 3508 645 supposita,

1941 656 2017 710 sic
2039 666 2468 727 argumentatum
2488 656 2656 715 fuisse
2670 658 2926 718 lrenteum
2957 663 3244 718 dicendum
3267 663 3370 718 erit
3400 681 3411 718 :
3443 666 3512 722 ll-

1941 744 2114 800 larum
2146 747 2516 802 Ecclesiarum
2544 751 2731 805 eadem
2756 761 2838 806 est
2864 769 2984 806 cum
3012 753 3256 809 Romana
3298 755 3430 811 ﬁdes
3454 766 3510 814 et

1943 840 2184 906 traditio,
2216 856 2446 910 quarum
2482 843 2660 897 ﬁdeles
2695 859 2917 899 necesse
2944 855 3021 900 est
3055 847 3280 902 Romam
3302 850 3507 917 venire,

1940 944 1996 987 ut
2031 934 2469 989 Christianorum
2508 951 2726 990 causam
2764 947 2928 1006 agant
2953 941 3090 1007 apud
3126 941 3504 1011 imperatores,

1938 1039 2168 1093 quorum
2199 1026 2477 1094 potentior
2511 1036 2593 1081 est
2620 1029 3002 1096 principalitas
3030 1045 3123 1083 seu
3160 1041 3400 1099 potestas
3425 1050 3510 1089 su-

1937 1131 2146 1185 prema.
2180 1117 2341 1186 Atqui
2381 1134 2608 1174 necesse
2631 1130 2710 1173 est
2740 1119 2924 1176 ﬁdeles
2949 1137 3012 1175 ex
3047 1125 3296 1179 omnibus
3321 1125 3509 1181 Eccle-

1937 1209 2031 1262 siis
2055 1208 2281 1265 Romam
2309 1211 2521 1275 venire,
2554 1221 2612 1265 ut
2636 1227 2857 1267 causam
2884 1213 3320 1270 Christianorum
3346 1225 3509 1287 agant

1936 1300 2076 1368 apud
2113 1301 2490 1369 imperatores,
2513 1318 2743 1372 quormn
2789 1307 3062 1374 potentior
3115 1316 3198 1362 est
3226 1310 3506 1379 principa-

1936 1392 2081 1448 litas.
2114 1393 2281 1463 Igitur
2323 1396 2565 1450 omnium
2615 1397 2983 1452 Ecclesiarum
3030 1401 3218 1454 eadem
3267 1412 3349 1457 cst
3380 1419 3500 1456 cum

1939 1482 2178 1537 ltomana
2217 1483 2350 1537 ﬁdes
2403 1487 2720 1540 ettraditio.
2777 1485 3035 1541 Grabinm
3071 1489 3505 1557 ipsumjndicent

1937 1573 2080 1638 volo,
2126 1574 2268 1644 quis,
2300 1573 2400 1628 nisi
2433 1575 2660 1641 delirus,
2691 1577 2764 1630 ita
2804 1580 3257 1645 argumentetur?
3292 1579 3504 1649 Suppo-

1935 1679 2129 1719 namns
2153 1668 2488 1729 econtrario,
2528 1667 2787 1721 Irenaeum
2822 1671 3185 1736 argumentari
3218 1685 3282 1724 eo
3324 1671 3501 1736 modo,

1935 1771 2044 1825 quo
2061 1759 2423 1826 argumentari
2446 1761 2696 1827 superius
2717 1761 3086 1814 demonstravi
3109 1778 3122 1827 ;
3145 1761 3224 1815 sie
3242 1762 3504 1829 procedet

263 1864 421 1903 ιιιευς
449 1852 636 1905 scribit
665 1868 884 1908 necesse
935 1871 1076 1920 esse,
1106 1857 1289 1912 ﬁdeles
1316 1861 1604 1915 (οοηνρηίτθ
1637 1862 1700 1915 ad
1720 1862 1827 1916 Ro-
1859 1836 1898 1889 Β
1932 1859 2328 1917 argumentum.
2353 1849 2553 1903 Earum
2586 1851 2946 1905 Ecclesiarum
2975 1869 3076 1904 una
3111 1853 3376 1907 eteadem
3409 1863 3493 1908 εει

263 1956 511 2006 manum,
544 1959 649 1996 non
686 1946 897 2006 urbem,
935 1948 1026 1999 sed
1073 1947 1386 2003 Ecclesiam.
1424 1949 1620 2018 thnid
1672 1952 1831 2021 igitur

260 2033 580 2099 verbisejus
604 2035 711 2087 vim
733 2047 976 2104 apertam
999 2036 1304 2103 inferendo,
1327 2056 1422 2110 per
1446 2061 1462 2091 ι
1489 2041 1782 2096 Ecclesium
1807 2062 1826 2094 ι

259 2123 503 2178 Grabins
530 2125 750 2194 intelligi
780 2127 889 2179 vult
909 2130 1155 2182 «urbem?
1175 2130 1252 2182 Ad
1290 2131 1586 2184 Romanam
1618 2132 1828 2196 urbem,

259 2228 315 2268 et
351 2218 576 2285 proinde
613 2219 933 2284 Ecclesium,
963 2241 982 2273 ι
1026 2222 1124 2285 ait,
1161 2239 1179 2272 ι
1204 2224 1269 2275 ab
1304 2223 1554 2278 omnibus
1594 2225 1834 2293 undique

262 2310 527 2365 Ecclesiis
545 2313 944 2366 conveniebant
978 2313 1180 2369 ﬁdeles.
1210 2334 1226 2366 ι
1251 2315 1414 2382 Quasi
1439 2330 1565 2370 vero
1591 2317 1828 2371 Romana

261 2406 402 2459 Urbs
431 2417 484 2458 et
507 2404 748 2458 Romana
782 2406 1043 2473 Ecclesia,
1069 2407 1207 2461 idem
1243 2424 1466 2477 prorsus
1510 2411 1590 2465 sic
1615 2419 1830 2474 sonent,

259 2509 323 2551 ut
349 2500 595 2566 quisquis
637 2500 823 2553 urbem
866 2499 1069 2563 adibat,
1107 2499 1251 2554 illico
1283 2501 1346 2554 ad
1379 2501 1677 2555 Ecclesiam
1702 2519 1834 2558 con-

260 2593 454 2645 venire
483 2591 744 2645 dicendus
766 2592 943 2645 esset?
975 2591 1134 2656 Ecce,
1169 2593 1424 2647 Romana:
1449 2595 1599 2648 urbis
1621 2635 1635 2658 ,
1673 2594 1830 2661 anlaa,

258 2680 680 2748 imperatorum,
724 2697 790 2735 ne
841 2683 1006 2738 verbo
1038 2685 1253 2752 quidem
1289 2685 1547 2739 hactenus
1587 2687 1832 2741 meminit

257 2772 522 2836 Iren'eus,
566 2775 658 2828 sed
719 2774 883 2829 solius
921 2775 1175 2831 Ecclesia:
1231 2776 1519 2843 Romanae;
1558 2786 1610 2832 et
1648 2789 1829 2833 tamen

259 2860 432 2912 verba
469 2862 596 2920 ha3c,
637 2860 868 2935 [CXXII]
905 2865 966 2916 ob
997 2866 1332 2933 potentiorem
1374 2868 1826 2936 principalitatem,

258 2950 307 3002 si
341 2948 542 3005 Grabio
583 2952 736 3017 ﬁdes,
788 2968 892 3007 non
919 2954 982 3007 ad
1018 2955 1338 3019 Ecclesium,
1382 2959 1447 3012 de
1472 2974 1572 3020 qua
1604 2974 1666 3013 ex
1705 2976 1830 3026 pro-

263 3045 416 3097 fesso
457 3059 758 3100 sermonem
812 3047 1068 3111 instituit,
1111 3052 1202 3103 sed
1254 3052 1317 3103 ad
1358 3052 1577 3118 urbem,
1626 3053 1825 3119 aulam,

260 3137 651 3205 imperatores,
681 3155 911 3208 quorum
947 3141 1090 3194 nulla
1139 3141 1281 3196 facta
1317 3153 1397 3196 est
1429 3147 1654 3209 mentio,
1697 3147 1830 3200 refe-

262 3232 440 3286 renda
471 3232 638 3285 sunt?
668 3233 862 3300 Ecquis
892 3234 1206 3287 stomachus
1234 3235 1465 3288 absurda
1502 3238 1613 3291 haec
1633 3255 1828 3294 conco-

256 3338 439 3393 quere
486 3325 698 3379 valeat?
738 3325 870 3391 Quis
919 3343 1021 3378 non
1072 3327 1254 3380 videat
1289 3331 1623 3390 potentiorem
1679 3330 1824 3384 illam

259 3414 734 3483 principalitatem,
769 3428 827 3470 ut
859 3416 1039 3487 legere
1067 3428 1214 3470 amat
1253 3419 1332 3470 vir
1358 3419 1590 3483 clariss.,
1617 3422 1680 3474 ad
1707 3435 1826 3474 eam

258 3509 566 3562 Ecclesiam
615 3509 909 3577 pertinere,
968 3510 1032 3563 ad
1086 3525 1246 3579 quam
1293 3509 1474 3566 ﬁdeles
1527 3529 1714 3567 omnes
1753 3515 1829 3568 sic

257 3599 560 3652 convenire
584 3599 810 3664 debent,
835 3610 894 3653 ut
922 3609 1030 3654 tota
1056 3603 1414 3655 conveniendi
1445 3605 1582 3656 ratio
1614 3604 1680 3656 sit
1717 3604 1826 3673 ipsa

255 3689 534 3760 potentior
565 3690 806 3756 ejusdem
853 3689 1110 3744 Ecclesiaa
1138 3691 1554 3760 principalitas?
1586 3693 1642 3746 5η
1675 3693 1832 3747 Deni-

257 3798 373 3851 que
408 3783 495 3849 (et
524 3782 608 3834 hic
643 3796 820 3835 causa:
868 3783 1033 3836 cardo
1085 3783 1200 3851 est)
1236 3798 1435 3852 negare
1479 3799 1576 3837 nec
1631 3794 1828 3852 potest,

259 3890 363 3929 nec
399 3875 558 3928 audet
589 3872 842 3936 Grabius,
871 3875 999 3942 quin
1024 3873 1213 3928 Irenaei
1248 3885 1359 3928 toto
1380 3876 1484 3930 hoc
1506 3879 1685 3947 capite
1717 3895 1830 3933 sco-

257 3987 364 4040 pus
390 3970 453 4021 sit
487 3967 732 4036 probare,
757 3983 914 4021 unam
952 3975 1006 4023 et
1039 3969 1279 4022 eamdem
1317 3969 1365 4022 in
1411 3970 1556 4024 omni
1590 3971 1827 4026 Ecclesia

260 4063 612 4114 traditionem
647 4059 1022 4128 apostolicam,
1075 4071 1127 4114 et
1175 4062 1331 4115 ﬁdem
1367 4077 1512 4127 esse,
1567 4079 1670 4131 qua
1702 4079 1828 4117 con-

255 4153 559 4207 fundantur
597 4167 784 4206 omnes
813 4152 1093 4218 haeretici;
1127 4169 1245 4206 eam
1293 4168 1423 4206 vero
1450 4170 1640 4221 puram
1677 4166 1730 4208 et
1767 4155 1828 4208 ii-

255 4247 486 4300 iibatani
539 4261 631 4313 per
663 4245 974 4298 continuam
1006 4247 1384 4314 episcoporum
1422 4247 1824 4301 successionem

256 4337 327 4390 ad
353 4351 507 4386 suam
537 4351 703 4404 usque
734 4347 944 4387 aetatem
982 4352 1249 4390 manasse.
1282 4336 1414 4401 Quia
1441 4351 1566 4390 vero
1613 4338 1825 4406 longius

254 4442 310 4483 et
338 4429 613 4481 molestius
639 4430 831 4481 fuisset
856 4429 1169 4482 omniumet
1197 4428 1530 4498 singularum
1561 4428 1826 4482 Ecclesia-

1935 1957 2055 1996 cum
2081 1941 2316 1996 Romana
2354 1942 2486 1997 ﬁdes
2508 1952 2562 1996 et
2587 1944 2826 2008 traditio,
2853 1961 2985 2014 quas
3020 1961 3242 2001 necesse
3269 1956 3350 2001 est
3371 1960 3502 2001 eum

1934 2034 2129 2101 capite,
2160 2037 2296 2088 duce
2319 2043 2372 2088 et
2402 2034 2646 2103 principe
2682 2033 2952 2098 Romana,
3003 2037 3216 2090 caeteris
3256 2035 3503 2105 regendis

1935 2141 1963 2179 a
2001 2127 2108 2180 Deo
2135 2126 2408 2196 praefecto,
2435 2128 2747 2181 consentire
2773 2129 2824 2181 in
2854 2129 3017 2181 rebus
3051 2128 3173 2182 fidei
3223 2138 3380 2197 atque
3405 2127 3507 2182 d0—

1935 2221 2132 2272 ctrina.
2163 2221 2323 2289 Atqui
2353 2235 2577 2274 necesse
2600 2231 2685 2275 est
2708 2235 2895 2275 omnes
2922 2221 3218 2286 Ecclesias,
3243 2237 3335 2276 seu
3359 2222 3503 2290 quod

1935 2313 2073 2366 idem
2107 2321 2208 2378 est,
2234 2313 2418 2367 ﬁdeles
2452 2328 2660 2379 omnes,
2683 2328 2744 2366 ex
2771 2328 3094 2384 quocunque
3125 2314 3258 2376 loco,
3284 2316 3501 2384 regione

1935 2413 2026 2455 aut
2061 2413 2223 2472 gente
2247 2403 2378 2467 sint,
2406 2418 2526 2456 cum
2563 2402 2801 2456 Romana
2839 2403 3077 2457 Ecclesia
3126 2402 3366 2457 omnium
3413 2417 3504 2456 ca-

1935 2497 2065 2566 pite,
2125 2495 2266 2551 duce
2321 2511 2387 2549 ac
2434 2497 2698 2565 principe,
2747 2497 2996 2566 regendis
3029 2496 3280 2549 omnibus
3314 2509 3343 2548 a
3395 2494 3504 2549 Deo

1935 2587 2558 2658 prmfecta,consentire.
2613 2587 2867 2642 Omnium
2919 2588 3083 2657 igitur
3138 2587 3501 2641 Ecclesiarum

1934 2682 2125 2735 eadem
2152 2690 2234 2733 est
2267 2696 2388 2733 eum
2425 2680 2668 2734 Romana
2707 2680 2839 2734 ﬁdes
2878 2689 2931 2734 et
2964 2680 3224 2745 traditio;
3281 2695 3344 2734 ac
3375 2695 3503 2750 pro-

1934 2773 2056 2824 inde
2080 2787 2200 2824 cum
2227 2787 2290 2825 ex
2322 2772 2613 2825 traditione
2640 2773 2798 2841 hujus
2825 2772 3080 2827 Ecclesia:
3103 2771 3506 2827 confundantur

1932 2864 2165 2918 haeretici
2194 2879 2399 2924 omnes.
2419 2874 2469 2916 et
2489 2866 2844 2930 schismatici,
2875 2882 2937 2919 ex
2966 2880 3232 2920 consensu
3260 2867 3501 2920 omnimn

1929 2955 2294 3010 Ecelesiarnm
2332 2956 2588 3010 confundi
2634 2959 2943 3011 necessario
2970 2956 3342 3026 consequitur.
3382 2956 3483 3012 Ju-

1931 3050 2076 3103 dicet
2103 3051 2352 3119 quisquis
2383 3065 2568 3118 aequus
2600 3067 2779 3104 rerum
2806 3054 3207 3116 azstimalor,‘et
3232 3051 3504 3122 posterius

1937 3142 2038 3195 hoc
2068 3153 2472 3210 argumentum,
2508 3143 2648 3210 quod
2677 3144 2862 3196 lreutei
2894 3157 3015 3196 esse
3049 3145 3243 3198 merito
3273 3153 3502 3197 conten.

1932 3237 2066 3290 dunt
2091 3235 2380 3299 Catholici,
2413 3252 2535 3289 cum
2558 3252 2622 3290 eo
2663 3235 2930 3300 conferat,
2966 3239 3109 3305 quod
3145 3237 3499 3292 sanctissimo

1930 3326 2154 3395 martyri
2179 3325 2412 3380 Grabius
2445 3325 2683 3397 afﬁngit:
2721 3327 2820 3380 nisi
2846 3336 3036 3396 sponte
3065 3329 3318 3380 czeeutire
3344 3328 3496 3387 velit.

1933 3418 2164 3472 fateatur
2193 3434 2413 3472 necesse
2438 3429 2544 3484 est,
2573 3429 2834 3489 quantum
2857 3421 2955 3474 hoc
2983 3420 3185 3473 Irenzeo
3211 3430 3495 3488 repugnat.

1934 3519 2137 3564 tantum
2166 3511 2218 3563 in
2249 3511 2337 3564 illo
2363 3525 2542 3564 secum
2569 3512 2749 3564 omnia
2779 3514 3110 3573 consentire,
3143 3521 3194 3563 et
3218 3514 3282 3565 ad
3305 3511 3498 3566 lrena:i

1931 3617 2177 3672 scepum,
2204 3605 2507 3657 doctrinam
2541 3616 2594 3656 et
2634 3605 3009 3658 antecedentia
3041 3607 3173 3659 inire
3201 3607 3495 3674 quadrare.

1999 3693 2089 3747 55.
2121 3693 2248 3760 Sed,
2290 3695 2462 3762 inquit
2503 3694 2754 3758 Grabius,
2791 3694 3043 3748 Ecclesice
3069 3697 3322 3750 Romana:
3370 3704 3486 3750 tanv

1931 3796 2042 3842 tum
2075 3789 2248 3851 abest,
2281 3797 2336 3840 nt
2376 3788 2606 3840 Irenzeus
2642 3788 3010 3856 semetipsum,
3035 3789 3276 3857 aliosque
3307 3787 3494 3844 ﬁdeles

1930 3881 2062 3932 adeo
2095 3879 2385 3933 obstrictos
2412 3880 2899 3942 existimaverit,ut
2923 3881 3137 3948 publico
3179 3881 3322 3960 facto
3359 3895 3491 3933 con-

1932 3969 2156 4021 trarium
2185 3969 2596 4022 existimaverit.
2623 3967 2758 4021 Cum
2781 3969 2923 4022 enim
2951 3970 3181 4023 Asianus
3215 3970 3489 4024 Ecclesias

1932 4058 2113 4113 Victor
2141 4075 2273 4127 papa
2293 4076 2320 4112 a
2346 4063 2725 4115 communione
2743 4060 3082 4122 resecuisset,
3118 4061 3260 4129 quod
3287 4061 3492 4114 Pascha

1928 4152 2184 4206 Ecclesia:
2214 4151 2475 4204 Romanae
2517 4167 2666 4204 more
2708 4152 2988 4205 celebrare
3021 4163 3342 4217 renuerent;
3385 4149 3489 4206 non

1929 4243 1997 4298 ob
2033 4243 2084 4295 id
2141 4242 2373 4294 Asianos
2421 4241 2679 4308 praasules
2735 4243 3012 4312 redarguit
3049 4244 3298 4309 Irenaeus,
3352 4243 3494 4312 quod

1929 4349 2135 4386 morem
2183 4331 2419 4400 pontiﬁci
2455 4346 2640 4399 gerere
2675 4332 3063 4396 detrectarent,
3102 4348 3197 4386 nec
3240 4333 3492 4387 hortatur

1930 4434 1985 4476 ut
2015 4424 2082 4478 ab
2102 4424 2354 4477 Ecclesiae
2375 4423 2628 4477 Romanae
2651 4425 3028 4476 communione
3047 4438 3103 4476 se
3126 4424 3264 4476 nulla
3289 4424 3497 4478 ratione

256 4538 384 4577 rum
414 4521 785 4575 successiones
815 4522 1148 4590 episcopales
1177 4538 1513 4584 enumerare,
1576 4521 1824 4576 sufﬁcere
1858 4532 1898 4587 ι)
1930 4517 2111 4570 divelli
2152 4517 2459 4586 patiantur;
2490 4517 2580 4569 sed
2608 4518 2785 4584 potius
2811 4516 3078 4568 Victorem
3112 4519 3284 4584 ipsum
3319 4517 3499 4569 incre-

255 4617 300 4669 si
335 4615 497 4669 unius
529 4614 780 4668 Ecclesiae
813 4613 1066 4666 ltomana:
1085 4615 1373 4677 successio,
1402 4630 1494 4682 per
1517 4630 1676 4684 quam
1702 4631 1827 4684 ενοι

253 4710 452 4767 stolira
489 4707 706 4761 traditio
751 4708 993 4773 pervenit
1021 4721 1192 4773 usque
1239 4707 1303 4759 ad
1337 4707 1463 4760 illud
1512 4724 1708 4771 aevum,
1745 4724 1828 4763 re-

255 4811 584 4865 censeator;
621 4800 745 4867 quia
779 4802 967 4853 eadem
1000 4809 1081 4852 est
1111 4799 1342 4850 aliarum
1370 4801 1612 4851 omnium
1647 4799 1829 4853 Eccle-

253 4900 465 4953 siarum
491 4908 611 4946 cum
646 4893 884 4945 Romana
917 4895 1048 4960 fides
1074 4903 1127 4946 et
1177 4894 1416 4947 traditio.
1465 4892 1824 4956 Quamobrem

256 4988 529 5044 recensita
579 4985 952 5053 episcoporum
1014 4985 1381 5038 Romanorum
1437 4983 1824 5047 successione,

254 5079 568 5134 concludit:
605 5097 622 5128 ι
664 5075 771 5130 Hac
792 5075 1132 5129 ordinatione
1159 5085 1210 5129 et
1231 5075 1593 5137 successione,
1623 5092 1683 5127 ea
1708 5089 1826 5142 qua!

251 5181 342 5229 est
391 5170 455 5222 ab
489 5170 769 5238 apostolis,
803 5169 854 5221 in
899 5169 1136 5222 Ecclesia
1175 5169 1432 5233 traditio,
1489 5178 1542 5220 et
1581 5167 1826 5221 veritatis

253 5263 590 5335 prmconatio
614 5262 856 5330 pervenit
884 5276 1051 5328 usque
1082 5260 1145 5313 ad
1174 5275 1290 5312 nos.
1322 5259 1382 5311 Et
1409 5271 1492 5312 est
1514 5259 1821 5326 plenissima

251 5360 374 5411 hanc
403 5357 659 5415 OSIensio,
686 5369 843 5404 unam
880 5361 932 5404 et
961 5353 1202 5403 eamdem
1231 5352 1633 5404 viviﬁcatricem
1669 5350 1826 5404 ﬁdem

249 5465 401 5512 esse,
426 5462 542 5515 qua:
570 5447 621 5499 in
676 5446 917 5499 Ecclesia
964 5445 1031 5497 ab
1063 5444 1317 5512 apostolis
1364 5460 1532 5512 usque
1579 5460 1719 5496 turne
1755 5445 1825 5496 sit

247 5550 601 5597 conservata,
633 5549 687 5591 et
713 5538 906 5598 tradita
937 5538 986 5590 in
1015 5539 1268 5590 veritate.
1303 5555 1321 5588 ι
1361 5535 1612 5589 Eamdem
1645 5546 1824 5587 autem

249 5637 485 5689 aliarum
520 5632 884 5686 Ecclesiarum
933 5647 1055 5683 cum
1095 5629 1333 5681 liuinana
1379 5630 1532 5682 ﬁdem
1569 5638 1622 5682 et
1653 5630 1822 5681 tradi-

250 5729 457 5780 tionem
493 5740 612 5776 esse
645 5738 709 5776 ex
743 5737 807 5775 eo
837 5723 1028 5790 probat
1064 5721 1312 5783 Ιιιειιίιιυς,
1350 5720 1490 5789 quod
1526 5721 1591 5774 ad
1621 5719 1822 5771 Roma-

248 5837 386 5877 nam
419 5817 717 5872 Ecclesiam
775 5824 993 5884 propter
1055 5815 1311 5879 potiorem
1366 5811 1820 5880 principalitatem

1934 4609 2103 4678 pavit,
2137 4609 2276 4675 quod
2304 4608 2543 4675 integras
2576 4608 2865 4672 Ecclesias,
2901 4623 3101 4663 morem
3134 4609 3232 4660 sibi
3259 4624 3286 4659 a
3323 4607 3496 4675 majoo

1935 4705 2089 4755 ribus
2131 4702 2390 4754 traditmn
2452 4703 2837 4764 custodientes,
2904 4717 2930 4753 a
2985 4701 3366 4754 conminnione
3395 4701 3492 4755 ab-

1933 4795 2207 4855 scidisset,
2244 4803 2302 4844 ut
2336 4793 2432 4860 ipsi
2471 4794 2720 4860 superius
2744 4809 2806 4845 ex
2847 4792 3072 4846 Eusebio
3099 4804 3152 4844 et
3193 4794 3313 4845 aliis
3349 4803 3494 4846 retu-

1932 4886 2112 4940 limus.
2147 4885 2440 4939 llolendum
2471 4901 2600 4938 sane
2633 4887 2770 4953 quod
2802 4886 3034 4940 Grabius
3073 4886 3312 4940 futilibus
3355 4885 3493 4950 ejus-

1929 4980 2070 5032 modi
2123 4979 2682 5047 argumentatiouibns
2732 4979 2907 5032 deludi
2961 4995 3018 5031 se
3063 4982 3318 5048 patiatur.
3356 4979 3487 5053 Quae

1931 5073 2264 5140 comparatio
2293 5074 2497 5124 institui
2554 5083 2727 5142 potest
2762 5075 2902 5126 inter
2934 5089 3038 5138 res,
3067 5090 3187 5141 quae
3217 5073 3278 5125 ad
3331 5075 3491 5128 fidem

1929 5168 2295 5234 pertinent,et
2323 5167 2464 5218 inter
2495 5182 2607 5230 eas,
2631 5183 2747 5235 qua:
2771 5169 2834 5220 ad
2867 5167 3120 5222 Ecclesia:
3146 5167 3490 5236 disciplinam

1929 5260 2210 5324 spectant?
2246 5259 2375 5324 Quis
2419 5259 2627 5310 nesciat
2679 5270 2843 5311 totam
2895 5276 3012 5312 eam
3063 5262 3127 5314 de
3164 5262 3490 5316 celebrando

1929 5349 2195 5403 l’asclialc
2225 5350 2606 5417 quaestionem,
2639 5351 2703 5401 ad
2751 5351 3087 5419 disciplinam
3115 5354 3394 5419 duntaxat,
3426 5353 3491 5406 ad

1930 5443 2085 5493 Iidem
2120 5442 2422 5494 tmllateuus
2472 5443 2819 5507 pertinuisse,
2851 5454 2903 5495 et
2933 5444 3120 5495 eadem
3158 5459 3370 5512 semper
3404 5446 3488 5497 in-

1932 5544 2010 5584 ter
2041 5533 2399 5599 disputantes,
2437 5548 2497 5585 ac
2538 5532 2701 5584 illaesa
2733 5545 2984 5586 manente
3025 5535 3124 5586 fide
3169 5535 3362 5604 agitari
3390 5550 3489 5604 po-

1930 5627 2127 5677 tuisse?
2156 5627 2320 5678 Snam
2352 5628 2565 5692 quidem
2607 5639 2834 5692 utraque
2870 5643 2995 5694 pars
3023 5631 3346 5681 sententiam
3383 5640 3488 5682 tra-

1928 5719 2130 5771 (titione
2184 5718 2473 5785 apostolica
2529 5719 2809 5783 iniciebat;
2862 5723 2951 5773 sed
2987 5723 3065 5773 vel
3126 5724 3326 5778 tirones
3381 5741 3483 5779 non

1929 5810 2083 5876 fugit,
2137 5810 2266 5864 alias
2326 5828 2445 5863 esse
2509 5813 2830 5866 traditiones
2887 5816 3234 5881 apestoiicas,
3269 5833 3384 5878 chl‘
3417 5820 3482 5870 ad
