4196 6330
184 416 291 470 285

1102 420 1556 480 DlSSEltTATlO
1595 422 1682 488 ιιι,
1720 422 1807 476 DE
1845 421 2100 476 tamen
2135 408 2500 479 DOCTRINA.

3299 413 3406 471 286

187 533 430 584 attrahat
461 529 526 582 ad
575 532 919 599 semetipsum
958 541 1082 601 apto
1126 542 1382 601 tempore.
1421 552 1440 584 ι
1501 534 1740 588 Ecclesia
1772 539 1815 594 Α
1845 550 1872 586 a
1897 534 2115 591 Simone
2132 535 2554 604 etCarpocrate,
2582 531 2698 587 etsi
2724 531 2812 601 qui
2839 530 2926 585 alii
2949 530 3402 600 virtutesoperari

186 624 356 693 igitur
387 642 406 675 ι
443 634 523 678 est
554 640 824 694 synagoga
863 624 972 685 Dei.
1007 641 1166 694 quam
1203 626 1365 689 Dens,
1397 627 1496 680 hoc
1520 637 1622 688 est,
1658 627 1748 681 Fi-

188 716 292 771 lius
320 719 431 787 ipse
463 733 560 787 per
593 720 941 787 semetipsum
968 719 1184 789 collegit
1205 720 1272 784 ⁸³,
1305 739 1320 770 ι
1354 735 1620 789 quamque
1652 736 1748 790 per

188 810 451 878 Spiritum
505 821 754 864 sanctum
790 811 891 864 sibi
931 812 1142 876 univit;
1174 811 1257 864 cui
1301 831 1318 863 ι
1370 812 1631 865 creditqu
1662 823 1748 867 est

188 904 368 956 lumen
406 903 497 957 Dei
527 921 540 969 ;
578 922 600 955 ι
638 919 757 972 quae
793 920 810 953 ι
843 904 1043 971 ubique
1079 906 1338 973 przedicat
1375 905 1692 958 veritatem:
1722 923 1741 956 ι

185 994 492 1065 ὶπτάμυξος
533 1014 550 1046 ι
586 997 825 1062 lucerna,
859 997 1059 1050 Christi
1107 998 1350 1066 bajnlans
1410 994 1586 1050 lumen
1622 999 1688 1051 ³ο.
1723 1019 1740 1051 ι

186 1088 456 1155 Quidquid
488 1089 653 1157 igitur
679 1090 831 1144 docet
855 1090 1112 1156 Ecclesia,
1139 1091 1398 1160 quidquid
1419 1092 1743 1145 credendum

188 1181 458 1250 proponit,
498 1183 762 1250 quidquid
803 1182 1106 1238 faciendum
1132 1185 1310 1253 jubet,
1340 1197 1583 1241 sanctum
1622 1196 1743 1252 est;

187 1284 367 1340 utpote
399 1275 752 1327 testimonium
780 1275 973 1328 habens
1000 1294 1031 1329 a
1058 1277 1339 1346 prophetis,
1365 1287 1414 1330 et
1444 1279 1507 1330 ab
1530 1285 1744 1346 aposto-

183 1363 270 1422 lis,
301 1374 348 1416 et
378 1366 442 1418 ab
471 1367 712 1418 omnibus
744 1369 1061 1435 discipulis;
1098 1369 1150 1423 in
1177 1384 1240 1422 ea
1267 1369 1530 1436 siquidem
1565 1379 1745 1423 manet

185 1457 423 1525 Spiritus
459 1473 680 1512 sanctus
707 1501 721 1525 ,
772 1460 1146 1522 luminis,vitae
1179 1472 1233 1517 et
1264 1463 1570 1516 sanctitatis
1602 1461 1740 1527 fons,

185 1552 272 1618 qui
309 1552 434 1606 huic
477 1553 648 1605 lucem
676 1593 690 1618 ,
743 1554 905 1606 vitam
939 1565 991 1607 et
1027 1558 1366 1611 sanctitatem
1399 1573 1614 1612 omnem
1653 1559 1740 1610 in-

187 1640 376 1691 lnndil.
444 1640 622 1705 Quare
657 1661 674 1693 ι
706 1642 853 1704 ﬁdes,
905 1658 1065 1712 quam
1113 1651 1419 1715 perceptam
1452 1650 1520 1701 ab
1556 1647 1741 1702 Eccle-

185 1729 263 1781 sia
298 1732 654 1796 eustodimus,
680 1748 894 1802 semper
919 1751 944 1786 a
974 1734 1175 1804 Spiritu
1204 1735 1322 1801 Dei,
1346 1739 1500 1805 quasi
1535 1741 1584 1791 in
1617 1755 1742 1794 vase

186 1824 323 1877 bono
357 1826 619 1877 eximium
663 1827 928 1892 quoddam
964 1828 1266 1896 depositum
1319 1829 1622 1898 jnvenesrit
1645 1873 1658 1895 ,
1687 1843 1740 1886 et

177 1914 529 1982 juvenescere
563 1919 690 1970 facit
731 1920 904 1987 ipsum
934 1936 1048 1986 vas,
1083 1921 1133 1973 in
1172 1937 1280 1990 quo
1314 1933 1415 1977 est.
1456 1922 1565 1975 lloc
1595 1924 1737 1976 enim

187 2009 438 2063 Ecclesia:
479 2012 746 2063 creditum
780 2021 861 2064 est
893 2013 982 2066 Dei
1026 2030 1238 2076 munus,
1291 2015 1737 2082 quemadmodum

185 2097 463 2162 inspiratio
494 2098 839 2164 plasmationi
873 2141 888 2165 ,
928 2102 994 2154 ad
1039 2101 1142 2156 hoc
1179 2111 1236 2156 ut
1269 2104 1449 2156 omnia
1499 2104 1738 2158 membra

184 2190 534 2258 percipientia
593 2192 965 2257 viviﬁcentur;
1033 2203 1088 2248 et
1143 2196 1194 2248 in
1229 2211 1293 2250 eo
1348 2197 1602 2264 disposita
1657 2207 1741 2252 est

183 2284 605 2335 communicatio
652 2283 900 2350 Christi,
956 2289 1006 2339 id
1055 2299 1138 2340 est
1201 2287 1735 2357 Spiritus-sanctus,

184 2373 341 2424 arrha
373 2373 780 2443 incorruptelze,
813 2386 867 2429 et
898 2379 1245 2432 conﬁrmatio
1278 2379 1396 2435 ﬁdei
1432 2392 1647 2442 nostras,
1685 2391 1738 2434 et

184 2465 323 2516 scala
359 2468 705 2520 ascensionis
728 2469 791 2521 ad
820 2467 1007 2523 Deum.
1047 2489 1064 2521 ι
1102 2470 1170 2524 In
1199 2472 1430 2526 Ecclesia
1464 2475 1623 2539 enim,
1659 2474 1740 2527 in-

184 2556 317 2621 quit,
355 2559 530 2624 posuit
568 2558 708 2611 Deus
737 2561 1022 2625 apostolos,
1053 2563 1346 2631 prophetas,
1404 2566 1640 2620 doctores
1671 2567 1736 2630 9',

188 2665 204 2696 (
239 2658 292 2700 et
327 2652 635 2704 universam
711 2652 975 2720 reliquam
1042 2659 1410 2722 operationem
1465 2657 1733 2726 Spiritus;

183 2743 332 2810 cujus
363 2760 464 2795 non
506 2753 633 2796 sunt
666 2742 958 2814 participes
989 2766 1198 2813 omnes,
1235 2751 1324 2817 qui
1360 2765 1463 2802 non
1512 2764 1738 2805 currunt

184 2837 244 2887 ad
278 2835 601 2899 Ecclesiam,
638 2842 730 2892 sed
763 2843 1082 2910 semetipsos
1111 2843 1362 2897 fraudant
1420 2860 1446 2897 a
1481 2845 1607 2908 vita,
1646 2862 1739 2913 per

184 2931 508 2982 sententiam
539 2930 755 2994 malam,
794 2943 847 2986 et
875 2935 1240 3000 operationem
1295 2938 1601 3004 pessimam.
1636 2935 1735 2991 Ubi

183 3022 318 3074 enim
351 3021 618 3087 Ecclesia,
659 3024 726 3077 ibi
780 3035 831 3077 et
868 3026 1106 3093 Spiritus
1132 3027 1254 3091 Dei;
1288 3036 1340 3079 et
1365 3027 1452 3080 ubi
1503 3028 1738 3094 Spiritus

188 3114 298 3178 Dei,
335 3116 444 3168 illic
472 3115 736 3180 Ecclesia,
769 3132 822 3171 et
852 3118 1027 3172 omnis
1051 3120 1259 3188 gratia:
1289 3120 1523 3187 Spiritus
1555 3131 1733 3173 autem

183 3208 396 3261 veritas.
434 3234 451 3259 ι

249 3301 338 3354 58.
372 3302 508 3355 Hinc
544 3302 816 3354 concludit
854 3301 1084 3356 lrenzens
1119 3305 1177 3357 l°
1208 3304 1405 3356 nullam
1451 3313 1600 3356 extra
1639 3319 1734 3356 ve-

184 3407 292 3444 ram
322 3394 522 3446 Christi
579 3393 874 3448 Ecclesium
904 3435 917 3448 .
961 3395 1175 3463 qualem
1210 3397 1476 3449 hactenus
1522 3411 1582 3448 ex
1622 3397 1736 3463 ipso

184 3487 586 3554 descripsimus.
624 3501 801 3540 veram
829 3488 1085 3541 doctrina:
1119 3503 1435 3554 morumque
1473 3489 1735 3541 sant-tita-

188 3589 284 3630 tem
316 3595 436 3631 esse
458 3580 808 3646 qumrendam
838 3597 851 3645 ;
882 3596 973 3633 eos
1005 3580 1222 3647 quippe,
1250 3581 1339 3647 qui
1372 3595 1475 3633 non
1510 3589 1737 3634 currunt

187 3669 246 3721 ad
282 3669 577 3723 Beclesiam
609 3709 624 3733 ,
681 3670 767 3723 tibi
800 3669 1036 3739 Spiritus
1070 3671 1187 3735 Dei,
1227 3674 1545 3740 semetipsos
1585 3673 1734 3724 frau-

185 3761 307 3815 dare
332 3779 363 3814 a
393 3764 503 3815 vita
542 3772 594 3814 et
621 3763 766 3815 omni
815 3766 1012 3831 gratia,
1038 3779 1132 3831 per
1158 3766 1477 3818 sententiain
1517 3765 1735 3828 malam,

186 3862 234 3904 et
254 3853 627 3920 operationem
659 3853 985 3920 pessimam;
1019 3873 1036 3904 ‹
1076 3870 1173 3907 nec
1200 3857 1526 3924 participare
1563 3856 1736 3924 Spiri—

188 3950 287 3993 tum
324 3953 612 4005 sanctum;
654 3957 824 4010 neque
857 3960 883 3995 a
959 3945 1210 3999 mamillis
1290 3946 1478 3998 matris
1537 3945 1734 3998 nutriri

189 4030 236 4082 in
271 4033 460 4096 vitam,
489 4047 664 4099 neque
694 4034 973 4101 percipere
1024 4035 1088 4086 de
1121 4048 1347 4102 corpore
1373 4034 1576 4088 Christi
1611 4050 1734 4102 pro—

188 4122 456 4177 cedentem
512 4124 894 4177 niiidissimum
929 4125 1167 4179 fontem:
1219 4126 1311 4179 sed
1361 4124 1594 4180 effodere
1635 4127 1735 4179 sibi

189 4216 326 4271 lacus
354 4217 586 4270 detritus
605 4218 668 4270 de
696 4218 850 4271 fossis
877 4220 1124 4280 terrenis,
1158 4229 1209 4272 et
1237 4223 1300 4273 de
1320 4234 1472 4273 emno
1495 4220 1736 4288 putidam

191 4309 361 4363 bibere
398 4325 621 4378 aquam,
664 4308 979 4378 effugientes
1015 4312 1171 4365 ﬁdem
1210 4312 1481 4376 Ecclesiae,
1518 4329 1583 4366 ne
1625 4320 1735 4364 tra-

189 4400 481 4466 ducantur;
520 4401 825 4468 rejicicntes
865 4419 992 4455 vero
1025 4403 1287 4471 Spiritum
1317 4443 1331 4467 ,
1388 4415 1445 4456 ut
1473 4419 1576 4456 non
1610 4420 1736 4457 ern-

191 4494 417 4546 diautur.
454 4493 691 4547 Alienati
751 4509 876 4547 vero
907 4510 934 4546 a
975 4497 1197 4550 veritate
1227 4536 1243 4560 ,
1299 4497 1458 4565 digne
1505 4497 1556 4551 in
1589 4497 1735 4550 omni

1849 626 2143 680 dicuntur:
2199 643 2301 680 non
2361 627 2413 679 in
2451 627 2647 679 virtute
2681 624 2794 686 Dei,
2845 639 3017 694 neque
3049 624 3101 677 in
3155 624 3403 687 veritate,

1851 731 2025 784 neque
2051 727 2110 770 ut
2143 715 2367 769 beneﬁci
2399 715 2707 769 hominibus
2739 712 2999 768 facientes
3047 726 3132 778 ea,
3167 727 3285 783 qua
3319 711 3404 766 fa-

1847 811 2030 878 ciunt;
2066 813 2158 866 sed
2190 813 2241 866 in
2279 812 2576 881 perniciem
2631 821 2685 864 et
2713 823 2978 873 errorem,
3035 826 3131 879 per
3165 810 3406 878 magicas

1847 903 2120 958 elusiones
2155 916 2209 958 et
2238 905 2488 958 universa
2527 902 2748 966 fraude;
2777 902 2899 970 plus
2934 901 3208 964 laedentes,
3237 917 3399 971 quam

1847 996 2136 1050 utilitatem
2192 1005 2515 1064 przestantes
2543 995 2659 1060 his,
2695 994 2783 1063 qui
2817 995 3045 1049 credunt
3074 996 3154 1049 eis
3177 1034 3194 1060 ,
3241 996 3293 1049 in
3337 1011 3402 1050 eo

1849 1090 1992 1157 quod
2028 1091 2313 1151 seducant,
2345 1105 2440 1143 nec
2476 1090 2619 1146 enim
2653 1091 2809 1144 caecis
2841 1099 3062 1158 possunt
3090 1090 3290 1144 donare
3322 1090 3403 1143 vi-

1845 1195 1988 1245 sam,
2025 1196 2197 1250 neque
2230 1182 2410 1236 surdis
2446 1182 2708 1256 auditum,
2741 1197 2914 1249 neque
2966 1196 3156 1236 omnes
3193 1182 3398 1236 daemo-

1846 1287 1939 1326 nes
1968 1271 2226 1342 eli'ugare,
2257 1280 2448 1341 prieter
2477 1286 2571 1326 eos
2609 1273 2699 1342 qui
2730 1273 2797 1326 ab
2826 1274 2956 1340 ipsis
2987 1273 3355 1328 immittuntur
3381 1313 3396 1337 ,

1844 1366 1886 1419 si
1940 1374 2116 1418 tamen
2149 1372 2202 1417 et
2237 1363 2338 1417 hoc
2367 1362 2593 1428 faciunt,
2626 1374 2733 1421 etc.
2764 1384 2783 1417 ι
2817 1365 2950 1418 Tum
2988 1366 3178 1434 probat
3226 1365 3400 1420 adhuc

1844 1465 2000 1512 actate
2027 1466 2148 1520 sda,
2189 1446 2206 1508 ἰ
2249 1459 2299 1509 in
2334 1457 2674 1512 fraternitate
2702 1457 3018 1526 sepissime,
3054 1467 3272 1526 propter
3306 1457 3402 1511 ali-

1845 1545 1968 1614 quid
2005 1546 2368 1600 necessarium
2407 1561 2490 1611 ea,
2521 1561 2640 1615 qua:
2670 1555 2754 1601 est
2781 1547 2833 1600 in
2858 1562 3078 1615 quoquo
3109 1547 3247 1614 loco,
3292 1547 3398 1604 Ec-

1844 1637 2010 1692 clesia
2043 1637 2296 1691 universa
2335 1639 2638 1707 postulante
2665 1654 2760 1707 per
2793 1638 3048 1706 jejunium
3101 1651 3154 1694 et
3192 1641 3398 1710 suppli-

1843 1729 2107 1782 cationem
2152 1729 2399 1792 multam,
2434 1745 2709 1784 reversum
2752 1745 2872 1785 esse
2897 1732 3144 1798 spiritum
3179 1733 3397 1796 mortui,

1844 1831 1892 1873 et
1919 1819 2456 1892 [CXXledonatum
2480 1836 2597 1874 esse
2626 1822 2892 1875 hominem
2919 1823 3250 1876 orationibus
3279 1839 3401 1877 sau-

1844 1924 2083 1979 ctorum;
2123 1933 2140 1965 ι
2178 1912 2466 1982 pluresque
2500 1925 2738 1967 mortuos
2789 1913 2866 1967 sic
2919 1916 3400 1979 resurrexisse,.ut

1847 2021 1866 2054 ‹
1896 2004 2684 2073 perseveraverintnobiscum,
2705 2003 2951 2072 inquit",
2977 2005 3346 2070 annisnmltis;
3373 2023 3393 2056 ι

1842 2095 2106 2148 daemones
2141 2096 2342 2163 passim
2360 2111 2426 2149 ex
2456 2097 2807 2150 obsessorum
2832 2098 3154 2165 corporibus
3173 2084 3390 2165 expelli,

1842 2185 2089 2239 inﬁrmos
2123 2201 2217 2253 per
2254 2202 2510 2240 manuum
2549 2188 2946 2255 impositionem
2979 2191 3178 2255 curari,
3209 2205 3398 2244 sanus-

1839 2291 1942 2345 que
1973 2278 2208 2339 restitui,
2245 2294 2307 2332 ac
2338 2279 2530 2332 multos
2562 2281 2612 2332 in
2642 2280 2894 2334 Ecclesia
2918 2282 3107 2347 videri,
3137 2282 3227 2350 qui
3260 2298 3397 2350 prae-

1838 2368 2065 2420 scientia
2098 2370 2426 2434 futurorum,
2448 2371 2772 2434 visionibus,
2812 2372 3139 2426 dictionibus
3166 2374 3399 2442 prophe-

1839 2458 1961 2513 ticis
1984 2471 2034 2514 et
2051 2461 2493 2526 charismatibus,
2524 2463 2664 2516 dono
2685 2463 3010 2532 linguarum,
3032 2476 3163 2531 etc.,
3183 2468 3399 2535 conspi-

1839 2554 1924 2606 cui
1958 2562 2155 2608 essent.
2199 2571 2217 2603 ι
2251 2556 2295 2587 ⁸³
2327 2553 2395 2608 Ει
2422 2555 2549 2624 quid
2598 2557 2812 2610 autem?
2843 2558 2956 2612 Non
2993 2568 3078 2614 est
3113 2574 3394 2613 numerum

1839 2647 2019 2700 dicere
2065 2648 2358 2716 gratiarum
2411 2664 2550 2718 quas
2626 2665 2722 2718 per
2775 2652 3082 2706 universum
3140 2651 3395 2705 mundum

1839 2738 2080 2792 Ecclesia
2117 2756 2144 2790 a
2182 2738 2293 2790 Deo
2326 2740 2624 2806 accipiens,
2662 2743 2712 2793 in
2747 2743 2962 2796 nurnine
2999 2742 3196 2797 Christi
3243 2740 3393 2808 Jesu,

1839 2832 2086 2885 cruciﬁxi
2113 2833 2213 2887 sub
2239 2831 2428 2887 Pontio
2451 2833 2648 2898 Pilato,
2679 2852 2770 2900 per
2796 2838 3033 2905 singulos
3061 2839 3176 2892 dies
3204 2839 3257 2892 in
3289 2841 3400 2905 opi-

1840 2924 2154 2977 tulationem
2195 2927 2435 2994 gentium
2495 2925 2732 2994 perﬁcit;
2774 2943 2948 2996 neque
2983 2930 3254 2983 seducens
3293 2931 3396 2984 ali-

1838 3035 2015 3087 quem,
2052 3034 2149 3072 uee
2181 3020 2462 3087 pecuniam
2491 3019 2538 3072 ei
2575 3018 2946 3076 auferens...“
2983 3025 3073 3076 sed
3113 3024 3310 3078 munde
3344 3034 3398 3080 et

1838 3111 2126 3164 manifeste
2184 3111 2458 3165 orationes
2522 3112 2762 3181 dirigens
2822 3114 2886 3165 ad
2925 3115 3254 3183 Dominum,
3304 3119 3396 3189 qui

1837 3206 2014 3258 omnia
2052 3205 2214 3268 fecit,
2246 3215 2300 3259 et
2336 3220 2525 3259 nomen
2584 3207 2788 3260 Domini
2827 3205 2953 3263 Iesu
2988 3210 3185 3264 Christi
3242 3211 3395 3266 invo-

1840 3313 1989 3352 cans.
2035 3318 2053 3351 ι
2089 3299 2162 3352 Ex
2199 3299 2397 3368 quibus
2421 3301 2674 3354 omnibus
2698 3302 2892 3355 merito
2923 3302 3083 3357 infert
3115 3303 3182 3369 “,
3221 3323 3240 3356 ι
3271 3304 3339 3359 ibi
3373 3327 3392 3359 ι

1840 3393 2107 3446 duntaxat
2134 3412 2149 3443 ι
2177 3393 2388 3446 discere
2418 3402 2670 3462 oportere
2715 3396 3042 3462 veritatem,
3091 3397 3180 3449 ubi
3216 3396 3399 3451 chari-

1839 3496 2011 3542 smata
2052 3487 2262 3540 Domini
2315 3488 2491 3555 posita
2525 3495 2669 3551 sunt,
2708 3506 2726 3537 ι
2770 3503 2960 3558 nempe
3001 3508 3018 3540 ι
3068 3489 3207 3558 apud
3260 3507 3398 3559 quos

1837 3589 1919 3634 est
1952 3575 2038 3643 e'a,
2076 3594 2194 3647 quae
2227 3587 2310 3632 est
2337 3579 2403 3631 ab
2437 3579 2692 3646 apostolis
2725 3579 2978 3634 Ecclesire
3014 3583 3309 3638 successio.
3343 3602 3362 3633 ι

1909 3671 1997 3726 40.
2033 3672 2204 3736 Quam
2237 3680 2443 3724 certum
2479 3683 2563 3725 est
2601 3681 2777 3724 autem
2810 3687 2952 3737 eam,
2989 3689 3146 3741 quam
3180 3676 3400 3740 agnovit

1837 3764 2094 3826 lrenncus,
2130 3763 2428 3817 Ecclesiam
2455 3805 2467 3828 ,
2505 3778 2664 3815 unam
2700 3775 2752 3816 et
2799 3775 3039 3816 sanctam
3089 3780 3234 3829 esse,
3287 3776 3398 3820 tam

1838 3863 2046 3908 certum
2076 3864 2157 3906 est
2188 3852 2434 3905 eamdem
2475 3860 2528 3903 et
2580 3851 2899 3904 catholicam
2934 3863 2986 3904 et
3044 3852 3396 3919 apostolicam

1839 3961 1976 4001 esse.
2029 3946 2082 3998 ld
2116 3945 2395 3998 evidenter
2454 3945 2828 3996 demonstrant
2885 3957 2944 3995 ea
3008 3944 3224 4007 omnia,
3278 3960 3398 4012 qua:

1840 4040 2102 4091 hactenus
2131 4035 2460 4102 protulimus
2495 4049 2559 4087 ex
2591 4035 2705 4101 ipso
2739 4033 2872 4086 loca.
2933 4033 3078 4086 Nihil
3109 4035 3254 4088 enim
3287 4035 3399 4088 elli-

1839 4131 2049 4192 cacius,
2099 4138 2150 4181 ut
2179 4128 2286 4195 jam
2338 4127 2593 4184 diximus.
2625 4140 2745 4178 esse
2778 4125 3070 4178 arbitratus
3097 4135 3178 4179 est
3214 4126 3280 4179 ad
3317 4143 3400 4180 re-

1844 4223 2168 4274 tundendam
2226 4218 2627 4281 hmreticorum,
2661 4218 2838 4270 varias
2872 4219 2921 4268 in
2961 4228 3156 4282 sectas,
3185 4235 3399 4273 secum-

1840 4331 1946 4382 que
2002 4322 2310 4382 pugnantes
2346 4311 2639 4363 divisurum
2671 4349 2685 4372 ,
2739 4310 3117 4378 pervicaciam,
3149 4326 3305 4378 quant
3344 4321 3400 4366 ut

1841 4405 1905 4458 iis
1938 4413 2232 4473 opponeret
2265 4401 2573 4454 unanimem
2612 4400 2774 4452 totius
2809 4399 3062 4454 Ecclesia:
3097 4417 3192 4470 per
3228 4411 3396 4456 totum

1841 4497 2096 4550 mundum
2147 4494 2304 4562 longe
2356 4493 2566 4558 lateque
2601 4505 2907 4561 propagatae
2962 4507 3292 4546 consensum
3344 4493 3396 4548 in

190 4588 493 4640 volutantur
525 4602 736 4650 errore,
770 4588 1004 4642 ﬂuctuati
1040 4591 1217 4650 abeo,
1257 4589 1415 4643 aliter
1447 4599 1607 4658 atque
1642 4592 1740 4643 ali-
1772 4579 1816 4634 D
1849 4586 2175 4656 rejiciendis,
2207 4583 2665 4651 proﬁigaudisque
2699 4583 2925 4637 nefariis
2955 4600 3139 4638 eorum
3174 4586 3400 4654 dogma-

191 4688 264 4731 ter
292 4697 386 4748 per
426 4694 666 4749 tempora
697 4683 762 4734 de
794 4682 996 4736 eisdem
1036 4683 1348 4744 sentientes,
1384 4692 1437 4736 et
1467 4700 1738 4754 nunquam

192 4775 498 4826 sententiam
527 4774 820 4828 stabilitam
843 4775 1128 4838 habentes,
1169 4775 1425 4842 εοιιιιίειτε
1450 4776 1739 4828 verborum

194 4864 351 4930 magis
378 4864 616 4919 volentes
650 4878 790 4930 esse,
821 4881 983 4932 quam
1037 4865 1288 4935 discipuli
1320 4865 1590 4919 veritatis.
1622 4865 1738 4919 Non

191 4957 326 5008 enim
356 4967 482 5009 sunt
518 4957 726 5010 fundati
765 4974 924 5026 super
962 4974 1120 5010 unam
1175 4969 1398 5023 petram.
1438 4958 1529 5011 sed
1578 4974 1743 5027 super

191 5063 399 5101 arenam
444 5051 732 5103 habentem
765 5049 817 5102 in
845 5050 1020 5118 seipsa
1057 5050 1260 5117 lapides
1293 5051 1490 5104 multos
1521 5052 1587 5104 9'.
1626 5071 1644 5102 ι

237 5139 323 5196 59.
340 5141 622 5195 Concludit
641 5141 702 5193 2°
724 5143 775 5194 in
795 5143 906 5196 sola
925 5157 1046 5195 vera
1066 5143 1322 5205 Ecclesia,
1345 5159 1466 5196 vera
1486 5141 1740 5197 miracula

192 5248 307 5286 esse
336 5250 524 5304 posse:
562 5244 716 5289 extra
760 5235 1010 5288 Ecclesia:
1037 5238 1212 5289 sinum
1249 5236 1413 5304 nulla,
1443 5238 1505 5290 ad
1534 5253 1743 5303 eorum,

193 5339 307 5392 quae
331 5328 604 5392 reprobat,
627 5326 936 5394 dogmatum
963 5328 1447 5389 conﬁrmationem,
1482 5329 1583 5382 nisi
1611 5331 1742 5385 falsa

195 5427 244 5469 rt
276 5422 528 5473 ementita
563 5420 842 5481 miracula,
875 5436 1156 5487 morasque
1193 5421 1515 5488 przestigias,
1550 5432 1601 5475 et
1632 5440 1746 5477 ma-

194 5511 332 5579 gicas
353 5513 693 5581 operationes
724 5514 833 5566 lieri
859 5529 1032 5580 posse.
1063 5533 1079 5564 ι
1110 5513 1156 5546 ’³
1183 5516 1490 5584 Arguentur
1510 5516 1600 5583 qui
1623 5525 1746 5569 sunt

260 5728 304 5760 "
331 5729 460 5799 Cap.
491 5730 545 5794 6,
576 5747 631 5784 ιι.
671 5731 718 5787 l.
816 5732 861 5762 ’°
895 5733 1010 5784 Lih.
1051 5750 1129 5795 ιιι,
1161 5750 1212 5788 c.
1242 5735 1328 5797 24,
1363 5752 1416 5787 n.
1455 5737 1504 5790 1.

197 5815 311 5864 cap.
341 5802 428 5862 Si,
463 5821 513 5855 ιι.
547 5801 578 5854 2
613 5810 663 5853 et.
693 5803 743 5863 2'»,
777 5812 828 5853 et
858 5819 973 5871 cap.
1008 5819 1120 5872 seq.
1159 5821 1209 5860 n.
1241 5805 1271 5857 Ζ
1305 5819 1358 5860 et
1389 5807 1443 5859 4.

198 5885 248 5924 e.
285 5872 368 5930 ‘26.
404 5888 460 5925 η.
498 5873 549 5927 5.

1581 5738 1622 5767 ⁹¹
1659 5737 1672 5790 Ι
1706 5737 1830 5791 Cor.
1878 5754 1972 5793 xii.
2005 5737 2093 5794 28.

1535 5807 1580 5838 ’δ
1611 5807 1724 5859 Lib.
1755 5824 1803 5864 ν,
1834 5826 1882 5860 c.
1911 5810 1963 5868 6,
1995 5826 2047 5861 ιι.
2089 5812 2137 5862 l.

648 5873 692 5911 ⁸⁷
737 5872 853 5926 Lib.
887 5888 923 5936 t,
965 5889 1011 5926 ε.
1053 5887 1133 5954 ω,
1169 5893 1217 5929 ιι.
1257 5877 1305 5941 1,
1339 5876 1395 5929 2.
1467 5877 1510 5907 ’⁸
1532 5877 1650 5933 Lib.
1690 5896 1769 5943 ιιι,
1805 5895 1850 5934 c.
1887 5880 1934 5942 4,
1973 5897 2023 5934 ιι.
2055 5882 2108 5944 2,
2143 5891 2272 5936 etc.

902 5906 923 5936 ν,
965 5889 1011 5926 c.
1053 5887 1133 5954 in,
1169 5893 1217 5929 n.
1257 5877 1305 5941 l,
1339 5876 1395 5929 2.
1467 5877 1510 5907 ’⁸
1532 5877 1650 5933 Lib.
1690 5896 1769 5943 ιιι,
1805 5895 1850 5934 c.
1887 5880 1934 5942 4,
1973 5897 2023 5934 ιι.
2055 5882 2108 5944 2,
2143 5891 2272 5936 etc.
2305 5880 2386 5944 l2,
2423 5897 2472 5935 ιι.
2511 5880 2559 5933 8.

1839 4678 2003 4730 tibus.
2039 4676 2172 4729 llinc
2198 4687 2462 4744 perpetuo
2495 4685 2668 4746 urget,
2699 4685 2756 4728 ut
2788 4678 3022 4732 vidimus
3051 4678 3118 4742 ⁸⁷,
3153 4697 3170 4729 ι
3215 4678 3400 4732 Eccle-

1838 4769 1973 4822 siam
2029 4782 2125 4835 per
2175 4767 2487 4820 universum
2522 4767 2706 4821 orbem
2742 4783 2912 4836 usque
2966 4770 3030 4822 ad
3067 4770 3200 4824 lines
3239 4781 3401 4826 terra:

1840 4861 2188 4923 seminatam,
2219 4861 2270 4912 in
2298 4861 2605 4913 universum
2636 4861 2888 4914 mundum
2913 4861 3346 4927 disseminatam;
3374 4881 3391 4918 τ

1839 4970 1933 5020 per
1986 4951 2354 5012 Germaniam,
2421 4951 2742 5022 Hispanias,
2792 4953 3031 5020 Gallias,
3093 4955 3396 5019 Orientem,

1837 5043 2174 5114 Egyptum"
2233 5043 2459 5114 Libyam
2493 5055 2547 5098 et
2576 5045 2815 5100 Jndznam
2855 5047 3199 5114 dispersam;
3259 5050 3397 5116 apud

1853 5157 1871 5189 ι
1916 5142 2110 5190 iniiltas
2145 5149 2334 5206 gentes
2364 5139 2713 5192 barbarorum
2756 5158 2772 5190 ι
2813 5149 2864 5192 et
2903 5159 2918 5190 ι
2943 5155 3040 5208 per
3089 5141 3399 5195 universum

1846 5231 2172 5284 mundum”
2222 5249 2240 5282 ι
2277 5231 3094 5285 constitutam.circumeuntem
3143 5234 3398 5286 mundum

1844 5325 2190 5388 universum;
2229 5338 2292 5377 ac
2318 5324 2547 5393 denique
2577 5324 2785 5377 vineam
2823 5343 2839 5373 ι
2876 5339 2979 5378 non
3006 5326 3115 5394 jam
3165 5325 3399 5379 circum-

1843 5417 2214 5473 vallatam,sed
2237 5432 2525 5486 expansam
2555 5417 2606 5468 in
2640 5418 2946 5470 universum
2975 5419 3232 5471 mundum
3279 5419 3345 5482 ⁸⁸,
3372 5436 3392 5469 ι

1843 5511 1997 5580 cujus
2029 5521 2206 5567 tamen
2243 5521 2385 5567 esset
2416 5528 2517 5564 una
2553 5512 2706 5578 ﬁdes,
2742 5513 2986 5567 doctrina
3040 5523 3094 5567 et
3137 5512 3356 5566 traditio
3381 5550 3396 5575 ,

2173 5740 2216 5770 θ’
2253 5737 2414 5799 lren.,
2446 5738 2535 5790 lib.
2570 5753 2649 5800 ιιι,
2685 5753 2735 5790 c.
2764 5738 2850 5799 ‘2l,
2883 5754 2935 5790 ιι.
2967 5736 3023 5789 2.
3101 5735 3149 5767 "
3174 5736 3287 5790 Lib.
3327 5753 3387 5795 ll,

2234 5810 2280 5842 “
2312 5810 2427 5864 Lib.
2465 5824 2524 5871 tt,
2555 5824 2672 5874 cap.
2705 5808 2792 5867 23,
2831 5826 2882 5858 ιι.
2912 5807 2961 5860 4.
3059 5807 3102 5838 ⁹⁶
3141 5805 3259 5860 Lib.
3300 5823 3391 5866 ιιι,

2637 5880 2679 5909 ⁹⁹
2710 5878 2827 5933 Lib.
2865 5895 2915 5932 tv
2937 5918 2949 5941 ,
2985 5892 3103 5945 cap.
3136 5877 3224 5940 56,
3255 5892 3307 5928 ιι.
3335 5875 3393 5933 I.
