4196 6330
781 379 884 438 987

1553 381 2152 441 DlSSERTATlONES
2189 381 2490 440 PREVIE
2526 382 2590 438 IN
2631 382 2885 440 lRENIEI
2917 381 3179 443 LIBROS.

3892 387 3998 439 2R8

776 499 1102 564 ttna‘anima,
1132 513 1294 552 unum
1326 512 1439 566 cor,
1464 515 1629 559 unum
1653 516 1735 564 os,
1767 517 1872 557 una
1903 513 1957 558 et
1979 506 2166 560 eadem
2198 522 2328 575 prze-
2362 506 2406 562 A
2435 505 2685 573 apostoli,
2739 520 2958 574 semper
3007 505 3282 562 custodire
3331 505 3526 563 asserit
3572 516 3760 563 auctor
3794 521 4000 564 noster.

773 593 993 654 dicatio,
1025 608 1088 647 ac
1123 594 1405 663 regiminis
1455 594 1815 658 ecclesiastici
1874 595 2072 654 forma.
2126 599 2324 655 Rideat

775 686 1021 755 proinde,
1058 685 1140 740 vel
1173 685 1254 740 sui
1287 700 1509 757 compos
1546 703 1650 758 non
1685 689 1756 745 sit
1792 707 2010 747 necesse
2037 703 2145 756 est,
2177 694 2331 762 quis-

773 776 892 843 quis
923 775 1219 830 Ecclesiam
1254 786 1362 831 tam
1391 774 1547 849 longe
1594 779 1806 850 lateque
1839 795 2214 853 propagatam,
2247 784 2333 838 vi-

774 867 981 921 sibilem
1020 884 1082 923 ac
1117 871 1467 939 conspicuam
1502 887 1622 928 esse
1655 883 1831 942 neget,
1885 885 1940 931 et
1974 877 2040 931 ad
2085 878 2331 933 tictitium

774 965 1061 1027 quemdam
1086 973 1139 1015 et
1165 963 1492 1019 invisibilem
1519 966 1814 1021 electorum
1833 981 2033 1024 emtum
2064 981 2330 1027 coerceat.

773 1048 940 1118 Ecqui
973 1050 1145 1107 latere
1180 1053 1374 1121 possit,
1422 1072 1440 1107 ς
1479 1056 1630 1122 cujus
1663 1057 1866 1126 lumen,
1899 1060 2213 1128 praedicatio
2244 1076 2332 1114 ve-

771 1141 969 1218 ritatis,
1002 1142 1198 1212 ubique
1239 1145 1403 1213 lucet,
1436 1157 1489 1202 et
1519 1147 1786 1207 illuminat
1816 1165 2006 1206 omnes
2057 1152 2330 1219 homines,

771 1215 862 1299 qui
914 1233 1100 1289 volunt
1161 1236 1224 1290 ad
1279 1238 1639 1307 cognitionem
1695 1241 1939 1296 veritatis
2002 1243 2268 1297 venire“?
2309 1263 2327 1296 ι

772 1315 1052 1390 Quomodo
1084 1326 1262 1398 ignota
1305 1344 1424 1384 esse
1470 1332 1658 1400 possit,
1686 1348 1805 1402 quae
1841 1352 1859 1386 ι
1897 1335 2094 1405 ubique
2137 1337 2335 1406 praedi-

773 1425 860 1468 cat
893 1418 1200 1482 veritatem,
1234 1423 1372 1489 apud
1403 1437 1560 1490 quam
1592 1439 1693 1477 una
1729 1436 1781 1478 et
1807 1411 1992 1481 eadem
2025 1429 2214 1484 salutis
2246 1431 2332 1484 via

772 1506 823 1560 in
850 1492 1101 1565 universo
1134 1513 1336 1566 mundo
1364 1515 1690 1580 ostenditur,
1727 1536 1747 1569 ›
1779 1534 1896 1586 qua:
1923 1539 1941 1572 ι
1975 1520 2214 1590 plantata
2248 1532 2333 1578 est

770 1601 1048 1669 paradisus
1083 1603 1134 1656 in
1171 1597 1273 1658 hoc
1310 1606 1528 1670 mundo,
1563 1625 1581 1657 ι
1610 1624 1836 1680 quaeque
1893 1630 1912 1663 ι
1955 1614 2155 1683 ubique
2189 1632 2329 1686 prae-

768 1691 913 1744 clara
946 1701 1027 1747 est
1059 1693 1116 1747 "l
1148 1711 1166 1744 ι
1221 1694 1322 1762 Qui
1361 1698 1592 1767 denique
1638 1700 1924 1757 invisibilis
1955 1717 2286 1776 essequeat
2313 1749 2329 1774 ,

768 1795 886 1847 qute
944 1802 963 1834 ε
1005 1793 1090 1836 est
1147 1786 1458 1857 ὲπτάμυξος
1523 1789 1776 1858 lucerna,
1823 1793 2024 1850 Christi
2083 1797 2330 1866 bajulaus

2435 597 2568 652 Hinc
2592 599 2802 653 demum
2828 598 2951 668 jure
2972 601 3165 654 merito
3188 597 3373 663 infert,
3403 603 3564 656 sectis
3583 604 3998 674 quibuscunque

2433 693 2703 748 haereticis
2729 702 2822 747 aut
2872 693 3240 748 schismaticis
3275 695 3636 764 antiquiorem
3667 711 3788 750 esse
3812 711 3992 750 veram

2435 786 2751 849 Ecclesiam,
2781 795 2966 856 utpote
2989 803 3107 856 quae
3142 787 3408 856 originem
3444 787 3723 856 apostolis,
3756 788 3865 841 imo
3893 788 3992 857 ipsi

2431 877 2647 932 Christo
2679 879 2839 947 capiti
2866 893 2964 932 Stin
2987 889 3261 947 acceptam
3286 877 3488 932 referat
3511 880 3566 934 δε
3599 898 3614 932 t
3641 879 3838 936 Omnes
3865 896 3994 937 vero

2435 969 2720 1025 haereticos
2747 971 2907 1025 valde
2943 972 3274 1042 posteriores
3318 985 3463 1034 esse,
3493 986 3654 1040 quam
3685 974 3990 1042 episcopos,

2434 1062 2628 1131 quibus
2677 1063 2902 1132 apostoli
2937 1063 3281 1118 tradiderunt
3307 1061 3600 1119 Ecclesias.
3630 1081 3648 1115 ι
3677 1063 3832 1133 Apud
3868 1065 3994 1119 bar-

2434 1151 2598 1206 baros
2622 1151 2886 1221 siquidem
2907 1154 3018 1223 jam
3052 1154 3333 1209 obtinebat
3364 1170 3451 1220 ea,
3481 1171 3642 1225 quam
3667 1155 3995 1224 prxedicabat

2432 1237 2701 1304 Ecclesia,
2733 1240 2902 1307 ﬁdes;
2938 1243 3159 1311 quibus
3189 1251 3394 1306 tamen,
3430 1260 3495 1308 ne
3518 1245 3732 1315 quidem
3779 1247 3997 1304 nomine

2436 1341 2614 1398 tenus,
2649 1343 2787 1388 nota:
2815 1344 2973 1391 erant
3009 1336 3389 1391 haereticorum
3414 1349 3597 1406 sectae;
3628 1338 3784 1410 longe
3815 1341 3998 1394 minus

2432 1438 2618 1479 eorum
2661 1429 2984 1482 sententite:
3023 1448 3040 1480 ι
3083 1431 3380 1498 nequedum
3416 1433 3559 1486 enim
3588 1437 3935 1501 congregatio
3969 1450 3990 1485 ι

2436 1516 2813 1571 haereticorum
2857 1539 2874 1568 ‹
2924 1518 3024 1572 fuit
3081 1522 3218 1590 apud
3264 1535 3377 1586 eos,
3427 1537 3599 1590 neque
3622 1523 3868 1579 doctrina
3907 1524 3996 1578 in-

2433 1614 2618 1666 stituta
2647 1613 2690 1666 ".
2724 1632 2741 1664 ι
2800 1612 3003 1673 Deinde
3035 1614 3466 1685 uniuscujusque
3515 1618 3784 1672 ha-reseos
3819 1619 3996 1683 initia,

2434 1705 2746 1773 primosque
2775 1717 3030 1775 parentes
3069 1720 3126 1761 et
3153 1708 3480 1763 architectos
3527 1707 3681 1764 facile
3729 1711 3994 1781 assignari

2435 1812 2626 1866 posse;
2673 1799 2995 1853 recentioris
3022 1800 3231 1876 quippe.
3256 1803 3529 1856 memoria:
3548 1817 3698 1859 esse:
3735 1801 3993 1859 Ecclesiae

769 1874 1084 1939 lnmen;cui
1104 1880 1370 1935 creditum
1396 1890 1475 1936 est
1503 1881 1830 1950 lumenIDei;
1858 1898 1910 1942 et
1935 1899 2154 1958 propter
2180 1892 2280 1948 hoc
2300 1912 2319 1949 ι
2363 1866 2405 1924 Β
2437 1906 2566 1946 vero
2590 1891 2872 1946 catholica:
2897 1893 3118 1947 exordia
3149 1893 3200 1948 in
3228 1893 3506 1950 Christum
3541 1896 3736 1962 solum,
3770 1896 3998 1968 ejusque

768 1969 1033 2035 sapientia
1061 1988 1078 2020 ι
1103 1971 1216 2037 Dei,
1252 1987 1347 2040 per
1373 1990 1533 2043 qttaut
1563 1977 1737 2033 salvat
1767 1996 1955 2036 omnes
1981 1983 2246 2052 homines,
2270 1987 2322 2041 iit

766 2063 915 2114 exitu
952 2065 1190 2130 canitur,
1225 2067 1278 2118 i-n
1324 2067 1515 2136 plateis
1541 2081 1721 2124 autem
1763 2072 2085 2130 ﬁducialiter
2126 2079 2238 2148 agit
2280 2080 2321 2145 ³,

770 2153 821 2204 in
858 2155 1086 2208 summis
1119 2157 1286 2212 muris
1316 2162 1663 2228 praedicatur,
1711 2165 1764 2218 in
1793 2168 1963 2236 portis
1986 2177 2165 2225 autem
2193 2171 2326 2226 civi-

771 2246 894 2299 tatis
934 2257 1247 2303 constanter
1271 2251 1510 2321 loquitur
1532 2255 1591 2308 “!
1623 2275 1641 2309 ι

836 2333 922 2388 41.
961 2335 1102 2393 Nihil
1159 2342 1320 2395 etiam
1376 2343 1604 2401 validius
1657 2349 1723 2402 ad
1768 2350 2175 2410 confundendos
2228 2372 2322 2412 eos

765 2441 976 2492 omnes,
1005 2433 1096 2494 qui
1121 2434 1201 2486 vel
1229 2436 1366 2490 male
1392 2439 1651 2505 sentiunt,
1677 2442 1756 2495 vel
1778 2456 2135 2513 praeterquam
2161 2465 2321 2517 opor-

767 2529 864 2583 tet,
895 2524 1174 2592 colhgunt,
1206 2542 1324 2582 esse
1353 2531 1683 2586 existimavit
1713 2547 1903 2592 auctor
1931 2551 2133 2606 neSter,
2157 2559 2317 2610 quant

766 2613 832 2666 iis
867 2613 1161 2671 Ecclesiam
1196 2622 1543 2688 apostolicam
1571 2623 1826 2694 obiicere.
1861 2630 1996 2686 llinc
2024 2643 2128 2688 tam
2155 2651 2317 2705 saepe,

765 2712 980 2775 tamque
1013 2719 1331 2767 constanter
1368 2714 1632 2781 inculcat,
1684 2729 1740 2772 ut
1770 2723 2133 2786 ostendimus,
2167 2719 2320 2780 eant-

763 2798 883 2850 dem
913 2799 1205 2857 Ecclesiam
1251 2805 1318 2859 ab
1349 2809 1613 2875 apostolis
1670 2811 1799 2880 ipsis
1835 2830 1984 2869 suam
2041 2820 2320 2887 accepisse

763 2889 945 2956 ﬁderit,
990 2893 1291 2952 doctrinam
1328 2909 1382 2952 et
1423 2902 1790 2968 traditionem,
1840 2908 1908 2961 ab
1944 2909 2009 2962 iis
2041 2909 2317 2966 fundatam

761 2999 901 3050 esse,
933 2995 985 3039 et
1011 2988 1339 3056 ordinatam,
1371 2993 1438 3047 ab
1466 2995 1533 3051 iis
1560 3000 1885 3054 constitutos
1917 2999 2082 3057 fuisse
2109 3005 2321 3072 episco-

763 3093 879 3144 pos,
919 3093 1081 3146 penes
1114 3097 1249 3150 quos
1284 3084 1335 3138 in
1375 3102 1698 3158 unaquaque
1729 3091 1967 3147 Ecclesia
2001 3111 2208 3151 summa
2237 3113 2320 3153 re-

2429 1982 2705 2050 apostolos
2759 1982 2970 2038 refundi
3006 1999 3188 2053 posse.
3226 2005 3244 2037 c
3277 1985 3419 2042 Ante
3471 1987 3811 2043 Valentinum
3847 1990 3992 2045 euint

2427 2088 2539 2128 non
2595 2073 2856 2141 fuerunt,
2903 2078 2993 2146 qui
3051 2090 3176 2132 sunt
3216 2093 3244 2131 a
3295 2077 3598 2146 Valentino,
3659 2097 3837 2150 neque
3867 2092 3997 2137 ante

2433 2165 2757 2221 Marcionent
2790 2181 2991 2234 erant,
3049 2173 3142 2241 qui
3195 2183 3321 2228 sunt
3374 2190 3402 2228 a
3455 2173 3766 2238 Marcione;
3818 2191 3996 2248 neque

2427 2261 2649 2315 omnino
2698 2272 2856 2317 erant
2890 2266 3082 2334 reliqui
3118 2281 3311 2322 sensus
3353 2269 3612 2340 maligni,
3659 2286 3798 2339 quos
3827 2286 3996 2342 supra

2425 2350 2884 2413 enumeravimus,
2913 2364 3198 2423 antequam
3233 2356 3561 2424 initiatores,
3593 2370 3645 2414 et
3677 2361 3994 2418 inventores

2426 2443 2806 2507 perversitatis
2846 2459 3030 2499 eorum
3063 2447 3275 2505 ﬁerettt.
3314 2448 3635 2506 Valentinus
3664 2456 3809 2507 enim
3845 2457 3995 2509 venit

2426 2531 2656 2586 Romam
2685 2537 2782 2589 sub
2809 2535 3055 2608 Hygino;
3090 2540 3320 2595 increvit
3351 2559 3477 2598 vero
3510 2545 3608 2599 sub
3637 2545 3750 2610 Pio,
3787 2556 3839 2599 et
3863 2562 3996 2616 pros

2424 2626 2632 2695 rogavit
2675 2636 2884 2697 tempus
2919 2647 3086 2699 usque
3114 2639 3180 2687 ad
3209 2636 3510 2691 Anicetum.
3540 2638 3747 2693 Certtou
3781 2657 3992 2706 autent,

2421 2720 2512 2786 qui
2544 2729 2670 2774 ante
2697 2719 3024 2778 Marciouem
3054 2765 3068 2788 ,
3108 2738 3160 2781 et
3211 2728 3297 2783 hic
3331 2731 3430 2782 sub
3471 2731 3677 2801 Hygino
3713 2731 3895 2788 vixit..
3928 2773 3942 2788 .
3967 2776 3983 2791 .

2420 2803 2656 2864 Marcioh
2681 2823 2859 2868 autem
2893 2815 2966 2869 illi
3000 2817 3292 2872 succedens
3317 2821 3657 2876 invaluitsub
3681 2823 3986 2882 Auiceto...

2422 2904 2635 2974 Reliqui
2671 2921 2816 2971 vero,
2854 2910 2945 2976 qui
2974 2919 3240 2962 vocantur
3290 2909 3531 2965 Gnosdci
3557 2955 3571 2978 ,
3629 2927 3660 2966 a
3692 2913 3993 2970 Menandro

2422 2996 2660 3052 Simonis
2689 2999 2972 3069 discipulo,
3018 3000 3471 3068 quemadmodum
3511 3001 4002 3058 ostettdimusacci-

2420 3087 2632 3156 pientes
2664 3088 2820 3143 initia
2873 3092 3248 3160 unusquisque
3293 3107 3504 3158 eorum,
3533 3093 3684 3163 cujus
3714 3096 3992 3165 principa-

764 3183 882 3220 rnnt
906 3180 1067 3236 esset,
1097 3190 1124 3225 a
1154 3176 1351 3243 quibus
1369 3177 1474 3232 sibi
1504 3179 1730 3236 invicem
1758 3186 2174 3242 succedentibus
2199 3205 2321 3258 per-
2351 3205 2392 3262 ο
2429 3191 2516 3234 lus
2558 3191 2642 3235 θδι
2677 3184 2987 3246 εθυιεηιίῖὲν
3040 3183 3157 3250 eius

2429 3191 2516 3234 tus
2558 3191 2642 3235 est
2677 3184 2987 3246 sententiae,
3040 3183 3157 3250 ejus
3191 3194 3242 3238 et
3271 3197 3447 3254 pater,
3481 3199 3536 3242 et
3565 3191 3793 3244 antistes
3820 3206 3994 3262 appa-

761 3271 922 3330 petuo
940 3275 1214 3332 regeretur
1234 3278 1283 3323 et
1307 3271 1804 3343 administraretur;
1835 3278 2041 3349 hacque
2062 3284 2320 3338 continua

758 3355 1134 3425 episcoporum
1167 3361 1540 3430 successione,
1569 3381 1846 3436 nunquam
1872 3372 2132 3441 desitura,
2160 3391 2320 3431 unam

758 3457 812 3500 et
841 3449 1106 3516 eamdem,
1160 3456 1508 3520 apostolicam
1538 3497 1552 3520 ,
1611 3473 1804 3526 puram
1839 3475 1891 3517 et
1934 3465 2322 3526 intemeratant

758 3540 825 3592 ad
859 3555 954 3595 nos
987 3557 1160 3612 usque
1197 3561 1417 3602 manare
1471 3550 1630 3605 ﬁdem
1677 3563 1730 3607 et
1774 3555 2144 3613 traditionem.
2181 3560 2321 3617 llinc

759 3630 811 3684 in
861 3647 923 3686 ea
962 3636 1309 3691 successione
1357 3642 1721 3696 certissimum
1769 3650 2018 3717 corporis
2075 3651 2317 3720 Christi,

757 3738 851 3779 seu
886 3724 1138 3781 Ecclesia:
1183 3731 1556 3787 characterem
1603 3737 1838 3806 positum
1872 3755 1990 3796 esse
2041 3745 2178 3810 vult,
2210 3762 2319 3814 quo

756 3818 824 3869 ab
858 3817 1173 3885 inﬁdelium,
1211 3823 1585 3880 haereticorum
1610 3838 1666 3882 et
1688 3831 2159 3891 schismaticorum
2186 3854 2318 3893 cou-

756 3909 1042 3964 venliculis
1075 3927 1414 3969 secernatur.
1450 3935 1469 3969 ε
1507 3918 1843 3988 Character,
1902 3927 2080 3996 inquit
2109 3969 2124 3993 ,
2188 3946 2316 3984 cor-

756 4003 901 4068 poris
928 4003 1129 4058 Christi
1178 4009 1476 4063 secundum
1503 4016 1878 4071 successiones
1909 4020 2314 4093 episcoporum,

754 4093 950 4159 quibus
985 4094 1059 4148 illi
1084 4110 1223 4160 eam,
1256 4114 1376 4168 quae
1416 4100 1468 4154 in
1527 4118 1854 4176 unoquoque
1898 4108 2017 4166 loco
2050 4125 2133 4167 est
2160 4156 2174 4178 ,
2211 4116 2314 4170 Ec-

753 4185 969 4239 clesiam
1026 4191 1385 4244 tradiderunt.
1425 4210 1443 4243 t
1504 4193 1606 4248 Ubi
1661 4211 1946 4267 perperam
1998 4207 2309 4270 contendit,

753 4278 897 4332 nullo
926 4290 1073 4334 certe
1101 4294 1419 4351 argumento
1450 4287 1666 4355 probat,
1700 4290 1915 4349 clariss.
1941 4294 2194 4361 Grabius,
2226 4299 2311 4355 hic

750 4371 1099 4426 characterem
1137 4391 1240 4427 non
1278 4386 1380 4428 tant
1415 4378 1648 4446 signum,
1701 4384 1815 4438 siVe
1871 4396 2050 4440 notant
2077 4431 2090 4453 ,
2144 4406 2308 4458 quant

751 4463 1021 4531 formam,
1059 4469 1172 4521 sive
1223 4471 1445 4540 ﬁgurant
1502 4472 1758 4530 Ecclesia:
1814 4479 2097 4536 denotare.
2154 4485 2308 4550 Quod

2428 3273 2551 3325 ruit.
2585 3272 2782 3328 Omnes
2812 3285 2992 3328 autem
3019 3277 3070 3329 lti
3104 3277 3270 3330 multo
3297 3280 3585 3346 posterius,
3623 3282 3993 3342 mediantibus

2418 3365 2527 3435 jam
2584 3367 2846 3422 Ecclesiae
2893 3371 3246 3440 temporibus,
3295 3372 3792 3429 insurrexerunt-in
3828 3393 3991 3433 suam

2423 3457 2779 3527 apostasiam.
2818 3477 2838 3511 ι

2491 3571 2938 3629 42.(]ριίἱεείιηίε
2996 3574 3146 3627 hisee
3198 3575 3654 3640 characterihus,
3709 3579 3983 3634 hactenus

2420 3662 2729 3732 explicatis,
2758 3679 2873 3718 eam
2910 3665 3230 3729 Ecclesiam,
3265 3667 3418 3735 cujus
3453 3668 3606 3721 ﬁdem
3643 3680 3694 3722 et
3729 3673 3986 3725 traditio-

2420 3771 2541 3809 nem
2571 3767 2756 3810 contra
2788 3757 3079 3814 htereticos
3103 3763 3472 3829 propugnabat
3495 3760 3747 3824 lrenaius,
3770 3763 3981 3831 deﬁnit,

2418 3860 2473 3903 et
2505 3865 2530 3903 a
2567 3852 2805 3918 qualibet
2861 3852 2963 3906 alia
2993 3854 3249 3907 societate
3281 3855 3622 3908 discriminat
3649 3897 3661 3916 ,
3693 3870 3755 3908 ac
3779 3856 3986 3910 discri-

2419 3941 2612 3995 ntinari
2672 3941 2804 3998 vult.
2866 3942 3122 4010 Quaenam
3168 3959 3298 3999 vero
3358 3962 3418 4000 ea
3476 3945 3640 3999 fuerit
3689 3947 3933 4002 Ecclesia
3967 3990 3982 4013 ,

2419 4032 2562 4085 haud
2596 4033 2834 4101 ambigat
2858 4035 3102 4103 quisquis
3129 4035 3386 4090 Irenaeum
3419 4037 3685 4091 dicentem
3720 4040 3983 4107 audierit,

2416 4125 2484 4176 ad
2519 4122 2816 4177 Romanam
2854 4124 3150 4178 Ecclesiam
3196 4141 3415 4181 necesse
3460 4141 3578 4180 esse
3610 4143 3822 4181 omnem
3878 4128 3985 4183 Ec-

2415 4216 2630 4270 clesiam
2661 4257 2675 4281 ,
2707 4219 2752 4270 si
2808 4232 2945 4271 verte
2977 4217 3234 4272 Ecclesiae
3267 4220 3564 4273 membrum
3594 4229 3647 4273 et
3674 4237 3796 4288 pars
3853 4238 3983 4278 esse

2413 4308 2562 4375 velit,
2597 4312 2921 4367 convenire.
2958 4309 3010 4362 id
3057 4318 3162 4372 est,
3200 4321 3256 4362 ιιι
3290 4311 3538 4378 superius
3572 4312 3979 4366 demonstravi-

2412 4415 2552 4464 tuus,
2591 4402 2640 4453 iit
2676 4417 2779 4454 una
2813 4417 2932 4455 cum
2965 4417 3028 4456 ea
3058 4403 3182 4465 ﬁde,
3217 4403 3512 4456 traditione
3535 4413 3692 4471 atque
3723 4405 3974 4458 doctrina

2414 4494 2764 4559 consentire,
2828 4496 3050 4564 ejusque
3109 4495 3476 4549 communioni
3547 4497 3861 4551 adhaerere:
3923 4507 3981 4552 et

2165 4541 2197 4550 η
2421 4541 2764 4559 -.-ηπ-η--.
2831 4541 3049 4564 ηαυηη
3111 4541 3166 4549 η

747 4557 954 4611 etiamsi
1005 4560 1275 4615 obtineret
1307 4603 1320 4626 ,
1362 4564 1496 4617 male
1555 4575 1729 4620 tamen
1759 4569 1934 4623 adhuc
1978 4587 2152 4626 causae
2195 4591 2306 4630 suae
2340 4541 2383 4596 Β
2413 4587 2659 4654 quisquis
2725 4587 3034 4640 meminerit
3083 4603 3177 4640 san

2421 4541 2764 4559 -.-ηπ-η--.
2831 4541 3049 4564 ηαυγ--
3111 4541 3475 4549 πη--.
3548 4541 3861 4551 πηνα-ν.
3925 4541 3978 4552 ν.

2413 4587 2659 4654 quisquis
2725 4587 3034 4640 meminerit
3083 4587 3490 4640 sanctissimum
3547 4588 3978 4655 apostolicoruut

748 4649 1077 4706 consuleret.
1103 4652 1156 4706 ld
1184 4655 1350 4718 enim,
1377 4657 1526 4721 velit,
1568 4659 1720 4720 nolit,
1753 4675 1816 4712 ex
1855 4662 2054 4716 Irenaro
2083 4677 2301 4721 consta-

749 4739 844 4803 bit,
894 4756 1012 4794 eaut
1057 4747 1338 4798 secundum
1401 4750 1750 4803 successiones
1795 4753 2154 4820 episcoporum
2188 4757 2301 4810 for-

744 4847 884 4884 mam
925 4833 978 4886 in
1019 4849 1246 4902 corpore
1276 4837 1474 4892 Christi
1516 4841 1629 4895 sive
1654 4841 1917 4909 Ecclesia,
1949 4846 2015 4898 ab
2045 4850 2305 4916 apostolis

745 4921 873 4987 ipsis
905 4927 1254 4979 constitutam
1287 4944 1438 4995 esse;
1476 4946 1538 4984 ac
1581 4931 1801 5000 proinde
1839 4950 1898 4988 ea
1934 4951 2144 5006 semper
2173 4953 2301 4995 nota

744 5014 1173 5072 discriminatum
1203 5021 1266 5074 iri
1290 5037 1469 5076 veram
1493 5023 1694 5078 Chriin
1728 5026 2048 5090 Ecclesium,
2069 5031 2137 5085 ab
2168 5047 2302 5101 apo-

742 5108 893 5163 stolis
942 5110 1252 5180 fundatam,
1281 5132 1309 5169 a
1342 5131 1663 5187 quacunque
1696 5120 1797 5172 alia
1833 5123 2124 5189 societate;
2160 5128 2300 5194 quod

744 5201 794 5253 in
833 5201 920 5254 illa
946 5201 1119 5257 forma
1151 5205 1224 5258 sit
1255 5209 1552 5262 secundum
1588 5209 1880 5280 legitimam
1925 5218 2299 5286 episcoporum

740 5302 1161 5369 successionem,
1191 5319 1309 5373 qua:
1347 5307 1399 5360 in
1454 5309 1555 5362 hac
1609 5309 1769 5364 desit.
1807 5309 1828 5341 ⁵
1859 5310 1997 5366 Hinc
2032 5331 2048 5364 ς
2080 5329 2172 5367 eos
2207 5316 2296 5382 qui

740 5395 808 5446 ab
836 5394 1075 5448 Ecclesia
1111 5408 1266 5464 sunt,
1302 5399 1547 5453 eamdem
1608 5401 1832 5469 ﬁguram
1870 5405 1989 5473 ejus
2017 5447 2030 5470 ,
2070 5423 2188 5476 quae
2218 5417 2301 5460 est

739 5502 861 5554 erga
890 5487 1206 5553 Ecclesiam,
1237 5491 1622 5559 ordinationis,
1657 5513 1676 5546 ι
1699 5497 1750 5548 id
1783 5506 1864 5550 est
1885 5500 2125 5551 eamdem
2158 5502 2299 5568 regi-

739 5578 899 5632 minis
955 5580 1308 5636 ecclesiastici
1345 5583 1616 5651 formam,
1670 5603 1830 5657 quam
1890 5593 2296 5645 constituerunt

811 5784 826 5813 ¹
855 5783 965 5837 Lib.
1002 5803 1036 5847 l,
1068 5802 1115 5839 c.
1159 5787 1237 5848 l0,
1273 5805 1323 5839 tt.
1348 5790 1401 5841 2.

740 5868 787 5907 c.
814 5858 901 5912 21“.
966 5876 1015 5912 ll.
1063 5860 1106 5909 l.
1187 5861 1204 5888 ⁶
1248 5861 1375 5914 Ibid.

1478 5793 1496 5820 ²
1526 5791 1640 5844 Lib.
1673 5810 1723 5856 ν,
1756 5811 1802 5848 c.
1838 5796 1924 5858 20,
1962 5815 2015 5848 tt.
2059 5800 2102 5862 Ι,
2133 5800 2186 5857 ‘2.

1454 5871 1474 5901 ⁷
1512 5862 1626 5917 Lib.
1663 5880 1741 5930 tlt,
1772 5881 1817 5920 c.
1848 5868 1898 5928 4,
1928 5885 1977 5921 ιι.
2007 5871 2058 5932 2,
2095 5871 2145 5924 5.

2267 5802 2283 5831 ³
2315 5800 2474 5858 Prov.
2513 5817 2558 5862 t,
2587 5801 2678 5866 ΞΟ,
2712 5801 2799 5858 21.

2413 4675 2645 4748 [CXXV]
2665 4678 2909 4737 ,viroruttt
2937 4679 3257 4748 discipulum
3283 4693 3403 4730 cum
3423 4694 3479 4732 ea
3501 4693 3713 4746 semper
3733 4679 3978 4734 Ecclesia

2402 4769 2674 4822 individua
2695 4771 3092 4824 communionis
3113 4772 3369 4823 societate
3396 4771 3630 4822 vinctum
3650 4773 3713 4822 ad
3743 4782 3975 4826 mortem

2402 4877 2572 4928 usque
2602 4877 2998 4931 perseverasse.
3031 4861 3201 4916 Porro
3229 4864 3270 4915 si
3304 4863 3546 4916 ltomana
3577 4863 3814 4916 Ecclesia
3849 4866 3976 4920 ideo

2400 4956 2565 5007 fuerit
2592 4955 2830 5008 secundo
2860 4954 3058 5008 saeculo
3088 4971 3210 5008 vera
3254 4957 3455 5010 Christi
3506 4956 3753 5009 Ecclesia
3782 4995 3796 5020 ,
3835 4960 3970 5024 quia

2400 5041 2512 5094 sola
2544 5042 2808 5107 praedictis
2843 5059 2982 5095 vera:
3010 5043 3258 5098 Ecclesiae
3287 5046 3694 5099 characteribus
3724 5062 3786 5100 ac
3819 5050 3970 5103 notis

2399 5133 2817 5201 insiguiebatur,
2850 5150 3068 5189 necesse
3086 5146 3166 5189 est
3185 5139 3426 5190 eamdem
3452 5148 3504 5191 et
3523 5138 3712 5205 solam,
3744 5152 3964 5206 postre-

2399 5228 2499 5279 tnis
2513 5226 2670 5279 etiant
2688 5229 2835 5281 hisce
2850 5228 3267 5292 sa:culis,veraut
3283 5244 3397 5283 esse
3410 5232 3612 5284 Christi
3635 5231 3964 5293 Ecelesiant,

2397 5321 2590 5373 cuntin
2622 5335 2739 5373 eam
2769 5320 2938 5374 solam
2965 5329 3289 5378 Conveniunt
3311 5326 3381 5377 illi
3413 5328 3777 5379 characteres.
3800 5323 3972 5390 Quis-

2394 5413 2518 5481 quis
2562 5412 2705 5465 enint
2758 5415 3008 5481 sepositis
3052 5417 3316 5482 tantisper
3363 5417 3727 5486 prrcjudiciis,
3780 5429 3971 5474 sectas

2392 5517 2613 5565 omnes,
2661 5503 2913 5572 quzejam
2964 5520 3160 5570 corpus
3195 5506 3393 5560 Christi
3446 5509 3643 5561 misere
3682 5509 3967 5576 lacerant,

2393 5609 2712 5661 percurrere
2742 5597 2985 5661 voluerit,
3005 5601 3260 5667 evestigio
3277 5601 3638 5668 deprehendet
3659 5602 3965 5659 Ecclesiam

2902 5804 2920 5834 "
2953 5803 3068 5858 Lib.
3108 5819 3181 5868 iv,
3218 5819 3331 5873 cap.
3368 5804 3454 5868 56,
3493 5823 3541 5858 tt.
3570 5805 3620 5856 2.
3709 5805 3727 5835 ⁵
3759 5806 3876 5863 Lib.
3908 5822 3964 5876 v,
