4196 6330
241 388 339 444 1δῦ

1153 387 1606 444 DlSSERTATlO
1646 389 1732 454 lll,
1775 390 1864 445 DE
1899 387 2152 444 ΙΒΕΝᾸΞΙ
2191 385 2554 444 DOCTRINA.

3361 387 3466 446 29D

245 505 537 563 l'tontatram
561 511 729 562 solam
757 521 878 561 esse
931 522 1048 575 quae
1073 508 1143 561 sit
1170 509 1329 562 unius
1355 507 1500 572 fidei,
1529 510 1685 564 unius
1713 510 1808 562 do-
1835 515 1877 568 Α
1907 523 2003 562 cus
2039 522 2166 563 vero
2197 507 2537 560 sentiendum
2571 508 2636 561 de
2682 507 2917 575 sequiori
2967 521 3030 561 ac
3081 506 3264 561 ultima
3302 525 3469 580 prope

245 599 619 664 ctrinm,unius
635 599 834 661 oris,ac
853 599 1001 667 Iabii,
1013 614 1255 670 quisque
1272 615 1452 655 secum
1473 601 1671 670 ubique
1685 616 1808 656 con-

243 691 436 746 sentiat
462 689 516 743 in
548 689 707 743 rebus
740 688 863 743 fidei
892 705 952 743 ac
976 704 1205 754 morum,
1231 692 1500 746 communi
1530 702 1805 762 pastorum

241 783 515 837 sententia
545 782 809 849 definitis;
842 781 961 835 aliis
993 782 1245 837 omnibus
1273 782 1438 837 sectis
1466 783 1517 836 in
1569 791 1646 837 tot
1693 783 1808 838 fere

242 876 561 940 sententias,
595 883 727 942 quot
754 875 930 943 capita
958 874 1162 937 divisis,
1193 875 1688 945 alternantibusqne
1712 892 1809 929 va-

243 967 448 1018 riorum
482 967 792 1032 dogmatum
829 964 1080 1021 ﬂuctibus
1109 967 1159 1020 in
1189 967 1323 1028 htec,
1351 966 1430 1020 vel
1456 967 1541 1020 illa
1560 966 1804 1037 jactatis,

243 1072 343 1126 pro
378 1059 586 1111 ratione
614 1056 1235 1126 temportini,alfecttiiim
1259 1099 1273 1124 ,
1303 1059 1570 1114 commodi
1604 1069 1697 1114 aut
1727 1061 1808 1114 in-

246 1149 537 1216 commodi;
561 1149 727 1203 solam
752 1149 1046 1202 Romanam
1075 1148 1368 1203 Ecclesiam
1393 1161 1636 1205 sanctam
1664 1167 1803 1215 esse,

243 1256 354 1294 non
386 1241 526 1308 quod
551 1240 732 1294 omnia
759 1240 875 1308 ejus
920 1242 1160 1294 membra
1190 1257 1219 1295 a
1268 1253 1495 1310 peccato
1543 1242 1804 1298 immunia

242 1336 378 1395 sint,
409 1334 458 1387 in
490 1349 622 1403 agro
649 1334 844 1402 quippe
872 1331 1154 1388 Dominico
1182 1334 1345 1403 palea:
1372 1349 1492 1387 eum
1525 1336 1800 1390 frumento

239 1420 521 1488 permistaa
543 1429 703 1490 sunt;
722 1423 812 1479 sed
832 1425 994 1494 quod,
1013 1442 1136 1482 cum
1155 1426 1264 1478 sola
1284 1424 1414 1480 nihil
1434 1425 1533 1480 nisi
1557 1435 1802 1480 sanctum

240 1513 460 1576 doceat,
493 1515 891 1585 prmcipiatque,
936 1517 988 1570 in
1026 1533 1088 1571 ea
1131 1519 1241 1573 sola
1289 1517 1524 1571 resideat
1566 1516 1805 1588 Spiritus

240 1615 472 1659 sanctus
519 1608 818 1675 gratiarum
855 1612 1095 1665 omnium
1136 1621 1190 1666 et
1229 1611 1619 1666 charismatum
1659 1611 1802 1675 fons,

238 1698 335 1766 qui
379 1697 576 1764 plures,
605 1701 770 1754 etiam
798 1703 995 1760 nostris
1026 1703 1250 1768 diebus,
1279 1703 1344 1757 ad
1391 1705 1646 1759 eximium
1678 1720 1806 1759 san-

236 1791 450 1846 Ctitaus
478 1796 700 1863 gradum
731 1799 1000 1866 perduxit,
1029 1813 1390 1869 verorumque
1415 1799 1802 1854 miraculorum

236 1880 419 1949 gloria
445 1883 757 1947 illustravit;
779 1883 901 1938 dum
928 1886 1046 1942 aliae
1065 1902 1254 1944 omnes
1269 1895 1447 1952 sectae,
1469 1904 1589 1945 cum
1612 1905 1640 1944 a
1674 1903 1803 1944 vera

235 1973 554 2029 sanctitatis
581 1973 738 2028 laude
766 1975 948 2044 procul
979 1978 1309 2033 desciverint
1333 1978 1506 2033 nullos
1532 1983 1808 2050 peccanti-

233 2061 345 2120 bus
376 2063 556 2120 frenos
587 2066 810 2132 injicere
846 2067 1080 2136 valeant,
1106 2084 1277 2140 eaque
1306 2072 1534 2126 doceant
1562 2073 1807 2128 absurdi-

238 2153 383 2209 tatis
414 2153 566 2223 plena
597 2157 870 2224 dogmata,
899 2158 1095 2228 quibus
1123 2159 1269 2226 fidei,
1320 2175 1636 2232 morumque
1682 2179 1808 2218 san-

232 2249 409 2304 ctitas
437 2247 675 2304 funditus
693 2261 1000 2318 evertatur;
1029 2254 1190 2322 quale
1211 2265 1294 2309 est.
1317 2255 1469 2316 illud,
1492 2247 1807 2326 peccatores

233 2341 359 2396 sola
393 2342 493 2396 fide
520 2358 702 2396 veram
727 2344 991 2413 justitiam
1017 2347 1271 2416 consequi
1301 2363 1476 2417 posse,
1509 2349 1806 2405 neminem-

234 2447 356 2504 que
390 2432 592 2501 justum
651 2450 680 2488 a
738 2451 859 2492 vera
916 2453 1076 2506 quam
1118 2440 1284 2494 semel
1325 2451 1649 2501 consecutus
1703 2454 1805 2510 est,

230 2527 460 2596 justitia
486 2529 736 2582 excidere
767 2544 1000 2598 unquam
1033 2546 1220 2600 posse;
1256 2547 1372 2600 quae
1400 2532 1621 2589 fuerunt
1655 2536 1807 2606 ipsis-

233 2622 386 2674 sinia
421 2619 795 2676 Gnosticorum
835 2624 1218 2680 exitiosissima
1260 2627 1523 2697 principia
1550 2671 1565 2696 ,
1611 2632 1808 2700 quibus

234 2711 568 2767 latissimum
619 2715 686 2767 ad
737 2716 941 2771 scelera
983 2721 1164 2773 omnia
1214 2721 1416 2774 aditum
1465 2724 1623 2790 pandi
1675 2723 1805 2778 alibi

230 2805 596 2871 ostendimus;
625 2806 789 2859 solam
816 2807 1108 2862 Ecclesiam
1133 2809 1431 2865 Romanam
1457 2814 1805 2883 apostolicam

230 2909 389 2960 esse,
416 2912 477 2948 ac
500 2900 747 2951 continua
775 2900 1153 2970 episcoporum
1178 2913 1564 2974 pastorumque
1587 2922 1804 2961 suorum

229 2995 590 3043 successione
646 2992 711 3044 ab
757 2993 1018 3061 apostolis
1060 2993 1394 3062 derivatani,
1444 2997 1711 3067 [idemque
1753 3009 1806 3053 et

231 3081 620 3143 traditionem,
654 3097 812 3149 quam
845 3082 912 3135 ab
942 3083 1008 3136 iis
1034 3085 1281 3152 accepit,
1325 3086 1586 3142 illibatam
1627 3101 1808 3146 custo-

1911 597 2094 650 mundi
2131 607 2308 661 aetate,
2343 598 2515 665 deque
2545 605 2783 665 tempore
2819 597 2910 650 illo
2931 597 3118 666 (toties
3147 613 3175 651 a
3208 599 3470 653 ministris

1907 688 2240 742 Calvinianis
2287 696 2340 740 et
2386 687 2715 743 Lutheranis
2776 689 3108 759 decantata)
3162 692 3468 745 meretricis

1907 795 2142 851 magnae,
2180 780 2334 849 cujus
2357 779 2558 834 mentio
2583 779 2803 850 Apocal.
2837 795 2992 850 capp.
3034 795 3179 848 xvii,
3230 796 3362 835 xvm
3413 793 3469 836 et

1907 889 2022 927 xu.
2059 891 2078 924 ι
2115 871 2265 939 Quae,
2293 873 2489 942 inquit,
2518 887 2620 926 non
2665 873 2731 927 de
2763 872 2819 927 S.
2856 871 3083 928 Joannis
3121 876 3296 928 solum
3325 914 3342 941 ,
3373 875 3466 928 sed

1907 977 1961 1021 et
1999 966 2185 1020 ultima
2218 966 2401 1020 mundi
2437 975 2597 1020 relate
2625 967 2690 1019 ab
2729 967 2856 1036 ipsis
2886 967 3181 1036 pontificiis
3205 1010 3220 1031 .
3257 979 3312 1023 et
3349 972 3468 1038 qni-

1909 1060 2028 1113 dem
2059 1058 2351 1114 Societatis
2373 1056 2497 1113 Jesu
2535 1059 2794 1130 theologis
2823 1059 3112 1131 plerisque,
3163 1062 3216 1116 in
3251 1079 3463 1118 sacram

1907 1154 2267 1223 Apocalypsin
2294 1151 2737 1222 Commentariis,
2765 1157 2995 1225 ingenue
3024 1157 3291 1225 explicata
3321 1169 3467 1225 sunt,

1909 1262 2008 1303 nec
2045 1247 2206 1301 aliam
2240 1247 2632 1314 expositionem
2663 1248 2980 1304 admittunt.
3010 1249 3160 1304 Tunc
3190 1264 3344 1315 sane,
3372 1252 3467 1304 ad-

1907 1337 2006 1402 dit,
2035 1338 2126 1406 qui
2157 1334 2413 1390 inductus
2440 1336 2793 1392 universitate
2821 1345 2876 1392 et
2916 1338 3273 1407 amplitudine
3315 1340 3469 1394 istius

1909 1439 2179 1499 corruptae
2212 1429 2484 1492 Ecclesiae,
2512 1445 2576 1485 ex
2595 1431 2802 1501 virgine
2831 1432 2884 1486 in
2907 1433 3249 1488 meretricem
3273 1447 3466 1496 versae,

1907 1536 2025 1576 eam
2062 1522 2343 1593 amplexus
2395 1519 2595 1587 fuerit,
2633 1541 2712 1578 nm
2761 1525 2806 1579 is
2855 1527 3053 1581 misere
3089 1527 3440 1596 semetipsum

1907 1617 2200 1686 deceperit.
2241 1635 2260 1669 ι
2292 1616 2383 1670 Sic
2411 1617 2481 1670 cl.
2519 1615 2774 1672 Grabius.
2808 1618 2903 1672 Cui
2935 1633 3032 1688 ego
3060 1636 3073 1672 :
3099 1615 3192 1672 Nae
3214 1620 3395 1688 potius
3417 1620 3464 1673 is

1908 1708 2213 1763 miserrime
2245 1707 2619 1777 semetipsum,
2653 1708 2898 1777 aliosque
2925 1709 3182 1778 decipiat,
3220 1710 3310 1778 qui
3362 1710 3464 1762 fri-

1906 1801 2043 1855 volis
2092 1799 2354 1867 ejusmodi
2406 1800 2726 1854 ratiunculis
2772 1799 3064 1864 inductus,
3114 1799 3469 1867 apertissimis

1909 1899 2224 1944 sanctorum
2252 1888 2471 1944 Patrum
2506 1889 2828 1943 testimoniis
2856 1888 2963 1941 vim
2997 1887 3238 1956 inferat,
3285 1886 3465 1941 ellica-

1907 1979 2237 2048 cissimaque
2263 1993 2448 2033 eorum
2495 1987 2810 2047 argumenta
2853 1979 2930 2031 sic
2969 1977 3241 2042 infirmet,
3297 1988 3354 2031 ut
3402 1993 3462 2031 ea

1903 2071 1988 2127 vel
2030 2071 2305 2127 levissimo
2359 2073 2548 2140 spiritu
2601 2070 2806 2126 dilllare
2866 2071 3104 2125 haeretici
3161 2086 3351 2125 omnes
3403 2088 3466 2126 ac

1907 2165 2242 2219 schismatici
2288 2179 2503 2233 semper
2545 2163 2839 2233 potuerint.
2884 2163 3026 2218 Nihil
3078 2165 3314 2229 certius,
3357 2163 3466 2219 lrc-

1908 2270 2106 2319 nasum,
2139 2253 2418 2322 Optatum,
2447 2256 2831 2324 Augustinum,
2865 2255 3104 2324 aliosque
3143 2255 3241 2310 SS.
3277 2257 3468 2311 Patres

1909 2347 2162 2401 Ecclesia:
2193 2345 2599 2414 amplitudinem
2627 2355 2678 2400 et
2723 2347 3133 2402 universitatem
3175 2345 3464 2415 objecisse.

1907 2442 1972 2494 At
2000 2441 2101 2494 nisi
2131 2439 2426 2509 amplitudo
2463 2441 2575 2494 lizec
2606 2447 2660 2494 et
2691 2440 3035 2506 universitas,
3069 2440 3373 2495 essentialis
3404 2456 3467 2496 ac

1909 2541 2199 2601 perpetuus
2239 2533 2308 2586 sit
2364 2532 2616 2585 Ecclesia:
2656 2533 2943 2586 character
2969 2573 2984 2596 ,
3029 2531 3164 2584 nihil
3203 2534 3467 2586 iniirmius

1908 2632 2226 2690 argumento
2251 2626 2319 2678 ab
2341 2639 2404 2677 ea
2433 2624 2788 2693 amplitudine
2816 2625 3002 2692 petito.
3034 2623 3148 2688 Quo
3178 2625 3316 2677 enim
3348 2626 3467 2692 jure

1909 2711 2033 2765 huic
2069 2713 2397 2782 respondere
2427 2728 2481 2767 se
2515 2727 2670 2782 posse
2711 2723 2863 2782 putat
2893 2712 3126 2767 Grabius
3155 2754 3168 2775 ,
3231 2712 3465 2766 valuisse

1908 2803 2123 2872 quidem
2170 2803 2440 2870 prioribus
2481 2802 2721 2868 saeculis,
2779 2813 2886 2856 tum
2930 2818 3050 2856 cum
3100 2805 3249 2871 virgo
3289 2803 3466 2855 adhuc

1909 2904 2052 2949 esset
2091 2894 2355 2960 Ecclesia,
2399 2911 2504 2950 non
2553 2896 2731 2950 valere
2783 2911 2908 2950 vero
2956 2904 3227 2965 postrema
3277 2896 3463 2949 mundi

1907 2997 2086 3051 aetate,
2125 3003 2230 3056 qua
2281 2990 2433 3057 virgo
2482 2988 2566 3042 illa
2615 2987 2668 3041 in
2727 2990 3068 3041 meretricem
3116 3002 3269 3042 versa
3318 2997 3401 3040 est
3446 3003 3461 3042 :

1908 3079 2094 3134 eodem
2137 3095 2366 3148 prorsus
2399 3095 2655 3148 reponere
2679 3081 2939 3149 potuisset
2965 3079 3255 3133 Gnosticus
3285 3080 3464 3144 quivis

234 3173 447 3236 diisse;
477 3189 593 3225 cum
622 3173 740 3227 alite
766 3189 953 3230 omnes
976 3188 1136 3230 sectze
1173 3188 1372 3233 temere
1409 3181 1635 3251 abrupta
1686 3197 1808 3236 suc-
1834 3197 1875 3254 ο
1912 3173 2276 3238 Sabellanius,
2317 3174 2577 3236 Ariauus,
2607 3174 2978 3237 Nestorianus,
3016 3175 3318 3237 Donatista,
3352 3183 3461 3228 etc.

236 3264 492 3318 Cessione
521 3268 814 3336 apostolica
839 3309 853 3334 ,
903 3285 1069 3324 novas
1112 3271 1216 3325 sibi
1257 3271 1521 3326 Ecelesias
1552 3276 1804 3331 condide-

237 3359 390 3422 rint,
445 3374 672 3425 quarum
720 3362 848 3414 novi
902 3371 1027 3415 sunt
1075 3374 1330 3418 auctores
1357 3381 1419 3419 ac
1466 3365 1799 3437 fundatores;

233 3452 412 3506 solam
443 3452 669 3520 denique
695 3455 992 3509 Romanam
1017 3457 1312 3511 Ecclesiam
1342 3459 1660 3519 catholicam
1684 3477 1804 3517 esse

235 3550 292 3593 et
341 3541 730 3608 univerSaIem,
786 3561 880 3613 per
934 3556 1099 3600 totum
1141 3549 1394 3602 mundum
1432 3563 1804 3622 propagatam,

233 3631 440 3700 ubique
463 3635 803 3703 perspicuam
828 3650 880 3690 et
899 3639 1185 3707 insignem,
1213 3643 1455 3710 miraque
1477 3643 1803 3698 fecunditate

232 3723 579 3792 gaudentem,
595 3743 762 3782 novos
786 3729 884 3782 sibi
915 3740 965 3784 et
994 3732 1210 3786 Christo
1239 3748 1435 3801 sponso
1479 3751 1577 3790 suo
1606 3739 1656 3790 in
1686 3737 1800 3790 dies

233 3812 405 3877 ﬁlios,
433 3830 528 3884 per
552 3832 665 3881 eos,
697 3835 834 3887 quos
873 3822 936 3874 ad
992 3824 1386 3880 reniotissimas
1416 3836 1602 3894 gentes
1638 3830 1804 3884 mittit

233 3918 483 3975 pastores
506 3921 558 3964 et
589 3913 863 3981 doctores,
898 3932 1111 3986 parere;
1137 3920 1258 3974 aliis
1292 3924 1544 3978 omnibus
1565 3927 1728 3980 sectis
1750 3928 1801 3980 in

233 4000 441 4068 angulo
499 4004 680 4069 orbis,
729 4015 781 4059 et
816 4007 955 4060 intra
1011 4023 1282 4066 certarum
1335 4017 1612 4084 regionum
1668 4018 1802 4074 fines

231 4093 526 4156 conclusis,
571 4098 834 4167 longeque
882 4101 1058 4156 minus
1093 4106 1338 4160 sollicitis
1373 4111 1436 4160 de
1466 4111 1616 4163 novis
1649 4111 1802 4164 Chri-

235 4194 323 4238 sto
352 4186 633 4256 gignendis
663 4192 808 4256 liliis,
860 4208 1022 4262 quam
1068 4196 1134 4250 de
1183 4198 1452 4253 veteribus
1493 4213 1802 4270 perverten-

234 4277 346 4332 dis.

307 4367 400 4422 £3.
431 4369 574 4434 Haec,
605 4388 668 4426 ac
698 4374 1036 4442 potissimum
1062 4378 1315 4436 Romana:
1339 4381 1594 4439 Ecclesia:
1618 4387 1803 4454 ampli-

235 4461 514 4526 tudinem,
562 4479 684 4517 cum
729 4477 848 4534 post
890 4469 1150 4524 lrenazum
1197 4472 1511 4542 frequenter
1563 4477 1614 4530 in
1660 4481 1798 4533 notis

1910 3266 2203 3321 Ecclesiam
2227 3265 2338 3334 jam
2371 3283 2398 3319 a
2432 3267 2660 3333 pristina
2691 3267 2975 3321 sanctitate
3003 3277 3056 3322 et
3107 3267 3206 3322 fide
3250 3268 3327 3323 sic
3369 3268 3465 3321 de-

1904 3357 2119 3418 fecisse,
2154 3369 2213 3410 ut
2236 3358 2481 3426 quisquis
2515 3357 2762 3412 inductus
2798 3359 3157 3412 universitate
3182 3369 3236 3412 et
3267 3359 3464 3428 ampli-

1907 3448 2091 3502 tudine
2125 3449 2278 3503 istius
2306 3460 2572 3517 corrupue
2603 3448 2877 3514 Ecclesiae,
2913 3463 2975 3502 ex
3007 3451 3214 3516 virgine
3247 3451 3298 3503 in
3353 3464 3463 3503 me-

1906 3542 2156 3596 retriccm
2177 3558 2361 3605 versze,
2385 3558 2501 3596 eam
2530 3541 2966 3610 ampleCIeretur,
2987 3543 3031 3594 is
3051 3543 3242 3596 misere
3263 3553 3463 3595 semet-

1906 3634 2081 3702 ipsum
2128 3634 2435 3702 deciperet;
2471 3649 2533 3688 ac
2565 3635 2789 3702 proinde
2821 3635 2865 3688 si
2913 3635 3010 3687 hac
3045 3636 3395 3703 responsione
3429 3651 3455 3687 a

1904 3727 2304 3782 Catholicorum
2342 3727 2455 3780 telis
2493 3737 2659 3779 tntum
2691 3742 2747 3780 se
2793 3741 2934 3790 esse,
2979 3741 3042 3779 ac
3089 3741 3226 3780 vera:
3261 3727 3460 3780 Christi

1905 3819 2158 3874 Ecclesiae
2191 3821 2254 3871 ad
2284 3819 2618 3888 angustiores
2653 3820 2882 3872 redactae
2915 3818 3112 3871 limites
3160 3818 3457 3871 membrum

1902 3923 2054 3983 putet
2085 3916 2166 3966 vir
2187 3913 2568 3978 doctissimus;
2621 3913 2852 3964 fateatur
2899 3925 3118 3964 necesse
3148 3921 3229 3963 est
3273 3909 3457 3963 eodem

1909 4022 1968 4061 se
2021 4006 2210 4076 clypeo
2266 4006 2477 4060 munire
2527 4004 2723 4057 merito
2767 4003 3003 4071 potuisse
3064 4001 3458 4069 perditissimus

1903 4099 2124 4166 quosvis
2155 4096 2576 4155 haereticos,cum
2605 4105 2831 4157 veteres,
2865 4103 2972 4146 tum
3013 4093 3361 4153 recentiores,
3395 4105 3459 4142 ac

1902 4204 2044 4242 verae
2091 4187 2346 4242 Ecclesia:
2379 4187 2741 4240 membrorum
2777 4185 2926 4239 titulo
2970 4185 3211 4250 gloriari.
3271 4181 3456 4235 Infelix

1903 4292 2050 4335 certe
2081 4278 2331 4344 Grabius,
2379 4277 2467 4346 qui
2517 4278 2792 4346 responsis
2841 4277 2951 4330 suis
3001 4291 3148 4326 arma
3189 4274 3458 4327 ministret

1905 4373 2171 4427 haereticis
2202 4371 2630 4440 quibuscumque,
2680 4383 2903 4438 quorum
2947 4368 3113 4421 ictum
3161 4365 3301 4420 nulla
3331 4376 3448 4420 arte

1904 4465 2173 4519 declinare
2204 4466 2316 4531 ipse
2338 4463 2537 4515 valeat.

234 4554 354 4607 suis
385 4563 490 4606 tam
530 4570 654 4609 vere
689 4571 848 4625 quam
879 4560 963 4628 pie
998 4562 1372 4628 inculmverit,
1417 4567 1648 4636 aliisque
1696 4569 1793 4622 Pa-
1825 4573 1869 4628 ῐ)
1967 4556 2056 4609 44.
2078 4555 2181 4607 Sed
2210 4568 2275 4607 ne
2301 4554 2437 4622 quod
2467 4553 2622 4606 toties
2651 4567 2678 4604 a
2707 4549 3000 4605 Catholicis
3025 4549 3250 4602 feliciter
3274 4558 3452 4603 actum

233 4655 382 4698 trum
412 4649 691 4701 sententiis
710 4650 1120 4708 confirmaverit
1152 4657 1516 4722 doctissimus,
1539 4659 1800 4730 boumque

235 4740 518 4790 memoriae
571 4738 986 4803 Feuardentius,
1037 4745 1413 4801 molestissima
1464 4749 1579 4818 ejus
1643 4767 1804 4821 argu-

234 4838 421 4882 menta
442 4830 673 4891 eludere,
700 4834 1066 4902 propitiosque
1091 4837 1212 4903 sibi,
1239 4839 1283 4894 si
1314 4850 1508 4908 posset,
1541 4840 1798 4896 lrenrenm

231 4929 292 4972 et
321 4919 706 4986 Augustinum,
735 4923 883 4992 cujus
915 4925 1076 4977 etiam
1111 4928 1488 4981 auctoritatem
1513 4930 1801 4998 objiciebat

234 5013 650 5077 Feuardentius,
692 5017 868 5070 facere
893 5033 990 5085 pro
1017 5019 1156 5071 virili
1191 5034 1282 5072 sua
1310 5030 1532 5075 conatus
1557 5023 1796 5078 estGra-

230 5103 361 5157 bius
397 5106 446 5156 in
476 5106 612 5160 notis
649 5108 762 5160 suis
781 5110 846 5161 ad
880 5109 1061 5162 Irenaei
1098 5109 1191 5166 lib.
1220 5125 1294 5174 iv,
1329 5125 1376 5164 c.
1409 5111 1478 5166 al.
1511 5127 1636 5178 ιη,
1661 5129 1799 5167 nunc

231 5216 427 5256 xxxvi.
464 5200 646 5270 Itaque
677 5203 876 5257 fatetur
899 5206 1253 5274 Augustinum
1278 5206 1329 5259 in
1353 5210 1646 5262 certamine
1676 5226 1795 5263 cum

229 5291 540 5348 Donatistis
578 5299 801 5348 inultum
838 5300 887 5349 in
915 5314 979 5350 eo
1011 5297 1212 5363 fuisse,
1262 5309 1320 5351 ut
1364 5303 1794 5366 universitatem,

231 5386 521 5453 ipsumque
572 5400 764 5438 nomen
801 5389 1168 5454 catholicum,
1217 5399 1471 5462 tanquam
1523 5396 1796 5463 proprium

225 5488 380 5526 vera:
407 5473 663 5529 Ecclesia:
692 5477 1058 5532 characterem
1088 5494 1382 5545 assereret,
1429 5499 1532 5550 quo
1566 5501 1594 5537 a
1647 5484 1796 5538 falsis

227 5565 613 5620 haereticorum
651 5577 704 5621 et
742 5571 1207 5626 schismaticorum
1255 5575 1482 5629 canibus
1507 5617 1521 5642 ,
1561 5576 1609 5627 in
1645 5588 1796 5644 parte

229 5657 418 5708 mundi
456 5659 805 5726 merentibus,
840 5671 893 5714 et
920 5663 986 5714 ab
1011 5678 1096 5726 ea,
1135 5663 1213 5716 vel
1249 5667 1314 5719 ab
1345 5667 1655 5720 auctoribus
1680 5669 1794 5722 suis

227 5751 727 5809 dcnominationem
766 5756 1002 5826 indeptis
1030 5758 1473 5830 distingueretur.
1511 5764 1691 5831 Atque
1720 5765 1792 5816 ita

228 5841 546 5914 plerumque
581 5861 692 5902 rem
726 5847 841 5917 ejus
867 5867 982 5907 aavo
1015 5864 1067 5908 et
1095 5864 1219 5909 ante
1260 5869 1316 5908 se
1360 5856 1637 5911 habuisse.
1693 5858 1789 5912 Se-

1901 4659 2021 4710 est,
2062 4647 2147 4700 hic
2196 4647 2386 4699 iterum
2432 4660 2592 4714 agere
2624 4659 2826 4713 cogar,
2876 4643 2925 4696 id
2981 4657 3141 4696 unum
3180 4659 3206 4695 a
3255 4640 3455 4696 Grabio

1902 4755 2176 4808 quaeram;
2219 4755 2282 4792 an
2321 4748 2588 4806 postrema
2626 4737 2726 4790 hac
2773 4735 2954 4789 mundi
3015 4745 3170 4788 aetate
3222 4735 3453 4789 societas

1901 4832 2145 4901 quaedam
2181 4832 2231 4884 in
2264 4833 2395 4884 orbe
2427 4829 2682 4898 supersit,
2712 4844 2833 4896 quae
2862 4844 2986 4882 vera
3021 4827 3223 4883 Christi
3269 4828 3454 4882 Eccle-

1899 4927 1977 4981 sia
2009 4925 2132 4995 jure
2166 4924 2270 4978 dici
2293 4923 2487 4993 possit?
2521 4921 2874 4992 Superstitem
2913 4937 3030 4977 esse
3061 4938 3166 4976 non
3215 4921 3450 4990 negabit,

1900 5027 2046 5087 puto,
2080 5017 2122 5070 si
2160 5018 2540 5085 prophetarum
2573 5017 2832 5077 oraculis,
2864 5016 3172 5083 Christique
3199 5013 3368 5084 ipsius
3400 5023 3452 5066 et

1900 5109 2174 5178 Evangelii
2208 5109 2388 5168 dictis.
2418 5109 2610 5177 quibus
2633 5109 2928 5176 perituram
2960 5117 3231 5176 nunquam
3265 5106 3453 5161 Eccle-

1899 5205 2034 5259 siam
2085 5204 2504 5271 praanuntiatur,
2563 5202 2720 5255 fidem
2771 5202 2983 5256 habeat.
3034 5200 3200 5256 Porro
3240 5201 3285 5252 si
3321 5214 3450 5254 vera

1898 5295 2077 5363 aliqua
2105 5294 2336 5349 Ecclesia
2373 5309 2514 5348 nunc
2545 5296 2595 5348 in
2634 5293 2764 5348 orbe
2802 5293 3076 5362 supersit,
3125 5290 3283 5346 talem
3333 5306 3451 5346 esse

1897 5404 2119 5442 necesse
2160 5398 2281 5449 est,
2335 5388 2633 5456 iisdemque
2674 5386 3081 5441 characteribus
3117 5384 3449 5454 insignitam,

1897 5483 2108 5551 qualem
2178 5492 2230 5536 et
2284 5484 2480 5550 quibus
2510 5483 2648 5536 notis
2706 5481 3048 5551 conspicuam
3105 5495 3226 5535 esse
3286 5478 3450 5533 voluit

1895 5573 2162 5630 Christus.
2190 5577 2259 5629 At
2311 5590 2377 5629 ex
2427 5575 2721 5644 Scripturis
2784 5574 3110 5643 propheticis
3165 5579 3219 5626 et
3283 5585 3448 5625 evan-

1897 5668 2080 5738 gelicis
2100 5669 2460 5724 certissimum
2494 5680 2594 5733 est,
2628 5669 3033 5724 universitatem
3066 5677 3119 5721 et
3142 5663 3450 5735 amplitudi-

1896 5777 2019 5815 nem
2057 5763 2335 5830 proprium
2368 5777 2505 5827 esse,
2536 5763 2910 5824 essentialem,
2952 5775 3015 5815 ac
3062 5760 3288 5829 proinde
3323 5772 3445 5826 per-

1897 5865 2117 5924 petuum
2144 5854 2306 5919 illius,
2335 5855 2547 5924 qualem
2583 5854 2859 5910 constituit
2887 5852 3161 5918 Christus,
3197 5851 3448 5907 Ecclesia:
