4196 6330
782 372 875 429 281

1561 359 2149 420 DlSSEﬂTATIONES
2177 353 2475 412 Pii/EVle
2517 353 2584 410 IN
2625 350 2879 411 ΙΒΕΝΑΞΙ
2917 348 3182 407 LIBROS.

3902 344 4008 397 299.

780 499 1171 556 characterem.
1202 493 1258 548 ld
1283 494 1414 547 adeo
1431 492 1729 562 perspicue,
1757 487 2110 542 etiicaciteret
2137 484 2336 538 invicte
2367 485 2412 541 Α
2442 480 2584 533 nima
2609 478 2794 534 mundi
2855 486 3014 547 parte
3064 479 3431 530 coerceretur.
3485 468 3620 523 Hinc
3680 469 4009 538 Augustinm

785 594 1130 644 demonstrat
1156 583 1485 653 Augustinus
1517 582 1568 634 itt
1603 581 1739 634 libro
1765 580 1840 633 De
1867 581 2064 632 unitate
2095 573 2364 629 Ecclesia).

783 694 852 734 ne
885 678 1022 733 alios
1057 675 1358 747 proferam,
1385 690 1521 743 quos
1549 673 1766 744 scripsit
1797 680 1982 725 contra
2013 667 2345 727 Donatistas,

784 781 843 824 ut
873 786 1093 841 prorsus
1122 769 1443 823 obstruatur
1470 781 1530 820 os
1556 764 1889 834 loquentium
1921 761 2124 828 iniqua.
2154 757 2349 811 Allatis

786 874 842 918 et
898 863 1145 931 expensis
1198 859 1603 925 Scripturarum
1662 856 1952 923 utriusque
2012 849 2346 905 Testamenti

787 956 1011 1010 vocibus
1051 953 1322 1008 concludit
1355 951 1412 1005 S.
1465 951 1652 1004 doctor
1699 947 1728 1018 ᾗ
1768 947 1858 1002 ‘52.
1910 964 1927 997 ι
1969 942 2347 1009 Evangelizata

787 1054 871 1100 est
928 1045 1084 1098 nobis
1152 1042 1391 1097 Ecclesia
1443 1056 1540 1107 per
1610 1049 1781 1091 totum
1843 1027 2027 1089 orbem
2079 1043 2348 1086 terrarum

789 1137 990 1192 futura.
1025 1133 1284 1208 [CXXVI]
1324 1134 1436 1188 Hoc
1471 1134 1520 1186 in
1552 1133 1688 1200 lege,
1711 1140 1765 1184 et
1797 1128 2096 1198 prophetis,
2126 1136 2178 1181 et
2208 1124 2352 1188 psal-

791 1232 891 1285 mis
923 1244 1042 1284 esse
1087 1227 1510 1298 praenuntiatum
1563 1237 1678 1294 Ipse
1717 1222 1976 1276 Dominus
2026 1218 2352 1273 testiﬁcatus

787 1333 891 1386 est,
918 1323 1007 1393 qui
1041 1337 1158 1376 eam
1188 1330 1486 1389 cmptnram
1521 1332 1549 1368 a
1594 1315 1928 1379 Jerusalem,
1958 1321 2014 1366 et
2047 1327 2142 1381 per
2163 1325 2353 1364 omnes

799 1426 988 1486 gentes
1019 1424 1453 1484 permanaturatn
1481 1425 1600 1465 esse
1629 1407 1897 1478 praedixit;
1935 1415 2096 1460 testes
2127 1405 2228 1458 sibi
2264 1401 2350 1455 fu-

798 1517 950 1563 turos
989 1510 1040 1562 in
1076 1507 1397 1568 Jerusalem,
1423 1515 1476 1559 et
1509 1504 1560 1558 in
1588 1512 1695 1557 tota
1723 1500 1932 1565 Iudaea,
1979 1509 2033 1554 et
2073 1498 2347 1561 Samaria,

790 1611 842 1655 et
889 1615 1059 1669 usque
1099 1600 1149 1652 in
1191 1608 1358 1652 totam
1406 1606 1605 1648 terram
1636 1633 1652 1657 ,
1705 1608 1828 1648 cum
1877 1591 1986 1658 jam
2047 1589 2100 1643 in
2155 1588 2351 1642 caelum

790 1696 1127 1753 ascenderet,
1155 1688 1563 1761 praenuntiavit.
1599 1687 1720 1742 Hac
1768 1686 1932 1740 verba
1993 1682 2131 1738 facta
2169 1690 2353 1735 secuta

790 1796 935 1840 sunt.
968 1783 1248 1851 Quomodo
1275 1791 1513 1851 emptum
1552 1779 1620 1835 sit
1651 1794 1680 1832 a
1722 1776 2044 1838 Jerusalem,
2077 1785 2129 1830 et
2157 1773 2353 1828 deinde

789 1891 1103 1947 processum
1137 1875 1189 1927 itt
1213 1874 1477 1936 Judaeam,
1510 1881 1564 1927 et
1596 1869 1920 1928 Samariam.
1951 1877 2005 1920 et
2034 1868 2157 1921 inde
2185 1866 2238 1921 in
2270 1875 2352 1920 to-

791 1978 900 2021 tam
952 1975 1174 2028 terram,
1231 1964 1320 2018 ubi
1369 1964 1550 2017 adhuc
1598 1960 1796 2016 crescit
1842 1957 2124 2023 Ecclesia,
2179 1956 2351 2028 donec

788 2075 962 2129 usque
989 2059 1040 2112 in
1071 2057 1232 2112 linem
1271 2056 1434 2112 etiam
1480 2055 1719 2122 reliquas
1763 2061 1986 2122 gentes,
2032 2049 2119 2102 ubi
2173 2048 2354 2104 adhuc

790 2167 895 2206 non
920 2159 1022 2214 est,
1056 2148 1316 2210 obtineat,
1347 2145 1645 2213 Scripturis
1673 2141 1873 2196 sanctis
1904 2140 2134 2195 testibus
2165 2153 2354 2193 conse-

789 2252 1025 2314 quenter
1063 2239 1370 2296 ostenditur
1420 2255 1436 2292 :
1489 2234 1733 2307 quisquis
1776 2233 1920 2286 aliud
1972 2231 2308 2300 evangelizat
2337 2272 2351 2296 ,

789 2333 1074 2388 anathema
1112 2331 1199 2384 sit.
1233 2328 1394 2382 Aliud
1417 2336 1595 2382 autem
1624 2324 1979 2395 evangelizat,
2008 2338 2100 2394 qut
2129 2322 2354 2391 periisse

790 2425 921 2480 dicit
948 2425 1013 2479 de
1043 2432 1237 2478 ctctero
1263 2421 1459 2476 mundo
1484 2416 1806 2484 Ecclesiam,
1825 2426 1880 2472 et
1904 2416 1956 2470 in
1983 2426 2133 2486 parte
2164 2414 2354 2469 Donati

792 2516 846 2568 in
880 2513 992 2569 sola
1033 2512 1209 2566 Africa
1257 2511 1584 2565 remansisse
1615 2518 1632 2580 (
1655 2507 1767 2577 jam
1808 2506 2093 2563 dicendum
2148 2516 2263 2566 est,
2302 2505 2355 2558 in

791 2616 947 2675 parte
973 2604 1179 2660 Calvini
1207 2614 1263 2658 et
1289 2602 1521 2658 Lutheri
1565 2601 1620 2656 in
1650 2601 1762 2656 sola
1797 2597 1987 2670 Anglia
2008 2642 2021 2666 ,
2065 2597 2249 2666 Belgio
2303 2605 2358 2650 et

790 2695 1078 2751 Germania
1130 2694 1497 2761 remansisse)
1548 2693 1696 2748 dicit.
1749 2692 1889 2762 Ergo
1920 2689 2209 2744 anathema
2264 2688 2356 2742 sit.

788 2789 898 2845 Aut
925 2789 1067 2860 legat
1096 2789 1224 2842 mihi
1255 2787 1356 2844 hoc
1385 2789 1438 2842 in
1472 2784 1776 2856 Scripturis
1807 2784 2032 2850 sanctis,
2061 2793 2116 2837 et
2148 2797 2255 2837 non
2288 2780 2359 2835 sit

791 2886 1104 2938 anathema.
1154 2899 1172 2931 ι

863 3003 955 3058 45.
994 2998 1416 3070 Respondebunt
1474 2994 1616 3050 forte
1666 2989 2000 3047 recentiores
2034 2988 2353 3054 Donatista,

795 3093 936 3163 quod
969 3101 1181 3146 veteres
1213 3089 1287 3144 illi
1313 3088 1453 3159 apud
1481 3085 1840 3156 Augustinum
1869 3082 1896 3155 ἓ
1921 3083 2012 3140 35.
2053 3100 2072 3134 ι
2118 3081 2182 3136 Et
2234 3082 2356 3144 ista,

2452 573 2480 645 ᾗ
2514 573 2601 634 '72,
2630 571 2718 636 75,
2747 571 2902 640 cujus
2926 571 3087 626 verba
3124 570 3231 624 sibi
3259 567 3402 622 dicta
3439 573 3588 634 putet
3634 562 3867 617 Grabius
3894 604 3908 629 ,
3958 572 4010 616 et

2451 666 2696 734 quisquis
2722 680 2846 718 cum
2873 663 2991 733 ipso
3020 662 3219 716 misere
3252 663 3509 728 deceptus
3550 667 3654 710 tatu
3700 653 4010 708 immaniter

2449 767 2623 814 errat.
2654 777 2672 810 ι
2705 757 2970 819 Audistis,
3003 755 3199 825 inquit,
3224 753 3460 823 pastoris.
3479 767 3659 806 vocem
3687 747 4015 802 manifestis-

2453 854 2669 916 simam,
2703 867 2807 905 non
2836 850 3009 904 solum
3054 863 3154 918 per
3186 851 3357 918 legem
3394 845 3540 915 ejusf,
3591 855 3645 898 et
3693 843 3988 912 pr0phetas

2452 955 2506 1000 et
2535 944 2793 1015 psalmos,
2824 943 2915 998 sed
2965 943 3131 997 etiam
3178 955 3274 1010 per
3316 954 3376 993 os
3418 937 3690 1006 proprium
3733 948 4011 988 commen-

2452 1036 2632 1091 dantis
2680 1035 2976 1089 Ecclesiam
3018 1049 3166 1088 suam
3221 1031 3477 1085 futuram.
3523 1031 3586 1083 Et
3615 1045 3674 1083 ea
3719 1043 3835 1098 qure
3877 1043 4014 1090 pras-

2452 1131 2610 1194 dixit,
2645 1127 3096 1198 quemadmodum
3129 1139 3190 1179 ex
3220 1125 3412 1177 ordine
3444 1129 3732 1176 consecuta
3777 1121 3921 1183 sint,
3959 1119 4011 1172 in

2457 1223 2686 1278 Actibus
2700 1232 2752 1278 et
2768 1220 2986 1276 Litteris
3005 1217 3392 1287 apostolorum,
3409 1231 3526 1284 quae
3548 1215 3848 1268 divinarum
3867 1212 4012 1267 Scri-

2460 1323 2740 1382 pturarum
2781 1325 3042 1368 canonem
3092 1308 3386 1377 complent,
3438 1305 3664 1375 legendo
3704 1301 4015 1373 perspicitis

2457 1405 2574 1459 Non
2600 1415 2681 1459 est
2711 1408 2942 1460 obscura
2969 1402 3196 1472 quaestio
3227 1400 3278 1453 in
3319 1414 3422 1470 qua
3457 1415 3552 1452 vos
3600 1397 3786 1450 lallant
3811 1438 3826 1458 ,
3872 1410 4012 1463 quos

2456 1501 2570 1569 ipse
2588 1499 2844 1553 Dominus
2869 1498 3118 1568 praedixit
3153 1495 3362 1549 futuros
3385 1503 3548 1562 atque
3571 1495 3810 1546 dicturos
3839 1509 3850 1544 :
3877 1490 4013 1544 Ecce

2453 1593 2538 1646 hic
2567 1602 2638 1646 est
2667 1591 2929 1653 Christus,
2960 1606 3074 1643 ecce
3099 1588 3228 1649 illic,
3259 1604 3372 1641 ecce
3398 1587 3451 1638 in
3480 1587 3698 1644 deserto,
3731 1585 3884 1654 quasi
3921 1583 4017 1638 ubi

2455 1703 2562 1740 non
2589 1695 2674 1741 est
2704 1683 3009 1752 frequentia
3041 1681 3426 1743 multitudinis;
3455 1695 3568 1732 ecce
3601 1678 3655 1729 in
3687 1675 3946 1729 cubiculis
3970 1675 4016 1739 ⁸,

2456 1779 2611 1847 quasi
2641 1778 2690 1831 in
2729 1776 2954 1832 secretis
2997 1772 3380 1828 traditionibus
3405 1780 3563 1840 atque
3595 1770 3878 1824 doctrinis.
3910 1768 4020 1822 Ha-

2384 1850 2425 1904 B
2456 1871 2597 1926 betis
2629 1869 2922 1924 Ecclesiam
2955 1869 3156 1935 ubique
3182 1863 3421 1928 diﬂ'undi,
3461 1866 3580 1933 (nec
3611 1872 3814 1916 tantum
3838 1905 3850 1926 ,
3901 1857 4019 1929 sed)

2453 1973 2510 2018 et
2535 1977 2779 2017 crescere
2803 1976 2970 2032 usque
3002 1961 3066 2013 ad
3091 1974 3341 2017 messem.
3373 1958 3422 2010 id
3456 1967 3537 2011 est
3562 1972 3728 2027 usque
3753 1956 3817 2008 ad
3839 1964 4022 2008 extre-

2456 2071 2603 2110 mum
2637 2053 2821 2123 judicii
2863 2053 3034 2106 diem.
3074 2049 3294 2104 Habetis
3323 2050 3594 2104 civitatem
3637 2049 3701 2101 de
3730 2061 3829 2115 qua
3882 2047 4020 2110 ipse,

2453 2149 2543 2218 qui
2581 2162 2698 2201 eam
2726 2145 3003 2207 condidit,
3040 2144 3147 2197 ait:
3194 2142 3314 2197 Non
3353 2151 3516 2209 potest
3559 2141 3738 2194 civitas
3771 2139 4023 2192 abscondi

2455 2255 2612 2309 super
2629 2247 2850 2292 montem
2876 2237 3044 2303 posita
3067 2234 3110 2289 ’.
3146 2234 3260 2303 Ipsa
3299 2243 3386 2287 est
3410 2249 3567 2302 ergo,
3608 2246 3726 2300 quae
3762 2246 3870 2286 non
3924 2229 4023 2283 ali-

2457 2347 2565 2400 qua
2596 2339 2750 2399 parte
2783 2339 3083 2390 terrarum,
3131 2325 3222 2380 sed
3263 2326 3458 2393 ubique
3508 2323 3794 2378 nctissima
3842 2328 4023 2376 est....

2456 2421 2564 2477 Vos
2603 2431 2780 2476 autem
2810 2419 3099 2473 innitentes
3134 2425 3210 2471 tot
3237 2414 3656 2470 evidentissimis
3689 2412 4020 2468 testimoniis

2456 2513 2636 2584 Legis,
2670 2511 3086 2582 Prophetarum,
3124 2509 3482 2571 Psaltnorum,
3510 2507 3678 2578 ipsius
3703 2505 3936 2570 Domini,
3965 2515 4025 2559 et

2456 2605 2840 2676 Apostolorum
2874 2603 2939 2657 de
2962 2611 3148 2656 sancta
3183 2601 3422 2656 Ecclesia
3449 2609 3561 2655 toto
3595 2609 3860 2654 terrarum
3887 2597 4027 2651 orbe

2459 2697 2673 2763 diﬂ‘usa,
2713 2694 2914 2762 exigite
2949 2695 3015 2748 ab
3068 2694 3182 2747 istis
3208 2733 3221 2754 ,
3280 2703 3335 2746 ut
3375 2691 3662 2746 ostendant
3703 2691 3767 2745 de
3811 2687 4001 2743 Africa

2460 2789 2590 2859 (jam
2623 2790 2688 2842 de
2711 2786 2925 2857 Anglia,
2957 2785 3087 2856 etc.)
3129 2784 3269 2854 quod
3313 2786 3502 2838 attinet
3555 2784 3617 2838 ad
3655 2793 3860 2852 partem
3914 2780 4026 2835 Do-

2460 2878 2573 2932 nati
2631 2878 2762 2948 (jam
2803 2876 3014 2930 Calvini
3042 2884 3096 2929 et
3130 2874 3597 2944 Lutlteri),aliqua
3632 2871 3916 2926 manifesta
3961 2871 4029 2924 de

2460 2969 2736 3025 canonicis
2788 2969 2938 3023 libris
2974 2968 3304 3038 testimonia.
3333 2965 3517 3036 Neque
3551 2967 3716 3028 enim,
3745 2967 3883 3019 sicut
3912 2964 4026 3034 jam

2461 3063 2596 3125 dixi,
2631 3061 2740 3116 ullo
2775 3062 2936 3116 modo
2969 3061 3083 3116 lieri
3113 3071 3314 3130 posset,
3343 3067 3403 3113 ut
3437 3058 3677 3115 Ecclesia
3700 3099 3714 3123 ,
3757 3060 3899 3113 sicut
3940 3058 4028 3113 di-

795 3187 1071 3256 inquiunt,
1104 3183 1394 3247 credimus,
1433 3194 1488 3235 et
1527 3175 1793 3247 completa
1829 3189 1950 3229 esse
1995 3172 2355 3234 contitetnur;
2386 3197 2428 3254 ρ
2463 3163 2613 3256 fiunt.
2645 3163 2698 3210 εί
2730 3170 2773 3224 ί1¹

2463 3163 2613 3219 cunt,
2645 3163 2698 3210 et
2730 3155 2874 3224 quod
2902 3154 3065 3220 absit,
3091 3164 3197 3208 tam
3227 3155 3333 3208 cito
3366 3169 3433 3207 ex
3471 3163 3549 3206 tot
3600 3151 3848 3222 gentibus
3896 3167 4027 3219 per-

794 3278 889 3333 sed
927 3287 1110 3348 postea
1138 3275 1285 3330 orbis
1316 3285 1582 3329 terrarum
1630 3267 1980 3338 apostatavit,
2013 3277 2068 3320 et
2118 3264 2232 3319 sola
2276 3278 2361 3316 re-

795 3369 992 3423 mansit
1044 3365 1233 3421 Donati
1281 3363 1510 3434 (Calvini
1567 3370 1622 3416 et
1672 3359 1923 3429 Lutheri)
1953 3355 2284 3413 communio.
2334 3373 2354 3406 ι

795 3457 902 3514 Sed
929 3457 1109 3512 statim
1139 3471 1259 3510 cum
1300 3454 1601 3525 Augustino
1628 3464 1953 3522 reponemus
1985 3467 2001 3503 :
2042 3466 2062 3498 ι
2106 3447 2217 3502 lloc
2248 3462 2359 3502 no-

799 3553 882 3606 bis
913 3553 1091 3622 legant
1127 3560 1182 3603 et
1216 3549 1350 3603 nihil
1387 3547 1709 3602 resistimus.
1742 3542 1808 3612 .Si
1838 3551 2016 3597 autem
2045 3557 2149 3595 non
2201 3555 2262 3594 ea
2296 3540 2362 3593 de

796 3643 1096 3712 Scripturis
1122 3640 1326 3696 sanctis
1359 3639 1576 3709 legunt,
1615 3637 1709 3692 sed
1758 3635 1870 3692 suis
1915 3633 2359 3690 contentionibus

797 3735 1126 3805 persuadere
1180 3742 1489 3794 conantur;
1549 3730 1711 3784 credo
1762 3730 1851 3784 illa
1886 3770 1901 3793 ,
1951 3743 2072 3799 quas
2105 3727 2159 3781 in
2207 3726 2358 3781 Scri-

796 3828 969 3897 pturis
998 3826 1204 3880 sanctis
1228 3824 1500 3895 leguntur,
1532 3840 1636 3878 non
1665 3823 1827 3879 credo
1853 3823 1978 3888 ista,
2008 3837 2127 3892 quae
2153 3820 2220 3874 ab
2245 3820 2356 3873 hae-

797 3919 982 3972 reticis
1009 3916 1160 3972 vanis
1193 3917 1468 3972 dicuntur.
1511 3934 1528 3967 ›
1560 3914 1887 3984 Equissima
1928 3925 2074 3969 certe
2116 3912 2360 3968 conditio

797 4012 867 4066 ab
924 4010 1226 4079 Augustino
1286 4009 1584 4079 proposita.
1625 4006 1762 4062 Cum
1818 4008 1960 4062 enim
2019 4005 2359 4076 apertissima

797 4104 927 4165 sint,
956 4110 1029 4166 et,
1057 4109 1116 4154 ut
1138 4100 1424 4171 Augustini
1451 4097 1651 4162 verbis,
1677 4097 1703 4170 §
1731 4097 1820 4161 56,
1853 4107 1993 4159 utar,
2027 4116 2045 4150 ‹
2099 4096 2244 4150 nullo
2276 4096 2361 4149 itt-

797 4202 1039 4261 terprete
1063 4192 1343 4261 indigeant
1388 4192 1772 4246 canonicarum
1820 4188 2225 4259 Scripturarum
2275 4196 2355 4241 te-

796 4283 1080 4342 stimonia,
1133 4295 1252 4352 quae
1302 4283 1687 4336 commendant
1734 4280 2033 4336 Ecclesiam
2089 4279 2142 4333 in
2193 4279 2358 4334 totius

797 4377 944 4432 orbis
982 4376 1362 4431 communione
1409 4375 1744 4438 consistere;
1789 4391 1808 4424 ›
1864 4373 2107 4442 quisquis
2161 4374 2359 4426 asserit

794 4469 1204 4539 amplitudinem
1237 4469 1376 4521 hanc
1403 4475 1458 4521 et
1487 4466 1895 4521 universitatem
1938 4481 2041 4518 non
2074 4467 2186 4519 fore
2232 4479 2355 4533 per-

2464 3248 2630 3314 itura,
2656 3256 2738 3303 tot
2777 3246 3108 3302 testimoniis
3135 3255 3239 3299 tam
3269 3245 3572 3300 sublimiter
3600 3254 3654 3298 et
3680 3255 3784 3297 tam
3808 3243 4029 3298 indubi-

2464 3349 2644 3396 tanter
2682 3341 3086 3410 praedicaretur;
3121 3351 3174 3393 et
3197 3341 3263 3394 de
3300 3338 3426 3404 ista,
3459 3353 3618 3406 quam
3653 3337 3853 3399 volunt,
3902 3350 4028 3396 sua,

2460 3449 2584 3504 quae
2616 3447 2783 3502 usque
2813 3432 2865 3486 in
2900 3432 3079 3498 linem,
3111 3432 3247 3487 sicut
3272 3430 3622 3492 contendunt,
3667 3443 4030 3498 permansura

2460 3527 2675 3591 fuerat,
2733 3533 3018 3580 taceretur.
3073 3543 3091 3577 ι
3151 3523 3383 3578 Proinde
3422 3521 3655 3578 Grabius
3704 3530 3759 3575 et
3804 3521 4030 3574 asseclm

2467 3637 2485 3670 ι
2521 3627 2932 3687 perscruteutur
2955 3617 3269 3685 Scripturas
3332 3616 3406 3684 (et
3456 3615 3544 3668 hic
3590 3614 3782 3668 iterum
3834 3612 4021 3680 Augu-

2460 3710 2587 3765 stini
2617 3710 2778 3764 verba
2809 3707 2990 3778 sunt§
3041 3706 3217 3777 42),et
3261 3716 3452 3760 contra
3497 3714 3602 3758 tam
3648 3704 3813 3758 multa
3867 3703 4030 3758 testi-

2461 3802 2666 3866 monia,
2700 3802 2900 3871 quibus
2923 3799 3232 3854 ostenditur
3260 3797 3496 3853 Ecclesia
3527 3797 3732 3853 Christi
3769 3804 3879 3848 toto
3915 3804 4032 3849 ter-

2461 3910 2646 3949 rarum
2708 3894 2838 3949 orbe
2899 3890 3147 3956 diliundi,
3213 3889 3300 3945 vel
3355 3906 3517 3944 unum
3585 3887 3858 3957 proferant
3913 3895 4028 3937 tam

2461 3996 2668 4041 certum
2703 3997 2759 4041 et
2795 3995 2902 4039 tam
2953 3981 3296 4038 manifestum
3324 4023 3338 4045 ,
3379 3997 3540 4052 quam
3584 3979 3670 4032 illa
3708 3987 3869 4041 sunt,
3917 3991 4032 4045 quo

2460 4079 2829 4132 demonstrent
2857 4077 3150 4131 Ecclesiam
3184 4074 3388 4129 Christi
3422 4071 3644 4142 periisse
3691 4071 3757 4124 de
3795 4069 4029 4122 caeteris

2458 4170 2706 4241 gentibus
2723 4179 2778 4224 et
2796 4170 2847 4223 in
2871 4169 2982 4224 sola
3013 4187 3030 4220 ι
3054 4167 3242 4238 Anglia
3266 4185 3285 4218 ι
3313 4165 3706 4219 remansisse...
3730 4161 3832 4216 Sed
3855 4176 4028 4229 quam

2459 4277 2568 4318 non
2601 4260 2984 4330 permittantur
3014 4258 3203 4313 saltem
3228 4271 3470 4325 quaerere
3494 4253 3716 4323 aliquid,
3758 4267 3866 4321 quo
3895 4267 4031 4321 pro-

2457 4355 2585 4410 bent
2613 4368 2734 4408 esse
2766 4352 3106 4421 prtcdictum,
3138 4349 3519 4404 deﬁcientibus
3551 4362 3578 4399 a
3615 4344 3720 4412 [ide
3749 4344 4028 4398 Christia-

2457 4463 2526 4503 na
2557 4447 2769 4503 caeteris
2798 4445 3065 4516 gentibus,
3096 4444 3147 4497 in
3181 4444 3292 4498 sola
3321 4441 3534 4511 (Anglia
3560 4459 3579 4491 ι
3607 4438 3901 4493 Ecclesiam
3934 4453 4029 4492 re-

795 4574 1010 4635 petuam
1047 4577 1187 4617 verae
1213 4561 1467 4616 Ecclesia:
1489 4569 1692 4626 notam,
1718 4573 1936 4612 necesse
1963 4565 2044 4612 εει
2073 4568 2178 4611 tam
2203 4531 2349 4611 ciam
2379 4555 2428 4614 ι)
2457 4556 2795 4597 mansuram:
2820 4537 3097 4592 attendant
3123 4536 3249 4589 illttd
3279 4535 3419 4604 quod
3441 4548 3581 4602 smpe
3597 4531 4050 4588 commemoravi.

795 4664 853 4710 et
885 4664 1068 4722 aperta
1102 4654 1507 4724 Scripturarum
1550 4652 1853 4706 testimonia
1887 4651 2126 4719 proferat
2158 4650 2353 4718 quibus

799 4748 1153 4802 assertionem
1189 4763 1338 4802 suam
1388 4747 1595 4816 probet.
1641 4744 1752 4799 Nisi
1797 4745 1940 4799 enim
1981 4742 2123 4798 Deus
2165 4741 2354 4797 fallere

799 4858 897 4896 nos
926 4841 1178 4906 voluerit,
1210 4843 1351 4909 quod
1379 4841 1520 4894 absit
1549 4850 1606 4892 ut
1632 4838 1715 4893 vel
1738 4838 2060 4907 cogitemus,
2085 4850 2359 4891 commen-

797 4930 922 4983 data
956 4929 1156 4998 ubique
1196 4939 1250 4983 et
1276 4931 1557 4999 designata
1585 4928 1827 4984 Ecclesia
1853 4944 1971 4992 sua,
1998 4929 2146 4981 velut
2186 4925 2360 4981 socie-

801 5031 909 5077 tate
937 5023 1192 5091 quadam,
1236 5037 1358 5091 quae
1401 5036 1514 5089 prae
1555 5020 1768 5075 caeteris
1805 5021 2055 5075 omnibus
2101 5020 2355 5088 amplitu-

797 5116 925 5169 dine
953 5122 1006 5168 et
1038 5114 1389 5169 universitate
1418 5114 1646 5183 insignis
1673 5113 1834 5178 foret;
1868 5113 2054 5167 debuit
2080 5127 2174 5182 pro
2204 5113 2358 5166 boni-

801 5218 907 5261 tate
939 5222 1059 5272 sua,
1095 5205 1290 5260 alicubi
1327 5207 1516 5260 saltem
1543 5215 1652 5258 tam
1687 5205 1902 5259 disertis
1929 5205 2105 5259 verbis
2138 5218 2357 5257 monere

798 5300 1209 5368 amplitudinem
1240 5299 1398 5360 hanc,
1429 5297 1778 5368 temporalem
1814 5298 2074 5351 duntaxat
2102 5295 2355 5350 Ecclesiae

798 5391 1136 5457 tmtauLfore,
1184 5401 1452 5460 postrema
1502 5391 1682 5445 mundi
1724 5401 1884 5444 mtate
1929 5390 2254 5454 desituram;
2295 5403 2357 5442 ac

800 5485 1009 5538 tandem
1037 5484 1326 5552 aliquando
1359 5483 1598 5538 futurum
1635 5498 1777 5544 esse,
1813 5492 1867 5534 ut
1919 5481 2156 5535 Ecclesia
2185 5521 2200 5546 ,
2237 5496 2356 5549 qua:

797 5577 1063 5646 prioribus
1089 5579 1299 5632 saeculis
1326 5580 1508 5632 orbem
1543 5587 1711 5631 totum
1753 5577 2049 5639 obtineret,
2082 5583 2354 5644 p‘oslrema

800 5684 904 5723 tnui
931 5669 979 5722 di
1009 5677 1166 5724 astate
1189 5671 1593 5739 angustioribus
1620 5679 1769 5739 septa
1819 5667 2079 5723 limitibus
2101 5708 2115 5733 ,
2163 5668 2217 5721 in
2254 5669 2355 5721 mi-

900 5847 923 5879 ⁸
953 5845 1137 5903 Matth.
1175 5863 1317 5912 XXIV,
1347 5849 1437 5904 ‘25.

2459 4646 2676 4705 utraque
2725 4648 2952 4686 crescere
2983 4645 3143 4700 usque
3194 4629 3260 4682 ad
3302 4643 3516 4681 messem
3544 4666 3558 4690 ,
3595 4637 3639 4678 et
3685 4640 3869 4692 agrum
3909 4641 4032 4678 €838

2458 4726 2733 4790 mundum,
2767 4738 2982 4777 messem
3003 4723 3158 4792 ﬁnem
3186 4719 3445 4787 amuli”,
3473 4721 3768 4781 nonnobis,
3788 4718 3882 4772 sed
3906 4719 4029 4787 ipsc

2452 4830 2680 4886 Domino
2707 4829 3097 4897 interpretante
3136 4823 3446 4893 parabolam
3481 4837 3705 4877 suam...
3757 4821 4030 4876 Desinant

2453 4938 2582 4991 ergo
2607 4934 2847 4991 quaerere
2876 4905 3018 4987 quod
3047 4917 3294 4970 invenire
3320 4930 3422 4968 non
3451 4923 3722 4984 poterunt,
3755 4927 3858 4967 non
3893 4915 4028 4982 quia

2452 5013 2722 5070 occultum
2755 5021 2858 5076 est,
2892 5009 2983 5064 sed
3033 5007 3157 5077 quia
3196 5022 3301 5062 non
3334 5016 3433 5060 est.
3485 5007 3620 5060 Sunt
3653 5007 3792 5060 enim
3841 5007 4030 5060 adhuc

2454 5103 2722 5162 ttOnnullae
2745 5111 2956 5171 gentes,
2987 5101 3041 5154 in
3072 5101 3268 5170 quibus
3293 5101 3526 5152 nondum
3557 5109 3638 5152 est
3665 5097 4026 5165 Evangeliutn

2453 5200 2834 5271 praedicatum;
2870 5207 3091 5248 necesse
3114 5200 3196 5245 est
3217 5201 3395 5244 autem
3426 5191 3630 5259 impleri
3659 5189 3860 5254 omnia,
3900 5205 4028 5259 quae

2454 5293 2520 5346 de
2550 5289 2769 5345 Christo
2797 5295 2852 5340 et
2881 5282 3121 5337 Ecclesia
3148 5282 3403 5352 prmdicta
3429 5288 3556 5334 sunt
3594 5289 3854 5349 gopertet
3888 5295 4030 5352 ergo

2452 5391 2507 5437 et
2538 5382 2588 5435 in
2616 5381 2694 5435 eis
2723 5374 3022 5446 praedicari.
3059 5390 3079 5423 ι

2522 5472 2608 5527 46.
2641 5472 2732 5535 At,
2756 5467 2926 5536 inquit
2955 5464 3208 5530 Grabius,
3236 5461 3465 5529 legimus
3494 5461 3547 5515 in
3576 5458 3899 5531 Apocalypsi
3933 5458 4026 5513 fu-

2455 5577 2629 5621 turam
2660 5578 2778 5619 esse
2808 5557 3148 5616 meretricem
3181 5570 3449 5626 magnam,
3489 5571 3609 5610 cum
3640 5569 3743 5625 qua
3777 5551 4027 5607 fornica-

2453 5663 2653 5717 buntur
2678 5670 2833 5728 reges
2876 5664 3052 5718 terrae,
3082 5657 3136 5705 et
3175 5649 3584 5706 inebriabuntur
3617 5649 3707 5720 qui
3761 5647 4020 5705 habitant

1514 5851 1532 5879 ⁹
1569 5846 1756 5904 Matth.
1795 5862 1845 5914 v,
1881 5847 1964 5902 14.
2009 5847 2050 5877 ’⁸
2083 5845 2275 5902 Matth.
2305 5860 2426 5911 χιιι,
2454 5843 2543 5899 50.
