4196 6330
273 357 382 411 2-33

1189 352 1644 410 DlSSERTATlO
1681 352 1771 419 111,
1812 352 1899 406 DE
1939 351 2195 410 ΙΠΕΝᾸΞῙ
2230 351 2601 409 DOCTRINA-

3405 359 3510 415 294

275 490 507 537 terram.
535 478 602 533 de
620 477 750 531 vino
780 473 1180 545 prostitutionis
1206 476 1346 544 ejus,
1376 485 1511 539 etc.,
1532 469 1650 543 quae
1680 473 1746 528 de
1770 473 1852 526 ul-
1880 476 1927 533 Α
1954 487 2119 540 quam
2173 480 2353 527 tamen
2404 475 2447 527 si
2493 489 2665 529 sacra:
2712 473 2872 544 hujus
2915 475 3212 546 prophetia:
3256 480 3513 550 mysteria

273 570 413 626 tiuta
447 569 634 625 mundi
674 576 832 622 aetate
875 568 943 621 ab
984 565 1115 636 ipsis
1159 567 1449 635 pontiﬁciis
1485 566 1843 635 explicantur.

272 663 391 717 Sed
422 676 613 715 rursus
639 675 761 715 cum
795 659 1098 727 Augustino
1144 657 1170 729 ᾗ
1207 659 1240 714 9
1269 660 1603 729 respondebo
1630 699 1645 722 ,
1680 678 1697 709 ι
1754 658 1843 713 illa

278 752 595 823 seponenda
619 766 761 813 esse,
790 765 909 819 quae
932 749 1163 805 obscure
1204 750 1373 819 posita
1406 791 1420 814 ,
1454 760 1507 805 et
1551 749 1842 819 ﬁgurarum

266 845 640 899 velaminibus
674 842 911 898 involuta
967 842 1170 913 (qualia
1216 853 1344 897 sunt
1382 857 1444 896 ea
1483 840 1595 895 fere
1638 840 1841 904 omnia,

267 952 401 1006 quae
435 940 486 992 in
528 937 851 1007 Apocalypsi
892 935 1186 1007 leguntur),
1216 944 1269 990 et
1308 934 1603 991 secundum
1652 950 1749 987 nos
1791 943 1845 987 et

265 1028 577 1083 secundum
619 1028 737 1083 illos
780 1037 1006 1098 possunt
1056 1029 1425 1098 interpretari.
1480 1028 1573 1081 Est
1620 1027 1839 1097 quidem

264 1132 562 1177 acutorum
604 1124 883 1177 hominum
940 1118 1239 1189 diiudicare
1296 1134 1459 1193 atque
1510 1123 1839 1182 discernere,

263 1211 405 1280 quis
431 1227 492 1266 ea
526 1214 861 1281 probabilius
894 1212 1304 1283 interpretetur;
1345 1214 1439 1269 sed
1488 1213 1739 1268 nolumus
1787 1210 1841 1265 in

266 1304 374 1359 bas
405 1305 741 1377 ingeniorum
773 1308 1171 1371 contentiones,
1204 1308 1255 1359 in
1289 1322 1348 1362 ea
1379 1322 1561 1368 causa,
1589 1321 1707 1375 quae
1740 1318 1838 1373 po-

263 1398 437 1466 pulos
474 1406 639 1461 tenet,
673 1405 913 1452 nostram
940 1400 1356 1467 disputationem
1388 1398 1829 1454 committeres"

259 1492 475 1560 Aperta
504 1490 702 1545 veritas
743 1490 957 1557 clamet,
995 1492 1196 1552 luceat.
1248 1492 1299 1545 in
1340 1490 1625 1546 obturatas
1676 1503 1836 1543 aures

262 1583 560 1652 irrumpat,
592 1583 1047 1639 dissimulantium
1073 1584 1258 1639 oculos
1283 1584 1466 1649 feriat,
1488 1598 1644 1638 nemo
1674 1580 1726 1635 in
1758 1580 1838 1635 eis

260 1674 497 1731 latebris
531 1686 735 1745 quaerat
766 1675 911 1731 falsae
942 1691 1052 1731 sum
1080 1678 1359 1732 sententia:
1387 1677 1588 1739 locum,
1618 1689 1833 1729 omnem

260 1777 525 1823 conatum
554 1769 964 1824 contradicendi
1005 1771 1318 1837 confundat,
1343 1784 1557 1824 omnem
1603 1767 1832 1822 frontem

1950 567 2185 619 scrutari
2215 568 2399 633 liceat,
2428 568 2588 639 longe
2624 569 2837 623 facilius
2859 586 3194 642 quaecunque
3222 573 3291 629 de
3328 588 3506 627 mere-

1948 659 2084 713 trice
2112 658 2198 712 illa
2236 675 2427 730 magna
2440 660 2889 730 przenuntiantur,
2906 677 3197 729 possumus
3237 665 3288 719 in
3314 661 3509 719 Prote-

1947 760 2152 806 stantes
2180 752 2325 820 ipsos
2357 762 2698 819 convertere,
2730 763 2784 807 et
2828 754 2876 809 ei
2907 770 3067 825 quam
3095 756 3219 812 ﬁdei
3260 768 3314 812 et
3342 759 3508 814 mori-

1944 839 2046 895 bus
2097 841 2433 903 intulerunt,
2487 842 2810 910 corruptelae
2855 843 3299 910 accommodare,
3343 861 3505 914 quam

1944 934 2157 1004 possint
2204 933 2258 987 in
2310 932 2609 988 Ecclesiam
2659 934 2959 990 Romanam
3024 937 3341 992 transferre.
3396 936 3505 994 Sed

1945 1027 2131 1080 missis
2159 1026 2308 1080 hisce
2341 1045 2359 1078 ε
2404 1042 2585 1080 rerum
2616 1026 2825 1097 ﬁguris,
2867 1028 2917 1081 in
2946 1029 3167 1097 quibus,
3217 1038 3276 1083 ut
3316 1046 3506 1085 rursus

1942 1117 2015 1170 ait
2046 1116 2378 1185 Augustinus
2419 1114 2446 1187 ᾗ
2483 1119 2566 1183 lt),
2594 1120 2719 1189 quia
2752 1118 2834 1173 vel
2860 1120 3210 1189 interpretem
3235 1131 3505 1190 quaerunt,

1943 1212 2065 1268 nolo
2089 1224 2272 1268 nostra
2301 1214 2516 1283 ingenia
2549 1222 2954 1281 comparentur,
2990 1230 3007 1263 ι
3059 1212 3451 1267 concludamus
3487 1232 3501 1266 :

1949 1323 2073 1364 cum
2120 1310 2172 1363 in
2221 1308 2519 1376 Scripturis
2543 1308 2644 1361 hac
2675 1307 3064 1370 universitatis,
3108 1306 3507 1376 amplitudinis-

1940 1417 2046 1470 que
2083 1412 2211 1456 nota
2257 1403 2568 1471 designetur
2594 1415 2680 1466 ea,
2708 1416 2871 1471 quam
2909 1402 3189 1456 constituit
3231 1400 3505 1468 Christus,

1939 1490 2208 1557 Ecclesia,
2237 1506 2337 1546 nec
2361 1493 2650 1561 aliquando
2667 1493 2962 1548 desituram
2993 1508 3110 1547 eam
3131 1500 3313 1546 notam
3351 1493 3501 1547 ullibi

1940 1591 2221 1654 appareat;
2248 1584 2291 1638 si
2321 1599 2439 1653 quae
2468 1584 2631 1639 hodie
2651 1585 2702 1638 in
2732 1584 2863 1639 orbe
2892 1598 3017 1638 vera
3038 1584 3282 1653 supersit
3314 1583 3505 1638 Eccle-

1938 1679 2038 1742 sia,
2068 1690 2186 1730 eam
2218 1677 2386 1731 solam
2426 1691 2548 1731 esse
2579 1692 2700 1746 qua:
2724 1676 2939 1731 caeteris
2980 1676 3336 1730 societatibus
3377 1676 3499 1731 lon-

1938 1770 2055 1841 gius
2079 1769 2347 1837 latiusque
2376 1779 2591 1840 pateat;
2634 1783 2698 1823 ac
2732 1770 2955 1838 proinde
2994 1768 3162 1823 solam
3199 1768 3501 1822 Ronianam

262 1860 598 1930 impudentis
617 1862 802 1917 elidat.
875 1861 930 1917 Si
962 1877 1079 1932 quae
1105 1860 1363 1930 ejusmodi
1390 1862 1685 1931 Scriptum
1717 1860 1829 1915 loca
1870 1830 1912 1887 Β
1938 1873 2076 1915 esse.
2115 1877 2133 1911 ε
2173 1860 2213 1891 ¹¹
2252 1856 2360 1913 Illa:
2387 1858 2583 1928 quippe
2630 1858 2856 1928 singula:
2905 1857 2954 1910 in
2991 1857 3174 1911 multis
3222 1854 3498 1925 gentibus,

260 1953 466 2008 habeat
497 1952 756 2021 Grabius,
788 1954 1050 2024 proferat;
1087 1955 1179 2010 sed
1224 1952 1627 2025 Apocalypseos
1666 1952 1832 2007 inter-

260 2048 631 2116 pretationem
701 2047 813 2103 Deo
867 2047 967 2102 soli
1017 2051 1363 2116 committat,
1412 2045 1830 2115 memlneritque

258 2150 424 2209 quam
460 2136 759 2194 infeliciter
783 2138 1101 2210 quibusdam
1131 2153 1162 2195 e
1209 2138 1323 2195 suis
1363 2137 1613 2195 cesserit.
1642 2136 1827 2204 Quan-

1939 1954 2027 2008 nbi
2070 1954 2170 2008 ista
2199 1962 2301 2020 est,
2322 1970 2426 2010 non
2449 1953 2829 2018 inveniuntur;
2862 1953 2975 2008 haec
3007 1960 3213 2015 autem,
3236 1966 3353 2025 quze
3381 1948 3503 2006 ubi-

1936 2058 2041 2113 que
2067 2054 2172 2112 est,
2195 2045 2359 2100 etiam
2392 2044 2483 2100 ubi
2510 2045 2613 2099 illa
2646 2051 2793 2111 sunt,
2825 2044 3114 2100 invenitur.
3157 2061 3179 2095 ο

1450 2424 2126 2515 ARTICULUS
2192 2425 2308 2516 V.

1234 2616 1323 2677 De
1366 2613 1674 2695 mysterio
1718 2612 2138 2678 sanctissimas
2178 2612 2528 2677 Trinitatis.

330 2952 611 3027 [CXXVII]
645 2954 737 3010 47.
775 2951 983 3017 Totam,
1030 2968 1191 3023 qnam
1236 2954 1301 3009 de
1352 2968 1509 3008 sacro
1539 2952 1825 3009 Trinitatis
1851 2961 1893 3020 ο,
1926 2951 2123 3022 prioris
2150 2950 2306 3016 edit.,
2344 2965 2434 3005 an.
2473 2947 2631 3015 1697,
2677 2948 2891 3005 dissert.
2936 2965 3014 3015 vr,
3056 2964 3179 3021 cap.
3218 2951 3274 3017 6,
3316 2951 3408 3023 52
3433 2962 3489 3009 et

251 3050 523 3120 mysterio
565 3056 711 3103 tenet
746 3047 986 3103 Ecclesia
1023 3046 1312 3110 catholica,
1366 3045 1524 3101 ﬁdem
1565 3047 1825 3115 paucissi-

251 3140 368 3195 mis
431 3142 877 3211 comprehensam
948 3138 1130 3195 verbis
1206 3138 1429 3193 tradidit
1493 3136 1828 3207 Augustinus

250 3230 356 3285 lib.
395 3246 447 3285 ιι
486 3229 555 3284 De
583 3232 739 3286 Civil.
772 3229 870 3286 Dei
908 3244 958 3285 c.
990 3230 1092 3285 εις
1133 3250 1151 3283 ι
1184 3229 1483 3295 Credimus,
1528 3229 1728 3297 inquit,
1772 3238 1827 3283 et

253 3336 531 3387 tenemus,
576 3335 627 3377 et
661 3325 893 3380 ﬁdeliter
930 3325 1308 3394 praedicamus,
1347 3326 1488 3394 quod
1534 3322 1695 3379 Pater
1735 3340 1828 3395 ge-

254 3417 446 3471 nuerit
503 3418 757 3484 Verbum,
818 3421 922 3475 hoc
973 3429 1056 3476 est
1130 3419 1459 3488 Sapientiam
1513 3434 1611 3488 per
1662 3434 1823 3488 quam

257 3510 407 3565 facta
442 3522 564 3566 sunt
607 3514 811 3581 omnia,
847 3514 1179 3585 unigenitum
1224 3513 1436 3575 Filium,
1467 3526 1607 3566 unus
1635 3526 1821 3575 unum,

254 3616 501 3661 aternus
547 3614 897 3670 coaeternum,
940 3619 1147 3659 summe
1189 3604 1359 3658 bonus
1392 3604 1675 3671 aequaliter
1729 3604 1824 3658 bo-

254 3714 392 3751 num
426 3716 439 3750 :
468 3707 522 3752 et
565 3699 707 3766 quod
737 3695 971 3767 Spiritus
1005 3706 1228 3752 sanctus
1262 3697 1422 3751 simul
1461 3704 1515 3750 et
1559 3696 1738 3751 Patris
1769 3707 1823 3751 et

256 3790 385 3845 Filii
420 3791 490 3845 sit
529 3791 799 3861 Spiritus,
835 3801 888 3846 et
927 3791 1041 3861 ipse
1092 3791 1569 3846 consubstantialis
1623 3802 1679 3844 et
1736 3804 1825 3845 co-

253 3898 504 3940 aternus
536 3887 801 3941 ambobus
829 3904 843 3940 :
878 3895 1039 3956 atque
1075 3886 1177 3941 hoe
1209 3896 1379 3942 totum
1406 3885 1718 3941 et'l‘rinitas
1751 3887 1823 3942 sit

255 3990 484 4049 propter
537 3979 860 4033 Trinitatem
917 3995 1314 4050 personarum,
1368 3989 1425 4035 et
1479 3995 1616 4035 unus
1678 3981 1821 4037 Deus

256 4080 484 4141 propter
524 4071 937 4139 inseparabilem
968 4073 1327 4138 divinitatem,
1374 4074 1515 4126 sicut
1544 4087 1681 4126 unus
1706 4087 1821 4125 om-

256 4162 516 4231 nipotens
570 4164 788 4231 propter
856 4163 1279 4232 inseparabilem
1339 4164 1815 4234 omnipotentiam.

257 4253 336 4308 Ita
368 4255 633 4318 utetiam,
664 4270 788 4308 cum
843 4256 906 4308 de
947 4254 1174 4323 singulis
1207 4255 1489 4323 quaeritur,
1534 4256 1818 4325 unusquis-

1927 3060 2112 3116 seqq.,
2174 3059 2407 3115 quorum
2464 3041 2930 3099 lucubrationibus
2986 3044 3030 3098 si
3082 3043 3214 3099 nihil
3290 3048 3490 3104 addere

1925 3146 2221 3217 potuerim,
2260 3144 2452 3201 saltem
2500 3142 2705 3215 aliquid
2756 3143 2894 3201 locis
2932 3146 3166 3202 forsitan
3208 3147 3491 3217 inspersu-

1926 3253 2019 3294 rus
2044 3238 2169 3295 sim.

1999 3333 2088 3390 48.
2123 3334 2194 3390 Ut
2235 3333 2420 3390 lrenai
2473 3349 2628 3389 mens
2684 3331 2890 3391 certius
2941 3337 3273 3406 exploretur,
3322 3339 3492 3395 tutior

1925 3434 2166 3485 omnium
2204 3432 2287 3485 via
2336 3442 2419 3487 est
2447 3434 2664 3501 penitus
2709 3434 2976 3504 inspicere
3002 3432 3123 3503 quis
3164 3433 3330 3488 fuerit
3374 3433 3490 3502 ejus

1926 3539 2141 3594 scopus,
2170 3539 2289 3595 qua:
2325 3526 2789 3591 adversariorum,
2821 3543 2958 3595 quos
2986 3529 3359 3598 impugnabat,
3390 3528 3489 3599 by-

1923 3617 2194 3686 pothesis,
2246 3616 2373 3687 quid
2426 3618 2639 3672 demum
2691 3620 2957 3675 adversus
3012 3637 3107 3677 eos
3154 3622 3486 3692 probandum

1921 3706 2023 3761 sibi
2051 3708 2394 3777 susceperit?
2423 3708 2617 3763 Animo
2644 3712 2826 3782 itaque
2867 3712 3065 3767 recolat
3095 3713 3341 3782 quisquis
3373 3715 3488 3784 pri-

1922 3813 2064 3852 tuam
2129 3808 2371 3855 nostram
2447 3802 2921 3871 dissertationem,
3007 3819 3071 3859 ac
3142 3804 3483 3873 potissimum

1922 3899 2024 3945 art.
2056 3907 2093 3955 ι,
2125 3890 2151 3964 §
2178 3892 2207 3945 5
2232 3902 2283 3947 et
2315 3893 2683 3964 seqq.,legere
2709 3907 2961 3966 gravatus
2989 3911 3095 3951 non
3124 3897 3307 3961 fuerit,
3336 3894 3484 3952 Gno-

1921 3983 2085 4038 sticos
2133 3999 2343 4051 omnes,
2396 3995 2450 4040 et
2500 3986 2944 4052 Valentinianos,
3008 4003 3143 4057 quos
3202 3988 3485 4045 refellebat

1918 4074 2173 4140 lrenaeus,
2205 4076 2362 4132 ﬁdem
2391 4091 2607 4133 omnem
2636 4081 2878 4151 mystcrii
2911 4080 3013 4134 SS.
3051 4079 3334 4137 Trinitatis
3361 4098 3483 4152 pro-

1919 4164 2079 4231 fanis,
2115 4168 2515 4238 Platonicisque
2550 4171 2664 4225 suis
2692 4173 3009 4225 commentis
3042 4168 3286 4226 fumlitus
3326 4188 3482 4227 ever-

1917 4257 2045 4313 tisse
2075 4276 2088 4312 :
2122 4260 2257 4313 adeo
2286 4268 2344 4313 ut
2374 4274 2440 4313 ex
2491 4260 2870 4329 impurissimis
2907 4262 3055 4315 hisce
3099 4259 3339 4318 fontibus
3380 4262 3480 4316 ﬁu-

254 4361 366 4416 que
393 4360 576 4401 eorum
608 4358 659 4401 et
702 4347 845 4401 Deus
871 4348 1213 4417 omnipotens
1240 4362 1361 4402 esse
1396 4351 1813 4421 respondeatur;
1848 4350 1892 4404 D
1921 4352 2086 4415 xerit,
2120 4367 2238 4419 qua:
2283 4352 2539 4421 deinceps
2579 4352 2940 4407 Christianam
2989 4352 3303 4425 religionem
3347 4354 3479 4409 infe-

252 4454 385 4494 cum
419 4453 546 4493 vero
568 4441 634 4493 de
667 4441 915 4495 omnibus
949 4440 1126 4500 simul.
1159 4455 1262 4494 non
1314 4448 1423 4495 tres
1462 4442 1554 4507 dii,
1587 4443 1668 4496 vel
1711 4454 1818 4498 tres

251 4532 680 4600 omnipotentes,
726 4534 819 4586 sed
866 4550 1004 4588 unus
1057 4534 1195 4587 Deus
1248 4534 1587 4603 omnipotens
1623 4553 1636 4589 :
1670 4544 1817 4590 tanta

252 4624 329 4677 ibi
361 4634 445 4677 est
478 4624 528 4677 in
578 4625 750 4678 tribus
800 4626 1178 4694 inseparabilis
1234 4627 1432 4693 unitas,
1475 4642 1595 4695 qua:
1637 4629 1716 4683 sic
1748 4645 1817 4698 se

251 4714 423 4770 voluit
468 4717 767 4785 praedicari.
826 4734 846 4768 ι
894 4717 1037 4783 ilaac,
1076 4720 1315 4787 inquam,
1362 4721 1643 4776 catholica:
1695 4720 1815 4776 ﬁdei

253 4826 491 4873 summa,
516 4825 545 4863 a
580 4826 683 4879 qua
732 4810 837 4865 late
866 4812 1156 4867 recessisse
1188 4809 1445 4869 Irenaeum
1485 4814 1815 4871 calumnian-

252 4912 344 4956 tur
408 4900 706 4964 Sociniani,
766 4918 993 4972 quorum
1059 4906 1295 4959 maxime
1359 4906 1604 4961 interfuit
1658 4917 1815 4962 tanta:

251 4993 597 5048 auctoritatis
630 4995 805 5048 virum
849 4997 901 5049 in
930 5008 1112 5065 partes
1146 5013 1273 5053 suas
1307 4998 1390 5053 vel
1427 5000 1655 5053 invitum
1691 5016 1814 5070 per-

253 5088 496 5143 trahere.
527 5089 601 5143 De
627 5102 691 5143 ea
732 5089 909 5145 minus
944 5101 1089 5145 recte
1125 5093 1391 5156 sensisse,
1420 5092 1813 5162 imprudentius

248 5196 418 5250 qnam
470 5184 756 5254 malignius
802 5184 1082 5253 conquesti
1124 5192 1249 5239 sunt
1281 5184 1637 5240 eCatholicis
1691 5188 1815 5255 qui-

249 5274 401 5330 dam.
434 5273 585 5329 Hunc
624 5278 692 5330 ab
720 5286 1069 5345 utrorumque
1094 5278 1560 5332 criminationibus
1594 5289 1813 5335 strenue

247 5368 601 5422 vindicarunt
644 5371 714 5426 cl.
758 5369 1022 5439 Georgius
1074 5370 1257 5424 Bullus
1301 5372 1587 5442 presbyter
1625 5372 1813 5442 Angli-

246 5473 422 5513 canus
458 5460 510 5511 in
544 5475 640 5513 sua
676 5460 983 5524 Defensione
1008 5465 1133 5533 ﬁdei
1176 5463 1428 5530 Nicwnw,
1461 5475 1514 5519 et
1566 5466 1811 5520 doctissi-

248 5563 376 5603 mus
402 5560 585 5604 noster
613 5551 842 5606 donmus
870 5551 1119 5607 Nicolaus
1138 5553 1209 5608 Le
1228 5553 1459 5622 Nourry,
1478 5554 1527 5607 in
1548 5554 1808 5621 Apparatu

246 5644 319 5695 ad
358 5638 728 5696 Bibliothecam
779 5645 1057 5702 maximam
1109 5656 1338 5701 veterum
1396 5646 1637 5712 Patrum,
1686 5656 1722 5701 t.
1767 5643 1809 5699 II

324 5825 373 5877 “7
398 5827 647 5896 August.,
677 5824 703 5896 ᾗ
737 5827 787 5880 6.

1919 4448 2016 4511 cit,
2050 4444 2358 4499 Sabelliana
2409 4455 2463 4499 et
2487 4445 2691 4499 Ariana
2746 4447 2987 4502 haeresis.
3022 4448 3103 4502 Ad
3154 4448 3476 4506 Trinitatem

1919 4553 2089 4606 usque
2114 4538 2420 4592 divinarum
2457 4552 2832 4608 personarum,
2867 4556 3093 4609 quarum
3126 4556 3230 4595 una
3257 4544 3479 4596 eadem-

1916 4644 2021 4698 que
2076 4638 2215 4684 esset
2260 4640 2452 4684 natnra
2505 4646 2570 4684 ac
2619 4632 2916 4687 substantia
2977 4634 3180 4698 divina,
3233 4635 3474 4690 animum

1918 4723 2130 4793 erigere
2158 4738 2261 4777 non
2292 4722 2549 4788 valentes,
2590 4724 2899 4780 statuebant
2938 4725 3130 4791 Deum,
3171 4743 3332 4797 quem
3365 4730 3478 4799 pri-

1918 4832 2062 4871 tnum
2098 4832 2159 4871 ac
2197 4831 2507 4885 supremum
2541 4816 2759 4872 Patrem
2800 4820 3164 4887 appellabant,
3193 4822 3475 4877 immensis

1915 4906 2236 4964 saeculorum
2263 4908 2564 4964 intervallis
2600 4909 2922 4972 solitarium.
2962 4926 3236 4982 unumque
3269 4923 3326 4968 ut
3378 4931 3476 4967 na)-

1918 5006 2059 5066 tura,
2108 5000 2187 5053 sic
2236 5010 2290 5053 et
2328 5015 2558 5070 persona
2607 4999 2795 5062 fuisse,
2837 5002 2999 5056 tacite
3026 5018 3205 5057 secum
3236 5008 3473 5074 cogitan-

1916 5100 2045 5157 tem,
2074 5107 2290 5161 unaqne
2322 5108 2416 5145 sua
2454 5094 2784 5163 cogitatione
2808 5104 3119 5148 contentum
3153 5107 3208 5150 et
3245 5112 3475 5168 occupa-

1915 5193 2047 5239 tum.
2083 5182 2216 5237 Cum
2250 5198 2375 5237 vero
2416 5186 2655 5239 exterius
2690 5198 2809 5238 sese
2842 5189 3086 5253 prodere,
3127 5187 3315 5242 orhem
3345 5204 3473 5244 con-

1914 5275 2110 5339 dendo,
2156 5275 2337 5329 animo
2383 5277 2774 5341 constituisset,
2813 5279 2865 5330 in
2911 5289 3088 5330 actum
3137 5280 3336 5347 erupit,
3376 5283 3469 5351 qui

1914 5381 2097 5421 rerum
2130 5366 2367 5419 omnium
2405 5368 2774 5431 seminarium,
2822 5370 3170 5439 principium,
3215 5370 3383 5424 forma
3414 5382 3469 5427 et

1912 5459 2235 5529 archetypus
2263 5468 2405 5512 esset
2440 5462 2726 5530 :huncque
2757 5473 3020 5516 vocabant
3057 5462 3196 5525 Nun,
3231 5462 3465 5517 Mentem

1912 5564 2005 5604 seu
2036 5566 2274 5616 sensum,
2319 5563 2372 5605 et
2401 5552 2595 5607 Filium
2638 5553 2970 5624 unigenitum
3032 5554 3242 5622 Patris,
3277 5569 3469 5624 paren-

1915 5644 2061 5713 tique
2092 5659 2186 5699 suo
2216 5642 2455 5714 perfecte
2505 5645 2733 5703 similem
2774 5655 2828 5704 et
2862 5650 3121 5720 aequalem
3156 5664 3272 5706 esse
3312 5649 3465 5705 dice-
