4196 6330
739 372 844 430 295

1535 375 2126 434 DISSERTATIONES
2164 378 2474 436 ΡΒΛΕΥΙΑΞ
2513 378 2581 460 lN
2621 380 2884 438 lRENEl
2925 384 3195 444 LIBROS.

3867 388 3973 444 296

737 492 890 561 bant,
920 501 1080 566 atque
1111 495 1184 550 ita
1218 507 1610 567 comparatum,
1637 511 1695 554 ut
1718 501 1866 556 solus
1889 502 2308 572 magnitudinem
2342 507 2385 561 Α
2414 513 2579 565 retur,
2608 512 2661 560 et
2696 507 2849 574 quasi
2886 504 2956 559 ab
2985 507 3089 562 alio
3130 506 3272 562 aliud
3295 505 3574 562 emittatur
3598 506 3662 561 ⁸³.
3703 525 3723 559 ι
3760 506 3970 562 Deinde

739 587 919 644 Patris
949 598 1206 658 caperet;
1237 599 1423 661 utpote
1469 592 1564 662 qui
1611 611 1641 646 a
1691 591 1854 649 Patre
1884 596 2304 665 haudquaquam

743 680 859 736 sive
913 696 994 743 re,
1039 682 1153 737 sive
1204 697 1435 750 persona
1491 684 1780 741 distinctus
1831 696 2014 742 esset:
2064 688 2307 757 nihilque

740 770 889 828 aliud
922 783 1066 829 esset
1092 790 1252 842 quam
1292 775 1454 830 Pater
1509 777 1625 846 ipse
1661 779 1923 846 sentiens,
1959 794 2024 836 ac
2070 784 2309 838 exterius

742 865 890 920 velut
923 865 1195 924 eﬂ‘undere
1221 881 1341 923 sese
1365 869 1643 939 incipiens.
1669 871 1711 924 A
1741 869 1820 924 Nu
1852 874 2168 941 productum
2199 876 2309 929 aie-

741 960 873 1014 bant
900 961 1159 1026 Verbum,
1192 963 1332 1032 quod
1375 979 1553 1018 rerum
1595 964 1940 1032 spiritalium,
1995 968 2306 1038 angelorum

740 1052 990 1108 videlicet
1016 1055 1351 1124 superiorum
1392 1057 1741 1126 principium,
1775 1067 1967 1113 auctor
2005 1068 2056 1113 et
2107 1059 2309 1115 forma-

741 1155 829 1200 tor
855 1156 1020 1210 esset,
1051 1133 1293 1217 Angelus
1331 1147 1440 1217 ipse
1486 1164 1514 1202 a
1545 1148 1723 1215 Patre,
1751 1150 1978 1220 ejusque
2025 1151 2130 1216 Nu,
2180 1155 2308 1208 sub-

742 1238 938 1292 stantia
971 1250 1024 1292 et
1054 1254 1282 1308 persona
1328 1241 1485 1312 longe
1532 1243 1776 1298 diversus
1809 1264 1823 1299 :
1855 1260 1956 1299 nec
1987 1246 2127 1300 enim
2162 1247 2305 1314 huic,

742 1339 802 1383 ut
832 1330 1139 1400 llnigcnito,
1180 1334 1362 1398 datum
1397 1350 1591 1402 capere
1638 1337 2061 1408 magnitudinem
2111 1337 2304 1394 Patris.

740 1418 786 1474 A
820 1420 992 1478 Verbo
1022 1425 1198 1479 emissi
1236 1437 1360 1480 sunt
1392 1427 1478 1480 alii
1504 1427 1724 1491 Eones,
1765 1444 1857 1484 seu
1898 1433 2095 1500 angeli,
2126 1446 2153 1484 a
2186 1431 2307 1500 qui.

740 1513 843 1570 bus
891 1516 1122 1570 vicissim
1172 1519 1259 1572 alii
1293 1520 1500 1588 geniti;
1553 1522 1620 1575 ab
1676 1523 1924 1578 omnibus
1971 1537 2098 1578 vero
2136 1524 2296 1578 simul

741 1607 1174 1676 ronspirantibus
1205 1613 1497 1680 productus
1540 1615 1817 1681 Salvator,
1863 1617 1952 1686 qui
1998 1616 2304 1672 inferiorem

742 1701 988 1769 angelum
1025 1703 1206 1756 mundi
1241 1704 1402 1775 hujus
1434 1707 1784 1775 aspectabilis
1811 1709 2148 1764 conditorem
2178 1710 2308 1764 diri-

741 1804 910 1863 geret.
935 1793 1068 1848 Cum
1096 1807 1276 1850 autem
1311 1798 1637 1854 novissimus
1684 1799 1823 1855 IEon
1860 1800 2098 1869 supremi
2129 1802 2305 1858 Patris

743 1883 1168 1953 magnitudinem
1201 1896 1403 1942 temere
1434 1897 1705 1944 scrutatus
1747 1905 1882 1961 pene
1913 1891 2198 1960 periisset;
2237 1908 2306 1947 ne

740 1973 884 2030 idem
909 1990 1065 2039 casus
1092 1978 1227 2032 alios
1253 1980 1483 2047 subiret,
1512 1982 1768 2038 emissum
1801 1984 1869 2038 ab
1902 1981 2195 2053 Unigenito
2230 1985 2304 2038 al-

743 2072 918 2119 terum
974 2081 1072 2136 par
1123 2066 1381 2136 Eonum,
1425 2085 1518 2124 seu
1573 2072 1909 2141 angelorum,
1959 2072 2208 2130 Christus
2255 2081 2308 2127 et

745 2157 980 2231 Spiritus
1006 2172 1248 2230 sanctus,
1281 2157 1536 2230 aquibus
1584 2163 1869 2218 fulciretur
1906 2166 2309 2235 munireturque

744 2254 1013 2312 Pleroma.
1042 2256 1261 2311 Summa
1298 2257 1543 2326 proinde,
1575 2271 1720 2328 quod
1750 2260 1813 2313 ad
1844 2275 1956 2314 rem
1991 2269 2306 2328 praesentem

745 2347 964 2412 attinet,
1000 2347 1105 2402 huc
1133 2349 1275 2402 redit
1306 2366 1320 2402 :
1351 2346 1566 2402 Patrem
1595 2349 1773 2405 Verbo
1796 2359 1849 2405 et
1872 2351 2096 2421 Spiritui
2123 2362 2310 2407 sancto

744 2438 920 2509 longis
960 2439 1278 2496 saeculorum
1313 2441 1655 2511 myriadibus
1700 2444 2128 2512 prreexstitisse;
2179 2444 2312 2500 Uni-

745 2530 985 2600 genitum
1021 2529 1192 2593 illum,
1222 2546 1381 2598 quem
1409 2531 1686 2597 dicebant,
1723 2533 1939 2599 Filium,
1976 2552 2177 2591 meram
2210 2539 2313 2593 Pa-

746 2621 845 2675 tris
871 2619 1166 2690 ἐνέργειαν,
1203 2619 1567 2689 eﬂicientiam,
1617 2633 1822 2690 actum,
1870 2635 1964 2680 aut
2006 2629 2310 2698 proprieta-

746 2721 853 2766 tem
878 2711 1266 2776 ἀνυπόστατον,
1306 2729 1412 2767 non
1459 2728 1751 2783 personam
1800 2714 1866 2770 ab
1898 2732 1962 2773 eo
1998 2718 2308 2774 distinctam

744 2802 916 2859 fuisse
951 2823 966 2858 :
999 2802 1237 2860 Verbum
1271 2813 1475 2870 autem,
1515 2805 1778 2876 Spiritum
1829 2820 2108 2878 sanctum,
2151 2810 2312 2869 Chri--

746 2902 892 2949 stum
917 2905 972 2951 et
1001 2895 1344 2952 Salvatorem
1395 2897 1618 2954 totidem
1670 2899 1942 2969 spiritales
1985 2911 2209 2960 naturas
2259 2913 2315 2960 et

747 3002 1032 3058 personas,
1069 2988 1295 3060 angelici
1329 2990 1559 3055 ordinis,
1594 3007 1622 3044 a
1652 3006 1710 3046 se
1733 2993 1963 3050 invicem
2000 2995 2311 3062 distinctas,

743 3093 802 3137 et
835 3083 888 3138 in
917 3091 1160 3149 tempore
1201 3082 1469 3146 conditas,
1517 3093 1681 3154 atque
1723 3087 1904 3140 divina
1940 3102 2036 3142 seu
2085 3100 2312 3159 paterna

746 3173 906 3241 longe
952 3172 1236 3227 inferiores
1275 3173 1547 3228 exstitisse
1599 3188 1615 3227 :

748 3277 843 3317 seu
873 3263 1052 3316 mundi
1097 3262 1365 3332 opiﬁcem,
1410 3263 1660 3333 angelum
1705 3272 1763 3319 et
1798 3265 1972 3334 ipsum
2004 3266 2190 3333 fuisse,
2221 3271 2314 3324 sed

747 3353 1177 3425 praecedentibus
1204 3354 1578 3424 ignobiliorem
1606 3374 1619 3424 ;
1649 3357 1739 3425 qui
1775 3372 1878 3413 nec
1908 3358 1962 3412 in
1993 3358 2315 3428 Pleromate,

749 3449 979 3502 aliorum
1015 3447 1164 3513 sede,
1194 3447 1366 3500 locum
1404 3447 1648 3514 haberet,
1681 3457 1733 3503 et
1770 3451 2116 3508 densioribus
2158 3453 2316 3524 igno-

750 3539 939 3592 rantiae
991 3540 1227 3593 tenebris
1271 3538 1563 3593 obvolutus
1614 3549 1773 3594 natus
1819 3553 1985 3600 esset.
2035 3543 2156 3599 Haec
2192 3556 2317 3598 sunt

749 3632 1126 3686 haereticorum
1161 3643 1495 3696 commenta,
1523 3647 1643 3701 quae
1682 3630 2010 3687 confutanda
2057 3634 2158 3689 sibi
2191 3649 2314 3689 sus—

749 3726 895 3794 cepit
919 3724 1177 3789 lrenzeus,
1212 3741 1274 3779 ac
1311 3734 1422 3780 toto
1456 3739 1618 3794 opere
1647 3726 1844 3796 passim
1876 3724 2143 3782 conl‘utat.

819 3817 908 3872 49.
943 3815 1009 3869 Ει
1044 3818 1217 3885 primo
1251 3817 1466 3885 quidem
1505 3817 1631 3885 quia
1686 3817 1928 3873 haeretici
1967 3819 2157 3882 variis,
2197 3834 2318 3886 quae

750 3910 951 3980 passim
1006 3910 1058 3961 in
1097 3907 1396 3978 Scripturis
1433 3919 1750 3972 occurrunt,
1799 3907 2007 3964 Christi
2051 3920 2105 3966 et
2153 3909 2314 3965 Verbi

753 3998 1062 4056 nominibus
1093 4000 1245 4051 abusi
1277 4037 1292 4061 ,
1338 3997 1477 4052 male
1505 3997 1904 4068 distinguebant
1949 4000 2090 4054 inter
2131 4001 2314 4069 unige-

750 4093 926 4149 nitum
971 4091 1190 4156 Filium,
1236 4092 1493 4160 Verbum,
1533 4090 1836 4157 Christum,
1878 4089 2085 4156 Jesum,
2127 4093 2316 4148 Salva-

754 4197 924 4244 torem
953 4195 1006 4240 et
1038 4185 1413 4251 Demiurgum;
1451 4201 1556 4254 qua
1595 4201 1760 4255 prava
1787 4187 2137 4242 distinctione
2181 4189 2318 4243 nite-

753 4281 913 4337 batur
945 4278 1304 4333 Valentiniani
1360 4279 1667 4349 systematis
1711 4281 1948 4335 maxima
2002 4297 2129 4351 pars
2172 4299 2186 4334 :
2225 4297 2318 4333 va-

755 4387 882 4428 nam
919 4385 1037 4424 eam
1095 4385 1218 4423 esse
1253 4370 1445 4436 probat
1491 4370 1746 4436 lrenaaus,
1790 4373 2023 4440 primum
2079 4374 2318 4427 auctori-

756 4474 866 4519 tate
897 4463 1165 4534 Evangelii
1191 4461 1454 4528 Joannis;
1498 4477 1605 4532 quo
1641 4465 1886 4534 exposito
1921 4464 2190 4519 concludit
2223 4465 2313 4519 lib.

2408 594 2452 647 si
2487 610 2548 648 ea
2585 597 2935 652 emissionum
2980 600 3174 662 series,
3206 603 3418 668 qualem
3470 599 3969 657 comminisceban-

2411 693 2497 740 tur
2529 687 2787 751 haeretici,
2815 689 2867 743 in
2900 691 3010 745 Deo
3043 691 3365 759 admittitur,
3403 695 3476 747 ita
3511 701 3572 746 ut
3603 692 3764 763 longe
3816 691 3972 760 prius

2411 780 2684 834 exstiterit
2732 780 2916 846 Pater,
2972 797 3132 851 quam
3192 775 3646 839 Verbnm'suum
3700 783 3969 847 emiserit,

2409 869 2620 941 hocque
2651 872 2718 927 ab
2756 873 2846 928 illo
2882 884 2989 929 tam
3026 875 3212 945 procul
3249 877 3449 941 distet;
3500 875 3778 931 hominum
3815 891 3970 930 com-

2409 964 2707 1031 positorum
2742 975 2955 1030 natura,
3006 977 3062 1022 et
3110 982 3177 1023 ex
3228 981 3457 1037 corpore
3493 978 3548 1024 et
3580 968 3754 1022 anima
3793 967 3973 1022 subsi-

2411 1057 2692 1123 stentium,
2742 1055 3079 1124 aﬂectiones,
3111 1068 3164 1114 et
3203 1059 3534 1114 intentiones
3569 1062 3795 1124 mentis,
3844 1059 3972 1112 dum

2409 1150 2671 1218 cogitant,
2694 1148 2747 1202 in
2785 1149 2949 1203 Deum
2977 1150 3152 1221 ipsum
3187 1150 3473 1204 transferri
3504 1151 3813 1205 necessario
3839 1164 3975 1204 con-

2410 1239 2677 1307 sequitur.
2707 1237 2779 1291 Ea
2828 1247 2912 1291 est
2948 1240 3089 1292 enim
3132 1238 3409 1293 hominum
3438 1238 3694 1302 conditio,
3742 1245 3802 1288 ut
3843 1249 3973 1288 ver—

2410 1328 2533 1382 bum
2567 1328 2632 1382 ab
2654 1343 2840 1382 eorum
2874 1336 3056 1382 mente
3087 1343 3192 1384 non
3235 1329 3536 1392 emittatur,
3575 1328 3676 1382 nisi
3712 1337 3831 1397 post
3865 1325 3974 1379 ali-

2411 1433 2570 1488 quam
2610 1428 2825 1473 actuum
2868 1417 3063 1473 seriem
3116 1425 3171 1474 et
3205 1421 3631 1475 successionem.
3666 1436 3684 1469 ι
3733 1419 3776 1449 ¹³
3813 1417 3866 1471 ln
3905 1431 3977 1472 eo

2409 1519 2610 1574 autem,
2646 1512 2736 1580 qui
2772 1509 2843 1566 sit
2877 1526 3040 1581 super
3074 1526 3263 1565 omnes
3305 1510 3460 1571 Deus.
3503 1526 3625 1564 cum
3660 1509 3882 1578 simplex
3919 1518 3976 1562 ct

2411 1619 2517 1658 non
2553 1604 2902 1672 compositus,
2938 1613 2993 1658 et
3039 1601 3521 1664 similimembrius,
3559 1611 3613 1656 ct
3663 1612 3810 1656 totus
3856 1602 3980 1672 ipse

2410 1695 2512 1750 sibi
2575 1695 2795 1758 similis,
2846 1703 2900 1748 et
2951 1695 3177 1764 aequalis
3227 1694 3320 1754 sit,
3351 1702 3495 1748 totus
3533 1691 3665 1757 Nus,
3725 1702 3780 1746 et
3826 1701 3978 1747 totus

2409 1788 2583 1858 Logos
2632 1803 2752 1842 cum
2791 1785 3097 1859 [CXXVlll]
3133 1787 3221 1849 sit,
3269 1793 3414 1840 totus
3459 1800 3672 1850 sensus,
3723 1795 3777 1840 et
3828 1795 3977 1839 totus

2408 1897 2621 1944 ennaaa,
2648 1890 2702 1936 et
2729 1887 2874 1936 totus
2916 1881 3084 1946 ratio;
3121 1888 3177 1934 et
3208 1893 3308 1934 nec
3349 1879 3497 1934 aliud
3534 1880 3832 1949 antiquius,
3868 1893 3978 1933 nec

2407 1972 2695 2044 posterius,
2743 1982 2833 2026 aut
2868 1972 3071 2041 aliquid
3113 1969 3338 2027 alterius
3375 1972 3607 2029 habente
3660 1972 3711 2025 in
3748 1984 3829 2031 se,
3880 1970 3979 2025 sed

2411 2075 2523 2120 toto
2544 2065 2758 2136 aequali,
2793 2075 2842 2121 et
2872 2066 3056 2126 simili,
3085 2075 3139 2121 et
3167 2082 3274 2122 uno
3296 2076 3698 2135 perseverante,
3721 2064 3832 2134 jam
3869 2080 3981 2119 non

2411 2157 2531 2212 talis
2567 2157 2725 2224 hujus
2746 2156 3109 2212 ordinationis
3139 2167 3401 2226 sequetur
3425 2156 3666 2210 emissio.
3703 2174 3722 2207 ι
3760 2152 3824 2208 Et
3852 2170 3980 2225 tap.

2413 2249 2500 2315 l7,
2534 2265 2589 2304 n.
2618 2251 2683 2305 7:
2723 2267 2741 2300 ι
2783 2248 2899 2303 Νοιι
2932 2251 3160 2304 enimut
3195 2249 3552 2327 compositum
3583 2249 3783 2303 animal
3819 2248 3982 2318 quid-

2411 2343 2534 2398 dam
2565 2353 2649 2396 est
2680 2342 2922 2395 omnium
2969 2341 3153 2404 Pater,
3190 2351 3389 2410 praeter
3427 2339 3570 2404 Nuu,
3626 2339 3986 2408 quemadan-

2410 2435 2535 2487 dum
2567 2433 3050 2502 praeostendimus;
3088 2430 3180 2484 sed
3211 2427 3323 2483 Nus
3360 2429 3541 2492 Pater,
3569 2437 3623 2481 et
3648 2427 3808 2481 Pater
3843 2425 3985 2478 Nus.

2411 2525 2643 2580 Necesse
2679 2533 2763 2578 est
2796 2524 2999 2592 itaque,
3037 2534 3089 2577 et
3131 2539 3276 2588 eum,
3314 2523 3404 2592 qui
3455 2530 3535 2574 est
3571 2536 3636 2574 ex
3680 2535 3745 2573 eo
3778 2518 3983 2585 Logos,

2413 2618 2522 2672 imo
2559 2617 2731 2685 magis
2753 2625 2930 2669 autem
2974 2616 3147 2683 ipsum
3186 2614 3325 2679 Nun,
3356 2629 3478 2667 cum
3512 2614 3582 2669 sit
3618 2612 3812 2682 Logos,
3854 2626 3988 2679 per-

2412 2708 2614 2778 lectum
2667 2717 2719 2762 et
2768 2705 3154 2775 impassibilem
3202 2718 3359 2767 esse;
3408 2712 3461 2757 et
3507 2716 3621 2765 eas,
3660 2717 3778 2770 quae
3815 2715 3879 2753 ex
3916 2713 3988 2751 eo

2413 2810 2540 2857 sunt
2585 2799 2932 2861 emissiones,
2986 2797 3226 2866 ejusdem
3277 2795 3596 2851 substantiae
3663 2808 3783 2846 cum
3841 2793 3981 2852 sint,

2415 2892 2570 2960 cujus
2593 2902 2646 2946 et
2675 2891 2811 2960 ipse,
2836 2888 3106 2959 perfectas
3141 2899 3194 2943 et
3242 2887 3607 2957 impassibiles
3655 2895 3709 2938 et
3760 2897 3985 2952 semper

2415 2959 2618 3038 similes
2647 2997 2767 3035 cum
2798 2995 2863 3036 eo
2894 2994 3268 3049 perseverare,
3298 2982 3387 3048 qui
3415 2993 3507 3031 eas
3537 2977 3736 3033 emisit.
3772 2995 3791 3026 ι

2486 3075 2574 3133 50.
2610 3075 2734 3129 llzec
2768 3083 2895 3129 sunt
2942 3082 3287 3143 argumenta,
3321 3071 3518 3139 quibus
3573 3068 3988 3123 Valentinianos

1670 3174 2009 3246 Dentiurgum
2061 3177 2315 3250 denique.
2344 3195 2385 3253 ο
2419 3167 2770 3238 impugnabat
2815 3165 3072 3219 lrenaeus.
3129 3165 3184 3216 l°
3229 3162 3386 3216 Velut
3427 3162 3789 3215 certissimum
3811 3161 3985 3253 quid,

2418 3276 2481 3314 ex
2511 3259 2775 3314 catholica
2807 3258 2909 3312 ﬁde
2937 3265 2990 3311 el
3033 3255 3323 3326 Evangelia
3364 3255 3728 3325 supponebat,
3775 3252 3989 3323 Uutge-

2416 3355 2615 3417 nitum,
2654 3351 2916 3416 Verbum,
2970 3348 3309 3403 Salvatorem
3362 3357 3415 3401 et
3465 3346 3737 3400 Christum
3780 3345 3985 3400 Filium

2419 3446 2536 3508 Dei,
2561 3445 2649 3513 qui
2676 3444 2989 3497 incarnatus
3017 3450 3098 3496 est
3128 3455 3224 3508 pro
3250 3439 3426 3504 nobis,
3454 3455 3614 3491 unum
3646 3449 3691 3491 es
3722 3438 3984 3499 eumdem,

2418 3554 2510 3592 seu
2537 3552 2698 3590 unam
2725 3545 2780 3591 et
2821 3534 3062 3589 eamdem
3091 3546 3213 3587 esse
3251 3546 3559 3599 personam,
3588 3530 3741 3599 cujus
3769 3529 3985 3583 diversa

2417 3631 2682 3683 duntaxat
2711 3635 2894 3682 essent
2939 3625 3178 3678 nomina.
3216 3623 3417 3677 Deinde
3463 3624 3513 3676 in
3575 3623 3676 3676 hoc
3718 3620 3989 3674 assentie-

2418 3723 2576 3777 batur
2617 3721 2888 3775 haereticis
2936 3716 3100 3788 (quod
3136 3726 3192 3769 et
3225 3715 3491 3770 catholica
3523 3715 3653 3769 lides
3698 3712 4012 3782 probabat),

2417 3828 2522 3866 non
2563 3811 2706 3879 quod
2751 3807 3077 3878 Unigenitus
3122 3822 3269 3860 mera
3309 3816 3452 3861 esset
3491 3804 3670 3858 Patris
3711 3803 3988 3875 ἐνέργεια.

2418 3914 2477 3957 ut
2518 3905 2591 3958 illi
2633 3903 2923 3966 volebant;
2958 3903 3051 3956 sed
3100 3903 3242 3971 quod
3288 3900 3636 3968 Unigenitus,
3677 3912 3772 3965 per
3820 3911 3990 3964 quem

2417 3995 2556 4049 facta
2592 4008 2710 4048 esse
2734 3995 2913 4049 omnia
2965 4009 3086 4046 cum
3116 3992 3323 4048 Joanne
3363 3990 3659 4050 asserebat,
3688 3989 3799 4058 lipsi
3833 3987 3992 4041 Patri

2418 4086 2896 4141 consubstantialis
2929 4095 3093 4150 esset,
3132 4082 3461 4153 ei-perfecte
3491 4081 3706 4145 similis,
3753 4090 3804 4134 et
3841 4094 3985 4147 per-

2419 4181 2556 4236 fecte
2610 4179 3078 4247 comprehenderis
3143 4176 3571 4245 magnitudinem
3630 4175 3826 4229 Patris.
3901 4172 3988 4228 Ex

2417 4289 2523 4344 quo
2562 4272 2939 4332 concludebat,
2985 4280 3038 4323 et
3067 4271 3301 4326 Verbum
3340 4273 3513 4336 ipsum
3545 4268 3693 4322 Patri
3744 4265 3995 4321 consub-

2417 4363 2667 4420 stantiale
2690 4379 2828 4428 esse,
2867 4364 2995 4418 huic
3040 4364 3274 4430 perfecte
3303 4361 3501 4425 simile,
3542 4369 3595 4413 et
3622 4359 3991 4427 comprehen—

2420 4457 2555 4510 dens
2605 4456 2722 4526 ejus
2749 4455 3198 4526 magnitudinem.
3236 4454 3291 4507 5ο
3321 4453 3452 4518 Quia
3479 4451 3718 4507 haeretici
3745 4448 3992 4503 Verbum

754 4573 795 4620 ι,
829 4571 948 4626 cap.
979 4555 1031 4620 9,
1064 4573 1118 4609 ιι.
1148 4555 1181 4608 5
1213 4571 1230 4608 :
1264 4575 1280 4606 ι
1313 4554 1490 4610 Unum
1524 4566 1576 4609 et
1603 4558 1847 4610 eumdem
1876 4558 2082 4611 ostendi
2110 4556 2315 4628 Logou,
2349 4537 2392 4590 D
2426 4552 2614 4621 procul
2647 4567 2674 4604 a
2702 4551 2889 4615 Patre,
2931 4561 2985 4604 et
3028 4562 3218 4602 natura
3273 4558 3325 4601 et
3368 4548 3557 4600 ordine
3600 4543 3992 4616 generationis

757 4658 810 4703 et
852 4648 1227 4718 Monogenem,
1261 4659 1314 4702 et
1353 4649 1520 4710 Zoen,
1564 4657 1618 4702 et
1652 4646 1815 4712 Phos,
1853 4659 1906 4703 et
1950 4649 2218 4718 Soterem,
2263 4666 2316 4708 et

757 4741 1032 4795 Christum
1080 4739 1274 4794 Filium
1320 4741 1440 4801 Dei,
1492 4740 1584 4809 qui
1615 4740 1936 4795 incarnatus
1977 4752 2060 4796 est
2090 4758 2188 4813 pro
2222 4759 2322 4799 no-

758 4832 858 4886 bis.
899 4849 917 4883 ι
952 4831 1012 4884 Et
1040 4831 1132 4884 lib.
1166 4846 1227 4895 ll,
1263 4846 1380 4899 cap.
1417 4830 1503 4890 15,
1527 4844 1667 4897 eam,
1713 4846 1873 4901 quam
1907 4833 2051 4886 inter
2080 4835 2318 4903 Patrem,

763 4921 879 4976 Nun
913 4931 961 4976 et
992 4920 1226 4978 Verbum
1251 4922 1654 4982 distinetionem
1706 4925 2118 4994 interponebant
2153 4930 2324 4985 luere-

761 5009 876 5073 tici,
910 5022 1031 5062 cum
1069 5023 1154 5074 eo,
1194 5023 1357 5078 quem
1396 5009 1667 5081 fingebant
1710 5011 2062 5068 emissionum
2109 5015 2320 5081 ordine,

763 5115 886 5155 cum
920 5110 1066 5156 recta
1115 5105 1326 5157 ratione
1359 5119 1602 5173 pugnare
1637 5104 1826 5160 multis
1879 5109 2233 5167 demonstrat.
2266 5112 2322 5166 ιιι

764 5192 953 5262 primis
991 5207 1110 5246 cum
1142 5189 1270 5257 Nus,
1315 5207 1409 5246 seu
1465 5207 1616 5247 mens
1651 5194 1726 5249 sit
1771 5213 1788 5246 ι
1832 5196 2006 5264 ipsum
2055 5202 2194 5268 quod
2245 5215 2331 5256 est

765 5285 1080 5354 principale,
1116 5295 1171 5339 et
1219 5301 1512 5353 summum,
1561 5295 1613 5342 et
1665 5288 1814 5343 velut
1868 5291 2216 5360 principium,
2274 5307 2328 5350 et

766 5377 888 5432 fons
925 5379 1156 5432 universi
1195 5394 1406 5442 sensus,
1450 5397 1467 5431 ι
1511 5390 1566 5434 et
1617 5383 1978 5451 cogitationis,
2023 5401 2128 5439 uno
2161 5389 2326 5443 verbo

767 5485 919 5524 mens
964 5470 1075 5539 ipsa
1131 5471 1436 5525 essentialis
1478 5481 1531 5525 et
1573 5473 1951 5528 substantialis
1997 5475 2175 5531 Patris
2202 5518 2217 5543 ,
2273 5492 2328 5534 ct

770 5562 884 5630 ipe
936 5561 1127 5629 Pater;
1182 5563 1436 5617 emissum
1471 5562 1576 5616 dici
1621 5577 1731 5617 non
1786 5562 1888 5618 nisi
1935 5565 2324 5622 absurdissime

768 5672 950 5726 posse,
988 5673 1054 5713 ne
1101 5660 1242 5713 Deus
1286 5660 1402 5728 ipse
1431 5668 1485 5712 et
1521 5658 1682 5713 Pater
1707 5676 1727 5710 ι
1771 5674 1802 5714 a
1836 5661 2126 5728 semetipso
2160 5676 2317 5734 sepa-

876 5835 917 5864 “
948 5834 1111 5900 lren.,
1135 5835 1225 5890 lib.
1253 5851 1311 5899 tl.
1345 5851 1391 5892 c.
1428 5839 1508 5904 l5,
1540 5857 1587 5892 ιι.
1624 5839 1674 5891 4.
1757 5838 1799 5869 ³³
1829 5837 1894 5890 Ν.
1923 5837 2025 5893 ὅθι,
2050 5838 2100 5893 8.

2424 4644 2697 4704 dissitum.
2747 4644 3062 4714 ignorantiae
3120 4651 3174 4696 et
3231 4641 3462 4709 passioni
3514 4638 3800 4692 obnoxium
3860 4651 3993 4690 esse

2418 4737 2759 4801 statuebant;
2790 4737 2974 4791 eodem
3017 4733 3361 4787 fundamento
3407 4731 3567 4784 nixus
3595 4729 3987 4798 blasphemiam

2418 4835 2558 4887 hanc
2581 4830 2794 4886 refellit.
2827 4829 3108 4887 Nimirum,
3149 4827 3320 4895 Logos
3364 4835 3444 4878 est
3476 4824 3588 4891 ipse
3615 4821 3743 4886 Nus,
3773 4835 3827 4876 et
3870 4819 3993 4874 an

2417 4938 2496 4985 est
2528 4926 2705 4997 Logos
2735 4942 2746 4976 :
2777 4925 2964 4977 eadem
2994 4920 3219 4989 proinde
3253 4919 3531 4983 utriusque
3561 4926 3614 4970 et
3655 4915 3986 4980 substantia,

2422 5032 2476 5077 et
2505 5029 2724 5083 natura,
2757 5025 2812 5070 et
2842 5015 3124 5086 perfeCtio.
3160 5013 3424 5067 Prmterca
3470 5023 3696 5064 necesse
3740 5017 3821 5061 est
3861 5022 3988 5068 eas,

2420 5127 2540 5183 ane
2583 5126 2646 5165 ex
2697 5109 2776 5162 Nu
2806 5118 2931 5161 sunt
2978 5106 3316 5168 emissiones,
3375 5102 3615 5166 ejusdem
3664 5098 3993 5153 substantia:

2423 5220 2563 5267 esse,
2595 5204 2750 5272 cujus
2796 5210 2853 5254 et
2899 5200 3013 5269 ipse
3048 5198 3178 5263 Nus,
3211 5195 3478 5265 perfectas
3519 5203 3573 5247 et
3617 5188 3988 5261 impassibilcs

2424 5307 2478 5351 et
2522 5310 2736 5365 semper
2786 5293 2988 5348 similes
3041 5305 3160 5345 cum
3223 5305 3285 5343 eo
3344 5301 3710 5356 perseverare,
3761 5281 3854 5353 qui
3886 5298 3992 5338 eas

2425 5389 2626 5441 emisit.
2656 5387 2818 5455 Atqui
2849 5384 2957 5438 Nus
2983 5385 3178 5446 Patris,
3211 5383 3339 5451 ipsis
3368 5380 3662 5434 fatentibus
3687 5377 3988 5439 hareticis,

2423 5480 2654 5535 Verbum
2696 5478 2900 5534 emisit.
2942 5475 3178 5532 Necesse
3204 5486 3287 5528 est
3332 5475 3511 5540 itaque
3561 5471 3792 5525 Verbum
3839 5468 3994 5537 ejus-

2422 5574 2539 5627 dem
2566 5584 2685 5626 esse
2716 5569 3031 5625 substantiae
3073 5581 3193 5622 cum
3227 5563 3307 5618 Nu
3350 5564 3552 5629 Patris,
3579 5560 3881 5630 perfectura
3929 5568 3992 5612 et

2423 5663 2757 5734 itnpassibile
2787 5673 2835 5716 θ’
2874 5675 3090 5733 semper
3127 5658 3302 5714 simile
3334 5670 3451 5710 cum
3485 5670 3564 5710 co.
3593 5655 3648 5709 4ο
3684 5671 3701 5703 ι
3750 5649 3989 5706 Multum
