4196 6330
213 329 322 385 997

1137 325 1598 380 DISSERTATIO
1637 325 1721 391 Ill,
1771 324 2146 378 DEIIiENAll
2191 323 2560 380 DOCTRINA.

3359 330 3464 380 ρςιδ

212 445 378 499 distat
424 446 676 501 omnium
723 444 889 500 Pater
931 449 998 500 ab
1051 447 1159 510 bis,
1191 463 1308 516 qum
1340 449 1664 516 proveniunt
1697 449 1793 501 bo-
1823 455 1867 506 Α
1898 447 2172 509 conditor,
2217 449 2301 498 hic
2354 448 2548 511 factor,
2585 447 2674 513 qui
2709 447 2835 498 fecit
2867 462 2928 499 ea
2966 461 3061 510 per
3087 449 3464 516 semetipsum,

214 538 471 600 minibus,
519 536 900 593 atl'eetionibus
939 547 995 591 et
1033 540 1393 608 passionibus.
1456 560 1474 591 ι
1525 540 1613 592 Eae
1665 556 1791 594 vero

216 640 346 683 sunt
378 631 660 684 hominum
691 630 1009 686 all’eetiones'
1035 641 1091 685 et
1135 633 1439 700 passiones,
1476 643 1533 686 ut
1565 635 1789 687 verbum

214 737 401 775 eorum
442 723 765 789 prolationis
813 724 1028 777 initium
1077 725 1297 786 habeat,
1327 735 1382 778 et
1429 735 1610 780 mente
1641 727 1792 794 cogi-

217 827 368 870 tante
403 818 675 884 posterius
705 818 947 887 genesim
998 818 1200 873 habeat
1246 820 1299 872 in
1351 827 1614 887 tempore.
1654 818 1788 873 Cum

214 923 349 974 ergo
377 906 617 961 Verbum
647 909 736 963 Dei
768 911 990 964 verbum
1031 910 1327 964 humanum
1369 911 1584 964 inlinito
1628 925 1790 979 supe—

213 1011 301 1052 ret
331 1001 651 1069 intervallo,
687 1018 785 1056 nec
833 1003 1159 1071 prolationis
1211 1005 1422 1058 initium
1477 1007 1674 1059 habere
1699 1020 1792 1073 po-

215 1091 342 1153 tuit,
380 1106 476 1146 nec
508 1095 750 1161 genesim
781 1094 834 1148 in
865 1103 1131 1164 tempore.
1158 1094 1399 1164 Denique
1427 1097 1688 1164 quidquid
1737 1097 1789 1149 in

215 1180 334 1235 Deo
357 1193 455 1244 est,
490 1184 630 1237 Deus
667 1186 779 1252 ipse
818 1195 940 1239 est:
985 1201 1088 1239 nec
1122 1186 1266 1240 enim
1309 1187 1452 1240 aliud
1487 1188 1788 1256 antiquius,

215 1284 322 1322 nec
347 1271 636 1338 posterius,
666 1280 758 1324 aut
787 1273 933 1327 aliud
971 1274 1213 1337 alterius,
1250 1289 1343 1327 seu
1379 1290 1407 1325 a
1433 1288 1491 1327 se
1517 1274 1787 1328 diversum

215 1359 386 1412 habet
413 1360 466 1413 in
497 1374 596 1430 se;
630 1363 723 1416 sed
761 1371 906 1417 totus
943 1364 1173 1432 simplex
1217 1371 1320 1429 est,
1351 1372 1405 1417 et
1433 1379 1541 1418 non
1570 1378 1790 1430 compo-

214 1455 376 1520 situs,
404 1463 551 1511 totus
596 1457 846 1525 aqualis,
891 1467 946 1513 et
989 1458 1208 1514 similis.
1255 1469 1310 1514 et
1353 1475 1490 1514 unus
1540 1448 1792 1526 perseve-

218 1565 366 1603 rans.
393 1551 556 1618 Atqui
584 1549 817 1604 Verbum
843 1560 898 1604 et
922 1551 1157 1621 Spiritus
1180 1563 1400 1607 sanctus
1429 1553 1481 1605 in
1514 1553 1622 1606 Deo
1642 1559 1785 1614 sunt,

213 1651 270 1693 et
305 1641 395 1696 Dei
447 1642 676 1697 Verbum
718 1655 771 1698 et
797 1643 1030 1712 Spiritus
1053 1651 1280 1698 sanctus
1326 1651 1491 1706 sunt;
1527 1658 1648 1696 nam
1679 1643 1789 1712 ipse

216 1734 362 1787 Deus
393 1733 655 1798 Verbum,
703 1743 847 1787 totus
888 1734 1146 1802 Spiritus,
1197 1742 1341 1787 totus
1391 1733 1588 1803 Logos,
1645 1742 1790 1786 totus

211 1825 348 1889 Nus,
382 1837 485 1878 etc.
542 1825 709 1894 Igitur
758 1827 992 1880 Verbum
1028 1838 1080 1880 et
1131 1825 1368 1893 Spiritus
1404 1835 1623 1880 sanctus
1664 1836 1790 1880 sunt

213 1915 464 1985 ejusdem
498 1931 619 1969 cum
663 1918 770 1970 Deo
804 1917 1121 1970 substantiae
1169 1926 1221 1969 et
1270 1927 1498 1981 naturae,
1546 1917 1785 1982 ejusdem

214 2024 341 2061 cum
387 2022 453 2061 eo
502 2006 846 2074 antiquitatis
873 2016 927 2059 et
976 2007 1317 2069 aeternitatis,
1364 2008 1488 2060 huic
1535 2010 1698 2061 coaevi
1735 2019 1788 2062 et

212 2096 740 2155 consubstantiales;
773 2111 878 2149 uno
905 2098 1090 2162 verbo,
1130 2095 1273 2150 Deus
1317 2097 1448 2165 ipse.
1479 2098 1619 2162 Quin
1675 2100 1789 2153 haec

214 2190 484 2256 ipsissima
537 2189 646 2242 sint
693 2187 885 2241 lrenmi
945 2198 1294 2256 argumenta,
1343 2189 1528 2241 nullus
1579 2190 1788 2243 inﬁcias

213 2282 367 2344 ierit,
399 2283 493 2348 qui
525 2283 589 2333 ad
631 2296 751 2333 mox
784 2280 946 2332 citata
977 2280 1311 2344 testimonia,
1340 2288 1622 2348 totumque
1641 2280 1786 2346 ejus-

212 2373 340 2426 dem
377 2387 600 2440 scdpum
649 2372 948 2424 attenderit
983 2390 996 2425 :
1031 2372 1221 2424 eadem
1256 2382 1402 2424 certe
1443 2381 1787 2439 argumenta,

215 2461 420 2530 quibus
456 2463 712 2530 deinceps
743 2461 824 2514 usi
870 2470 999 2514 sunt
1043 2461 1144 2514 SS.
1177 2459 1365 2513 Patres
1402 2471 1591 2513 contra
1634 2462 1790 2513 Aria-

213 2569 318 2608 nos
355 2563 410 2609 et
457 2553 894 2617 Maeedonianos,
929 2562 983 2606 et
1014 2562 1239 2606 utuntur
1285 2554 1585 2607 etiamnum
1641 2554 1790 2605 theo-

213 2646 325 2711 logi
391 2646 457 2699 ad
526 2645 942 2700 Socinianorum
1007 2645 1340 2712 impietatem
1417 2644 1788 2698 refellendam.

211 2739 416 2792 Eadem
441 2738 668 2810 proinde
709 2738 760 2789 in
789 2736 1031 2805 utrisque
1059 2738 1125 2790 de
1151 2737 1408 2805 mysterio
1440 2736 1792 2789 Sanctissian

211 2830 504 2884 Trinitatis
549 2830 702 2884 fides.
747 2829 859 2882 Nec
907 2839 1084 2883 tamen
1133 2829 1202 2882 iis
1250 2839 1539 2884 contentus
1586 2841 1793 2899 martyr

209 2923 615 2986 sancnssimus,
671 2921 757 2974 vel
817 2921 1004 2974 eadem
1053 2919 1216 2974 latius
1258 2919 1514 2986 explicat,
1560 2919 1640 2972 vel
1686 2921 1789 2974 alia

211 3015 449 3069 subinde
479 3012 710 3083 profert,
753 3012 975 3081 quibus,
1027 3027 1186 3079 quam
1236 3021 1383 3065 recte
1435 3021 1489 3065 et
1530 3012 1793 3068 catholice

211 3106 474 3172 senserit,
513 3106 686 3176 magis
717 3121 780 3160 ac
815 3106 988 3174 magis
1020 3106 1448 3158 demonstretur.

286 3205 375 3256 51.
420 3201 662 3268 ριιίει,,ιιι
698 3200 831 3263 dixi,
884 3199 1154 3267 negabant
1209 3199 1452 3252 haeretici
1507 3199 1665 3253 Verbi
1702 3199 1792 3254 Dei

211 3296 600 3363 a-ternitatem,
656 3292 1037 3362 lingebantqne
1082 3308 1182 3346 nec
1211 3293 1280 3345 ab
1315 3292 1430 3359 ipso
1466 3289 1647 3357 Patre,
1696 3309 1796 3348 nec

213 3414 240 3446 a
275 3395 453 3449 Verbo
504 3391 618 3462 ejus
661 3393 972 3447 immediate
1000 3393 1275 3444 conditum
1321 3408 1443 3445 esse
1489 3396 1793 3461 aSpectabi-

214 3489 323 3540 lem
366 3490 512 3542 hunc
565 3487 847 3548 mundum,
885 3486 979 3538 sed
1027 3504 1045 3536 ι
1100 3501 1127 3536 a
1184 3482 1394 3538 Virtute
1421 3485 1601 3553 aliqua
1641 3487 1797 3539 valde

215 3579 464 3632 inferiori
500 3578 566 3631 ab
600 3579 711 3642 illo,
744 3587 797 3629 et
828 3579 1114 3646 ignorante
1143 3576 1358 3630 Patrem
1387 3597 1400 3644 ;
1441 3598 1458 3628 ι
1506 3580 1609 3632 hoc
1645 3594 1796 3632 com-

215 3682 456 3724 mentum
483 3669 771 3723 confutans
801 3670 1031 3723 lrenmus
1068 3670 1157 3723 lib.
1200 3685 1260 3732 ll,
1313 3685 1430 3738 cap.
1466 3669 1521 3733 2,
1560 3671 1796 3724 ostendit

214 3779 270 3813 ιι.
304 3762 479 3814 4815
516 3761 766 3815 homines
814 3761 1035 3828 quidem
1091 3779 1109 3811 (
1162 3762 1348 3829 inopes
1413 3782 1429 3812 ι
1480 3778 1602 3815 cum
1659 3763 1790 3826 sint,

219 3871 239 3903 ι
283 3868 383 3906 nee
418 3853 635 3921 possint
683 3853 867 3907 statim
908 3853 1112 3921 aliquid
1163 3868 1227 3906 ex
1264 3867 1454 3921 parato
1499 3853 1789 3918 fabricare,

213 3948 459 4015 indigere
509 3946 695 4000 nmltis
727 3951 948 4017 organis
977 3949 1042 4000 ad
1081 3966 1097 3998 ι
1129 3949 1204 4000 rei
1237 3948 1463 4016 alianus
1497 3965 1513 3997 ι
1554 3948 1792 4001 fabrica-

217 4041 447 4092 tionem.
476 4039 762 4107 Proprium
803 4060 819 4092 ι
853 4052 1035 4094 autem
1076 4059 1093 4089 ι
1133 4055 1251 4094 esse
1284 4041 1387 4093 hoc
1428 4040 1519 4092 Dei
1567 4055 1791 4108 supere-

215 4131 519 4192 miitentiae,
550 4146 654 4182 non
682 4132 920 4200 indigere
944 4131 1066 4185 aliis
1093 4131 1311 4201 organis
1337 4131 1400 4183 ad
1427 4131 1790 4190 conditionem

213 4239 402 4275 eorum
461 4242 478 4274 ι
514 4222 602 4293 (ad
637 4224 920 4275 condenda
954 4228 1038 4290 ea)
1074 4240 1092 4272 ι
1127 4239 1246 4289 qua:
1279 4224 1451 4288 liunt;
1494 4238 1666 4291 neque
1690 4239 1789 4277 an-

213 4317 349 4386 gelis
375 4317 618 4384 indigere
665 4315 1002 4382 adiutoribus
1047 4317 1112 4368 ad
1156 4330 1240 4381 ea,
1273 4330 1392 4383 qua:
1432 4314 1586 4378 fiunt,
1617 4331 1791 4383 neque

221 4411 417 4462 virtute
442 4408 625 4477 aliqua
660 4407 813 4460 valde
865 4408 1110 4462 inferiori
1162 4409 1228 4461 ab
1265 4408 1376 4473 illo,
1407 4417 1460 4460 et
1507 4409 1790 4476 ignorante

1822 1806 1860 1859 Β

1895 535 1994 586 hoc
2025 544 2106 588 est
2136 551 2230 603 per
2266 535 2498 589 Verbum
2548 546 2601 589 et
2653 536 2991 603 Sapientiam
3029 552 3205 601 suam,
3237 540 3466 600 cmlum,

1892 636 1947 680 et
1977 637 2202 692 terram,
2233 638 2288 681 et
2333 628 2500 681 maria
2525 668 2539 691 ,
2587 636 2636 680 et
2669 629 2849 681 omnia
2906 645 3025 696 qua:
3062 629 3114 681 in
3163 631 3243 682 eis
3275 642 3416 693 sunt
3450 645 3462 680 :

1894 719 1982 772 hic
2003 719 2201 785 justus,
2240 719 2328 772 bic
2358 721 2552 785 bonus,
2589 730 2720 782 elc.,
2763 723 2849 774 hic
2897 722 3035 775 Deus
3083 724 3378 782 Abraham,
3411 733 3467 774 et

1897 807 2034 860 Deus
2079 808 2245 870 Isaac,
2299 824 2434 872 ec.,
2488 809 2576 862 hic
2629 809 2790 863 Pater
2844 812 3054 864 Domini
3116 813 3284 865 nostri
3334 812 3463 866 Jesu

1891 899 2092 953 Christi
2123 915 2220 968 per
2251 899 2488 954 Verbum
2523 917 2702 965 sumn,
2743 903 2832 970 qui
2867 913 2951 956 est
2986 902 3159 959 Filius
3185 904 3320 971 ejus,
3367 920 3464 972 per

1892 1007 2014 1044 eum
2049 992 2321 1046 revelatur
2347 1001 2400 1045 et
2427 993 2812 1047 manifestatur
2845 996 3119 1059 omnibus,
3151 1017 3169 1048 ι
3197 1008 3302 1050 etc.
3341 999 3465 1051 lla-e

1893 1085 2057 1156 igitur
2099 1085 2238 1152 apud
2279 1085 2536 1138 Irenaeum
2577 1097 2722 1139 certa
2771 1096 2825 1140 et
2861 1089 3256 1152 demonstrata,
3293 1105 3459 1141 unum

1896 1177 2056 1228 Demn
2096 1175 2280 1226 omnia
2311 1190 2559 1244 prorsus,
2609 1186 2714 1230 tam
2765 1179 2996 1232 visibilia
3026 1194 3189 1247 quam
3222 1180 3465 1234 invisibi-

1895 1267 1959 1319 lia
1994 1262 2322 1331 condidisse,
2352 1283 2581 1337 eumque
2634 1285 2775 1335 esse,
2815 1273 2905 1340 qni
2938 1273 3010 1326 sit
3058 1287 3220 1341 super
3246 1291 3461 1329 omnem

1893 1357 2390 1426 Principalitatem,
2436 1361 2790 1424 Potestatem,
2849 1365 3302 1433 nominationem,
3355 1384 3463 1421 uno

1891 1450 2055 1503 verbo
2080 1466 2241 1517 supra
2268 1466 2457 1506 omnes
2480 1454 2716 1521 angelos,
2746 1465 2800 1507 et
2831 1457 3072 1509 omnium
3105 1457 3299 1520 Pater;
3335 1475 3465 1514 cen-

1892 1541 2111 1605 didisse,
2148 1543 2392 1611 inquam,
2442 1559 2547 1596 non
2584 1560 2677 1612 per
2703 1561 2907 1615 organa
2953 1558 3005 1602 et
3036 1550 3398 1606 instrumenta
3435 1572 3461 1604 a

1891 1647 1949 1686 se
1982 1634 2218 1698 diversa,
2250 1645 2304 1688 et
2329 1635 2556 1689 alterius
2589 1652 2615 1688 a
2645 1654 2703 1691 se
2747 1651 2975 1705 natum,
3025 1646 3118 1696 sed
3144 1661 3239 1712 per
3267 1657 3464 1698 semet-

1893 1727 2087 1794 ipsum,
2127 1729 2226 1780 boc
2251 1739 2334 1788 est
2383 1744 2478 1798 per
2529 1730 2785 1798 Verbum,
2841 1734 3034 1788 Filium
3060 1753 3234 1802 suum,
3272 1751 3324 1793 et
3367 1742 3464 1793 Sa-

1892 1821 2150 1888 pientiam
2187 1837 2363 1887 suam,
2415 1825 2464 1874 id
2505 1835 2588 1878 est
2624 1827 2889 1894 Spiritum
2948 1842 3222 1895 sanctum,
3258 1845 3315 1886 ut
3352 1837 3467 1900 ipsi:

1890 1914 2124 1982 explicat
2155 1913 2245 1968 lib.
2278 1929 2350 1977 Iv,
2383 1932 2431 1968 c.
2467 1916 2563 1979 20,
2595 1935 2648 1971 n.
2695 1922 2717 1973 1
2763 1937 2778 1975 :
2815 1939 2832 1971 ι
2870 1920 2979 1976 Nec
3020 1925 3191 1988 enim,
3222 1929 3317 1990 ait,
3369 1931 3464 1981 Im-

1893 2021 2006 2056 rtnn
2041 2005 2406 2073 (angelorum)
2442 2006 2716 2075 indigebat
2741 2009 2881 2062 Deus
2911 2012 2976 2065 ad
3016 2013 3318 2068 faciendum
3350 2035 3466 2084 quae

1892 2097 2005 2165 ipse
2051 2099 2192 2164 apud
2247 2111 2306 2151 se
2345 2099 2745 2166 praedelinierat
2777 2103 2916 2166 fieri,
2972 2109 3127 2173 quasi
3181 2109 3294 2174 ipse
3345 2127 3469 2163 suas

1893 2202 1998 2239 non
2028 2186 2250 2242 haberet
2277 2204 2488 2242 manus.
2517 2192 2681 2244 Adest
2725 2193 2865 2245 enim
2900 2195 2945 2247 ei
2983 2211 3196 2263 semper
3233 2197 3465 2252 Verbum

1892 2287 1945 2330 et
1985 2279 2284 2346 Sapientia,
2327 2280 2496 2334 Filius
2543 2292 2598 2335 et
2645 2283 2911 2350 Spiritus,
2966 2303 3062 2354 per
3108 2306 3266 2357 quos,
3313 2301 3367 2344 et
3415 2294 3465 2343 in

1892 2370 2087 2438 quibus
2130 2373 2307 2424 omnia
2345 2373 2514 2427 libere
2548 2383 2601 2427 et
2631 2387 2822 2441 Sponte
2860 2377 3007 2442 fecit,
3049 2383 3111 2431 ad
3141 2398 3276 2448 quos
3307 2395 3360 2435 et
3382 2383 3461 2435 ln-

1894 2461 2077 2527 quitur
2107 2464 2291 2517 dicens
2326 2482 2338 2516 :
2380 2464 2669 2519 Faciamus
2699 2469 2961 2522 hominem
3001 2473 3066 2521 ad
3098 2473 3374 2540 imaginem
3422 2489 3469 2526 rt

1893 2555 2291 2609 similitudinem
2354 2569 2586 2610 nostram
2641 2560 2715 2622 ‘5;
2773 2561 2884 2627 ipse
2933 2577 2960 2612 a
3008 2565 3303 2630 semetipso
3345 2570 3470 2619 sub-

1896 2649 2152 2702 stantiam
2197 2660 2593 2725 creaturarum,
2646 2665 2698 2705 et
2738 2654 3040 2720 exemplum
3094 2657 3381 2718 factorum,
3419 2672 3473 2713 rt

1899 2741 2123 2811 figuram
2157 2742 2205 2793 in
2240 2743 2439 2794 mundo
2472 2756 2917 2797 ornatmmtnrum
2969 2749 3262 2815 accipiens.
3302 2771 3318 2800 ι
3368 2751 3404 2802 Ε
3428 2773 3468 2799 ι-

1897 2840 2116 2901 propter
2161 2833 2391 2885 Verbum
2443 2845 2496 2887 et
2548 2835 2808 2902 Spiritum
2867 2851 3115 2893 sanrtnm
3173 2855 3326 2895 ruent
3379 2846 3472 2897 Dei

1895 2941 2106 2985 manus,
2142 2940 2244 2976 non
2273 2925 2362 2978 hic
2393 2928 2575 2988 modo,
2611 2931 2702 2980 sed
2728 2939 2784 2981 et
2824 2930 2874 2982 in
2902 2929 3142 2996 ejusdem
3171 2935 3289 2987 libri
3329 2935 3471 2988 Pras-

1897 3015 2121 3076 fatione,
2155 3027 2207 3068 et
2253 3016 2344 3069 lib.
2384 3033 2465 3078 Ill,
2512 3033 2561 3070 (ι.
2609 3018 2701 3082 2|,
2733 3037 2786 3072 ιι.
2842 3022 2925 3075 10.
2969 3021 3073 3075 Eas
3119 3039 3246 3078 vero
3283 3041 3475 3079 manus

1821 3141 1863 3198 Ο
1899 3130 2020 3167 cum
2046 3125 2284 3184 opponat
2314 3117 2435 3169 aliis
2467 3121 2702 3187 organis,
2733 3131 2788 3173 et
2826 3120 3019 3174 Virtuti
3051 3124 3312 3191 inferiori,
3349 3129 3473 3183 hinc

1901 3209 2184 3263 manifeste
2222 3211 2488 3276 sequitur,
2524 3213 2758 3265 Verbum
2802 3224 2857 3267 et
2904 3216 3165 3283 Spiritum
3223 3231 3473 3273 sanctum

1900 3316 1928 3352 a
1969 3300 2131 3353 Patre
2163 3302 2380 3368 quidem
2415 3303 2697 3371 distingui,
2732 3316 2918 3372 utpote
2965 3309 3290 3374 quibuscum
3335 3329 3470 3365 con-

1898 3394 2076 3446 silium
2128 3395 2348 3456 babcat,
2404 3395 2529 3448 (lum
2581 3398 2657 3448 ait
2705 3395 3037 3451 :Faciumus
3088 3400 3347 3455 hominem
3403 3409 3470 3458 all

1905 3483 2185 3551 imaginem
2215 3495 2260 3535 et
2293 3485 2693 3538 similitudinem
2726 3499 2958 3540 nostram
2987 3506 3004 3551 ,'
3038 3508 3140 3544 non
3189 3503 3366 3547 tamen
3395 3498 3475 3548 in-

1899 3574 2140 3635 ferioris,
2195 3584 2250 3627 et
2296 3576 2522 3630 alterius
2589 3579 2656 3630 ab
2700 3593 2762 3631 eo
2819 3589 3028 3633 natura:
3086 3597 3259 3637 esse:
3312 3587 3472 3639 sicult

1899 3667 2247 3732 proportione
2299 3677 2541 3731 servata,
2595 3685 2784 3724 manus
2838 3671 3071 3726 hominis
3127 3689 3155 3727 a
3215 3692 3470 3745 corpore,

1897 3758 2050 3825 cujus
2077 3767 2202 3810 sunt
2239 3773 2454 3825 manus,
2505 3770 2692 3812 natura
2728 3772 2781 3813 et
2835 3763 3121 3817 :ubstantia
3176 3783 3281 3820 non
3317 3769 3474 3821 dilic-

1897 3858 2041 3902 rnnt.
2073 3848 2183 3901 lmo
2217 3849 2503 3904 manifeste
2535 3868 2590 3904 se
2627 3853 2739 3920 ipse
2782 3857 3015 3922 explicat
3044 3857 3301 3923 lrenzeua,
3351 3879 3473 3914 cum

1897 3940 1992 4002 ait,
2031 3957 2194 3992 untnn
2233 3941 2396 3993 Deum
2430 3943 2612 3995 omnia
2649 3943 2841 3998 fecisse
2867 3965 2958 4012 per
2984 3951 3338 4019 semetipsum,
3374 3956 3471 4005 itm:

1897 4045 1998 4099 est,
2030 4036 2198 4097 addit,
2229 4051 2322 4103 per
2380 4034 2603 4087 Verbum
2647 4048 2693 4089 et
2733 4037 3060 4107 Sapientiam
3096 4060 3271 4097 suam.
3339 4045 3470 4098 Ver-

1896 4127 2019 4180 bum
2057 4127 2219 4195 igitur
2263 4136 2313 4178 et
2346 4127 2582 4196 Spiritus
2615 4140 2838 4185 sanctus
2885 4144 3009 4186 sunt
3051 4150 3192 4189 unus
3244 4153 3297 4189 et
3331 4139 3471 4191 idem

1895 4234 2016 4270 cum
2053 4217 2210 4272 Patre
2243 4217 2407 4284 Dens,
2451 4235 2556 4272 una
2588 4231 2640 4274 et
2672 4224 2861 4276 eadem
2900 4241 3022 4278 cum
3068 4241 3133 4279 eo
3168 4231 3473 4284 substantia

1893 4322 1946 4363 et
1973 4321 2190 4363 natura.

1967 4401 2227 4474 [CXXIX]
2246 4404 2330 4457 5‘2.
2364 4405 2436 4457 Ex
2470 4405 2533 4458 iis
2562 4405 2831 4459 concludit
2857 4408 3108 4473 lt'enarus,
3129 4411 3359 4465 Verbum
3381 4431 3473 4466 seu

217 4500 437 4554 patrem
467 4516 482 4563 ;
524 4499 617 4552 sed
649 4500 902 4553 ωοηρηιη
945 4514 1066 4554 esse
1105 4509 1160 4553 et
1195 4498 1466 4552 sufﬁciens
1498 4500 1564 4551 ad
1594 4501 1793 4551 lornIa-
1828 4487 1874 4555 Di
1904 4493 2114 4556 Filium,
2139 4507 2191 4547 et
2220 4498 2478 4563 Spiritum
2511 4508 2782 4560 sanctum,
2812 4503 3004 4554 nedum
3035 4505 3192 4556 rebus
3223 4508 3474 4559 omnibus

216 4594 420 4646 tionem
451 4592 697 4643 omnium
730 4592 1006 4659 proprium
1053 4593 1172 4660 ejus
1225 4590 1485 4654 Verbum,
1534 4591 1790 4659 quemad-

219 4684 439 4735 modum
486 4692 541 4735 ct
574 4679 813 4734 Joannes
851 4681 1061 4735 Domini
1108 4681 1407 4749 discipulus
1451 4683 1526 4734 ait
1568 4683 1634 4736 de
1678 4697 1784 4734 eo:

220 4775 413 4828 Omnia
440 4790 534 4842 per
566 4775 735 4842 ipsum
767 4772 911 4841 facta
955 4783 1074 4826 sunt
1097 4813 1111 4836 ,
1139 4783 1185 4825 et
1217 4773 1329 4825 sine
1353 4774 1465 4841 ipso
1496 4774 1691 4840 factum
1721 4785 1793 4826 est

219 4866 354 4918 nihil
388 4867 450 4918 ‘5.
490 4864 546 4917 In
590 4866 844 4919 omnibus
894 4875 1070 4918 autem
1116 4877 1200 4918 est
1241 4877 1294 4918 et
1342 4867 1429 4918 hie
1459 4867 1549 4933 qui
1590 4878 1671 4919 est
1711 4883 1797 4920 se-

218 4960 459 5011 cundum
494 4973 615 5020 nos,
660 4958 916 5012 mundus.
965 4959 1031 5011 Et
1074 4960 1158 5011 hic
1197 4973 1325 5024 ergo
1353 4973 1380 5009 a
1413 4957 1585 5012 Verbo
1617 4959 1796 5012 factus

219 5058 324 5107 est,
363 5066 381 5098 ι
429 5057 538 5100 etc.
606 5047 802 5100 Eadem
864 5048 1172 5100 summatim
1239 5057 1487 5116 repetens
1537 5065 1652 5117 cap.
1705 5051 1792 5110 50,

219 5158 276 5193 ιι.
307 5139 380 5193 9:
418 5159 435 5190 ι
478 5139 651 5192 Deum
686 5142 858 5208 ipsum
897 5157 924 5192 a
951 5143 1249 5210 semetipso
1296 5141 1492 5193 fecisse
1537 5141 1701 5196 libere
1746 5155 1799 5196 et

219 5249 290 5286 ex
326 5247 421 5284 sua
451 5240 741 5299 potestate,
773 5241 825 5284 et
854 5231 1206 5299 disposuisse,
1254 5244 1309 5285 et
1349 5228 1639 5299 perfecisse
1674 5249 1792 5285 om-

223 5325 338 5385 nia,
374 5331 428 5376 et
460 5337 580 5376 esse
616 5323 972 5376 substantiam
1001 5326 1238 5377 omnium
1273 5325 1602 5378 voluntatem
1633 5325 1748 5394 ejus
1779 5345 1791 5379 :

221 5415 404 5478 Solus,
435 5414 608 5475 addit,
638 5430 776 5468 unus
822 5415 964 5468 Deus
1000 5415 1318 5481 fabricator,
1354 5419 1441 5470 bit:
1474 5418 1565 5485 qui
1591 5429 1671 5472 est
1698 5435 1791 5470 su-

219 5522 323 5569 per
347 5521 560 5559 onmem
593 5506 1078 5575 Principalitatem,
1113 5519 1166 5564 et
1209 5509 1563 5575 Poteslatem,
1606 5522 1660 5563 et
1685 5510 1790 5562 Do-

221 5600 600 5663 minationem,
634 5607 684 5651 et
720 5599 986 5654 Virtutem
1017 5617 1029 5652 :
1069 5605 1153 5656 hic
1181 5603 1358 5669 Pater,
1389 5606 1472 5658 hic
1509 5605 1672 5670 Deus,
1700 5605 1789 5659 hic

299 5755 341 5786 “
371 5755 525 5809 Jnan.
561 5772 596 5816 ι,
633 5758 686 5810 '5.
767 5758 808 5787 ’⁸
839 5758 975 5812 Gen.
1009 5776 1044 5820 ι,
1076 5760 1162 5811 ἐϋ.

557 5857 826 5909 ι’Δτιιοι.
866 5853 980 5910 (in.
1027 5858 1153 5914 \‘ll.

1900 4587 2095 4640 creatis
2114 4591 2516 4656 praeexstitisse,
2537 4594 2627 4644 sed
2649 4601 2700 4645 et
2731 4593 2826 4660 ipsi
2851 4593 2994 4646 l’atri
3016 4612 3230 4663 semper
3244 4600 3478 4652 coexsti-

1901 4680 2048 4743 tisse,
2073 4696 2134 4733 ae
2161 4692 2462 4736 cozeternos
2488 4684 2670 4737 fuisse.
2701 4687 2838 4737 Deus
2861 4687 3124 4752 siquidem
3151 4709 3167 4737 (
3195 4705 3475 4742 suassctn-

1894 4773 2195 4838 perhabuit
2227 4791 2416 4828 manus
2445 4793 2457 4827 :
2489 4777 2643 4829 adest
2673 4778 2816 4829 enim
2846 4779 2890 4830 ei
2913 4793 3125 4847 semper
3155 4780 3387 4833 Verbum
3423 4793 3469 4835 et

1894 4864 2197 4930 Sapientia,
2239 4865 2408 4918 Filius
2443 4878 2496 4918 et
2547 4868 2801 4935 Spiritus.
2852 4888 2869 4918 ι
2908 4868 2972 4920 Ει
3011 4868 3103 4924 lib.
3135 4885 3194 4932 ιι,
3225 4885 3344 4935 cap.
3381 4871 3472 4933 50,

1897 4973 1949 5006 ιι.
2000 4956 2054 5011 9.
2104 4976 2122 5008 ι
2182 4957 2408 5025 Semper
2465 4969 2644 5013 autem
2694 4962 3028 5014 coexsistens
3083 4959 3252 5015 Filius
3302 4961 3471 5025 Patri,

1895 5049 2022 5102 olim
2076 5061 2130 5102 et
2175 5052 2240 5102 ab
2276 5051 2428 5103 initio
2476 5066 2690 5120 semper
2737 5054 2942 5105 revelat
2985 5051 3227 5113 Patrem,
3273 5065 3326 5105 et
3375 5069 3473 5105 an-

1898 5143 2049 5211 gelis,
2078 5153 2128 5195 et
2161 5145 2530 5212 arcbangelis,
2562 5154 2615 5198 et
2649 5145 3032 5205 Potestatibus,
3059 5155 3115 5196 et
3147 5146 3474 5207 Virtutibus,

1901 5249 1954 5290 et
1987 5240 2263 5301 (munibus,
2298 5241 2493 5306 quibus
2529 5241 2638 5291 vult
2674 5241 2912 5293 revelare
2939 5239 3127 5291 Dens.»
3155 5239 3216 5290 Et.
3243 5254 3339 5306 cap
3383 5238 3468 5296 ἳῖι,

1902 5347 1956 5385 ιι.
2009 5329 2062 5391 8,
2114 5335 2382 5385 rationem
2456 5330 2688 5386 alferens
2734 5348 2830 5384 cur
2884 5331 3116 5400 plurima
3177 5332 3313 5390 sint,
3357 5347 3474 5395 qua:

1903 5423 2102 5474 mentis
2139 5423 2385 5475 humana:
2423 5434 2640 5492 captum
2674 5432 2951 5490 superant,
2994 5436 3219 5489 qumque
3251 5420 3475 5487 proinde

1900 5515 2170 5568 curiosius
2212 5525 2264 5566 ct
2314 5515 2605 5567 Sollicitius
2655 5531 2682 5565 a
2738 5515 2892 5567 nobis
2939 5510 3308 5579 investiganda
3368 5526 3471 5561 non

1901 5606 2036 5672 sint;
2091 5607 2246 5659 decet
2296 5606 2388 5660 Dei
2428 5607 2636 5669 solius,
2685 5621 2713 5657 a
2767 5619 2874 5672 quo
2925 5603 3066 5655 facta
3114 5611 3240 5654 sunt
3275 5603 3473 5662 omnia,

3124 5851 3194 5902 10
