4196 6330
795 314 897 366 sua

1599 299 2186 359 DISSEIKTATIONES
2227 297 2530 354 ΡΒᾹΞῊΛΞ
2566 298 2628 351 ΙΝ
2670 295 2927 351 IRENrEl
2969 295 3230 350 LIBROS.

3930 294 4037 348 ἓν(ιο

795 430 1069 503 proprium
1101 441 1219 480 esse
1251 424 1430 480 omnia
1465 437 1652 486 nosse;
1698 421 1971 475 hominem
2017 435 2146 472 vero
2183 436 2201 467 ι
2238 431 2360 470 esse.
2390 422 2433 474 Α
2533 414 2625 467 55.
2665 412 2772 467 Nec
2816 427 2944 466 vero
2986 411 3188 465 Irenaeo
3234 410 3367 464 satis
3417 409 3516 463 luit
3555 410 3818 479 probasse
3864 412 4036 468 divini

795 523 847 573 in
878 518 1146 572 inﬁnitum
1178 515 1439 569 minorem
1466 513 1606 574 Deo;
1636 531 1653 562 ι
1678 521 1732 564 et
1764 530 1782 560 ι
1812 511 1865 563 in
1894 521 2157 580 quantum
2182 509 2359 561 minor

792 616 874 662 est
899 608 966 660 ab
996 621 1062 660 eo
1087 604 1176 674 qui
1220 603 1396 656 factus
1428 617 1534 655 non
1563 612 1678 665 est,
1734 610 1787 654 et
1834 601 1926 668 qui
1972 615 2184 667 semper
2215 599 2356 652 idem

789 707 890 763 est,
930 698 981 751 in
1023 705 1228 750 tantum
1262 694 1556 748 secundum
1588 691 1874 746 scientiam
1896 730 1910 754 ,
1942 698 1998 744 et
2038 691 2104 742 ad
2139 688 2358 742 investi-

786 792 1017 858 gandum
1076 802 1270 845 causas
1329 785 1592 847 omnium,
1651 782 1915 835 minorem
1967 795 2087 834 esse
2146 794 2211 834 eo
2263 778 2353 847 qui

786 889 938 944 feeit.
977 906 997 940 ι
1031 886 1146 940 Non
1173 885 1316 939 enim
1340 924 1355 948 ,
1383 883 1500 947 ait,
1535 900 1551 932 ι
1585 880 1822 934 inlectus
1854 895 1932 944 es,
1965 894 1998 934 ο
2031 877 2213 943 homo,
2253 893 2352 933 ne-

788 993 894 1045 que
919 990 1137 1043 semper
1173 972 1541 1028 coexsistebas
1572 971 1680 1024 Deo
1701 1012 1715 1035 ,
1760 970 1900 1025 sicut
1930 971 2206 1040 proprium
2236 969 2354 1037 ejus

789 1067 1063 1130 Verbum;
1107 1065 1199 1122 sed
1231 1074 1455 1136 prepter
1499 1063 1826 1118 eminentem
1881 1063 2180 1115 bonitatem
2214 1061 2350 1127 ejus,

785 1177 925 1216 nunc
972 1161 1185 1215 initium
1242 1160 1462 1212 factura:
1511 1157 1806 1227 accipiens,
1857 1155 2059 1210 sensim
2115 1155 2280 1210 discis
2321 1172 2349 1209 a

785 1255 961 1310 Verbo
990 1253 1375 1322 dispositioncs
1405 1252 1521 1316 Dei,
1573 1252 1662 1320 qui
1716 1261 1766 1305 te
1804 1250 1956 1304 fecit.
1996 1276 2014 1309 ι
2070 1249 2194 1305 ldeo
2222 1263 2352 1320 ergo

783 1348 930 1401 linita
964 1355 1065 1411 est,
1100 1345 1450 1414 angustisque
1490 1351 1764 1398 coarctata
1805 1341 2070 1397 limitibus
2111 1341 2350 1397 hominis

785 1439 1036 1505 scientia,
1067 1439 1193 1508 quia
1225 1456 1242 1489 ι
1287 1435 1499 1491 initium
1555 1436 1779 1490 factura:
1824 1435 2054 1503 accepit,
2086 1453 2104 1486 ι
2155 1443 2209 1487 et
2238 1451 2256 1484 ι
2294 1434 2346 1488 in

781 1531 1068 1587 inﬁnitum
1100 1530 1278 1583 minor
1328 1538 1413 1582 est
1459 1528 1600 1593 Deo;
1652 1546 1670 1577 ι
1719 1526 1840 1582 ideo
1875 1540 2004 1580 vero
2054 1525 2212 1579 Verbi
2255 1525 2346 1579 Dei

780 1620 1007 1674 scientia
1040 1617 1249 1671 inﬁnita
1278 1658 1294 1680 ,
1336 1616 1464 1686 quia
1514 1617 1765 1685 infectant
1813 1625 1919 1679 est,
1955 1617 2173 1685 Deoqne
2212 1631 2350 1670 sem-

780 1725 876 1778 per
907 1711 1204 1765 coexstitit.
1241 1711 1437 1764 Eadem
1471 1710 1607 1764 ratio
1645 1718 1746 1772 est,
1780 1725 1940 1778 quam
1975 1707 2129 1763 affert
2151 1709 2244 1762 lib.
2270 1723 2342 1772 tv,

2465 507 2623 562 Verbi
2653 514 2707 559 et
2744 506 2976 574 Spiritus
2998 504 3174 560 sancti
3201 503 3582 569 aeternitatem,
3616 507 3708 560 sed
3739 520 3924 561 causa:
3945 508 4035 576 ju-

2459 597 2642 666 gulum
2673 608 2864 666 petens
2883 598 3083 666 passim
3127 594 3322 649 asserit
3352 603 3406 649 et
3441 596 3780 651 demonstrat
3815 608 4034 652 utrum—

2460 705 2564 759 que
2597 689 2742 743 Patri
2779 687 3304 744 consubstantialem
3353 701 3505 753 esse,
3539 688 3780 756 ejusdem
3812 706 3936 745 cum
3968 706 4036 746 eo

2458 793 2668 837 natura:
2695 793 2749 835 et
2782 782 3102 838 substantias
3130 797 3146 836 :
3170 783 3420 851 quamvis
3444 782 3496 836 id
3527 784 3664 838 satis
3695 795 3881 853 aperte
3904 801 4035 839 con-

2455 882 2720 942 sequatur
2759 888 2825 927 ex
2868 873 3136 926 hactenus
3167 873 3347 927 dictis.
3389 873 3523 928 Nam
3567 889 3630 928 ex
3674 874 3733 929 S.
3787 876 4033 932 doctoris

2454 965 2756 1034 principiis,
2795 965 3158 1034 quodcunque
3188 964 3442 1020 infectum
3477 975 3582 1032 est,
3609 976 3664 1022 et
3697 967 3820 1023 sine
3848 969 4030 1035 initio,

2453 1071 2580 1110 vere
2633 1065 2688 1108 et
2732 1055 3164 1110 substantialiter
3217 1056 3358 1111 Deus
3400 1067 3508 1111 est.
3549 1058 3667 1125 Quo
3716 1061 4029 1115 certissimo

2451 1141 2719 1212 principio
2750 1143 2942 1209 probat
2975 1143 3070 1197 lib.
3106 1160 3206 1211 ιιι,
3257 1152 3380 1213 cap.
3427 1145 3480 1210 8,
3513 1164 3567 1201 n.
3595 1147 3630 1200 2
3655 1159 3708 1202 et
3734 1150 3789 1213 5,
3833 1168 3852 1201 ι
3889 1152 4027 1205 nihil

2451 1232 2748 1302 quidquam
2784 1246 2848 1287 ex
2881 1233 2967 1286 his
2997 1247 3117 1302 quae
3155 1237 3445 1290 constituta
3469 1278 3485 1304 ,
3516 1247 3570 1291 et
3601 1240 3653 1292 in
3691 1239 4031 1307 subjectione

2450 1334 2595 1388 sunt,
2639 1344 2660 1377 ι
2697 1339 2796 1378 nec
2841 1323 3069 1393 proinde
3116 1326 3372 1397 Angelos,
3402 1329 3796 1401 Archangelos,
3826 1343 3960 1398 elc.,
3997 1350 4029 1388 ιι

2451 1416 2559 1472 Deo
2595 1420 2919 1473 constitutos
2949 1428 3002 1472 et
3031 1417 3207 1473 factos
3239 1434 3335 1488 per
3363 1420 3605 1476 Verbum
3643 1424 3781 1492 ejus,
3819 1435 3874 1479 et
3929 1443 4027 1496 per

2450 1509 2711 1580 Spiritum
2737 1511 2850 1566 oris
2879 1511 3014 1580 ejus,
3045 1526 3142 1582 per
3171 1526 3332 1582 quem
3377 1513 3502 1567 cceli
3550 1514 3751 1570 ﬁrmati
3785 1530 3935 1585 sunt,
3967 1529 4029 1574 et

2448 1604 2628 1658 omnis
2660 1603 2833 1658 virtus
2857 1619 3068 1673 eorum,
3115 1607 3323 1661 auctori
3355 1622 3453 1661 suo
3485 1610 3792 1678 comparari
3842 1627 4024 1680 posse.

2447 1695 2662 1751 lnﬁnite
2691 1698 2835 1751 enim
2879 1699 3082 1751 distant
3131 1715 3149 1748 ι
3193 1713 3312 1768 quae
3348 1701 3643 1756 constituta
3687 1713 3813 1757 sunt
3852 1706 3923 1757 ab
3955 1720 4025 1758 eo

780 1774 829 1858 ξ),
866 1806 952 1869 15,
984 1822 1038 1860 η.
1065 1805 1118 1868 ι,
1159 1815 1214 1857 ιιι
1253 1809 1480 1872 probet,
1509 1803 1742 1859 verbum
1775 1774 2040 1869 divinum,
2067 1804 2208 1871 quod
2243 1804 2341 1857 ιιο,
2374 1774 2417 1828 Β
2446 1791 2536 1858 qui
2564 1792 2872 1854 constituit,
2917 1801 2969 1845 et
3015 1807 3135 1860 qua:
3181 1791 3321 1848 facta
3363 1803 3487 1848 sunt
3525 1795 3593 1850 ab
3634 1810 3698 1851 eo
3745 1798 3834 1868 qui
3870 1797 4022 1852 fecit.

778 1900 987 1952 minum
1019 1897 1172 1952 saluti
1207 1912 1421 1966 semper
1455 1896 1824 1962 consuluerit,
1861 1906 1917 1951 et
1946 1896 2182 1950 Abrahae
2206 1898 2339 1951 ami-

775 1991 964 2045 citiam
998 1991 1292 2045 conciliare
1317 1991 1416 2044 sibi
1441 1989 1602 2045 veluti
1636 1989 1928 2054 studuerit,
1961 2005 2066 2044 non
2097 1989 2340 2060 indigent.

778 2085 849 2137 tia
881 2083 1098 2138 fecisse.
1135 2100 1153 2134 ι
1189 2081 1292 2138 Sed
1322 2097 1496 2151 neque
1528 2081 1762 2136 Abrabaa
1792 2081 2088 2136 amicitiam
2121 2091 2342 2151 propter

775 2174 1124 2243 indigentiam
1162 2173 1454 2243 assumpsit
1494 2172 1587 2226 Dei
1650 2172 1909 2236 Verbum,
1961 2173 2229 2228 exsistens
2272 2173 2340 2227 ab

774 2267 931 2320 initio
956 2267 1223 2335 perfectus
1255 2266 1580 2333 :Antequam
1602 2265 1868 2317 Abraham
1898 2275 2048 2326 esset,
2071 2279 2162 2332 ego
2202 2280 2340 2329 sum,

775 2357 952 2426 inquit
973 2359 1017 2388 ¹⁶
1065 2377 1079 2421 ς
1154 2355 1246 2411 sed
1293 2366 1350 2409 ut
1397 2355 1497 2424 ipsi
1548 2354 1776 2410 Abrahze
1805 2354 2033 2409 donaret
2085 2363 2343 2409 aeternam

774 2450 966 2513 vitam,
1002 2448 1272 2504 exsistens
1301 2448 1369 2502 ab
1409 2447 1561 2502 initio
1594 2447 1790 2512 bonus,
1819 2447 2075 2517 quoniam
2103 2446 2343 2500 amicitia

776 2539 871 2595 Dei
909 2537 1333 2594 immortalitatis
1381 2546 1466 2592 est
1508 2536 1865 2592 condonatrix
1895 2536 1980 2590 his
2021 2536 2113 2605 qui
2156 2550 2345 2606 aggre-

775 2633 1002 2688 diuntur
1035 2646 1177 2686 eam.
1208 2649 1226 2682 )
1258 2628 1472 2684 Nullius
1505 2628 1669 2698 igitur
1697 2628 1776 2683 rei
1810 2627 2053 2696 indigum
2087 2626 2177 2682 Dei
2209 2626 2347 2685 Ver-.

770 2720 923 2785 bum,
962 2721 1085 2789 quia
1118 2721 1332 2775 exsistit
1369 2720 1436 2775 ab
1467 2721 1622 2774 initio
1653 2721 1951 2789 perfectum
1973 2765 1986 2788 ,
2028 2732 2084 2778 et
2113 2725 2334 2792 bonum,

768 2827 833 2866 ac
869 2812 992 2867 lous
1035 2814 1276 2867 omnium
1316 2815 1624 2882 bonorum;
1679 2816 1926 2885 Deusque
1975 2826 2165 2871 natura
2213 2833 2333 2872 cmn

769 2905 862 2970 sit,
897 2905 1087 2959 amicis
1121 2906 1236 2960 suis
1266 2906 1431 2962 donat
1464 2917 1724 2962 aeternam
1754 2910 1918 2961 vitam
1959 2919 2011 2964 et
2052 2911 2333 2964 immorta-

767 2996 1006 3052 litatem.
1049 2998 1115 3052 Et
1162 2999 1290 3054 hinc
1330 3000 1499 3055 infert
1547 3003 1784 3057 lrenmus
1825 3004 2093 3073 principio
2143 3004 2335 3073 capitis

2445 1884 2560 1953 Ipse
2607 1885 2753 1939 enim
2813 1885 3065 1954 inlectus,
3098 1897 3154 1942 et
3186 1889 3303 1942 sine
3341 1888 3529 1953 initio,
3571 1888 3758 1943 etsine
3801 1889 4026 1952 ﬁue,et

2445 1977 2648 2033 nullius
2683 1975 2955 2048 indigens,
2991 1978 3107 2048 ipse
3135 1979 3235 2033 sibi
3283 1977 3576 2044 sulﬁciens,
3605 1989 3660 2031 et
3685 1977 3862 2032 adhuc
3896 1978 4025 2032 reli-

2443 2073 2568 2140 quis
2606 2070 2877 2135 omnibus,
2916 2081 2977 2126 ut
3016 2072 3148 2137 sint,
3192 2080 3493 2141 praastans;
3526 2088 3647 2141 qua:
3692 2086 3823 2126 vero
3849 2071 3918 2125 ab
3948 2087 4019 2125 eo

2443 2172 2569 2218 sunt
2605 2160 2772 2227 facta,
2808 2163 3020 2216 initium
3047 2173 3410 2232 sumpserunt.
3454 2162 3800 2234 Quaecunque
3831 2175 4015 2219 autem

2443 2256 2658 2309 initium
2693 2263 3063 2326 sumpserunt,
3107 2264 3162 2310 et
3184 2255 3599 2312 dissolutionem
3631 2270 3858 2328 possunt
3891 2276 4022 2329 per-

2441 2349 2646 2417 cipere,
2705 2358 2760 2403 et
2808 2346 3051 2416 subjecta
3092 2359 3241 2411 sunt,
3280 2360 3334 2403 et
3372 2351 3617 2421 indigent
3660 2353 3776 2420 ejus
3819 2354 3910 2422 qui
3959 2368 4021 2408 se

2440 2439 2570 2494 fecit
2599 2457 2612 2494 :
2649 2455 2871 2496 necesse
2898 2453 2981 2496 est
3007 2443 3351 2507 omnimodo,
3384 2444 3458 2496 uti
3493 2442 3749 2497 diﬂ‘ereus
3777 2444 4021 2498 voeabu-

2442 2537 2550 2589 lum
2601 2534 2859 2603 habeant,
2906 2537 3047 2604 apud
3098 2552 3192 2593 eos
3235 2538 3422 2602 etiam,
3467 2537 3556 2605 qui
3614 2537 3696 2591 vel
3742 2537 4018 2592 modicum

2441 2643 2656 2682 sensum
2691 2629 2746 2682 in
2782 2629 3145 2684 discernendo
3183 2629 3311 2684 talia
3341 2631 3543 2684 habent
3581 2646 3594 2683 :
3627 2632 3696 2684 ita
3735 2641 3792 2683 ut
3821 2631 3866 2684 is
3890 2632 4020 2698 qui-

2441 2725 2561 2774 dem
2593 2721 2686 2789 qui
2719 2721 2900 2774 omnia
2946 2721 3158 2783 fecerit,
3189 2737 3310 2774 cum
3353 2720 3528 2777 Verbo
3562 2722 3825 2790 sunjuste
3867 2723 4020 2776 dica-

2442 2823 2529 2867 tur
2554 2815 2694 2869 Deus
2717 2825 2773 2868 et
2803 2814 3064 2868 Dominus
3093 2809 3280 2880 solus;
3317 2829 3437 2883 quae
3462 2825 3642 2867 autem
3678 2815 3818 2868 facta
3862 2824 4014 2880 sunt,

2439 2922 2543 2960 non
2572 2907 2681 2974 jam
2713 2905 2956 2974 ejusdem
2995 2906 3242 2960 vocabuli
3277 2906 3671 2975 participabilia
3717 2920 3839 2960 esse
3861 2947 3876 2966 .
3912 2922 4015 2962 ne-

2435 3012 2541 3068 que
2577 2995 2724 3064 juste
2766 2995 2821 3050 id
2858 2994 3187 3050 vocabulum
3237 3009 3453 3050 sumere
3500 2994 3716 3060 debere,
3750 2997 3891 3063 quod
3927 3008 4016 3052 est

766 3089 1069 3158 sequentis,
1110 3110 1126 3142 ι
1167 3092 1325 3146 initio
1353 3108 1459 3148 ηοη
1496 3097 1650 3165 quasi
1680 3096 2009 3164 indigentem
2044 3097 2210 3151 Deum
2239 3100 2336 3153 ho-
2363 3111 2404 3168 ε
2439 3085 2736 3142 Creatoris.
2779 3103 2797 3136 ι
2839 3085 2963 3139 Hinc
2991 3086 3156 3154 igitur
3189 3086 3329 3154 apud
3363 3086 3623 3141 lreneum
3659 3088 3966 3142 certissima
3996 3107 4010 3142 :

765 3182 949 3249 ntinis,
981 3181 1342 3252 plasmavisse
1372 3185 1566 3254 Adam,
1599 3189 1691 3244 sed
1730 3200 1786 3243 ut
1819 3191 2045 3244 haberet
2084 3191 2135 3244 in
2174 3207 2334 3260 quem

766 3274 1064 3330 collocaret
1112 3278 1373 3332 benelicia
1435 3295 1552 3333 sua.
1610 3280 1726 3335 Non
1786 3283 1931 3336 enim
1983 3284 2156 3336 solum
2208 3293 2335 3337 ante

762 3369 959 3428 Adam.
991 3367 1084 3421 sed
1116 3378 1170 3422 et
1197 3379 1322 3424 ante
1350 3386 1564 3426 onmem
1595 3373 1958 3428 conditionem
1998 3374 2334 3444 gloriﬁeabat

766 3459 1006 3513 Verbum
1043 3460 1258 3514 Patrem
1308 3477 1485 3530 suum,
1540 3478 1766 3519 manens
1816 3466 1867 3519 in
1917 3482 2014 3530 eo;
2073 3478 2127 3524 et
2165 3469 2332 3537 ipsea

760 3551 924 3605 Patre
970 3551 1393 3619 elariﬁcabatur,
1446 3555 1902 3624 quemadmodum
2003 3556 2117 3625 ipse
2182 3556 2256 3610 ait
2317 3575 2328 3610 :

762 3643 949 3705 Pater,
983 3643 1221 3710 clari/ica
1249 3658 1328 3696 me
1363 3646 1627 3709 claritate,
1671 3663 1829 3715 quam
1868 3649 2027 3701 habui
2078 3651 2220 3714 apud
2258 3659 2326 3716 te,

761 3737 1068 3805 priusquam
1096 3734 1315 3788 mundus
1334 3733 1476 3802 ﬁeret
1497 3734 1555 3788 ¹⁷.
1587 3754 1603 3785 ι
1633 3737 1876 3808 Denique
1903 3755 2023 3808 cap.
2060 3741 2150 3808 20,
2189 3760 2242 3796 ιι.
2273 3745 2327 3808 5,

763 3827 996 3895 probans
1032 3827 1176 3895 quod
1205 3841 1258 3878 ιι.
1299 3826 1318 3879 l
1361 3826 1598 3890 dixerat,
1635 3846 1652 3878 ι
1688 3829 1894 3882 Adesse
1933 3828 2082 3882 Patri
2114 3845 2329 3901 semper

766 3917 996 3972 Verbum
1047 3929 1102 3973 et
1155 3919 1509 3988 Sapientiam,
1563 3919 1760 3973 Filium
1812 3931 1866 3974 et
1916 3921 2200 3991 Spiritum,
2233 3939 2328 3993 per

759 4023 916 4077 quos,
949 4018 1003 4062 et
1031 4009 1084 4062 in
1114 4011 1311 4078 quibus
1347 4014 1528 4064 omnia
1573 4010 1742 4064 libere
1774 4021 1827 4064 et
1861 4022 2052 4080 sponte
2094 4013 2222 4068 fecit
2252 4032 2266 4080 ;
2302 4035 2319 4067 ι

757 4105 872 4157 haec
906 4102 1068 4156 habet
1099 4121 1112 4156 :
1148 4122 1165 4153 ι
1203 4102 1271 4155 Et
1301 4104 1556 4172 quoniam
1611 4102 1866 4167 Verbum,
1911 4105 1963 4156 id
2015 4115 2098 4159 est
2130 4105 2319 4169 Filius,

755 4207 970 4262 semper
1001 4210 1125 4248 cum
1167 4193 1327 4248 Patre
1369 4205 1512 4258 erat,
1563 4210 1658 4262 per
1702 4197 1869 4248 multa
1919 4197 2321 4251 demonstravi-

756 4301 897 4340 mus.
937 4285 1204 4351 Quoniam
1243 4293 1425 4338 autem
1461 4297 1516 4338 et
1560 4287 1861 4354 Sapientia,
1893 4301 2012 4356 qua:
2037 4300 2122 4342 est
2149 4287 2324 4356 Spiri-

755 4389 866 4436 tus.
912 4386 1032 4430 erat
1078 4375 1218 4443 apud
1260 4391 1383 4430 eum
1418 4387 1544 4431 ante
1585 4394 1802 4434 omnem
1859 4382 2316 4448 constitutionem,

755 4483 850 4534 per
871 4468 1217 4523 Salomonem
1247 4469 1322 4522 ait
1353 4485 1369 4522 :

758 4577 894 4623 ram,
949 4561 1153 4627 paravit
1203 4570 1377 4612 autem
1418 4561 1598 4613 caelum
1649 4564 1924 4630 prudentia
1986 4565 2048 4628 ιθ,
2094 4575 2199 4620 etc.
2255 4567 2322 4620 Et

755 4667 944 4704 rursus
970 4669 983 4703 :
1015 4649 1266 4702 Dominus
1293 4652 1485 4704 creavit
1520 4668 1596 4704 me
1628 4653 1944 4720 principium
1969 4655 2169 4707 viarum
2194 4673 2320 4709 sua-

755 4762 872 4799 rum
918 4747 972 4797 in
999 4761 1158 4812 opera
1190 4760 1286 4796 sua
1321 4745 1385 4808 ‘9,
1418 4752 1526 4798 etc.
1631 4742 1774 4799 Unus
1825 4747 1990 4815 igitur
2030 4748 2192 4812 Deus,
2230 4749 2318 4816 qui

759 4837 934 4892 Verbo
963 4848 1019 4890 et
1054 4837 1334 4906 Sapientia
1392 4837 1540 4903 fecit,
1583 4847 1638 4889 et
1677 4841 1883 4907 aptavit
1915 4842 2117 4905 omnia,
2150 4860 2168 4892 ι
2206 4852 2316 4894 etc.

754 4928 922 4983 Filius
950 4929 1112 4996 igitur
1133 4937 1186 4982 et
1219 4925 1456 4995 Spiritus
1481 4939 1703 4982 sanctus
1735 4930 1813 4983 sic
1844 4934 1981 4998 apud
2016 4933 2179 4985 Deum
2210 4932 2312 4985 Pa-

755 5033 890 5074 trem
935 5019 1157 5073 fuerunt
1193 5029 1320 5074 ante
1353 5036 1599 5085 omnem,
1647 5037 1751 5074 non
1790 5022 2083 5074 visibilium
2136 5024 2314 5085 modo,

753 5115 845 5167 sed
900 5121 953 5167 et
1007 5112 1383 5177 invisibilium,
1417 5126 1472 5167 et
1522 5112 1782 5178 Ilionam,
1826 5131 1984 5183 quant
2042 5116 2316 5184 ﬁngebant

753 5207 1016 5270 haeretici,
1071 5207 1541 5270 constitutionem,
1595 5215 1652 5258 ut
1689 5207 1832 5259 Patri
1879 5222 2094 5276 semper
2125 5206 2312 5260 adfue-

755 5299 880 5356 rint,
915 5297 1011 5362 ipsi
1040 5298 1316 5357 coaeterni,
1362 5312 1426 5352 ac
1478 5299 1677 5365 cozevi,
1717 5297 1971 5362 Verbum,
2016 5299 2310 5367 Sapientia,

748 5398 805 5441 et
837 5405 1029 5442 manus
1076 5387 1274 5452 Patris,
1319 5391 1515 5457 quibus
1557 5406 1746 5445 carere
1789 5407 2062 5460 nunquam
2113 5393 2313 5460 putuit,

751 5483 999 5550 quamvis
1043 5483 1262 5550 Angelis
1307 5492 1400 5535 aut
1453 5481 1752 5537 Virtutibus
1794 5485 2142 5540 inferioribus
2192 5485 2312 5552 qui-

747 5571 935 5627 busvis
960 5572 1117 5627 facile
1147 5590 1362 5642 semper
1385 5591 1575 5629 carere
1605 5579 1861 5644 potuerit.

824 5753 863 5783 ⁵⁵
889 5752 1039 5806 Jnan.
1078 5769 1188 5818 Vill,
1235 5755 1313 5808 Ἡ.
1362 5754 1403 5785 ‘7
1429 5753 1578 5808 Juan.
1622 5773 1745 5820 xm,
1784 5758 1832 5813 ii.

1954 5761 1991 5786 Η
2026 5757 2180 5814 Prov.
2224 5776 2300 5825 tu,
2342 5761 2418 5826 l9,
2456 5759 2540 5812 '20.

2440 3181 2541 3245 Qui
2581 3178 2812 3233 infectus
2847 3187 2956 3242 est,
2978 3187 3031 3230 et
3059 3179 3176 3232 sine
3205 3178 3383 3239 initio,
3415 3187 3469 3232 et
3493 3179 3611 3233 sine
3643 3178 3769 3243 line,
3804 3180 4013 3235 nullius

2436 3272 2706 3342 indigens,
2753 3280 2808 3325 et
2838 3271 2956 3340 ipse
2997 3272 3100 3325 sibi
3139 3269 3436 3335 sutﬁciens,
3482 3285 3630 3337 vere,
3677 3273 3901 3342 pr0prie
3943 3289 4013 3330 ac

2431 3363 2578 3433 juste
2614 3363 2819 3417 dicitur
2863 3364 3003 3417 Deus
3049 3371 3102 3417 et
3135 3361 3396 3416 Dominus
3436 3363 3587 3418 solus
3628 3383 3642 3419 :
3692 3373 3783 3435 qut
3823 3380 4010 3419 rerum

2435 3457 2678 3513 omnium
2709 3467 2919 3521 auctor,
2948 3457 3196 3510 conditor
3221 3468 3276 3509 et
3309 3457 3603 3510 fabricator
3637 3466 3742 3521 est,
3777 3457 4014 3513 iniectus

2432 3557 2516 3602 est
2549 3556 2602 3602 et
2644 3547 2762 3602 sine
2809 3548 2985 3601 initio.
3022 3547 3185 3616 Atqui
3235 3562 3337 3601 nec
3383 3549 3559 3602 minus
3612 3559 3820 3603 certum
3859 3553 4009 3620 apud

2431 3639 2714 3704 Irenaeum,
2774 3637 3010 3692 Verbum
3059 3647 3114 3691 et
3161 3638 3421 3708 Spiritum
3477 3649 3720 3694 sanctum
3785 3642 4006 3695 initium

2434 3746 2540 3784 non
2577 3731 2852 3794 habuisse,
2879 3729 3024 3783 Patri
3054 3745 3270 3798 semper
3291 3731 3552 3797 adfuisse,
3579 3733 3737 3800 eique
3766 3736 4010 3789 cocxsti-

2433 3822 2599 3888 tisse;
2658 3822 2890 3877 Verbum
2938 3833 2993 3878 et
3040 3822 3301 3893 Spiritum
3347 3835 3594 3878 sanctum
3645 3841 3764 3884 cum
3799 3827 4006 3893 Patre,

2430 3916 2612 3969 omnia
2645 3917 2991 3981 condidisse;
3022 3919 3163 3970 unde
3205 3919 3513 3971 necessario
3547 3919 4006 3985 concludendum,

2431 4008 2665 4062 Verbum
2691 4017 2745 4061 et
2783 4008 3042 4076 Spiritum
3073 4020 3345 4072 sanctum,
3385 4026 3450 4063 ex
3492 4009 3715 4073 lremeo,
3739 4025 3858 4063 cum
3897 4010 4006 4064 Pa-

2428 4111 2510 4153 tre
2554 4099 2702 4168 juste
2738 4099 2841 4152 dici
2896 4109 2950 4152 et
2996 4115 3117 4154 esse
3158 4117 3322 4154 unum
3363 4102 3531 4156 Deum
3583 4118 3645 4156 ac
3687 4102 4002 4170 Dominum,

2424 4208 2700 4260 unamque
2732 4192 2896 4244 trium
2928 4206 3047 4246 esse
3081 4203 3329 4246 naturam
3367 4204 3421 4248 et
3461 4195 3841 4249 substantiam.
3885 4195 4000 4248 Sed

2425 4284 2488 4336 ad
2521 4283 2827 4335 institutum
2863 4295 3042 4337 redeo.

2495 4375 2585 4430 54.
2626 4374 2900 4438 literetici,
2933 4375 3007 4428 uti
3034 4375 3170 4439 dixi,
3207 4377 3784 4443 comminiscebantur,
3829 4378 3998 4432 aliutn

1476 4468 1613 4524 Deus
1660 4473 1919 4540 sapientia
1953 4475 2323 4542 fundavitter-
2353 4450 2395 4503 D
2425 4488 2545 4528 esse
2595 4488 2910 4541 supremum
2962 4473 3202 4536 Patrem,
3250 4473 3412 4527 alium
3462 4474 3835 4544 Demiurgum,
3899 4492 3997 4532 seu

2421 4584 2599 4622 rerum
2635 4570 2876 4623 omnium
2930 4571 3270 4633 inferiorum,
3307 4578 3359 4621 et
3404 4568 3818 4636 aspectabilium
3861 4585 4000 4624 con-

2422 4661 2651 4713 ditorem
2686 4678 2701 4714 :
2737 4662 2878 4714 hunc
2925 4664 3124 4716 veteris
3167 4661 3299 4730 legis
3351 4674 3628 4715 auctorem
3681 4658 3870 4726 fuisse,
3904 4678 4000 4717 so-

2419 4751 2525 4805 lum
2562 4752 2616 4805 in
2653 4766 2712 4805 ea
2747 4752 3078 4808 celebratum
3107 4795 3120 4818 ,
3157 4762 3210 4808 et
3242 4753 3415 4807 solum
3455 4769 3482 4805 a
3517 4752 3716 4807 Iudaeis
3748 4755 3996 4822 agnitum

2416 4850 2471 4892 et
2506 4841 2815 4904 adoratum;
2854 4842 3001 4894 illum
3036 4857 3164 4896 vero
3199 4843 3536 4910 incognitum
3560 4843 3825 4897 mansisse
3849 4858 3998 4897 sem-

2424 4947 2541 5000 per,
2579 4933 2749 4987 donec
2784 4933 3078 5003 Evangelia
3113 4935 3439 4996 luceseente,
3466 4933 3699 5001 Jesuqne
3733 4933 3992 5003 (amante,

2422 5024 2510 5091 qui
2549 5025 2602 5077 in
2651 5040 2774 5078 eum
2827 5027 3127 5090 descendit,
3183 5026 3426 5094 Christo)
3479 5026 3775 5088 revelantc,
3831 5034 3996 5081 notus

2422 5117 2595 5182 ﬁeret,
2624 5135 2814 5170 novam
2852 5119 3021 5188 legem
3049 5120 3304 5173 conderet
3339 5131 3393 5173 et
3426 5118 3817 5186 promulgaret.
3858 5118 3994 5170 Exi-

2423 5211 2774 5263 tiosissimum
2798 5212 3010 5281 dogma,
3029 5212 3293 5264 malorum
3318 5211 3558 5264 omnium
3577 5209 3993 5276 scaturiginem,

2420 5318 2712 5357 eversurus
2745 5305 2976 5357 Irenmus
3003 5315 3112 5358 toto
3148 5306 3286 5358 libro
3322 5321 3378 5358 ιιι
3417 5303 3630 5373 probat,
3665 5318 3828 5355 unum
3865 5318 3995 5357 csso

2422 5390 2590 5444 Deum
2648 5391 2908 5445 factorem
2958 5392 3086 5449 coeli
3124 5407 3180 5446 et
3224 5403 3400 5453 terrae.
3445 5403 3498 5446 et
3528 5393 3809 5459 utriusque
3853 5391 3990 5459 legis

2423 5501 2722 5549 auctorem,
2757 5489 3007 5557 hancque
3050 5503 3170 5543 esse
3214 5489 3383 5558 ipsum
3432 5502 3700 5540 summum
3743 5484 3989 5553 Patrem,

2424 5589 2475 5633 et
2506 5580 2734 5634 Verbum
2759 5583 2894 5650 ejus,
2932 5599 2994 5634 ac
3025 5582 3290 5650 Spiritum
3345 5591 3614 5646 sanctum,
3665 5593 3762 5633 nec
3806 5577 3980 5634 alium

2626 5763 2663 5788 ”
2704 5759 2860 5813 Prov.
2908 5775 3022 5824 rm,
3057 5760 3141 5813 ‘22.
