  <div class='ocr_page' id='page_1' title='image "/cluster/home/n/w/nwhite01/storage/ocr_20150623/7 pars.1/pst.000005711833/174.png"; bbox 0 0 4196 6330; ppageno 0'>
   <div class='ocr_carea' id='block_1_1' title="bbox 150 306 1807 375">
    <p class='ocr_par' dir='ltr' id='par_1_1' title="bbox 150 306 1807 375">
     <span class='ocr_line' id='line_1_1' title="bbox 150 306 1807 375; baseline -0.006 -6"><span class='ocrx_word' id='word_1_1' title='bbox 150 319 236 370; x_wconf 74' lang='grc'><strong>501</strong></span> <span class='ocrx_word' id='word_1_2' title='bbox 913 348 922 352; x_wconf 92' lang='grc'><strong>-</strong></span> <span class='ocrx_word' id='word_1_3' title='bbox 1056 307 1508 367; x_wconf 74' lang='lat' dir='ltr'><strong>DISSERTATIO</strong></span> <span class='ocrx_word' id='word_1_4' title='bbox 1545 307 1630 375; x_wconf 92' lang='lat' dir='ltr'><strong>Ill,</strong></span> <span class='ocrx_word' id='word_1_5' title='bbox 1663 306 1750 361; x_wconf 88' lang='lat' dir='ltr'><strong>DE</strong></span> <span class='ocrx_word' id='word_1_6' title='bbox 1777 306 1807 360; x_wconf 86' lang='lat' dir='ltr'><strong>ll</strong></span> 
     </span>
    </p>
   </div>
   <div class='ocr_carea' id='block_1_2' title="bbox 783 306 2440 375">
    <p class='ocr_par' dir='ltr' id='par_1_2' title="bbox 913 306 2440 375">
     <span class='ocr_line' id='line_1_2' title="bbox 913 306 2440 375; baseline -0.002 -9"><span class='ocrx_word' id='word_1_7' title='bbox 913 348 922 352; x_wconf 94' lang='lat'><strong>-</strong></span> <span class='ocrx_word' id='word_1_8' title='bbox 1056 307 1508 367; x_wconf 70' lang='lat' dir='ltr'><strong>lilSSERTATIO</strong></span> <span class='ocrx_word' id='word_1_9' title='bbox 1545 307 1630 375; x_wconf 92' lang='lat' dir='ltr'><strong>Ill,</strong></span> <span class='ocrx_word' id='word_1_10' title='bbox 1663 306 1750 361; x_wconf 88' lang='lat' dir='ltr'><strong>DE</strong></span> <span class='ocrx_word' id='word_1_11' title='bbox 1777 306 2031 362; x_wconf 67' lang='lat' dir='ltr'><strong>IRENAEI</strong></span> <span class='ocrx_word' id='word_1_12' title='bbox 2068 306 2440 363; x_wconf 65' lang='lat' dir='ltr'><strong>DOCTliINA.</strong></span> 
     </span>
    </p>
   </div>
   <div class='ocr_carea' id='block_1_3' title="bbox 3269 311 3372 362">
    <p class='ocr_par' dir='ltr' id='par_1_3' title="bbox 3269 311 3372 362">
     <span class='ocr_line' id='line_1_3' title="bbox 3269 311 3372 362; baseline 0 -1"><span class='ocrx_word' id='word_1_13' title='bbox 3269 311 3372 362; x_wconf 64' lang='lat'><strong>309</strong></span> 
     </span>
    </p>
   </div>
   <div class='ocr_carea' id='block_1_4' title="bbox 148 426 3369 504">
    <p class='ocr_par' dir='ltr' id='par_1_4' title="bbox 148 426 3369 504">
     <span class='ocr_line' id='line_1_4' title="bbox 148 426 3369 504; baseline -0.002 -16"><span class='ocrx_word' id='word_1_14' title='bbox 148 449 378 500; x_wconf 82' lang='lat' dir='ltr'><strong>unquam</strong></span> <span class='ocrx_word' id='word_1_15' title='bbox 437 449 463 485; x_wconf 73' lang='grc' dir='ltr'>τι</span> <span class='ocrx_word' id='word_1_16' title='bbox 506 433 624 504; x_wconf 78' lang='lat' dir='ltr'><strong>lege</strong></span> <span class='ocrx_word' id='word_1_17' title='bbox 658 442 713 486; x_wconf 91' lang='lat' dir='ltr'><strong>et</strong></span> <span class='ocrx_word' id='word_1_18' title='bbox 756 432 1033 502; x_wconf 77' lang='lat' dir='ltr'><strong>prophetis</strong></span> <span class='ocrx_word' id='word_1_19' title='bbox 1083 432 1466 485; x_wconf 91' lang='lat' dir='ltr'><strong>annuntiatum</strong></span> <span class='ocrx_word' id='word_1_20' title='bbox 1515 430 1705 492; x_wconf 85' lang='lat' dir='ltr'><strong>fuisse,</strong></span> <span class='ocrx_word' id='word_1_21' title='bbox 1735 433 1782 490; x_wconf 82' lang='grc' dir='ltr'><strong>Α</strong></span> <span class='ocrx_word' id='word_1_22' title='bbox 1816 427 1885 481; x_wconf 91' lang='lat' dir='ltr'><strong>tis</strong></span> <span class='ocrx_word' id='word_1_23' title='bbox 1910 426 2127 480; x_wconf 90' lang='lat' dir='ltr'><strong>fuerunt</strong></span> <span class='ocrx_word' id='word_1_24' title='bbox 2159 428 2564 495; x_wconf 64' lang='lat' dir='ltr'><strong>praedicatores,</strong></span> <span class='ocrx_word' id='word_1_25' title='bbox 2590 434 2642 478; x_wconf 89' lang='lat' dir='ltr'><strong>et</strong></span> <span class='ocrx_word' id='word_1_26' title='bbox 2675 427 2903 495; x_wconf 78' lang='lat' dir='ltr'><strong>apostoli</strong></span> <span class='ocrx_word' id='word_1_27' title='bbox 2930 426 3225 492; x_wconf 90' lang='lat' dir='ltr'><strong>libertatis,</strong></span> <span class='ocrx_word' id='word_1_28' title='bbox 3265 429 3369 482; x_wconf 83' lang='lat' dir='ltr'><strong>nisi</strong></span> 
     </span>
    </p>
   </div>
   <div class='ocr_carea' id='block_1_5' title="bbox 147 521 1708 592">
    <p class='ocr_par' dir='ltr' id='par_1_5' title="bbox 147 521 1708 592">
     <span class='ocr_line' id='line_1_5' title="bbox 147 521 1708 592; baseline -0.003 -15"><span class='ocrx_word' id='word_1_29' title='bbox 147 534 234 577; x_wconf 88' lang='lat' dir='ltr'><strong>aut</strong></span> <span class='ocrx_word' id='word_1_30' title='bbox 269 526 337 577; x_wconf 86' lang='lat' dir='ltr'><strong>ab</strong></span> <span class='ocrx_word' id='word_1_31' title='bbox 367 526 483 592; x_wconf 81' lang='lat' dir='ltr'><strong>ipso</strong></span> <span class='ocrx_word' id='word_1_32' title='bbox 507 522 748 585; x_wconf 85' lang='lat' dir='ltr'><strong>Christo,</strong></span> <span class='ocrx_word' id='word_1_33' title='bbox 779 521 1002 590; x_wconf 83' lang='lat' dir='ltr'><strong>ejusque</strong></span> <span class='ocrx_word' id='word_1_34' title='bbox 1040 522 1301 590; x_wconf 80' lang='lat' dir='ltr'><strong>apostolis</strong></span> <span class='ocrx_word' id='word_1_35' title='bbox 1343 531 1400 576; x_wconf 92' lang='lat' dir='ltr'><strong>et</strong></span> <span class='ocrx_word' id='word_1_36' title='bbox 1429 521 1708 588; x_wconf 87' lang='lat' dir='ltr'><strong>discipulis</strong></span> 
     </span>
    </p>
   </div>
   <div class='ocr_carea' id='block_1_6' title="bbox 145 612 1710 685">
    <p class='ocr_par' dir='ltr' id='par_1_6' title="bbox 145 612 1710 685">
     <span class='ocr_line' id='line_1_6' title="bbox 145 612 1710 685; baseline -0.003 -16"><span class='ocrx_word' id='word_1_37' title='bbox 145 616 380 685; x_wconf 78' lang='lat' dir='ltr'><strong>agnitum</strong></span> <span class='ocrx_word' id='word_1_38' title='bbox 418 625 474 669; x_wconf 93' lang='lat' dir='ltr'><strong>et</strong></span> <span class='ocrx_word' id='word_1_39' title='bbox 521 615 879 670; x_wconf 88' lang='lat' dir='ltr'><strong>celebratum.</strong></span> <span class='ocrx_word' id='word_1_40' title='bbox 934 614 1070 680; x_wconf 82' lang='lat' dir='ltr'><strong>Quia</strong></span> <span class='ocrx_word' id='word_1_41' title='bbox 1125 628 1256 668; x_wconf 87' lang='lat' dir='ltr'><strong>vero</strong></span> <span class='ocrx_word' id='word_1_42' title='bbox 1309 612 1710 680; x_wconf 86' lang='lat' dir='ltr'><strong>respondebant</strong></span> 
     </span>
    </p>
   </div>
   <div class='ocr_carea' id='block_1_7' title="bbox 148 701 1706 775">
    <p class='ocr_par' dir='ltr' id='par_1_7' title="bbox 148 701 1706 775">
     <span class='ocr_line' id='line_1_7' title="bbox 148 701 1706 775; baseline -0.004 -13"><span class='ocrx_word' id='word_1_43' title='bbox 148 701 409 770; x_wconf 83' lang='lat' dir='ltr'><strong>Gnostici,</strong></span> <span class='ocrx_word' id='word_1_44' title='bbox 438 720 588 769; x_wconf 89' lang='lat' dir='ltr'><strong>eum,</strong></span> <span class='ocrx_word' id='word_1_45' title='bbox 625 719 785 775; x_wconf 86' lang='lat' dir='ltr'><strong>quem</strong></span> <span class='ocrx_word' id='word_1_46' title='bbox 821 704 1006 759; x_wconf 89' lang='lat' dir='ltr'><strong>mundi</strong></span> <span class='ocrx_word' id='word_1_47' title='bbox 1042 705 1378 760; x_wconf 86' lang='lat' dir='ltr'><strong>conditorem</strong></span> <span class='ocrx_word' id='word_1_48' title='bbox 1413 701 1706 757; x_wconf 87' lang='lat' dir='ltr'><strong>identidem</strong></span> 
     </span>
    </p>
   </div>
   <div class='ocr_carea' id='block_1_8' title="bbox 145 793 1706 865">
    <p class='ocr_par' dir='ltr' id='par_1_8' title="bbox 145 793 1706 865">
     <span class='ocr_line' id='line_1_8' title="bbox 145 793 1706 865; baseline -0.003 -13"><span class='ocrx_word' id='word_1_49' title='bbox 145 797 437 852; x_wconf 83' lang='lat' dir='ltr'><strong>conﬁtetur</strong></span> <span class='ocrx_word' id='word_1_50' title='bbox 462 795 640 862; x_wconf 74' lang='lat' dir='ltr'><strong>Iesus,</strong></span> <span class='ocrx_word' id='word_1_51' title='bbox 674 810 951 865; x_wconf 90' lang='lat' dir='ltr'><strong>quemque</strong></span> <span class='ocrx_word' id='word_1_52' title='bbox 993 806 1104 849; x_wconf 93' lang='lat' dir='ltr'><strong>tum</strong></span> <span class='ocrx_word' id='word_1_53' title='bbox 1139 796 1273 864; x_wconf 88' lang='lat' dir='ltr'><strong>ipse,</strong></span> <span class='ocrx_word' id='word_1_54' title='bbox 1323 803 1435 849; x_wconf 92' lang='lat' dir='ltr'><strong>tum</strong></span> <span class='ocrx_word' id='word_1_55' title='bbox 1477 793 1706 864; x_wconf 79' lang='lat' dir='ltr'><strong>aposmli</strong></span> 
     </span>
    </p>
   </div>
   <div class='ocr_carea' id='block_1_9' title="bbox 144 886 1705 957">
    <p class='ocr_par' dir='ltr' id='par_1_9' title="bbox 144 886 1705 957">
     <span class='ocr_line' id='line_1_9' title="bbox 144 886 1705 957; baseline -0.004 -11"><span class='ocrx_word' id='word_1_56' title='bbox 144 900 196 946; x_wconf 89' lang='lat' dir='ltr'><strong>et</strong></span> <span class='ocrx_word' id='word_1_57' title='bbox 225 889 476 957; x_wconf 88' lang='lat' dir='ltr'><strong>discipuli</strong></span> <span class='ocrx_word' id='word_1_58' title='bbox 503 887 619 956; x_wconf 82' lang='lat' dir='ltr'><strong>ejus</strong></span> <span class='ocrx_word' id='word_1_59' title='bbox 651 887 818 943; x_wconf 90' lang='lat' dir='ltr'><strong>Deum</strong></span> <span class='ocrx_word' id='word_1_60' title='bbox 852 888 1066 942; x_wconf 86' lang='lat' dir='ltr'><strong>Patrem</strong></span> <span class='ocrx_word' id='word_1_61' title='bbox 1091 901 1154 942; x_wconf 88' lang='lat' dir='ltr'><strong>ac</strong></span> <span class='ocrx_word' id='word_1_62' title='bbox 1181 886 1486 950; x_wconf 89' lang='lat' dir='ltr'><strong>Dominum,</strong></span> <span class='ocrx_word' id='word_1_63' title='bbox 1527 901 1705 941; x_wconf 89' lang='lat' dir='ltr'><strong>rerum</strong></span> 
     </span>
    </p>
   </div>
   <div class='ocr_carea' id='block_1_10' title="bbox 144 978 1707 1051">
    <p class='ocr_par' dir='ltr' id='par_1_10' title="bbox 144 978 1707 1051">
     <span class='ocr_line' id='line_1_10' title="bbox 144 978 1707 1051; baseline 0.001 -17"><span class='ocrx_word' id='word_1_64' title='bbox 144 982 386 1035; x_wconf 84' lang='lat' dir='ltr'><strong>omnium</strong></span> <span class='ocrx_word' id='word_1_65' title='bbox 421 981 805 1036; x_wconf 87' lang='lat' dir='ltr'><strong>fabricatorem</strong></span> <span class='ocrx_word' id='word_1_66' title='bbox 833 979 1033 1048; x_wconf 89' lang='lat' dir='ltr'><strong>passim</strong></span> <span class='ocrx_word' id='word_1_67' title='bbox 1068 981 1369 1049; x_wconf 88' lang='lat' dir='ltr'><strong>appellant,</strong></span> <span class='ocrx_word' id='word_1_68' title='bbox 1398 981 1571 1051; x_wconf 89' lang='lat' dir='ltr'><strong>ipsum</strong></span> <span class='ocrx_word' id='word_1_69' title='bbox 1607 978 1707 1036; x_wconf 87' lang='lat' dir='ltr'><strong>De-</strong></span> 
     </span>
    </p>
   </div>
   <div class='ocr_carea' id='block_1_11' title="bbox 147 1071 1706 1142">
    <p class='ocr_par' dir='ltr' id='par_1_11' title="bbox 147 1071 1706 1142">
     <span class='ocr_line' id='line_1_11' title="bbox 147 1071 1706 1142; baseline 0 -16"><span class='ocrx_word' id='word_1_70' title='bbox 147 1072 415 1142; x_wconf 80' lang='lat' dir='ltr'><strong>miurgum</strong></span> <span class='ocrx_word' id='word_1_71' title='bbox 447 1087 606 1139; x_wconf 89' lang='lat' dir='ltr'><strong>esse;</strong></span> <span class='ocrx_word' id='word_1_72' title='bbox 645 1074 734 1142; x_wconf 89' lang='lat' dir='ltr'><strong>qui</strong></span> <span class='ocrx_word' id='word_1_73' title='bbox 769 1074 985 1142; x_wconf 86' lang='lat' dir='ltr'><strong>quidem</strong></span> <span class='ocrx_word' id='word_1_74' title='bbox 1016 1071 1146 1128; x_wconf 91' lang='lat' dir='ltr'><strong>licet</strong></span> <span class='ocrx_word' id='word_1_75' title='bbox 1187 1073 1326 1127; x_wconf 88' lang='lat' dir='ltr'><strong>Deus</strong></span> <span class='ocrx_word' id='word_1_76' title='bbox 1368 1083 1558 1126; x_wconf 90' lang='lat' dir='ltr'><strong>natura</strong></span> <span class='ocrx_word' id='word_1_77' title='bbox 1601 1087 1706 1127; x_wconf 92' lang='lat' dir='ltr'><strong>non</strong></span> 
     </span>
    </p>
   </div>
   <div class='ocr_carea' id='block_1_12' title="bbox 147 1165 1705 1233">
    <p class='ocr_par' dir='ltr' id='par_1_12' title="bbox 147 1165 1705 1233">
     <span class='ocr_line' id='line_1_12' title="bbox 147 1165 1705 1233; baseline 0.003 -15"><span class='ocrx_word' id='word_1_78' title='bbox 147 1165 235 1227; x_wconf 86' lang='lat' dir='ltr'><strong>sit,</strong></span> <span class='ocrx_word' id='word_1_79' title='bbox 277 1166 421 1233; x_wconf 92' lang='lat' dir='ltr'><strong>quod</strong></span> <span class='ocrx_word' id='word_1_80' title='bbox 468 1174 646 1220; x_wconf 84' lang='lat' dir='ltr'><strong>tamen</strong></span> <span class='ocrx_word' id='word_1_81' title='bbox 690 1180 869 1220; x_wconf 88' lang='lat' dir='ltr'><strong>rerum</strong></span> <span class='ocrx_word' id='word_1_82' title='bbox 910 1166 1154 1220; x_wconf 91' lang='lat' dir='ltr'><strong>omnium</strong></span> <span class='ocrx_word' id='word_1_83' title='bbox 1207 1165 1528 1222; x_wconf 87' lang='lat' dir='ltr'><strong>inferiorum</strong></span> <span class='ocrx_word' id='word_1_84' title='bbox 1585 1180 1705 1232; x_wconf 84' lang='lat' dir='ltr'><strong>rex,</strong></span> 
     </span>
    </p>
   </div>
   <div class='ocr_carea' id='block_1_13' title="bbox 151 1257 1706 1329">
    <p class='ocr_par' dir='ltr' id='par_1_13' title="bbox 151 1257 1706 1329">
     <span class='ocr_line' id='line_1_13' title="bbox 151 1257 1706 1329; baseline 0.001 -18"><span class='ocrx_word' id='word_1_85' title='bbox 151 1257 400 1312; x_wconf 86' lang='lat' dir='ltr'><strong>dominus</strong></span> <span class='ocrx_word' id='word_1_86' title='bbox 425 1265 478 1312; x_wconf 91' lang='lat' dir='ltr'><strong>et</strong></span> <span class='ocrx_word' id='word_1_87' title='bbox 508 1257 763 1313; x_wconf 86' lang='lat' dir='ltr'><strong>conditor</strong></span> <span class='ocrx_word' id='word_1_88' title='bbox 806 1257 1136 1314; x_wconf 89' lang='lat' dir='ltr'><strong>constitutus</strong></span> <span class='ocrx_word' id='word_1_89' title='bbox 1163 1259 1270 1326; x_wconf 78' lang='lat' dir='ltr'><strong>sit,</strong></span> <span class='ocrx_word' id='word_1_90' title='bbox 1316 1257 1411 1312; x_wconf 88' lang='lat' dir='ltr'><strong>Dei</strong></span> <span class='ocrx_word' id='word_1_91' title='bbox 1461 1259 1706 1329; x_wconf 88' lang='lat' dir='ltr'><strong>appella-</strong></span> 
     </span>
    </p>
   </div>
   <div class='ocr_carea' id='block_1_14' title="bbox 149 1350 1706 1417">
    <p class='ocr_par' dir='ltr' id='par_1_14' title="bbox 149 1350 1706 1417">
     <span class='ocr_line' id='line_1_14' title="bbox 149 1350 1706 1417; baseline 0.001 -14"><span class='ocrx_word' id='word_1_92' title='bbox 149 1351 344 1404; x_wconf 89' lang='lat' dir='ltr'><strong>tionem</strong></span> <span class='ocrx_word' id='word_1_93' title='bbox 371 1350 623 1414; x_wconf 83' lang='lat' dir='ltr'><strong>sortitur,</strong></span> <span class='ocrx_word' id='word_1_94' title='bbox 649 1359 706 1404; x_wconf 92' lang='lat' dir='ltr'><strong>et</strong></span> <span class='ocrx_word' id='word_1_95' title='bbox 741 1365 862 1405; x_wconf 86' lang='lat' dir='ltr'><strong>eam</strong></span> <span class='ocrx_word' id='word_1_96' title='bbox 891 1350 961 1404; x_wconf 93' lang='lat' dir='ltr'><strong>ob</strong></span> <span class='ocrx_word' id='word_1_97' title='bbox 998 1365 1110 1404; x_wconf 87' lang='lat' dir='ltr'><strong>rem</strong></span> <span class='ocrx_word' id='word_1_98' title='bbox 1148 1359 1259 1404; x_wconf 92' lang='lat' dir='ltr'><strong>tum</strong></span> <span class='ocrx_word' id='word_1_99' title='bbox 1297 1350 1367 1404; x_wconf 87' lang='lat' dir='ltr'><strong>ab</strong></span> <span class='ocrx_word' id='word_1_100' title='bbox 1402 1350 1500 1417; x_wconf 92' lang='lat' dir='ltr'><strong>iis,</strong></span> <span class='ocrx_word' id='word_1_101' title='bbox 1531 1362 1644 1405; x_wconf 91' lang='lat' dir='ltr'><strong>tum</strong></span> <span class='ocrx_word' id='word_1_102' title='bbox 1675 1365 1706 1404; x_wconf 91' lang='lat' dir='ltr'><strong>a</strong></span> 
     </span>
    </p>
   </div>
   <div class='ocr_carea' id='block_1_15' title="bbox 146 1440 1710 1512">
    <p class='ocr_par' dir='ltr' id='par_1_15' title="bbox 146 1440 1710 1512">
     <span class='ocr_line' id='line_1_15' title="bbox 146 1440 1710 1512; baseline 0.002 -18"><span class='ocrx_word' id='word_1_103' title='bbox 146 1443 422 1511; x_wconf 85' lang='lat' dir='ltr'><strong>prophetis</strong></span> <span class='ocrx_word' id='word_1_104' title='bbox 455 1451 510 1496; x_wconf 87' lang='lat' dir='ltr'><strong>et</strong></span> <span class='ocrx_word' id='word_1_105' title='bbox 544 1441 708 1496; x_wconf 82' lang='lat' dir='ltr'><strong>veteri</strong></span> <span class='ocrx_word' id='word_1_106' title='bbox 743 1440 861 1512; x_wconf 78' lang='lat' dir='ltr'><strong>lege</strong></span> <span class='ocrx_word' id='word_1_107' title='bbox 897 1443 1036 1503; x_wconf 86' lang='lat' dir='ltr'><strong>Deus</strong></span> <span class='ocrx_word' id='word_1_108' title='bbox 1065 1450 1332 1507; x_wconf 86' lang='lat' dir='ltr'><strong>vocatur;</strong></span> <span class='ocrx_word' id='word_1_109' title='bbox 1373 1443 1423 1496; x_wconf 91' lang='lat' dir='ltr'><strong>id</strong></span> <span class='ocrx_word' id='word_1_110' title='bbox 1460 1443 1710 1498; x_wconf 85' lang='lat' dir='ltr'><strong>confuta-</strong></span> 
     </span>
    </p>
   </div>
   <div class='ocr_carea' id='block_1_16' title="bbox 148 1531 1706 1606">
    <p class='ocr_par' dir='ltr' id='par_1_16' title="bbox 148 1531 1706 1606">
     <span class='ocr_line' id='line_1_16' title="bbox 148 1531 1706 1606; baseline 0.001 -17"><span class='ocrx_word' id='word_1_111' title='bbox 148 1545 300 1589; x_wconf 85' lang='lat' dir='ltr'><strong>turus</strong></span> <span class='ocrx_word' id='word_1_112' title='bbox 330 1533 582 1596; x_wconf 71' lang='lat' dir='ltr'><strong>lrenteus.</strong></span> <span class='ocrx_word' id='word_1_113' title='bbox 617 1535 813 1604; x_wconf 87' lang='lat' dir='ltr'><strong>probat</strong></span> <span class='ocrx_word' id='word_1_114' title='bbox 846 1549 964 1604; x_wconf 87' lang='lat' dir='ltr'><strong>cap.</strong></span> <span class='ocrx_word' id='word_1_115' title='bbox 996 1531 1051 1598; x_wconf 86' lang='lat'><strong>6,</strong></span> <span class='ocrx_word' id='word_1_116' title='bbox 1089 1551 1141 1590; x_wconf 93' lang='lat' dir='ltr'><strong>n.</strong></span> <span class='ocrx_word' id='word_1_117' title='bbox 1175 1536 1224 1600; x_wconf 85' lang='lat' dir='ltr'><strong>l,</strong></span> <span class='ocrx_word' id='word_1_118' title='bbox 1249 1535 1417 1605; x_wconf 90' lang='lat' dir='ltr'><strong>quod,</strong></span> <span class='ocrx_word' id='word_1_119' title='bbox 1456 1555 1476 1588; x_wconf 83' lang='lat' dir='ltr'><strong>r</strong></span> <span class='ocrx_word' id='word_1_120' title='bbox 1518 1534 1706 1606; x_wconf 89' lang='lat' dir='ltr'><strong>Neque</strong></span> 
     </span>
    </p>
   </div>
   <div class='ocr_carea' id='block_1_17' title="bbox 150 1625 1706 1699">
    <p class='ocr_par' dir='ltr' id='par_1_17' title="bbox 150 1625 1706 1699">
     <span class='ocr_line' id='line_1_17' title="bbox 150 1625 1706 1699; baseline 0.001 -19"><span class='ocrx_word' id='word_1_121' title='bbox 150 1626 430 1691; x_wconf 87' lang='lat' dir='ltr'><strong>Dominus,</strong></span> <span class='ocrx_word' id='word_1_122' title='bbox 472 1646 490 1678; x_wconf 76' lang='grc' dir='ltr'><strong>ι</strong></span> <span class='ocrx_word' id='word_1_123' title='bbox 527 1625 753 1698; x_wconf 88' lang='lat' dir='ltr'><strong>(veritas</strong></span> <span class='ocrx_word' id='word_1_124' title='bbox 802 1625 1038 1699; x_wconf 82' lang='lat' dir='ltr'><strong>[CXXX]</strong></span> <span class='ocrx_word' id='word_1_125' title='bbox 1081 1643 1203 1681; x_wconf 89' lang='lat' dir='ltr'><strong>cum</strong></span> <span class='ocrx_word' id='word_1_126' title='bbox 1257 1627 1350 1694; x_wconf 87' lang='lat' dir='ltr'><strong>sit,</strong></span> <span class='ocrx_word' id='word_1_127' title='bbox 1403 1643 1504 1684; x_wconf 90' lang='lat' dir='ltr'><strong>nec</strong></span> <span class='ocrx_word' id='word_1_128' title='bbox 1555 1643 1706 1684; x_wconf 92' lang='lat' dir='ltr'><strong>men-</strong></span> 
     </span>
    </p>
   </div>
   <div class='ocr_carea' id='block_1_18' title="bbox 150 1720 1710 1790">
    <p class='ocr_par' dir='ltr' id='par_1_18' title="bbox 150 1720 1710 1790">
     <span class='ocr_line' id='line_1_18' title="bbox 150 1720 1710 1790; baseline 0.001 -18"><span class='ocrx_word' id='word_1_129' title='bbox 150 1721 335 1785; x_wconf 79' lang='lat' dir='ltr'><strong>tiatur,</strong></span> <span class='ocrx_word' id='word_1_130' title='bbox 373 1729 576 1789; x_wconf 88' lang='lat' dir='ltr'><strong>utcap.</strong></span> <span class='ocrx_word' id='word_1_131' title='bbox 610 1720 936 1790; x_wconf 71' lang='lat' dir='ltr'><strong>praecedenti</strong></span> <span class='ocrx_word' id='word_1_132' title='bbox 969 1722 1012 1753; x_wconf 80' lang='grc' dir='ltr'><strong>³ο</strong></span> <span class='ocrx_word' id='word_1_133' title='bbox 1049 1721 1204 1790; x_wconf 81' lang='lat' dir='ltr'><strong>dixit)</strong></span> <span class='ocrx_word' id='word_1_134' title='bbox 1250 1739 1270 1773; x_wconf 76' lang='grc' dir='ltr'><strong>ι</strong></span> <span class='ocrx_word' id='word_1_135' title='bbox 1324 1735 1497 1790; x_wconf 90' lang='lat' dir='ltr'><strong>neque</strong></span> <span class='ocrx_word' id='word_1_136' title='bbox 1535 1720 1710 1790; x_wconf 85' lang='lat' dir='ltr'><strong>Spiri-</strong></span> 
     </span>
    </p>
   </div>
   <div class='ocr_carea' id='block_1_19' title="bbox 1811 515 3371 588">
    <p class='ocr_par' dir='ltr' id='par_1_19' title="bbox 1811 515 3371 588">
     <span class='ocr_line' id='line_1_19' title="bbox 1811 515 3371 588; baseline 0.001 -19"><span class='ocrx_word' id='word_1_137' title='bbox 1811 517 1988 571; x_wconf 91' lang='lat' dir='ltr'><strong>solum</strong></span> <span class='ocrx_word' id='word_1_138' title='bbox 2013 533 2199 572; x_wconf 85' lang='lat' dir='ltr'><strong>verum</strong></span> <span class='ocrx_word' id='word_1_139' title='bbox 2236 519 2400 572; x_wconf 88' lang='lat' dir='ltr'><strong>Deum</strong></span> <span class='ocrx_word' id='word_1_140' title='bbox 2427 516 2644 570; x_wconf 89' lang='lat' dir='ltr'><strong>Patrem</strong></span> <span class='ocrx_word' id='word_1_141' title='bbox 2680 525 2733 570; x_wconf 92' lang='lat' dir='ltr'><strong>et</strong></span> <span class='ocrx_word' id='word_1_142' title='bbox 2761 515 2989 571; x_wconf 81' lang='lat' dir='ltr'><strong>Verbum</strong></span> <span class='ocrx_word' id='word_1_143' title='bbox 3023 519 3161 588; x_wconf 81' lang='lat' dir='ltr'><strong>ejus,</strong></span> <span class='ocrx_word' id='word_1_144' title='bbox 3193 519 3284 587; x_wconf 89' lang='lat' dir='ltr'><strong>qui</strong></span> <span class='ocrx_word' id='word_1_145' title='bbox 3320 520 3371 572; x_wconf 90' lang='lat' dir='ltr'><strong>in</strong></span> 
     </span>
    </p>
   </div>
   <div class='ocr_carea' id='block_1_20' title="bbox 1807 608 3372 680">
    <p class='ocr_par' dir='ltr' id='par_1_20' title="bbox 1807 608 3372 680">
     <span class='ocr_line' id='line_1_20' title="bbox 1807 608 3372 680; baseline -0.001 -16"><span class='ocrx_word' id='word_1_146' title='bbox 1807 609 2060 665; x_wconf 91' lang='lat' dir='ltr'><strong>omnibus</strong></span> <span class='ocrx_word' id='word_1_147' title='bbox 2095 610 2454 680; x_wconf 88' lang='lat' dir='ltr'><strong>principatum</strong></span> <span class='ocrx_word' id='word_1_148' title='bbox 2501 609 2690 674; x_wconf 81' lang='lat' dir='ltr'><strong>habet;</strong></span> <span class='ocrx_word' id='word_1_149' title='bbox 2733 608 3013 664; x_wconf 82' lang='lat' dir='ltr'><strong>manifeste</strong></span> <span class='ocrx_word' id='word_1_150' title='bbox 3050 620 3133 664; x_wconf 92' lang='lat' dir='ltr'><strong>est</strong></span> <span class='ocrx_word' id='word_1_151' title='bbox 3183 619 3372 664; x_wconf 88' lang='lat' dir='ltr'><strong>osten-</strong></span> 
     </span>
    </p>
   </div>
   <div class='ocr_carea' id='block_1_21' title="bbox 1809 701 3370 770">
    <p class='ocr_par' dir='ltr' id='par_1_21' title="bbox 1809 701 3370 770">
     <span class='ocr_line' id='line_1_21' title="bbox 1809 701 3370 770; baseline -0.001 -12"><span class='ocrx_word' id='word_1_152' title='bbox 1809 719 1950 768; x_wconf 91' lang='lat' dir='ltr'><strong>sum,</strong></span> <span class='ocrx_word' id='word_1_153' title='bbox 1986 701 2246 758; x_wconf 87' lang='lat' dir='ltr'><strong>factorem</strong></span> <span class='ocrx_word' id='word_1_154' title='bbox 2283 702 2403 756; x_wconf 81' lang='lat' dir='ltr'><strong>cmli</strong></span> <span class='ocrx_word' id='word_1_155' title='bbox 2436 710 2488 754; x_wconf 91' lang='lat' dir='ltr'><strong>et</strong></span> <span class='ocrx_word' id='word_1_156' title='bbox 2531 712 2714 767; x_wconf 69' lang='lat' dir='ltr'><strong>terrae,</strong></span> <span class='ocrx_word' id='word_1_157' title='bbox 2746 702 2843 770; x_wconf 92' lang='lat' dir='ltr'><strong>qui</strong></span> <span class='ocrx_word' id='word_1_158' title='bbox 2885 702 3096 757; x_wconf 84' lang='lat' dir='ltr'><strong>loeutus</strong></span> <span class='ocrx_word' id='word_1_159' title='bbox 3144 704 3214 756; x_wconf 90' lang='lat' dir='ltr'><strong>sit</strong></span> <span class='ocrx_word' id='word_1_160' title='bbox 3244 718 3370 757; x_wconf 93' lang='lat' dir='ltr'><strong>cum</strong></span> 
     </span>
    </p>
   </div>
   <div class='ocr_carea' id='block_1_22' title="bbox 1807 791 3372 864">
    <p class='ocr_par' dir='ltr' id='par_1_22' title="bbox 1807 791 3372 864">
     <span class='ocr_line' id='line_1_22' title="bbox 1807 791 3372 864; baseline -0.001 -17"><span class='ocrx_word' id='word_1_161' title='bbox 1807 793 2017 864; x_wconf 82' lang='lat' dir='ltr'><strong>Moyse,</strong></span> <span class='ocrx_word' id='word_1_162' title='bbox 2047 801 2100 847; x_wconf 91' lang='lat' dir='ltr'><strong>et</strong></span> <span class='ocrx_word' id='word_1_163' title='bbox 2129 792 2287 862; x_wconf 85' lang='lat' dir='ltr'><strong>Legis</strong></span> <span class='ocrx_word' id='word_1_164' title='bbox 2322 791 2728 859; x_wconf 91' lang='lat' dir='ltr'><strong>dispositionem</strong></span> <span class='ocrx_word' id='word_1_165' title='bbox 2761 792 2809 845; x_wconf 93' lang='lat' dir='ltr'><strong>ei</strong></span> <span class='ocrx_word' id='word_1_166' title='bbox 2846 791 3073 858; x_wconf 89' lang='lat' dir='ltr'><strong>dederit,</strong></span> <span class='ocrx_word' id='word_1_167' title='bbox 3119 794 3207 862; x_wconf 90' lang='lat' dir='ltr'><strong>qui</strong></span> <span class='ocrx_word' id='word_1_168' title='bbox 3237 808 3372 847; x_wconf 90' lang='lat' dir='ltr'><strong>con-</strong></span> 
     </span>
    </p>
   </div>
   <div class='ocr_carea' id='block_1_23' title="bbox 1810 882 3371 953">
    <p class='ocr_par' dir='ltr' id='par_1_23' title="bbox 1810 882 3371 953">
     <span class='ocr_line' id='line_1_23' title="bbox 1810 882 3371 953; baseline -0.002 -12"><span class='ocrx_word' id='word_1_169' title='bbox 1810 884 2316 953; x_wconf 85' lang='lat' dir='ltr'><strong>vocaveritPatres,</strong></span> <span class='ocrx_word' id='word_1_170' title='bbox 2353 882 2642 940; x_wconf 91' lang='lat' dir='ltr'><strong>Dominum</strong></span> <span class='ocrx_word' id='word_1_171' title='bbox 2679 885 2847 939; x_wconf 91' lang='lat' dir='ltr'><strong>Deum</strong></span> <span class='ocrx_word' id='word_1_172' title='bbox 2888 885 3139 940; x_wconf 86' lang='lat' dir='ltr'><strong>confiteri</strong></span> <span class='ocrx_word' id='word_1_173' title='bbox 3175 902 3285 953; x_wconf 88' lang='lat' dir='ltr'><strong>eos,</strong></span> <span class='ocrx_word' id='word_1_174' title='bbox 3317 896 3371 938; x_wconf 88' lang='lat' dir='ltr'><strong>et</strong></span> 
     </span>
    </p>
   </div>
   <div class='ocr_carea' id='block_1_24' title="bbox 1808 975 3366 1044">
    <p class='ocr_par' dir='ltr' id='par_1_24' title="bbox 1808 975 3366 1044">
     <span class='ocr_line' id='line_1_24' title="bbox 1808 975 3366 1044; baseline -0.001 -9"><span class='ocrx_word' id='word_1_175' title='bbox 1808 980 2036 1035; x_wconf 89' lang='lat' dir='ltr'><strong>alterum</strong></span> <span class='ocrx_word' id='word_1_176' title='bbox 2069 977 2338 1033; x_wconf 88' lang='lat' dir='ltr'><strong>neminem</strong></span> <span class='ocrx_word' id='word_1_177' title='bbox 2372 992 2552 1034; x_wconf 91' lang='lat' dir='ltr'><strong>nosse.</strong></span> <span class='ocrx_word' id='word_1_178' title='bbox 2595 996 2613 1029; x_wconf 77' lang='grc' dir='ltr'><strong>ι</strong></span> <span class='ocrx_word' id='word_1_179' title='bbox 2659 977 2797 1044; x_wconf 83' lang='lat' dir='ltr'><strong>Quid</strong></span> <span class='ocrx_word' id='word_1_180' title='bbox 2846 978 3083 1033; x_wconf 87' lang='lat' dir='ltr'><strong>clarius?</strong></span> <span class='ocrx_word' id='word_1_181' title='bbox 3129 975 3286 1034; x_wconf 85' lang='lat' dir='ltr'><strong>Pater</strong></span> <span class='ocrx_word' id='word_1_182' title='bbox 3318 993 3366 1034; x_wconf 88' lang='lat' dir='ltr'><strong>et</strong></span> 
     </span>
    </p>
   </div>
   <div class='ocr_carea' id='block_1_25' title="bbox 1807 1069 3369 1140">
    <p class='ocr_par' dir='ltr' id='par_1_25' title="bbox 1807 1069 3369 1140">
     <span class='ocr_line' id='line_1_25' title="bbox 1807 1069 3369 1140; baseline 0.001 -16"><span class='ocrx_word' id='word_1_183' title='bbox 1807 1070 2068 1135; x_wconf 80' lang='lat' dir='ltr'><strong>Verbum,</strong></span> <span class='ocrx_word' id='word_1_184' title='bbox 2095 1069 2258 1124; x_wconf 88' lang='lat' dir='ltr'><strong>Pater</strong></span> <span class='ocrx_word' id='word_1_185' title='bbox 2296 1079 2352 1124; x_wconf 89' lang='lat' dir='ltr'><strong>et</strong></span> <span class='ocrx_word' id='word_1_186' title='bbox 2381 1069 2541 1140; x_wconf 76' lang='lat' dir='ltr'><strong>hujus</strong></span> <span class='ocrx_word' id='word_1_187' title='bbox 2573 1069 2761 1136; x_wconf 89' lang='lat' dir='ltr'><strong>Filius,</strong></span> <span class='ocrx_word' id='word_1_188' title='bbox 2793 1080 2921 1124; x_wconf 91' lang='lat' dir='ltr'><strong>sunt</strong></span> <span class='ocrx_word' id='word_1_189' title='bbox 2957 1086 3100 1125; x_wconf 87' lang='lat' dir='ltr'><strong>unus</strong></span> <span class='ocrx_word' id='word_1_190' title='bbox 3144 1082 3200 1126; x_wconf 88' lang='lat' dir='ltr'><strong>et</strong></span> <span class='ocrx_word' id='word_1_191' title='bbox 3230 1074 3369 1125; x_wconf 88' lang='lat' dir='ltr'><strong>idem</strong></span> 
     </span>
    </p>
   </div>
   <div class='ocr_carea' id='block_1_26' title="bbox 1807 1157 3370 1231">
    <p class='ocr_par' dir='ltr' id='par_1_26' title="bbox 1807 1157 3370 1231">
     <span class='ocr_line' id='line_1_26' title="bbox 1807 1157 3370 1231; baseline -0.004 -13"><span class='ocrx_word' id='word_1_192' title='bbox 1807 1164 1948 1218; x_wconf 89' lang='lat' dir='ltr'><strong>Deus</strong></span> <span class='ocrx_word' id='word_1_193' title='bbox 1982 1179 2010 1216; x_wconf 90' lang='lat' dir='ltr'><strong>a</strong></span> <span class='ocrx_word' id='word_1_194' title='bbox 2039 1160 2316 1231; x_wconf 87' lang='lat' dir='ltr'><strong>prophetis</strong></span> <span class='ocrx_word' id='word_1_195' title='bbox 2358 1160 2702 1229; x_wconf 77' lang='lat' dir='ltr'><strong>praedicatus,</strong></span> <span class='ocrx_word' id='word_1_196' title='bbox 2737 1169 2793 1213; x_wconf 85' lang='lat' dir='ltr'><strong>et</strong></span> <span class='ocrx_word' id='word_1_197' title='bbox 2831 1160 2898 1214; x_wconf 90' lang='lat' dir='ltr'><strong>ab</strong></span> <span class='ocrx_word' id='word_1_198' title='bbox 2942 1157 3232 1230; x_wconf 78' lang='lat' dir='ltr'><strong>Evangelio</strong></span> <span class='ocrx_word' id='word_1_199' title='bbox 3268 1176 3370 1213; x_wconf 82' lang='lat' dir='ltr'><strong>an-</strong></span> 
     </span>
    </p>
   </div>
   <div class='ocr_carea' id='block_1_27' title="bbox 1808 1250 3373 1319">
    <p class='ocr_par' dir='ltr' id='par_1_27' title="bbox 1808 1250 3373 1319">
     <span class='ocr_line' id='line_1_27' title="bbox 1808 1250 3373 1319; baseline -0.002 -10"><span class='ocrx_word' id='word_1_200' title='bbox 1808 1255 2122 1319; x_wconf 89' lang='lat' dir='ltr'><strong>nuntiatus;</strong></span> <span class='ocrx_word' id='word_1_201' title='bbox 2168 1252 2314 1308; x_wconf 90' lang='lat' dir='ltr'><strong>solus</strong></span> <span class='ocrx_word' id='word_1_202' title='bbox 2340 1267 2498 1306; x_wconf 91' lang='lat' dir='ltr'><strong>verus</strong></span> <span class='ocrx_word' id='word_1_203' title='bbox 2550 1252 2690 1305; x_wconf 92' lang='lat' dir='ltr'><strong>Deus</strong></span> <span class='ocrx_word' id='word_1_204' title='bbox 2745 1265 2807 1305; x_wconf 91' lang='lat' dir='ltr'><strong>ac</strong></span> <span class='ocrx_word' id='word_1_205' title='bbox 2864 1250 3145 1316; x_wconf 82' lang='lat' dir='ltr'><strong>Dominus,</strong></span> <span class='ocrx_word' id='word_1_206' title='bbox 3197 1251 3373 1306; x_wconf 80' lang='lat' dir='ltr'><strong>factor</strong></span> 
     </span>
    </p>
   </div>
   <div class='ocr_carea' id='block_1_28' title="bbox 1807 1342 3370 1419">
    <p class='ocr_par' dir='ltr' id='par_1_28' title="bbox 1807 1342 3370 1419">
     <span class='ocr_line' id='line_1_28' title="bbox 1807 1342 3370 1419; baseline -0.002 -16"><span class='ocrx_word' id='word_1_207' title='bbox 1807 1348 1930 1404; x_wconf 71' lang='grc' dir='ltr'><strong>θαιιὶ</strong></span> <span class='ocrx_word' id='word_1_208' title='bbox 1961 1357 2014 1402; x_wconf 91' lang='lat' dir='ltr'><strong>et</strong></span> <span class='ocrx_word' id='word_1_209' title='bbox 2040 1357 2219 1410; x_wconf 68' lang='lat' dir='ltr'><strong>terrae,</strong></span> <span class='ocrx_word' id='word_1_210' title='bbox 2247 1347 2338 1414; x_wconf 92' lang='lat' dir='ltr'><strong>qui</strong></span> <span class='ocrx_word' id='word_1_211' title='bbox 2374 1347 2584 1419; x_wconf 80' lang='lat' dir='ltr'><strong>locutus</strong></span> <span class='ocrx_word' id='word_1_212' title='bbox 2630 1344 2854 1400; x_wconf 89' lang='lat' dir='ltr'><strong>sitcum</strong></span> <span class='ocrx_word' id='word_1_213' title='bbox 2901 1342 3084 1414; x_wconf 83' lang='lat' dir='ltr'><strong>Moyse</strong></span> <span class='ocrx_word' id='word_1_214' title='bbox 3139 1355 3195 1400; x_wconf 86' lang='lat' dir='ltr'><strong>et</strong></span> <span class='ocrx_word' id='word_1_215' title='bbox 3237 1346 3370 1416; x_wconf 82' lang='lat' dir='ltr'><strong>legis</strong></span> 
     </span>
    </p>
   </div>
   <div class='ocr_carea' id='block_1_29' title="bbox 1809 1437 2700 1508">
    <p class='ocr_par' dir='ltr' id='par_1_29' title="bbox 1809 1437 2700 1508">
     <span class='ocr_line' id='line_1_29' title="bbox 1809 1437 2700 1508; baseline -0.004 -14"><span class='ocrx_word' id='word_1_216' title='bbox 1809 1439 2217 1508; x_wconf 88' lang='lat' dir='ltr'><strong>dispositionem</strong></span> <span class='ocrx_word' id='word_1_217' title='bbox 2249 1437 2296 1491; x_wconf 91' lang='lat' dir='ltr'><strong>ei</strong></span> <span class='ocrx_word' id='word_1_218' title='bbox 2325 1437 2561 1501; x_wconf 88' lang='lat' dir='ltr'><strong>dederit,</strong></span> <span class='ocrx_word' id='word_1_219' title='bbox 2593 1445 2700 1491; x_wconf 92' lang='lat' dir='ltr'><strong>etc.</strong></span> 
     </span>
    </p>
   </div>
   <div class='ocr_carea' id='block_1_30' title="bbox 1877 1527 3370 1599">
    <p class='ocr_par' dir='ltr' id='par_1_30' title="bbox 1877 1527 3370 1599">
     <span class='ocr_line' id='line_1_30' title="bbox 1877 1527 3370 1599; baseline -0.004 -13"><span class='ocrx_word' id='word_1_220' title='bbox 1877 1530 1964 1586; x_wconf 83' lang='lat'><strong>55.</strong></span> <span class='ocrx_word' id='word_1_221' title='bbox 2006 1531 2149 1586; x_wconf 92' lang='lat' dir='ltr'><strong>Idem</strong></span> <span class='ocrx_word' id='word_1_222' title='bbox 2194 1537 2569 1599; x_wconf 73' lang='lat' dir='ltr'><strong>argumentum</strong></span> <span class='ocrx_word' id='word_1_223' title='bbox 2619 1527 2930 1583; x_wconf 86' lang='lat' dir='ltr'><strong>instaurans</strong></span> <span class='ocrx_word' id='word_1_224' title='bbox 2972 1528 3205 1584; x_wconf 69' lang='lat' dir='ltr'><strong>lrenmus</strong></span> <span class='ocrx_word' id='word_1_225' title='bbox 3260 1537 3370 1582; x_wconf 91' lang='lat' dir='ltr'><strong>toto</strong></span> 
     </span>
    </p>
   </div>
   <div class='ocr_carea' id='block_1_31' title="bbox 1808 1617 3368 1690">
    <p class='ocr_par' dir='ltr' id='par_1_31' title="bbox 1808 1617 3368 1690">
     <span class='ocr_line' id='line_1_31' title="bbox 1808 1617 3368 1690; baseline -0.004 -12"><span class='ocrx_word' id='word_1_226' title='bbox 1808 1624 1924 1680; x_wconf 91' lang='lat' dir='ltr'><strong>fere</strong></span> <span class='ocrx_word' id='word_1_227' title='bbox 1959 1623 2096 1678; x_wconf 90' lang='lat' dir='ltr'><strong>libro</strong></span> <span class='ocrx_word' id='word_1_228' title='bbox 2133 1636 2210 1687; x_wconf 81' lang='lat' dir='ltr'><strong>tv,</strong></span> <span class='ocrx_word' id='word_1_229' title='bbox 2262 1631 2316 1675; x_wconf 92' lang='lat' dir='ltr'><strong>et</strong></span> <span class='ocrx_word' id='word_1_230' title='bbox 2350 1620 2570 1690; x_wconf 88' lang='lat' dir='ltr'><strong>propius</strong></span> <span class='ocrx_word' id='word_1_231' title='bbox 2600 1617 2779 1674; x_wconf 87' lang='lat' dir='ltr'><strong>adhuc</strong></span> <span class='ocrx_word' id='word_1_232' title='bbox 2823 1619 2891 1674; x_wconf 87' lang='lat' dir='ltr'><strong>ad</strong></span> <span class='ocrx_word' id='word_1_233' title='bbox 2943 1636 3161 1676; x_wconf 88' lang='lat' dir='ltr'><strong>causam</strong></span> <span class='ocrx_word' id='word_1_234' title='bbox 3210 1635 3368 1674; x_wconf 76' lang='lat' dir='ltr'><strong>acce-</strong></span> 
     </span>
    </p>
   </div>
   <div class='ocr_carea' id='block_1_32' title="bbox 1809 1710 3370 1786">
    <p class='ocr_par' dir='ltr' id='par_1_32' title="bbox 1809 1710 3370 1786">
     <span class='ocr_line' id='line_1_32' title="bbox 1809 1710 3370 1786; baseline -0.004 -15"><span class='ocrx_word' id='word_1_235' title='bbox 1809 1719 1964 1780; x_wconf 92' lang='lat' dir='ltr'><strong>dens,</strong></span> <span class='ocrx_word' id='word_1_236' title='bbox 1985 1714 2176 1786; x_wconf 89' lang='lat' dir='ltr'><strong>probat</strong></span> <span class='ocrx_word' id='word_1_237' title='bbox 2206 1729 2270 1768; x_wconf 82' lang='lat' dir='ltr'><strong>ex</strong></span> <span class='ocrx_word' id='word_1_238' title='bbox 2302 1710 2621 1782; x_wconf 83' lang='lat' dir='ltr'><strong>Scripturis,</strong></span> <span class='ocrx_word' id='word_1_239' title='bbox 2665 1722 2721 1767; x_wconf 92' lang='lat' dir='ltr'><strong>et</strong></span> <span class='ocrx_word' id='word_1_240' title='bbox 2761 1712 2892 1781; x_wconf 89' lang='lat' dir='ltr'><strong>ipsis</strong></span> <span class='ocrx_word' id='word_1_241' title='bbox 2925 1714 3224 1782; x_wconf 60' lang='lat' dir='ltr'><strong>praesertim</strong></span> <span class='ocrx_word' id='word_1_242' title='bbox 3261 1717 3370 1768; x_wconf 88' lang='lat' dir='ltr'><strong>Do-</strong></span> 
     </span>
    </p>
   </div>
   <div class='ocr_carea' id='block_1_33' title="bbox 151 1791 3370 1892">
    <p class='ocr_par' dir='ltr' id='par_1_33' title="bbox 151 1791 3370 1892">
     <span class='ocr_line' id='line_1_33' title="bbox 151 1791 3370 1892; baseline -0.001 -29"><span class='ocrx_word' id='word_1_243' title='bbox 151 1821 233 1864; x_wconf 90' lang='lat' dir='ltr'><strong>tus</strong></span> <span class='ocrx_word' id='word_1_244' title='bbox 302 1820 548 1877; x_wconf 86' lang='lat' dir='ltr'><strong>sanctus,</strong></span> <span class='ocrx_word' id='word_1_245' title='bbox 598 1824 777 1880; x_wconf 89' lang='lat' dir='ltr'><strong>neque</strong></span> <span class='ocrx_word' id='word_1_246' title='bbox 827 1806 1052 1875; x_wconf 83' lang='lat' dir='ltr'><strong>apostoli</strong></span> <span class='ocrx_word' id='word_1_247' title='bbox 1081 1824 1208 1865; x_wconf 91' lang='lat' dir='ltr'><strong>eum</strong></span> <span class='ocrx_word' id='word_1_248' title='bbox 1261 1811 1353 1892; x_wconf 84' lang='lat' dir='ltr'><strong>qui</strong></span> <span class='ocrx_word' id='word_1_249' title='bbox 1405 1827 1508 1866; x_wconf 87' lang='lat' dir='ltr'><strong>non</strong></span> <span class='ocrx_word' id='word_1_250' title='bbox 1562 1827 1708 1869; x_wconf 74' lang='lat' dir='ltr'><strong>esset</strong></span> <span class='ocrx_word' id='word_1_251' title='bbox 1738 1791 1781 1845; x_wconf 78' lang='grc' dir='ltr'><strong>Β</strong></span> <span class='ocrx_word' id='word_1_252' title='bbox 1811 1808 1941 1862; x_wconf 83' lang='grc' dir='ltr'><strong>ηιῑηί</strong></span> <span class='ocrx_word' id='word_1_253' title='bbox 2000 1805 2170 1861; x_wconf 92' lang='lat' dir='ltr'><strong>nostri</strong></span> <span class='ocrx_word' id='word_1_254' title='bbox 2219 1805 2582 1867; x_wconf 89' lang='lat' dir='ltr'><strong>sermonibus,</strong></span> <span class='ocrx_word' id='word_1_255' title='bbox 2641 1821 2806 1858; x_wconf 91' lang='lat' dir='ltr'><strong>unum</strong></span> <span class='ocrx_word' id='word_1_256' title='bbox 2853 1814 2906 1858; x_wconf 93' lang='lat' dir='ltr'><strong>et</strong></span> <span class='ocrx_word' id='word_1_257' title='bbox 2956 1807 3204 1859; x_wconf 89' lang='lat' dir='ltr'><strong>eumdem</strong></span> <span class='ocrx_word' id='word_1_258' title='bbox 3253 1824 3370 1861; x_wconf 83' lang='lat' dir='ltr'><strong>esse</strong></span> 
     </span>
    </p>
   </div>
   <div class='ocr_carea' id='block_1_34' title="bbox 149 1901 1706 1968">
    <p class='ocr_par' dir='ltr' id='par_1_34' title="bbox 149 1901 1706 1968">
     <span class='ocr_line' id='line_1_34' title="bbox 149 1901 1706 1968; baseline 0.004 -14"><span class='ocrx_word' id='word_1_259' title='bbox 149 1901 313 1966; x_wconf 82' lang='lat' dir='ltr'><strong>Deus,</strong></span> <span class='ocrx_word' id='word_1_260' title='bbox 341 1901 621 1956; x_wconf 84' lang='lat' dir='ltr'><strong>delinitive</strong></span> <span class='ocrx_word' id='word_1_261' title='bbox 641 1911 695 1968; x_wconf 81' lang='lat' dir='ltr'><strong>et</strong></span> <span class='ocrx_word' id='word_1_262' title='bbox 716 1901 964 1957; x_wconf 88' lang='lat' dir='ltr'><strong>absolute</strong></span> <span class='ocrx_word' id='word_1_263' title='bbox 1001 1902 1167 1958; x_wconf 90' lang='lat' dir='ltr'><strong>Deum</strong></span> <span class='ocrx_word' id='word_1_264' title='bbox 1203 1905 1576 1960; x_wconf 90' lang='lat' dir='ltr'><strong>nominassent</strong></span> <span class='ocrx_word' id='word_1_265' title='bbox 1605 1906 1706 1961; x_wconf 90' lang='lat' dir='ltr'><strong>ali-</strong></span> 
     </span>
    </p>
   </div>
   <div class='ocr_carea' id='block_1_35' title="bbox 147 1995 1708 2068">
    <p class='ocr_par' dir='ltr' id='par_1_35' title="bbox 147 1995 1708 2068">
     <span class='ocr_line' id='line_1_35' title="bbox 147 1995 1708 2068; baseline 0.003 -20"><span class='ocrx_word' id='word_1_266' title='bbox 147 1997 380 2065; x_wconf 87' lang='lat' dir='ltr'><strong>quando,</strong></span> <span class='ocrx_word' id='word_1_267' title='bbox 413 1995 516 2050; x_wconf 89' lang='lat' dir='ltr'><strong>nisi</strong></span> <span class='ocrx_word' id='word_1_268' title='bbox 543 2004 689 2050; x_wconf 85' lang='lat' dir='ltr'><strong>esset</strong></span> <span class='ocrx_word' id='word_1_269' title='bbox 718 2008 844 2050; x_wconf 82' lang='lat' dir='ltr'><strong>vere</strong></span> <span class='ocrx_word' id='word_1_270' title='bbox 870 1996 1049 2062; x_wconf 88' lang='lat' dir='ltr'><strong>Deus;</strong></span> <span class='ocrx_word' id='word_1_271' title='bbox 1083 2011 1259 2067; x_wconf 89' lang='lat' dir='ltr'><strong>neque</strong></span> <span class='ocrx_word' id='word_1_272' title='bbox 1292 1998 1578 2053; x_wconf 89' lang='lat' dir='ltr'><strong>Dominum</strong></span> <span class='ocrx_word' id='word_1_273' title='bbox 1613 2014 1708 2068; x_wconf 87' lang='lat' dir='ltr'><strong>ap-</strong></span> 
     </span>
    </p>
   </div>
   <div class='ocr_carea' id='block_1_36' title="bbox 149 2089 1705 2161">
    <p class='ocr_par' dir='ltr' id='par_1_36' title="bbox 149 2089 1705 2161">
     <span class='ocr_line' id='line_1_36' title="bbox 149 2089 1705 2161; baseline 0.001 -17"><span class='ocrx_word' id='word_1_274' title='bbox 149 2090 439 2159; x_wconf 83' lang='lat' dir='ltr'><strong>pellassent</strong></span> <span class='ocrx_word' id='word_1_275' title='bbox 475 2089 712 2158; x_wconf 89' lang='lat' dir='ltr'><strong>aliquem</strong></span> <span class='ocrx_word' id='word_1_276' title='bbox 745 2102 814 2142; x_wconf 79' lang='lat' dir='ltr'><strong>ex</strong></span> <span class='ocrx_word' id='word_1_277' title='bbox 848 2103 945 2141; x_wconf 89' lang='lat' dir='ltr'><strong>sua</strong></span> <span class='ocrx_word' id='word_1_278' title='bbox 989 2103 1241 2158; x_wconf 83' lang='lat' dir='ltr'><strong>persona,</strong></span> <span class='ocrx_word' id='word_1_279' title='bbox 1279 2090 1383 2146; x_wconf 90' lang='lat' dir='ltr'><strong>nisi</strong></span> <span class='ocrx_word' id='word_1_280' title='bbox 1408 2091 1498 2161; x_wconf 92' lang='lat' dir='ltr'><strong>qui</strong></span> <span class='ocrx_word' id='word_1_281' title='bbox 1528 2093 1705 2147; x_wconf 85' lang='lat' dir='ltr'><strong>domi-</strong></span> 
     </span>
    </p>
   </div>
   <div class='ocr_carea' id='block_1_37' title="bbox 149 2179 1704 2254">
    <p class='ocr_par' dir='ltr' id='par_1_37' title="bbox 149 2179 1704 2254">
     <span class='ocr_line' id='line_1_37' title="bbox 149 2179 1704 2254; baseline 0.002 -18"><span class='ocrx_word' id='word_1_282' title='bbox 149 2195 307 2236; x_wconf 82' lang='lat' dir='ltr'><strong>natur</strong></span> <span class='ocrx_word' id='word_1_283' title='bbox 339 2182 581 2236; x_wconf 89' lang='lat' dir='ltr'><strong>omnium</strong></span> <span class='ocrx_word' id='word_1_284' title='bbox 620 2197 634 2234; x_wconf 88' lang='lat'><strong>:</strong></span> <span class='ocrx_word' id='word_1_285' title='bbox 670 2179 714 2233; x_wconf 91' lang='lat' dir='ltr'><strong>si</strong></span> <span class='ocrx_word' id='word_1_286' title='bbox 747 2180 965 2248; x_wconf 88' lang='lat' dir='ltr'><strong>quando</strong></span> <span class='ocrx_word' id='word_1_287' title='bbox 997 2194 1126 2235; x_wconf 89' lang='lat' dir='ltr'><strong>vero</strong></span> <span class='ocrx_word' id='word_1_288' title='bbox 1159 2179 1442 2250; x_wconf 89' lang='lat' dir='ltr'><strong>Scriptura</strong></span> <span class='ocrx_word' id='word_1_289' title='bbox 1471 2197 1585 2246; x_wconf 88' lang='lat' dir='ltr'><strong>eos,</strong></span> <span class='ocrx_word' id='word_1_290' title='bbox 1615 2187 1704 2254; x_wconf 92' lang='lat' dir='ltr'><strong>qui</strong></span> 
     </span>
    </p>
   </div>
   <div class='ocr_carea' id='block_1_38' title="bbox 148 2271 1707 2338">
    <p class='ocr_par' dir='ltr' id='par_1_38' title="bbox 148 2271 1707 2338">
     <span class='ocr_line' id='line_1_38' title="bbox 148 2271 1707 2338; baseline 0.003 -11"><span class='ocrx_word' id='word_1_291' title='bbox 148 2289 253 2327; x_wconf 87' lang='lat' dir='ltr'><strong>non</strong></span> <span class='ocrx_word' id='word_1_292' title='bbox 307 2281 433 2327; x_wconf 92' lang='lat' dir='ltr'><strong>sunt</strong></span> <span class='ocrx_word' id='word_1_293' title='bbox 484 2271 580 2335; x_wconf 93' lang='lat' dir='ltr'><strong>dii,</strong></span> <span class='ocrx_word' id='word_1_294' title='bbox 607 2272 868 2338; x_wconf 87' lang='lat' dir='ltr'><strong>nominat,</strong></span> <span class='ocrx_word' id='word_1_295' title='bbox 925 2286 1030 2326; x_wconf 91' lang='lat' dir='ltr'><strong>non</strong></span> <span class='ocrx_word' id='word_1_296' title='bbox 1084 2271 1137 2327; x_wconf 90' lang='lat' dir='ltr'><strong>in</strong></span> <span class='ocrx_word' id='word_1_297' title='bbox 1195 2282 1366 2328; x_wconf 91' lang='lat' dir='ltr'><strong>totum</strong></span> <span class='ocrx_word' id='word_1_298' title='bbox 1413 2277 1707 2332; x_wconf 91' lang='lat' dir='ltr'><strong>ostendere</strong></span> 
     </span>
    </p>
   </div>
   <div class='ocr_carea' id='block_1_39' title="bbox 151 2363 1708 2436">
    <p class='ocr_par' dir='ltr' id='par_1_39' title="bbox 151 2363 1708 2436">
     <span class='ocr_line' id='line_1_39' title="bbox 151 2363 1708 2436; baseline 0.003 -18"><span class='ocrx_word' id='word_1_299' title='bbox 151 2365 266 2419; x_wconf 82' lang='lat' dir='ltr'><strong>illos</strong></span> <span class='ocrx_word' id='word_1_300' title='bbox 293 2367 454 2431; x_wconf 90' lang='lat' dir='ltr'><strong>deos;</strong></span> <span class='ocrx_word' id='word_1_301' title='bbox 491 2365 586 2420; x_wconf 90' lang='lat' dir='ltr'><strong>sed</strong></span> <span class='ocrx_word' id='word_1_302' title='bbox 626 2378 748 2418; x_wconf 89' lang='lat' dir='ltr'><strong>cum</strong></span> <span class='ocrx_word' id='word_1_303' title='bbox 796 2363 977 2433; x_wconf 90' lang='lat' dir='ltr'><strong>aliquo</strong></span> <span class='ocrx_word' id='word_1_304' title='bbox 1019 2365 1389 2423; x_wconf 90' lang='lat' dir='ltr'><strong>additamento</strong></span> <span class='ocrx_word' id='word_1_305' title='bbox 1428 2377 1483 2422; x_wconf 91' lang='lat' dir='ltr'><strong>et</strong></span> <span class='ocrx_word' id='word_1_306' title='bbox 1535 2369 1708 2436; x_wconf 83' lang='lat' dir='ltr'><strong>signi-</strong></span> 
     </span>
    </p>
   </div>
   <div class='ocr_carea' id='block_1_40' title="bbox 150 2457 1700 2528">
    <p class='ocr_par' dir='ltr' id='par_1_40' title="bbox 150 2457 1700 2528">
     <span class='ocr_line' id='line_1_40' title="bbox 150 2457 1700 2528; baseline 0.002 -17"><span class='ocrx_word' id='word_1_307' title='bbox 150 2459 421 2523; x_wconf 84' lang='lat' dir='ltr'><strong>ficatione,</strong></span> <span class='ocrx_word' id='word_1_308' title='bbox 477 2473 575 2528; x_wconf 89' lang='lat' dir='ltr'><strong>per</strong></span> <span class='ocrx_word' id='word_1_309' title='bbox 625 2473 790 2526; x_wconf 86' lang='lat' dir='ltr'><strong>quam</strong></span> <span class='ocrx_word' id='word_1_310' title='bbox 823 2457 1184 2511; x_wconf 87' lang='lat' dir='ltr'><strong>ostenduntur</strong></span> <span class='ocrx_word' id='word_1_311' title='bbox 1226 2473 1331 2512; x_wconf 85' lang='lat' dir='ltr'><strong>non</strong></span> <span class='ocrx_word' id='word_1_312' title='bbox 1377 2474 1497 2514; x_wconf 90' lang='lat' dir='ltr'><strong>esse</strong></span> <span class='ocrx_word' id='word_1_313' title='bbox 1542 2460 1636 2514; x_wconf 89' lang='lat' dir='ltr'><strong>dii.</strong></span> <span class='ocrx_word' id='word_1_314' title='bbox 1680 2478 1700 2514; x_wconf 73' lang='grc' dir='ltr'><strong>ι</strong></span> 
     </span>
    </p>
   </div>
   <div class='ocr_carea' id='block_1_41' title="bbox 151 2548 1710 2621">
    <p class='ocr_par' dir='ltr' id='par_1_41' title="bbox 151 2548 1710 2621">
     <span class='ocr_line' id='line_1_41' title="bbox 151 2548 1710 2621; baseline 0.001 -18"><span class='ocrx_word' id='word_1_315' title='bbox 151 2550 260 2604; x_wconf 87' lang='lat' dir='ltr'><strong>Hoc</strong></span> <span class='ocrx_word' id='word_1_316' title='bbox 309 2551 473 2621; x_wconf 74' lang='lat' dir='ltr'><strong>igitur</strong></span> <span class='ocrx_word' id='word_1_317' title='bbox 516 2548 703 2603; x_wconf 73' lang='lat' dir='ltr'><strong>lrenzei</strong></span> <span class='ocrx_word' id='word_1_318' title='bbox 751 2548 1114 2619; x_wconf 89' lang='lat' dir='ltr'><strong>principium,</strong></span> <span class='ocrx_word' id='word_1_319' title='bbox 1157 2549 1500 2606; x_wconf 87' lang='lat' dir='ltr'><strong>verissimum</strong></span> <span class='ocrx_word' id='word_1_320' title='bbox 1545 2560 1710 2620; x_wconf 90' lang='lat' dir='ltr'><strong>atque</strong></span> 
     </span>
    </p>
   </div>
   <div class='ocr_carea' id='block_1_42' title="bbox 148 2641 1709 2713">
    <p class='ocr_par' dir='ltr' id='par_1_42' title="bbox 148 2641 1709 2713">
     <span class='ocr_line' id='line_1_42' title="bbox 148 2641 1709 2713; baseline 0.001 -16"><span class='ocrx_word' id='word_1_321' title='bbox 148 2644 535 2699; x_wconf 90' lang='lat' dir='ltr'><strong>certissimum.</strong></span> <span class='ocrx_word' id='word_1_322' title='bbox 561 2641 731 2708; x_wconf 86' lang='lat' dir='ltr'><strong>Quem</strong></span> <span class='ocrx_word' id='word_1_323' title='bbox 767 2641 1046 2707; x_wconf 90' lang='lat' dir='ltr'><strong>Dominus,</strong></span> <span class='ocrx_word' id='word_1_324' title='bbox 1091 2642 1324 2713; x_wconf 87' lang='lat' dir='ltr'><strong>Spiritus</strong></span> <span class='ocrx_word' id='word_1_325' title='bbox 1362 2651 1583 2699; x_wconf 88' lang='lat' dir='ltr'><strong>sanctus</strong></span> <span class='ocrx_word' id='word_1_326' title='bbox 1617 2653 1709 2698; x_wconf 86' lang='lat' dir='ltr'><strong>aut</strong></span> 
     </span>
    </p>
   </div>
   <div class='ocr_carea' id='block_1_43' title="bbox 148 2737 1706 2808">
    <p class='ocr_par' dir='ltr' id='par_1_43' title="bbox 148 2737 1706 2808">
     <span class='ocr_line' id='line_1_43' title="bbox 148 2737 1706 2808; baseline 0.001 -16"><span class='ocrx_word' id='word_1_327' title='bbox 148 2737 376 2808; x_wconf 82' lang='lat' dir='ltr'><strong>apostoli</strong></span> <span class='ocrx_word' id='word_1_328' title='bbox 415 2737 468 2791; x_wconf 93' lang='lat' dir='ltr'><strong>in</strong></span> <span class='ocrx_word' id='word_1_329' title='bbox 505 2737 805 2806; x_wconf 83' lang='lat' dir='ltr'><strong>Scripturis</strong></span> <span class='ocrx_word' id='word_1_330' title='bbox 841 2737 1118 2792; x_wconf 82' lang='lat' dir='ltr'><strong>definitive</strong></span> <span class='ocrx_word' id='word_1_331' title='bbox 1153 2745 1209 2791; x_wconf 91' lang='lat' dir='ltr'><strong>et</strong></span> <span class='ocrx_word' id='word_1_332' title='bbox 1247 2737 1495 2792; x_wconf 87' lang='lat' dir='ltr'><strong>absolute</strong></span> <span class='ocrx_word' id='word_1_333' title='bbox 1543 2741 1706 2794; x_wconf 88' lang='lat' dir='ltr'><strong>Deum</strong></span> 
     </span>
    </p>
   </div>
   <div class='ocr_carea' id='block_1_44' title="bbox 147 2831 1710 2902">
    <p class='ocr_par' dir='ltr' id='par_1_44' title="bbox 147 2831 1710 2902">
     <span class='ocr_line' id='line_1_44' title="bbox 147 2831 1710 2902; baseline 0.001 -18"><span class='ocrx_word' id='word_1_334' title='bbox 147 2832 444 2896; x_wconf 87' lang='lat' dir='ltr'><strong>nominant,</strong></span> <span class='ocrx_word' id='word_1_335' title='bbox 469 2832 516 2887; x_wconf 94' lang='lat' dir='ltr'><strong>is</strong></span> <span class='ocrx_word' id='word_1_336' title='bbox 538 2841 622 2886; x_wconf 88' lang='lat' dir='ltr'><strong>est</strong></span> <span class='ocrx_word' id='word_1_337' title='bbox 645 2847 775 2888; x_wconf 82' lang='lat' dir='ltr'><strong>vere</strong></span> <span class='ocrx_word' id='word_1_338' title='bbox 807 2831 988 2896; x_wconf 90' lang='lat' dir='ltr'><strong>Deus;</strong></span> <span class='ocrx_word' id='word_1_339' title='bbox 1020 2845 1177 2899; x_wconf 89' lang='lat' dir='ltr'><strong>quem</strong></span> <span class='ocrx_word' id='word_1_340' title='bbox 1213 2832 1494 2886; x_wconf 89' lang='lat' dir='ltr'><strong>Dominum</strong></span> <span class='ocrx_word' id='word_1_341' title='bbox 1526 2833 1710 2902; x_wconf 86' lang='lat' dir='ltr'><strong>appel-</strong></span> 
     </span>
    </p>
   </div>
   <div class='ocr_carea' id='block_1_45' title="bbox 147 2921 1705 2990">
    <p class='ocr_par' dir='ltr' id='par_1_45' title="bbox 147 2921 1705 2990">
     <span class='ocr_line' id='line_1_45' title="bbox 147 2921 1705 2990; baseline 0.003 -17"><span class='ocrx_word' id='word_1_342' title='bbox 147 2922 256 2975; x_wconf 84' lang='lat' dir='ltr'><strong>lant</strong></span> <span class='ocrx_word' id='word_1_343' title='bbox 286 2936 351 2975; x_wconf 78' lang='lat' dir='ltr'><strong>ex</strong></span> <span class='ocrx_word' id='word_1_344' title='bbox 389 2935 486 2975; x_wconf 87' lang='lat' dir='ltr'><strong>sua</strong></span> <span class='ocrx_word' id='word_1_345' title='bbox 511 2935 768 2990; x_wconf 87' lang='lat' dir='ltr'><strong>persona,</strong></span> <span class='ocrx_word' id='word_1_346' title='bbox 795 2922 842 2977; x_wconf 93' lang='lat' dir='ltr'><strong>is</strong></span> <span class='ocrx_word' id='word_1_347' title='bbox 866 2931 949 2976; x_wconf 90' lang='lat' dir='ltr'><strong>est</strong></span> <span class='ocrx_word' id='word_1_348' title='bbox 979 2922 1071 2990; x_wconf 92' lang='lat' dir='ltr'><strong>qui</strong></span> <span class='ocrx_word' id='word_1_349' title='bbox 1105 2921 1413 2976; x_wconf 92' lang='lat' dir='ltr'><strong>dominatur</strong></span> <span class='ocrx_word' id='word_1_350' title='bbox 1444 2927 1705 2979; x_wconf 90' lang='lat' dir='ltr'><strong>omnium.</strong></span> 
     </span>
    </p>
   </div>
   <div class='ocr_carea' id='block_1_46' title="bbox 146 3013 1710 3085">
    <p class='ocr_par' dir='ltr' id='par_1_46' title="bbox 146 3013 1710 3085">
     <span class='ocr_line' id='line_1_46' title="bbox 146 3013 1710 3085; baseline 0.003 -18"><span class='ocrx_word' id='word_1_351' title='bbox 146 3016 235 3080; x_wconf 78' lang='lat' dir='ltr'><strong>At,</strong></span> <span class='ocrx_word' id='word_1_352' title='bbox 263 3014 438 3083; x_wconf 91' lang='lat' dir='ltr'><strong>inquit</strong></span> <span class='ocrx_word' id='word_1_353' title='bbox 466 3015 608 3068; x_wconf 86' lang='lat' dir='ltr'><strong>idem</strong></span> <span class='ocrx_word' id='word_1_354' title='bbox 644 3014 878 3069; x_wconf 68' lang='lat' dir='ltr'><strong>Irenaeus</strong></span> <span class='ocrx_word' id='word_1_355' title='bbox 908 3015 978 3079; x_wconf 72' lang='grc' dir='ltr'>ἰ,</span> <span class='ocrx_word' id='word_1_356' title='bbox 1007 3014 1286 3082; x_wconf 88' lang='lat' dir='ltr'><strong>Dominus,</strong></span> <span class='ocrx_word' id='word_1_357' title='bbox 1315 3013 1548 3085; x_wconf 86' lang='lat' dir='ltr'><strong>Spiritus</strong></span> <span class='ocrx_word' id='word_1_358' title='bbox 1583 3033 1710 3072; x_wconf 87' lang='lat' dir='ltr'><strong>san-</strong></span> 
     </span>
    </p>
   </div>
   <div class='ocr_carea' id='block_1_47' title="bbox 1811 1892 3370 1968">
    <p class='ocr_par' dir='ltr' id='par_1_47' title="bbox 1811 1892 3370 1968">
     <span class='ocr_line' id='line_1_47' title="bbox 1811 1892 3370 1968; baseline 0.001 -14"><span class='ocrx_word' id='word_1_359' title='bbox 1811 1901 1976 1954; x_wconf 90' lang='lat' dir='ltr'><strong>Deum</strong></span> <span class='ocrx_word' id='word_1_360' title='bbox 2021 1892 2310 1967; x_wconf 85' lang='lat' dir='ltr'><strong>utriusque</strong></span> <span class='ocrx_word' id='word_1_361' title='bbox 2355 1893 2490 1968; x_wconf 77' lang='lat' dir='ltr'><strong>legis</strong></span> <span class='ocrx_word' id='word_1_362' title='bbox 2549 1909 2852 1966; x_wconf 89' lang='lat' dir='ltr'><strong>auctorem,</strong></span> <span class='ocrx_word' id='word_1_363' title='bbox 2905 1901 2996 1968; x_wconf 90' lang='lat' dir='ltr'><strong>qui</strong></span> <span class='ocrx_word' id='word_1_364' title='bbox 3051 1916 3138 1954; x_wconf 88' lang='lat' dir='ltr'><strong>res</strong></span> <span class='ocrx_word' id='word_1_365' title='bbox 3182 1916 3370 1955; x_wconf 87' lang='lat' dir='ltr'><strong>omnes</strong></span> 
     </span>
    </p>
   </div>
   <div class='ocr_carea' id='block_1_48' title="bbox 1808 1989 3369 2064">
    <p class='ocr_par' dir='ltr' id='par_1_48' title="bbox 1808 1989 3369 2064">
     <span class='ocr_line' id='line_1_48' title="bbox 1808 1989 3369 2064; baseline 0.001 -19"><span class='ocrx_word' id='word_1_366' title='bbox 1808 1989 2133 2056; x_wconf 90' lang='lat' dir='ltr'><strong>condiderit,</strong></span> <span class='ocrx_word' id='word_1_367' title='bbox 2164 1993 2256 2061; x_wconf 92' lang='lat' dir='ltr'><strong>qui</strong></span> <span class='ocrx_word' id='word_1_368' title='bbox 2282 1990 2453 2060; x_wconf 78' lang='lat' dir='ltr'><strong>legem</strong></span> <span class='ocrx_word' id='word_1_369' title='bbox 2480 1999 2716 2046; x_wconf 84' lang='lat' dir='ltr'><strong>veterem</strong></span> <span class='ocrx_word' id='word_1_370' title='bbox 2743 1993 2973 2057; x_wconf 84' lang='lat' dir='ltr'><strong>dederit,</strong></span> <span class='ocrx_word' id='word_1_371' title='bbox 3001 2008 3123 2047; x_wconf 92' lang='lat' dir='ltr'><strong>cum</strong></span> <span class='ocrx_word' id='word_1_372' title='bbox 3165 1991 3369 2064; x_wconf 80' lang='lat' dir='ltr'><strong>Moyse,</strong></span> 
     </span>
    </p>
   </div>
   <div class='ocr_carea' id='block_1_49' title="bbox 1809 2083 3366 2154">
    <p class='ocr_par' dir='ltr' id='par_1_49' title="bbox 1809 2083 3366 2154">
     <span class='ocr_line' id='line_1_49' title="bbox 1809 2083 3366 2154; baseline -0.001 -15"><span class='ocrx_word' id='word_1_373' title='bbox 1809 2083 2130 2152; x_wconf 57' lang='lat' dir='ltr'><strong>ceterisque</strong></span> <span class='ocrx_word' id='word_1_374' title='bbox 2185 2084 2436 2139; x_wconf 83' lang='lat' dir='ltr'><strong>Patribus</strong></span> <span class='ocrx_word' id='word_1_375' title='bbox 2485 2099 2550 2139; x_wconf 86' lang='lat' dir='ltr'><strong>ac</strong></span> <span class='ocrx_word' id='word_1_376' title='bbox 2597 2084 2877 2154; x_wconf 89' lang='lat' dir='ltr'><strong>prophetis</strong></span> <span class='ocrx_word' id='word_1_377' title='bbox 2922 2085 3132 2140; x_wconf 89' lang='lat' dir='ltr'><strong>locutus</strong></span> <span class='ocrx_word' id='word_1_378' title='bbox 3184 2085 3366 2148; x_wconf 88' lang='lat' dir='ltr'><strong>fuerit,</strong></span> 
     </span>
    </p>
   </div>
   <div class='ocr_carea' id='block_1_50' title="bbox 1808 2158 3368 2248">
    <p class='ocr_par' dir='ltr' id='par_1_50' title="bbox 1808 2158 3368 2248">
     <span class='ocr_line' id='line_1_50' title="bbox 1808 2158 3368 2248; baseline 0.002 -18"><span class='ocrx_word' id='word_1_379' title='bbox 1808 2179 2005 2248; x_wconf 90' lang='lat' dir='ltr'><strong>quique</strong></span> <span class='ocrx_word' id='word_1_380' title='bbox 2037 2192 2131 2247; x_wconf 92' lang='lat' dir='ltr'><strong>per</strong></span> <span class='ocrx_word' id='word_1_381' title='bbox 2162 2176 2396 2232; x_wconf 83' lang='lat' dir='ltr'><strong>Verbum</strong></span> <span class='ocrx_word' id='word_1_382' title='bbox 2425 2193 2603 2243; x_wconf 90' lang='lat' dir='ltr'><strong>suum,</strong></span> <span class='ocrx_word' id='word_1_383' title='bbox 2651 2193 2759 2233; x_wconf 90' lang='lat' dir='ltr'><strong>non</strong></span> <span class='ocrx_word' id='word_1_384' title='bbox 2793 2158 3041 2232; x_wconf 70' lang='lat' dir='ltr'><strong>iictitium</strong></span> <span class='ocrx_word' id='word_1_385' title='bbox 3083 2179 3213 2233; x_wconf 91' lang='lat' dir='ltr'><strong>illud</strong></span> <span class='ocrx_word' id='word_1_386' title='bbox 3258 2181 3368 2233; x_wconf 76' lang='lat' dir='ltr'><strong>luc-</strong></span> 
     </span>
    </p>
   </div>
   <div class='ocr_carea' id='block_1_51' title="bbox 1810 2267 3372 2342">
    <p class='ocr_par' dir='ltr' id='par_1_51' title="bbox 1810 2267 3372 2342">
     <span class='ocr_line' id='line_1_51' title="bbox 1810 2267 3372 2342; baseline 0.001 -18"><span class='ocrx_word' id='word_1_387' title='bbox 1810 2272 2128 2334; x_wconf 90' lang='lat' dir='ltr'><strong>reticorum,</strong></span> <span class='ocrx_word' id='word_1_388' title='bbox 2163 2272 2258 2326; x_wconf 89' lang='lat' dir='ltr'><strong>sed</strong></span> <span class='ocrx_word' id='word_1_389' title='bbox 2287 2267 2481 2325; x_wconf 89' lang='lat' dir='ltr'><strong>Filium</strong></span> <span class='ocrx_word' id='word_1_390' title='bbox 2521 2287 2673 2326; x_wconf 87' lang='lat' dir='ltr'><strong>suum</strong></span> <span class='ocrx_word' id='word_1_391' title='bbox 2707 2271 3064 2342; x_wconf 83' lang='lat' dir='ltr'><strong>unigenitum,</strong></span> <span class='ocrx_word' id='word_1_392' title='bbox 3096 2289 3372 2342; x_wconf 68' lang='lat' dir='ltr'><strong>unumque</strong></span> 
     </span>
    </p>
   </div>
   <div class='ocr_carea' id='block_1_52' title="bbox 1809 2364 3371 2434">
    <p class='ocr_par' dir='ltr' id='par_1_52' title="bbox 1809 2364 3371 2434">
     <span class='ocr_line' id='line_1_52' title="bbox 1809 2364 3371 2434; baseline 0.003 -18"><span class='ocrx_word' id='word_1_393' title='bbox 1809 2377 1874 2418; x_wconf 85' lang='lat' dir='ltr'><strong>ac</strong></span> <span class='ocrx_word' id='word_1_394' title='bbox 1902 2378 2089 2419; x_wconf 86' lang='lat' dir='ltr'><strong>verum</strong></span> <span class='ocrx_word' id='word_1_395' title='bbox 2122 2379 2242 2417; x_wconf 92' lang='lat' dir='ltr'><strong>cum</strong></span> <span class='ocrx_word' id='word_1_396' title='bbox 2285 2379 2350 2418; x_wconf 91' lang='lat' dir='ltr'><strong>eo</strong></span> <span class='ocrx_word' id='word_1_397' title='bbox 2379 2365 2568 2428; x_wconf 90' lang='lat' dir='ltr'><strong>Deum,</strong></span> <span class='ocrx_word' id='word_1_398' title='bbox 2603 2364 3057 2434; x_wconf 90' lang='lat' dir='ltr'><strong>perfectissimum</strong></span> <span class='ocrx_word' id='word_1_399' title='bbox 3099 2377 3153 2420; x_wconf 92' lang='lat' dir='ltr'><strong>et</strong></span> <span class='ocrx_word' id='word_1_400' title='bbox 3197 2383 3371 2422; x_wconf 82' lang='lat' dir='ltr'><strong>omm-</strong></span> 
     </span>
    </p>
   </div>
   <div class='ocr_carea' id='block_1_53' title="bbox 1809 2455 3368 2527">
    <p class='ocr_par' dir='ltr' id='par_1_53' title="bbox 1809 2455 3368 2527">
     <span class='ocr_line' id='line_1_53' title="bbox 1809 2455 3368 2527; baseline 0.005 -20"><span class='ocrx_word' id='word_1_401' title='bbox 1809 2456 2005 2520; x_wconf 89' lang='lat' dir='ltr'><strong>scium,</strong></span> <span class='ocrx_word' id='word_1_402' title='bbox 2035 2466 2224 2512; x_wconf 91' lang='lat' dir='ltr'><strong>notum</strong></span> <span class='ocrx_word' id='word_1_403' title='bbox 2257 2472 2376 2512; x_wconf 89' lang='lat' dir='ltr'><strong>sese</strong></span> <span class='ocrx_word' id='word_1_404' title='bbox 2420 2455 2607 2512; x_wconf 90' lang='lat' dir='ltr'><strong>fecerit</strong></span> <span class='ocrx_word' id='word_1_405' title='bbox 2645 2456 2697 2510; x_wconf 93' lang='lat' dir='ltr'><strong>in</strong></span> <span class='ocrx_word' id='word_1_406' title='bbox 2731 2469 2959 2527; x_wconf 92' lang='lat' dir='ltr'><strong>utroque</strong></span> <span class='ocrx_word' id='word_1_407' title='bbox 2998 2457 3368 2516; x_wconf 82' lang='lat' dir='ltr'><strong>Testamento.</strong></span> 
     </span>
    </p>
   </div>
   <div class='ocr_carea' id='block_1_54' title="bbox 1810 2546 3368 2620">
    <p class='ocr_par' dir='ltr' id='par_1_54' title="bbox 1810 2546 3368 2620">
     <span class='ocr_line' id='line_1_54' title="bbox 1810 2546 3368 2620; baseline 0.006 -20"><span class='ocrx_word' id='word_1_408' title='bbox 1810 2546 1939 2600; x_wconf 85' lang='lat' dir='ltr'><strong>Eam</strong></span> <span class='ocrx_word' id='word_1_409' title='bbox 1975 2550 2025 2603; x_wconf 91' lang='lat' dir='ltr'><strong>in</strong></span> <span class='ocrx_word' id='word_1_410' title='bbox 2052 2565 2165 2604; x_wconf 86' lang='lat' dir='ltr'><strong>rem</strong></span> <span class='ocrx_word' id='word_1_411' title='bbox 2199 2551 2407 2619; x_wconf 89' lang='lat' dir='ltr'><strong>profert</strong></span> <span class='ocrx_word' id='word_1_412' title='bbox 2431 2566 2554 2620; x_wconf 87' lang='lat' dir='ltr'><strong>cap.</strong></span> <span class='ocrx_word' id='word_1_413' title='bbox 2596 2551 2650 2617; x_wconf 81' lang='lat'><strong>5,</strong></span> <span class='ocrx_word' id='word_1_414' title='bbox 2687 2570 2740 2606; x_wconf 87' lang='grc' dir='ltr'>ιι.</span> <span class='ocrx_word' id='word_1_415' title='bbox 2775 2554 2830 2619; x_wconf 72' lang='lat'><strong>2,</strong></span> <span class='ocrx_word' id='word_1_416' title='bbox 2864 2570 2925 2607; x_wconf 89' lang='lat' dir='ltr'><strong>ea</strong></span> <span class='ocrx_word' id='word_1_417' title='bbox 2974 2553 3173 2609; x_wconf 76' lang='lat' dir='ltr'><strong>Christi</strong></span> <span class='ocrx_word' id='word_1_418' title='bbox 3209 2556 3368 2609; x_wconf 78' lang='lat' dir='ltr'><strong>verba</strong></span> 
     </span>
    </p>
   </div>
   <div class='ocr_carea' id='block_1_55' title="bbox 1805 2634 3370 2713">
    <p class='ocr_par' dir='ltr' id='par_1_55' title="bbox 1805 2634 3370 2713">
     <span class='ocr_line' id='line_1_55' title="bbox 1805 2634 3370 2713; baseline 0.009 -26"><span class='ocrx_word' id='word_1_419' title='bbox 1805 2634 1996 2689; x_wconf 86' lang='lat' dir='ltr'><strong>Matth.</strong></span> <span class='ocrx_word' id='word_1_420' title='bbox 2049 2652 2197 2702; x_wconf 61' lang='grc' dir='ltr'>χιιι,</span> <span class='ocrx_word' id='word_1_421' title='bbox 2247 2638 2315 2692; x_wconf 70' lang='grc'><strong>29</strong></span> <span class='ocrx_word' id='word_1_422' title='bbox 2372 2654 2526 2710; x_wconf 88' lang='lat' dir='ltr'><strong>seqq.</strong></span> <span class='ocrx_word' id='word_1_423' title='bbox 2583 2642 2650 2696; x_wconf 88' lang='lat' dir='ltr'><strong>ad</strong></span> <span class='ocrx_word' id='word_1_424' title='bbox 2700 2642 3029 2698; x_wconf 71' lang='lat' dir='ltr'><strong>Saddncams</strong></span> <span class='ocrx_word' id='word_1_425' title='bbox 3064 2664 3076 2698; x_wconf 91' lang='lat'><strong>:</strong></span> <span class='ocrx_word' id='word_1_426' title='bbox 3117 2644 3370 2713; x_wconf 74' lang='lat' dir='ltr'><strong>Erratis,</strong></span> 
     </span>
    </p>
   </div>
   <div class='ocr_carea' id='block_1_56' title="bbox 1805 2726 3360 2802">
    <p class='ocr_par' dir='ltr' id='par_1_56' title="bbox 1805 2726 3360 2802">
     <span class='ocr_line' id='line_1_56' title="bbox 1805 2726 3360 2802; baseline 0.01 -22"><span class='ocrx_word' id='word_1_427' title='bbox 1805 2731 2085 2781; x_wconf 78' lang='lat' dir='ltr'><strong>nescientes</strong></span> <span class='ocrx_word' id='word_1_428' title='bbox 2133 2726 2458 2798; x_wconf 81' lang='lat' dir='ltr'><strong>Scripturas,</strong></span> <span class='ocrx_word' id='word_1_429' title='bbox 2512 2749 2670 2802; x_wconf 85' lang='lat' dir='ltr'><strong>neque</strong></span> <span class='ocrx_word' id='word_1_430' title='bbox 2712 2736 2954 2790; x_wconf 83' lang='lat' dir='ltr'><strong>virtutem</strong></span> <span class='ocrx_word' id='word_1_431' title='bbox 3005 2737 3122 2792; x_wconf 86' lang='lat' dir='ltr'><strong>Dei.</strong></span> <span class='ocrx_word' id='word_1_432' title='bbox 3165 2737 3241 2793; x_wconf 86' lang='lat' dir='ltr'><strong>De</strong></span> <span class='ocrx_word' id='word_1_433' title='bbox 3294 2758 3360 2796; x_wconf 89' lang='lat' dir='ltr'><strong>re-</strong></span> 
     </span>
    </p>
   </div>
   <div class='ocr_carea' id='block_1_57' title="bbox 1805 2820 3370 2901">
    <p class='ocr_par' dir='ltr' id='par_1_57' title="bbox 1805 2820 3370 2901">
     <span class='ocr_line' id='line_1_57' title="bbox 1805 2820 3370 2901; baseline 0.01 -31"><span class='ocrx_word' id='word_1_434' title='bbox 1805 2820 2123 2874; x_wconf 85' lang='lat' dir='ltr'><strong>surrectione</strong></span> <span class='ocrx_word' id='word_1_435' title='bbox 2159 2824 2297 2875; x_wconf 87' lang='lat' dir='ltr'><strong>enim</strong></span> <span class='ocrx_word' id='word_1_436' title='bbox 2352 2833 2676 2879; x_wconf 85' lang='lat' dir='ltr'><strong>mortuorum</strong></span> <span class='ocrx_word' id='word_1_437' title='bbox 2724 2845 2826 2881; x_wconf 89' lang='lat' dir='ltr'><strong>non</strong></span> <span class='ocrx_word' id='word_1_438' title='bbox 2859 2829 3057 2899; x_wconf 79' lang='lat' dir='ltr'><strong>legistis</strong></span> <span class='ocrx_word' id='word_1_439' title='bbox 3111 2833 3249 2901; x_wconf 85' lang='lat' dir='ltr'><strong>quod</strong></span> <span class='ocrx_word' id='word_1_440' title='bbox 3287 2835 3370 2886; x_wconf 89' lang='lat' dir='ltr'><strong>di-</strong></span> 
     </span>
    </p>
   </div>
   <div class='ocr_carea' id='block_1_58' title="bbox 1805 2915 3369 2990">
    <p class='ocr_par' dir='ltr' id='par_1_58' title="bbox 1805 2915 3369 2990">
     <span class='ocr_line' id='line_1_58' title="bbox 1805 2915 3369 2990; baseline 0.008 -24"><span class='ocrx_word' id='word_1_441' title='bbox 1805 2922 1946 2966; x_wconf 87' lang='lat' dir='ltr'><strong>ctum</strong></span> <span class='ocrx_word' id='word_1_442' title='bbox 1999 2923 2074 2967; x_wconf 85' lang='lat' dir='ltr'><strong>est</strong></span> <span class='ocrx_word' id='word_1_443' title='bbox 2129 2933 2162 2968; x_wconf 92' lang='lat' dir='ltr'><strong>a</strong></span> <span class='ocrx_word' id='word_1_444' title='bbox 2219 2916 2325 2969; x_wconf 88' lang='lat' dir='ltr'><strong>Deo</strong></span> <span class='ocrx_word' id='word_1_445' title='bbox 2385 2915 2586 2971; x_wconf 76' lang='lat' dir='ltr'><strong>dicente</strong></span> <span class='ocrx_word' id='word_1_446' title='bbox 2626 2918 2782 2990; x_wconf 84' lang='lat' dir='ltr'><strong>:Ego</strong></span> <span class='ocrx_word' id='word_1_447' title='bbox 2841 2938 2957 2974; x_wconf 87' lang='lat' dir='ltr'><strong>sum</strong></span> <span class='ocrx_word' id='word_1_448' title='bbox 3004 2923 3143 2977; x_wconf 87' lang='lat' dir='ltr'><strong>Deus</strong></span> <span class='ocrx_word' id='word_1_449' title='bbox 3200 2926 3369 2980; x_wconf 81' lang='lat' dir='ltr'><strong>Abra-</strong></span> 
     </span>
    </p>
   </div>
   <div class='ocr_carea' id='block_1_59' title="bbox 1806 3005 3364 3082">
    <p class='ocr_par' dir='ltr' id='par_1_59' title="bbox 1806 3005 3364 3082">
     <span class='ocr_line' id='line_1_59' title="bbox 1806 3005 3364 3082; baseline 0.006 -24"><span class='ocrx_word' id='word_1_450' title='bbox 1806 3005 1946 3069; x_wconf 79' lang='lat' dir='ltr'><strong>ham,</strong></span> <span class='ocrx_word' id='word_1_451' title='bbox 1977 3016 2026 3060; x_wconf 90' lang='lat' dir='ltr'><strong>et</strong></span> <span class='ocrx_word' id='word_1_452' title='bbox 2052 3006 2191 3061; x_wconf 82' lang='lat' dir='ltr'><strong>Deus</strong></span> <span class='ocrx_word' id='word_1_453' title='bbox 2224 3007 2401 3074; x_wconf 86' lang='lat' dir='ltr'><strong>Isaac,</strong></span> <span class='ocrx_word' id='word_1_454' title='bbox 2434 3020 2483 3063; x_wconf 89' lang='lat' dir='ltr'><strong>et</strong></span> <span class='ocrx_word' id='word_1_455' title='bbox 2517 3010 2654 3064; x_wconf 85' lang='lat' dir='ltr'><strong>Deus</strong></span> <span class='ocrx_word' id='word_1_456' title='bbox 2674 3009 2881 3068; x_wconf 68' lang='lat' dir='ltr'><strong>Iacob?</strong></span> <span class='ocrx_word' id='word_1_457' title='bbox 2910 3026 2956 3067; x_wconf 86' lang='lat' dir='ltr'><strong>et</strong></span> <span class='ocrx_word' id='word_1_458' title='bbox 2993 3016 3218 3082; x_wconf 79' lang='lat' dir='ltr'><strong>adjecit:</strong></span> <span class='ocrx_word' id='word_1_459' title='bbox 3251 3017 3364 3070; x_wconf 72' lang='lat' dir='ltr'><strong>Nan</strong></span> 
     </span>
    </p>
   </div>
   <div class='ocr_carea' id='block_1_60' title="bbox 145 3097 3373 3192">
    <p class='ocr_par' dir='ltr' id='par_1_60' title="bbox 145 3097 3373 3192">
     <span class='ocr_line' id='line_1_60' title="bbox 145 3097 3373 3192; baseline -0 -35"><span class='ocrx_word' id='word_1_460' title='bbox 145 3119 284 3174; x_wconf 70' lang='lat' dir='ltr'><strong>eius,</strong></span> <span class='ocrx_word' id='word_1_461' title='bbox 316 3119 370 3163; x_wconf 79' lang='lat' dir='ltr'><strong>et</strong></span> <span class='ocrx_word' id='word_1_462' title='bbox 392 3108 622 3179; x_wconf 80' lang='lat' dir='ltr'><strong>apostoli</strong></span> <span class='ocrx_word' id='word_1_463' title='bbox 655 3108 932 3163; x_wconf 73' lang='lat' dir='ltr'><strong>deﬁnitiva</strong></span> <span class='ocrx_word' id='word_1_464' title='bbox 960 3117 1014 3162; x_wconf 68' lang='lat' dir='ltr'><strong>et</strong></span> <span class='ocrx_word' id='word_1_465' title='bbox 1048 3107 1293 3164; x_wconf 73' lang='lat' dir='ltr'><strong>absolute</strong></span> <span class='ocrx_word' id='word_1_466' title='bbox 1333 3109 1500 3164; x_wconf 77' lang='lat' dir='ltr'><strong>Deum</strong></span> <span class='ocrx_word' id='word_1_467' title='bbox 1537 3113 1709 3164; x_wconf 80' lang='lat' dir='ltr'><strong>nomi.</strong></span> <span class='ocrx_word' id='word_1_468' title='bbox 1737 3131 1784 3192; x_wconf 64' lang='grc' dir='ltr'>ο</span> <span class='ocrx_word' id='word_1_469' title='bbox 1812 3109 1888 3153; x_wconf 77' lang='lat' dir='ltr'><strong>est</strong></span> <span class='ocrx_word' id='word_1_470' title='bbox 1919 3097 2059 3152; x_wconf 77' lang='lat' dir='ltr'><strong>Deus</strong></span> <span class='ocrx_word' id='word_1_471' title='bbox 2088 3111 2437 3166; x_wconf 82' lang='lat' dir='ltr'><strong>mortuorum,</strong></span> <span class='ocrx_word' id='word_1_472' title='bbox 2465 3101 2555 3153; x_wconf 85' lang='lat' dir='ltr'><strong>sed</strong></span> <span class='ocrx_word' id='word_1_473' title='bbox 2591 3102 2910 3155; x_wconf 83' lang='lat' dir='ltr'><strong>viventium:</strong></span> <span class='ocrx_word' id='word_1_474' title='bbox 2948 3118 3120 3156; x_wconf 84' lang='lat' dir='ltr'><strong>omnes</strong></span> <span class='ocrx_word' id='word_1_475' title='bbox 3149 3106 3283 3157; x_wconf 83' lang='lat' dir='ltr'><strong>enim</strong></span> <span class='ocrx_word' id='word_1_476' title='bbox 3325 3105 3373 3156; x_wconf 87' lang='lat' dir='ltr'><strong>ei</strong></span> 
     </span>
    </p>
   </div>
   <div class='ocr_carea' id='block_1_61' title="bbox 146 3201 1712 3272">
    <p class='ocr_par' dir='ltr' id='par_1_61' title="bbox 146 3201 1712 3272">
     <span class='ocr_line' id='line_1_61' title="bbox 146 3201 1712 3272; baseline 0 -17"><span class='ocrx_word' id='word_1_477' title='bbox 146 3212 296 3264; x_wconf 89' lang='lat' dir='ltr'><strong>nant,</strong></span> <span class='ocrx_word' id='word_1_478' title='bbox 325 3204 721 3272; x_wconf 80' lang='lat' dir='ltr'><strong>Dominamque</strong></span> <span class='ocrx_word' id='word_1_479' title='bbox 753 3202 1022 3271; x_wconf 90' lang='lat' dir='ltr'><strong>appellant</strong></span> <span class='ocrx_word' id='word_1_480' title='bbox 1042 3215 1107 3256; x_wconf 82' lang='lat' dir='ltr'><strong>ex</strong></span> <span class='ocrx_word' id='word_1_481' title='bbox 1132 3217 1227 3256; x_wconf 86' lang='lat' dir='ltr'><strong>sua</strong></span> <span class='ocrx_word' id='word_1_482' title='bbox 1249 3216 1482 3271; x_wconf 90' lang='lat' dir='ltr'><strong>persona</strong></span> <span class='ocrx_word' id='word_1_483' title='bbox 1503 3218 1521 3252; x_wconf 79' lang='grc' dir='ltr'><strong>ι</strong></span> <span class='ocrx_word' id='word_1_484' title='bbox 1547 3201 1712 3256; x_wconf 90' lang='lat' dir='ltr'><strong>Deum</strong></span> 
     </span>
    </p>
   </div>
   <div class='ocr_carea' id='block_1_62' title="bbox 146 3292 1712 3363">
    <p class='ocr_par' dir='ltr' id='par_1_62' title="bbox 146 3292 1712 3363">
     <span class='ocr_line' id='line_1_62' title="bbox 146 3292 1712 3363; baseline -0.001 -14"><span class='ocrx_word' id='word_1_485' title='bbox 146 3295 381 3361; x_wconf 87' lang='lat' dir='ltr'><strong>Patrem,</strong></span> <span class='ocrx_word' id='word_1_486' title='bbox 413 3306 469 3350; x_wconf 90' lang='lat' dir='ltr'><strong>et</strong></span> <span class='ocrx_word' id='word_1_487' title='bbox 515 3295 712 3349; x_wconf 88' lang='lat' dir='ltr'><strong>Filium</strong></span> <span class='ocrx_word' id='word_1_488' title='bbox 763 3292 901 3361; x_wconf 86' lang='lat' dir='ltr'><strong>ejus,</strong></span> <span class='ocrx_word' id='word_1_489' title='bbox 945 3294 1037 3362; x_wconf 91' lang='lat' dir='ltr'><strong>qui</strong></span> <span class='ocrx_word' id='word_1_490' title='bbox 1080 3295 1373 3349; x_wconf 90' lang='lat' dir='ltr'><strong>dominium</strong></span> <span class='ocrx_word' id='word_1_491' title='bbox 1424 3295 1636 3363; x_wconf 87' lang='lat' dir='ltr'><strong>accepit</strong></span> <span class='ocrx_word' id='word_1_492' title='bbox 1682 3311 1712 3348; x_wconf 92' lang='lat' dir='ltr'><strong>a</strong></span> 
     </span>
    </p>
   </div>
   <div class='ocr_carea' id='block_1_63' title="bbox 146 3386 1713 3450">
    <p class='ocr_par' dir='ltr' id='par_1_63' title="bbox 146 3386 1713 3450">
     <span class='ocr_line' id='line_1_63' title="bbox 146 3386 1713 3450; baseline 0 -11"><span class='ocrx_word' id='word_1_493' title='bbox 146 3386 304 3440; x_wconf 83' lang='lat' dir='ltr'><strong>Patre</strong></span> <span class='ocrx_word' id='word_1_494' title='bbox 345 3401 442 3440; x_wconf 88' lang='lat' dir='ltr'><strong>suo</strong></span> <span class='ocrx_word' id='word_1_495' title='bbox 477 3389 659 3440; x_wconf 93' lang='lat' dir='ltr'><strong>omnis</strong></span> <span class='ocrx_word' id='word_1_496' title='bbox 703 3387 1029 3441; x_wconf 91' lang='lat' dir='ltr'><strong>conditionis</strong></span> <span class='ocrx_word' id='word_1_497' title='bbox 1053 3427 1067 3450; x_wconf 96' lang='lat'><strong>,</strong></span> <span class='ocrx_word' id='word_1_498' title='bbox 1105 3403 1123 3437; x_wconf 71' lang='grc' dir='ltr'><strong>ι</strong></span> <span class='ocrx_word' id='word_1_499' title='bbox 1177 3386 1228 3440; x_wconf 90' lang='lat' dir='ltr'><strong>id</strong></span> <span class='ocrx_word' id='word_1_500' title='bbox 1268 3395 1350 3441; x_wconf 89' lang='lat' dir='ltr'><strong>est</strong></span> <span class='ocrx_word' id='word_1_501' title='bbox 1388 3402 1568 3440; x_wconf 90' lang='lat' dir='ltr'><strong>rerum</strong></span> <span class='ocrx_word' id='word_1_502' title='bbox 1596 3401 1713 3440; x_wconf 85' lang='lat' dir='ltr'><strong>om-</strong></span> 
     </span>
    </p>
   </div>
   <div class='ocr_carea' id='block_1_64' title="bbox 149 3478 1712 3549">
    <p class='ocr_par' dir='ltr' id='par_1_64' title="bbox 149 3478 1712 3549">
     <span class='ocr_line' id='line_1_64' title="bbox 149 3478 1712 3549; baseline 0.002 -17"><span class='ocrx_word' id='word_1_503' title='bbox 149 3479 296 3532; x_wconf 91' lang='lat' dir='ltr'><strong>nium</strong></span> <span class='ocrx_word' id='word_1_504' title='bbox 331 3481 715 3543; x_wconf 86' lang='lat' dir='ltr'><strong>conditarum;</strong></span> <span class='ocrx_word' id='word_1_505' title='bbox 749 3490 805 3535; x_wconf 91' lang='lat' dir='ltr'><strong>et</strong></span> <span class='ocrx_word' id='word_1_506' title='bbox 833 3497 851 3530; x_wconf 82' lang='grc' dir='ltr'><strong>ι</strong></span> <span class='ocrx_word' id='word_1_507' title='bbox 888 3493 1044 3532; x_wconf 92' lang='lat' dir='ltr'><strong>nemo</strong></span> <span class='ocrx_word' id='word_1_508' title='bbox 1087 3478 1223 3533; x_wconf 88' lang='lat' dir='ltr'><strong>alius</strong></span> <span class='ocrx_word' id='word_1_509' title='bbox 1261 3497 1280 3530; x_wconf 76' lang='grc' dir='ltr'><strong>ι</strong></span> <span class='ocrx_word' id='word_1_510' title='bbox 1317 3479 1370 3533; x_wconf 93' lang='lat' dir='ltr'><strong>in</strong></span> <span class='ocrx_word' id='word_1_511' title='bbox 1417 3480 1712 3549; x_wconf 91' lang='lat' dir='ltr'><strong>Scripturis</strong></span> 
     </span>
    </p>
   </div>
   <div class='ocr_carea' id='block_1_65' title="bbox 153 3571 1711 3640">
    <p class='ocr_par' dir='ltr' id='par_1_65' title="bbox 153 3571 1711 3640">
     <span class='ocr_line' id='line_1_65' title="bbox 153 3571 1711 3640; baseline 0.003 -19"><span class='ocrx_word' id='word_1_512' title='bbox 153 3589 170 3621; x_wconf 81' lang='grc' dir='ltr'><strong>ι</strong></span> <span class='ocrx_word' id='word_1_513' title='bbox 211 3572 351 3625; x_wconf 91' lang='lat' dir='ltr'><strong>Deus</strong></span> <span class='ocrx_word' id='word_1_514' title='bbox 402 3572 738 3637; x_wconf 89' lang='lat' dir='ltr'><strong>nominatur,</strong></span> <span class='ocrx_word' id='word_1_515' title='bbox 783 3581 876 3626; x_wconf 88' lang='lat' dir='ltr'><strong>aut</strong></span> <span class='ocrx_word' id='word_1_516' title='bbox 927 3571 1183 3624; x_wconf 91' lang='lat' dir='ltr'><strong>Dominus</strong></span> <span class='ocrx_word' id='word_1_517' title='bbox 1229 3571 1550 3640; x_wconf 87' lang='lat' dir='ltr'><strong>appellatur,</strong></span> <span class='ocrx_word' id='word_1_518' title='bbox 1609 3573 1711 3626; x_wconf 91' lang='lat' dir='ltr'><strong>nisi</strong></span> 
     </span>
    </p>
   </div>
   <div class='ocr_carea' id='block_1_66' title="bbox 149 3663 1711 3735">
    <p class='ocr_par' dir='ltr' id='par_1_66' title="bbox 149 3663 1711 3735">
     <span class='ocr_line' id='line_1_66' title="bbox 149 3663 1711 3735; baseline 0.001 -21"><span class='ocrx_word' id='word_1_519' title='bbox 149 3665 236 3731; x_wconf 82' lang='lat' dir='ltr'><strong>qui</strong></span> <span class='ocrx_word' id='word_1_520' title='bbox 291 3672 370 3719; x_wconf 90' lang='lat' dir='ltr'><strong>est</strong></span> <span class='ocrx_word' id='word_1_521' title='bbox 417 3664 658 3718; x_wconf 90' lang='lat' dir='ltr'><strong>omnium</strong></span> <span class='ocrx_word' id='word_1_522' title='bbox 704 3664 843 3718; x_wconf 90' lang='lat' dir='ltr'><strong>Deus</strong></span> <span class='ocrx_word' id='word_1_523' title='bbox 877 3674 930 3719; x_wconf 87' lang='lat' dir='ltr'><strong>et</strong></span> <span class='ocrx_word' id='word_1_524' title='bbox 975 3665 1265 3727; x_wconf 91' lang='lat' dir='ltr'><strong>Dominus,</strong></span> <span class='ocrx_word' id='word_1_525' title='bbox 1319 3665 1409 3733; x_wconf 93' lang='lat' dir='ltr'><strong>qui</strong></span> <span class='ocrx_word' id='word_1_526' title='bbox 1451 3675 1505 3718; x_wconf 92' lang='lat' dir='ltr'><strong>et</strong></span> <span class='ocrx_word' id='word_1_527' title='bbox 1545 3663 1711 3735; x_wconf 86' lang='lat' dir='ltr'><strong>Moysi</strong></span> 
     </span>
    </p>
   </div>
   <div class='ocr_carea' id='block_1_67' title="bbox 148 3754 1713 3832">
    <p class='ocr_par' dir='ltr' id='par_1_67' title="bbox 148 3754 1713 3832">
     <span class='ocr_line' id='line_1_67' title="bbox 148 3754 1713 3832; baseline 0.002 -25"><span class='ocrx_word' id='word_1_528' title='bbox 148 3757 281 3832; x_wconf 81' lang='lat' dir='ltr'><strong>dixit</strong></span> <span class='ocrx_word' id='word_1_529' title='bbox 313 3757 357 3788; x_wconf 82' lang='lat'><strong>&quot;</strong></span> <span class='ocrx_word' id='word_1_530' title='bbox 388 3779 400 3812; x_wconf 88' lang='lat'><strong>;</strong></span> <span class='ocrx_word' id='word_1_531' title='bbox 498 3754 609 3825; x_wconf 85' lang='lat' dir='ltr'><strong>Ego</strong></span> <span class='ocrx_word' id='word_1_532' title='bbox 646 3772 760 3809; x_wconf 87' lang='lat' dir='ltr'><strong>sum</strong></span> <span class='ocrx_word' id='word_1_533' title='bbox 795 3759 882 3826; x_wconf 90' lang='lat' dir='ltr'><strong>qui</strong></span> <span class='ocrx_word' id='word_1_534' title='bbox 914 3773 1050 3810; x_wconf 89' lang='lat' dir='ltr'><strong>sum.</strong></span> <span class='ocrx_word' id='word_1_535' title='bbox 1077 3756 1149 3809; x_wconf 84' lang='lat' dir='ltr'><strong>Et</strong></span> <span class='ocrx_word' id='word_1_536' title='bbox 1190 3757 1267 3811; x_wconf 85' lang='lat' dir='ltr'><strong>sic</strong></span> <span class='ocrx_word' id='word_1_537' title='bbox 1297 3757 1436 3810; x_wconf 81' lang='lat' dir='ltr'><strong>dices</strong></span> <span class='ocrx_word' id='word_1_538' title='bbox 1466 3758 1593 3826; x_wconf 82' lang='lat' dir='ltr'><strong>[iliis</strong></span> <span class='ocrx_word' id='word_1_539' title='bbox 1631 3757 1713 3810; x_wconf 83' lang='lat' dir='ltr'><strong>Is-</strong></span> 
     </span>
    </p>
   </div>
   <div class='ocr_carea' id='block_1_68' title="bbox 149 3848 1710 3917">
    <p class='ocr_par' dir='ltr' id='par_1_68' title="bbox 149 3848 1710 3917">
     <span class='ocr_line' id='line_1_68' title="bbox 149 3848 1710 3917; baseline 0.003 -17"><span class='ocrx_word' id='word_1_540' title='bbox 149 3850 254 3901; x_wconf 81' lang='lat' dir='ltr'><strong>rael</strong></span> <span class='ocrx_word' id='word_1_541' title='bbox 277 3863 297 3902; x_wconf 91' lang='lat'><strong><em>:</em></strong></span> <span class='ocrx_word' id='word_1_542' title='bbox 328 3848 430 3913; x_wconf 83' lang='lat' dir='ltr'><strong>Qui</strong></span> <span class='ocrx_word' id='word_1_543' title='bbox 460 3858 558 3912; x_wconf 84' lang='lat' dir='ltr'><strong>est,</strong></span> <span class='ocrx_word' id='word_1_544' title='bbox 585 3850 727 3901; x_wconf 84' lang='lat' dir='ltr'><strong>misit</strong></span> <span class='ocrx_word' id='word_1_545' title='bbox 758 3866 838 3901; x_wconf 90' lang='lat' dir='ltr'><strong>me</strong></span> <span class='ocrx_word' id='word_1_546' title='bbox 853 3851 920 3901; x_wconf 87' lang='lat' dir='ltr'><strong>ad</strong></span> <span class='ocrx_word' id='word_1_547' title='bbox 947 3865 1033 3902; x_wconf 82' lang='lat' dir='ltr'><strong>vos</strong></span> <span class='ocrx_word' id='word_1_548' title='bbox 1051 3866 1084 3915; x_wconf 66' lang='lat'><strong>;,</strong></span> <span class='ocrx_word' id='word_1_549' title='bbox 1159 3858 1211 3904; x_wconf 88' lang='lat' dir='ltr'><strong>et</strong></span> <span class='ocrx_word' id='word_1_550' title='bbox 1233 3849 1394 3917; x_wconf 81' lang='lat' dir='ltr'><strong>hujus</strong></span> <span class='ocrx_word' id='word_1_551' title='bbox 1424 3849 1589 3903; x_wconf 81' lang='lat' dir='ltr'><strong>Filius</strong></span> <span class='ocrx_word' id='word_1_552' title='bbox 1617 3848 1710 3904; x_wconf 82' lang='lat' dir='ltr'><strong>Je-</strong></span> 
     </span>
    </p>
   </div>
   <div class='ocr_carea' id='block_1_69' title="bbox 149 3941 1715 4012">
    <p class='ocr_par' dir='ltr' id='par_1_69' title="bbox 149 3941 1715 4012">
     <span class='ocr_line' id='line_1_69' title="bbox 149 3941 1715 4012; baseline 0.003 -20"><span class='ocrx_word' id='word_1_553' title='bbox 149 3956 236 3993; x_wconf 90' lang='lat' dir='ltr'><strong>sns</strong></span> <span class='ocrx_word' id='word_1_554' title='bbox 270 3941 517 3995; x_wconf 81' lang='lat' dir='ltr'><strong>Christus</strong></span> <span class='ocrx_word' id='word_1_555' title='bbox 550 3943 810 3997; x_wconf 88' lang='lat' dir='ltr'><strong>Dominus</strong></span> <span class='ocrx_word' id='word_1_556' title='bbox 850 3950 1055 4006; x_wconf 88' lang='lat' dir='ltr'><strong>noster,</strong></span> <span class='ocrx_word' id='word_1_557' title='bbox 1099 3943 1189 4012; x_wconf 90' lang='lat' dir='ltr'><strong>qui</strong></span> <span class='ocrx_word' id='word_1_558' title='bbox 1242 3942 1382 3996; x_wconf 84' lang='lat' dir='ltr'><strong>ﬁlios</strong></span> <span class='ocrx_word' id='word_1_559' title='bbox 1436 3942 1527 3996; x_wconf 89' lang='lat' dir='ltr'><strong>Dei</strong></span> <span class='ocrx_word' id='word_1_560' title='bbox 1583 3943 1715 3996; x_wconf 84' lang='lat' dir='ltr'><strong>facit</strong></span> 
     </span>
    </p>
   </div>
   <div class='ocr_carea' id='block_1_70' title="bbox 154 4035 1712 4104">
    <p class='ocr_par' dir='ltr' id='par_1_70' title="bbox 154 4035 1712 4104">
     <span class='ocr_line' id='line_1_70' title="bbox 154 4035 1712 4104; baseline -0.001 -17"><span class='ocrx_word' id='word_1_561' title='bbox 154 4035 426 4089; x_wconf 88' lang='lat' dir='ltr'><strong>credentes</strong></span> <span class='ocrx_word' id='word_1_562' title='bbox 457 4036 510 4087; x_wconf 92' lang='lat' dir='ltr'><strong>in</strong></span> <span class='ocrx_word' id='word_1_563' title='bbox 542 4050 739 4090; x_wconf 89' lang='lat' dir='ltr'><strong>nomen</strong></span> <span class='ocrx_word' id='word_1_564' title='bbox 773 4052 928 4088; x_wconf 90' lang='lat' dir='ltr'><strong>suum</strong></span> <span class='ocrx_word' id='word_1_565' title='bbox 957 4052 973 4098; x_wconf 85' lang='lat'><strong>;</strong></span> <span class='ocrx_word' id='word_1_566' title='bbox 1007 4055 1024 4086; x_wconf 73' lang='grc' dir='ltr'><strong>ι</strong></span> <span class='ocrx_word' id='word_1_567' title='bbox 1079 4038 1218 4104; x_wconf 91' lang='lat' dir='ltr'><strong>quod</strong></span> <span class='ocrx_word' id='word_1_568' title='bbox 1264 4036 1495 4089; x_wconf 88' lang='lat' dir='ltr'><strong>subinde</strong></span> <span class='ocrx_word' id='word_1_569' title='bbox 1537 4035 1712 4104; x_wconf 90' lang='lat' dir='ltr'><strong>pluri-</strong></span> 
     </span>
    </p>
   </div>
   <div class='ocr_carea' id='block_1_71' title="bbox 155 4125 1711 4196">
    <p class='ocr_par' dir='ltr' id='par_1_71' title="bbox 155 4125 1711 4196">
     <span class='ocr_line' id='line_1_71' title="bbox 155 4125 1711 4196; baseline 0.002 -19"><span class='ocrx_word' id='word_1_570' title='bbox 155 4127 247 4180; x_wconf 87' lang='lat' dir='ltr'><strong>mis</strong></span> <span class='ocrx_word' id='word_1_571' title='bbox 281 4125 683 4195; x_wconf 85' lang='lat' dir='ltr'><strong>Scripturarutn</strong></span> <span class='ocrx_word' id='word_1_572' title='bbox 721 4128 999 4196; x_wconf 88' lang='lat' dir='ltr'><strong>utriusque</strong></span> <span class='ocrx_word' id='word_1_573' title='bbox 1026 4127 1359 4182; x_wconf 88' lang='lat' dir='ltr'><strong>Testamenti</strong></span> <span class='ocrx_word' id='word_1_574' title='bbox 1387 4128 1711 4182; x_wconf 88' lang='lat' dir='ltr'><strong>testimoniis</strong></span> 
     </span>
    </p>
   </div>
   <div class='ocr_carea' id='block_1_72' title="bbox 150 4217 1712 4286">
    <p class='ocr_par' dir='ltr' id='par_1_72' title="bbox 150 4217 1712 4286">
     <span class='ocr_line' id='line_1_72' title="bbox 150 4217 1712 4286; baseline 0 -17"><span class='ocrx_word' id='word_1_575' title='bbox 150 4217 499 4272; x_wconf 86' lang='lat' dir='ltr'><strong>demonstrat.</strong></span> <span class='ocrx_word' id='word_1_576' title='bbox 527 4217 603 4270; x_wconf 72' lang='lat' dir='ltr'>Ex</span> <span class='ocrx_word' id='word_1_577' title='bbox 637 4219 831 4286; x_wconf 89' lang='lat' dir='ltr'><strong>quibus</strong></span> <span class='ocrx_word' id='word_1_578' title='bbox 857 4217 1485 4273; x_wconf 81' lang='lat' dir='ltr'><strong>evidenter-concludere</strong></span> <span class='ocrx_word' id='word_1_579' title='bbox 1511 4229 1613 4282; x_wconf 90' lang='lat' dir='ltr'><strong>est,</strong></span> <span class='ocrx_word' id='word_1_580' title='bbox 1645 4233 1712 4270; x_wconf 77' lang='lat' dir='ltr'><strong>ex</strong></span> 
     </span>
    </p>
   </div>
   <div class='ocr_carea' id='block_1_73' title="bbox 151 4308 1712 4376">
    <p class='ocr_par' dir='ltr' id='par_1_73' title="bbox 151 4308 1712 4376">
     <span class='ocr_line' id='line_1_73' title="bbox 151 4308 1712 4376; baseline 0.001 -17"><span class='ocrx_word' id='word_1_581' title='bbox 151 4309 330 4363; x_wconf 72' lang='lat' dir='ltr'><strong>lrenaei</strong></span> <span class='ocrx_word' id='word_1_582' title='bbox 372 4309 665 4373; x_wconf 88' lang='lat' dir='ltr'><strong>sententia,</strong></span> <span class='ocrx_word' id='word_1_583' title='bbox 714 4309 886 4362; x_wconf 91' lang='lat' dir='ltr'><strong>solum</strong></span> <span class='ocrx_word' id='word_1_584' title='bbox 945 4308 1196 4376; x_wconf 81' lang='lat' dir='ltr'><strong>Patrem,</strong></span> <span class='ocrx_word' id='word_1_585' title='bbox 1244 4318 1292 4363; x_wconf 91' lang='lat' dir='ltr'><strong>et</strong></span> <span class='ocrx_word' id='word_1_586' title='bbox 1354 4309 1550 4363; x_wconf 80' lang='lat' dir='ltr'><strong>Filium</strong></span> <span class='ocrx_word' id='word_1_587' title='bbox 1597 4310 1712 4376; x_wconf 85' lang='lat' dir='ltr'><strong>ejus</strong></span> 
     </span>
    </p>
   </div>
   <div class='ocr_carea' id='block_1_74' title="bbox 150 4400 1710 4466">
    <p class='ocr_par' dir='ltr' id='par_1_74' title="bbox 150 4400 1710 4466">
     <span class='ocr_line' id='line_1_74' title="bbox 150 4400 1710 4466; baseline 0.003 -12"><span class='ocrx_word' id='word_1_588' title='bbox 150 4400 321 4454; x_wconf 75' lang='lat' dir='ltr'><strong>Jesum</strong></span> <span class='ocrx_word' id='word_1_589' title='bbox 347 4401 622 4456; x_wconf 89' lang='lat' dir='ltr'><strong>Christum</strong></span> <span class='ocrx_word' id='word_1_590' title='bbox 651 4401 934 4455; x_wconf 88' lang='lat' dir='ltr'><strong>Dominum</strong></span> <span class='ocrx_word' id='word_1_591' title='bbox 962 4413 1205 4456; x_wconf 91' lang='lat' dir='ltr'><strong>nostrum</strong></span> <span class='ocrx_word' id='word_1_592' title='bbox 1231 4418 1359 4457; x_wconf 86' lang='lat' dir='ltr'><strong>vere</strong></span> <span class='ocrx_word' id='word_1_593' title='bbox 1380 4405 1544 4457; x_wconf 88' lang='lat' dir='ltr'><strong>Deum</strong></span> <span class='ocrx_word' id='word_1_594' title='bbox 1570 4420 1710 4466; x_wconf 86' lang='lat' dir='ltr'><strong>esse.</strong></span> 
     </span>
    </p>
   </div>
   <div class='ocr_carea' id='block_1_75' title="bbox 1815 3192 3376 3265">
    <p class='ocr_par' dir='ltr' id='par_1_75' title="bbox 1815 3192 3376 3265">
     <span class='ocr_line' id='line_1_75' title="bbox 1815 3192 3376 3265; baseline 0.003 -19"><span class='ocrx_word' id='word_1_595' title='bbox 1815 3195 2012 3247; x_wconf 79' lang='lat' dir='ltr'><strong>vivunt.</strong></span> <span class='ocrx_word' id='word_1_596' title='bbox 2067 3192 2202 3248; x_wconf 88' lang='lat' dir='ltr'><strong>Tum</strong></span> <span class='ocrx_word' id='word_1_597' title='bbox 2252 3194 2432 3247; x_wconf 89' lang='lat' dir='ltr'><strong>subdit</strong></span> <span class='ocrx_word' id='word_1_598' title='bbox 2487 3193 2756 3249; x_wconf 73' lang='lat' dir='ltr'><strong>lrenacus:</strong></span> <span class='ocrx_word' id='word_1_599' title='bbox 2799 3214 2816 3246; x_wconf 84' lang='grc' dir='ltr'><strong>ι</strong></span> <span class='ocrx_word' id='word_1_600' title='bbox 2861 3192 2964 3249; x_wconf 81' lang='lat' dir='ltr'><strong>Per</strong></span> <span class='ocrx_word' id='word_1_601' title='bbox 3015 3195 3127 3250; x_wconf 67' lang='lat' dir='ltr'><strong>haec</strong></span> <span class='ocrx_word' id='word_1_602' title='bbox 3191 3199 3376 3265; x_wconf 81' lang='lat' dir='ltr'><strong>utique</strong></span> 
     </span>
    </p>
   </div>
   <div class='ocr_carea' id='block_1_76' title="bbox 1815 3285 3375 3354">
    <p class='ocr_par' dir='ltr' id='par_1_76' title="bbox 1815 3285 3375 3354">
     <span class='ocr_line' id='line_1_76' title="bbox 1815 3285 3375 3354; baseline 0.002 -15"><span class='ocrx_word' id='word_1_603' title='bbox 1815 3285 2164 3340; x_wconf 84' lang='lat' dir='ltr'><strong>manifestum</strong></span> <span class='ocrx_word' id='word_1_604' title='bbox 2191 3285 2343 3349; x_wconf 89' lang='lat' dir='ltr'><strong>fecit,</strong></span> <span class='ocrx_word' id='word_1_605' title='bbox 2381 3287 2634 3354; x_wconf 85' lang='lat' dir='ltr'><strong>quoniam</strong></span> <span class='ocrx_word' id='word_1_606' title='bbox 2664 3287 2730 3348; x_wconf 87' lang='lat' dir='ltr'><strong>is,</strong></span> <span class='ocrx_word' id='word_1_607' title='bbox 2767 3288 2855 3353; x_wconf 90' lang='lat' dir='ltr'><strong>qui</strong></span> <span class='ocrx_word' id='word_1_608' title='bbox 2885 3288 2950 3340; x_wconf 91' lang='lat' dir='ltr'><strong>de</strong></span> <span class='ocrx_word' id='word_1_609' title='bbox 2983 3289 3116 3341; x_wconf 91' lang='lat' dir='ltr'><strong>rubo</strong></span> <span class='ocrx_word' id='word_1_610' title='bbox 3163 3287 3375 3342; x_wconf 81' lang='lat' dir='ltr'><strong>locutus</strong></span> 
     </span>
    </p>
   </div>
   <div class='ocr_carea' id='block_1_77' title="bbox 1813 3373 3372 3448">
    <p class='ocr_par' dir='ltr' id='par_1_77' title="bbox 1813 3373 3372 3448">
     <span class='ocr_line' id='line_1_77' title="bbox 1813 3373 3372 3448; baseline 0 -17"><span class='ocrx_word' id='word_1_611' title='bbox 1813 3387 1898 3431; x_wconf 89' lang='lat' dir='ltr'><strong>est</strong></span> <span class='ocrx_word' id='word_1_612' title='bbox 1930 3373 2124 3448; x_wconf 82' lang='lat' dir='ltr'><strong>Moysi,</strong></span> <span class='ocrx_word' id='word_1_613' title='bbox 2162 3386 2217 3430; x_wconf 92' lang='lat' dir='ltr'><strong>et</strong></span> <span class='ocrx_word' id='word_1_614' title='bbox 2265 3375 2637 3429; x_wconf 85' lang='lat' dir='ltr'><strong>manifestavit</strong></span> <span class='ocrx_word' id='word_1_615' title='bbox 2681 3390 2740 3429; x_wconf 90' lang='lat' dir='ltr'><strong>se</strong></span> <span class='ocrx_word' id='word_1_616' title='bbox 2770 3390 2889 3430; x_wconf 86' lang='lat' dir='ltr'><strong>esse</strong></span> <span class='ocrx_word' id='word_1_617' title='bbox 2925 3377 3087 3430; x_wconf 92' lang='lat' dir='ltr'><strong>Deum</strong></span> <span class='ocrx_word' id='word_1_618' title='bbox 3128 3376 3372 3439; x_wconf 88' lang='lat' dir='ltr'><strong>Patrum,</strong></span> 
     </span>
    </p>
   </div>
   <div class='ocr_carea' id='block_1_78' title="bbox 1814 3467 3374 3534">
    <p class='ocr_par' dir='ltr' id='par_1_78' title="bbox 1814 3467 3374 3534">
     <span class='ocr_line' id='line_1_78' title="bbox 1814 3467 3374 3534; baseline -0.001 -10"><span class='ocrx_word' id='word_1_619' title='bbox 1814 3471 1903 3524; x_wconf 91' lang='lat' dir='ltr'><strong>hic</strong></span> <span class='ocrx_word' id='word_1_620' title='bbox 1944 3480 2028 3525; x_wconf 88' lang='lat' dir='ltr'><strong>est</strong></span> <span class='ocrx_word' id='word_1_621' title='bbox 2070 3469 2367 3522; x_wconf 87' lang='lat' dir='ltr'><strong>viventium</strong></span> <span class='ocrx_word' id='word_1_622' title='bbox 2420 3469 2582 3522; x_wconf 88' lang='lat' dir='ltr'><strong>Deus.</strong></span> <span class='ocrx_word' id='word_1_623' title='bbox 2635 3467 2765 3534; x_wconf 85' lang='lat' dir='ltr'><strong>Quis</strong></span> <span class='ocrx_word' id='word_1_624' title='bbox 2809 3469 2951 3523; x_wconf 90' lang='lat' dir='ltr'><strong>enim</strong></span> <span class='ocrx_word' id='word_1_625' title='bbox 2996 3479 3080 3523; x_wconf 85' lang='lat' dir='ltr'><strong>est</strong></span> <span class='ocrx_word' id='word_1_626' title='bbox 3126 3470 3374 3524; x_wconf 90' lang='lat' dir='ltr'><strong>vivorum</strong></span> 
     </span>
    </p>
   </div>
   <div class='ocr_carea' id='block_1_79' title="bbox 1815 3561 3377 3632">
    <p class='ocr_par' dir='ltr' id='par_1_79' title="bbox 1815 3561 3377 3632">
     <span class='ocr_line' id='line_1_79' title="bbox 1815 3561 3377 3632; baseline -0.003 -16"><span class='ocrx_word' id='word_1_627' title='bbox 1815 3563 1979 3626; x_wconf 88' lang='lat' dir='ltr'><strong>Deus,</strong></span> <span class='ocrx_word' id='word_1_628' title='bbox 2013 3563 2113 3617; x_wconf 91' lang='lat' dir='ltr'><strong>nisi</strong></span> <span class='ocrx_word' id='word_1_629' title='bbox 2143 3564 2230 3632; x_wconf 91' lang='lat' dir='ltr'><strong>qui</strong></span> <span class='ocrx_word' id='word_1_630' title='bbox 2261 3574 2343 3616; x_wconf 91' lang='lat' dir='ltr'><strong>est</strong></span> <span class='ocrx_word' id='word_1_631' title='bbox 2369 3562 2531 3629; x_wconf 91' lang='lat' dir='ltr'><strong>Deus,</strong></span> <span class='ocrx_word' id='word_1_632' title='bbox 2568 3577 2731 3631; x_wconf 89' lang='lat' dir='ltr'><strong>super</strong></span> <span class='ocrx_word' id='word_1_633' title='bbox 2770 3576 2930 3630; x_wconf 89' lang='lat' dir='ltr'><strong>quem</strong></span> <span class='ocrx_word' id='word_1_634' title='bbox 2980 3561 3116 3614; x_wconf 88' lang='lat' dir='ltr'><strong>alius</strong></span> <span class='ocrx_word' id='word_1_635' title='bbox 3146 3576 3253 3613; x_wconf 91' lang='lat' dir='ltr'><strong>non</strong></span> <span class='ocrx_word' id='word_1_636' title='bbox 3293 3572 3377 3614; x_wconf 90' lang='lat' dir='ltr'><strong>est</strong></span> 
     </span>
    </p>
   </div>
   <div class='ocr_carea' id='block_1_80' title="bbox 1817 3651 3374 3721">
    <p class='ocr_par' dir='ltr' id='par_1_80' title="bbox 1817 3651 3374 3721">
     <span class='ocr_line' id='line_1_80' title="bbox 1817 3651 3374 3721; baseline -0.002 -16"><span class='ocrx_word' id='word_1_637' title='bbox 1817 3653 1994 3706; x_wconf 89' lang='lat' dir='ltr'><strong>Deus?</strong></span> <span class='ocrx_word' id='word_1_638' title='bbox 2016 3653 2182 3718; x_wconf 82' lang='lat' dir='ltr'><strong>Quem</strong></span> <span class='ocrx_word' id='word_1_639' title='bbox 2209 3663 2264 3705; x_wconf 95' lang='lat' dir='ltr'><strong>et</strong></span> <span class='ocrx_word' id='word_1_640' title='bbox 2299 3651 2484 3706; x_wconf 86' lang='lat' dir='ltr'><strong>Daniel</strong></span> <span class='ocrx_word' id='word_1_641' title='bbox 2518 3653 2780 3721; x_wconf 86' lang='lat' dir='ltr'><strong>pr0pheta</strong></span> <span class='ocrx_word' id='word_1_642' title='bbox 2815 3652 2881 3716; x_wconf 72' lang='lat'><strong>&quot;,</strong></span> <span class='ocrx_word' id='word_1_643' title='bbox 2911 3667 3032 3704; x_wconf 90' lang='lat' dir='ltr'><strong>cum</strong></span> <span class='ocrx_word' id='word_1_644' title='bbox 3065 3653 3288 3705; x_wconf 75' lang='lat' dir='ltr'><strong>dixisset</strong></span> <span class='ocrx_word' id='word_1_645' title='bbox 3324 3653 3374 3703; x_wconf 90' lang='lat' dir='ltr'><strong>ei</strong></span> 
     </span>
    </p>
   </div>
   <div class='ocr_carea' id='block_1_81' title="bbox 1814 3742 3378 3814">
    <p class='ocr_par' dir='ltr' id='par_1_81' title="bbox 1814 3742 3378 3814">
     <span class='ocr_line' id='line_1_81' title="bbox 1814 3742 3378 3814; baseline -0.001 -16"><span class='ocrx_word' id='word_1_646' title='bbox 1814 3744 1986 3814; x_wconf 86' lang='lat' dir='ltr'><strong>Cyrus</strong></span> <span class='ocrx_word' id='word_1_647' title='bbox 2041 3759 2133 3798; x_wconf 87' lang='lat' dir='ltr'><strong>rex</strong></span> <span class='ocrx_word' id='word_1_648' title='bbox 2185 3745 2518 3798; x_wconf 81' lang='lat' dir='ltr'><strong>Persarum:</strong></span> <span class='ocrx_word' id='word_1_649' title='bbox 2631 3742 2807 3808; x_wconf 84' lang='lat' dir='ltr'><strong>Quare</strong></span> <span class='ocrx_word' id='word_1_650' title='bbox 2855 3761 2954 3796; x_wconf 83' lang='lat' dir='ltr'><strong>non</strong></span> <span class='ocrx_word' id='word_1_651' title='bbox 2999 3745 3193 3797; x_wconf 82' lang='lat' dir='ltr'><strong>adoras</strong></span> <span class='ocrx_word' id='word_1_652' title='bbox 3238 3744 3378 3798; x_wconf 78' lang='lat' dir='ltr'><strong>Bel?</strong></span> 
     </span>
    </p>
   </div>
   <div class='ocr_carea' id='block_1_82' title="bbox 1815 3834 3377 3900">
    <p class='ocr_par' dir='ltr' id='par_1_82' title="bbox 1815 3834 3377 3900">
     <span class='ocr_line' id='line_1_82' title="bbox 1815 3834 3377 3900; baseline 0 -14"><span class='ocrx_word' id='word_1_653' title='bbox 1815 3837 2155 3890; x_wconf 86' lang='lat' dir='ltr'><strong>annuntiavit</strong></span> <span class='ocrx_word' id='word_1_654' title='bbox 2197 3836 2381 3890; x_wconf 88' lang='lat' dir='ltr'><strong>dicens</strong></span> <span class='ocrx_word' id='word_1_655' title='bbox 2424 3854 2436 3888; x_wconf 91' lang='lat'>:</span> <span class='ocrx_word' id='word_1_656' title='bbox 2482 3834 2743 3900; x_wconf 84' lang='lat' dir='ltr'><strong>Quoniam</strong></span> <span class='ocrx_word' id='word_1_657' title='bbox 2777 3851 2877 3888; x_wconf 86' lang='lat' dir='ltr'><strong>non</strong></span> <span class='ocrx_word' id='word_1_658' title='bbox 2910 3836 3021 3887; x_wconf 81' lang='lat' dir='ltr'><strong>colo</strong></span> <span class='ocrx_word' id='word_1_659' title='bbox 3070 3836 3214 3888; x_wconf 82' lang='lat' dir='ltr'><strong>idola</strong></span> <span class='ocrx_word' id='word_1_660' title='bbox 3264 3853 3377 3887; x_wconf 66' lang='lat' dir='ltr'><strong>man</strong></span> 
     </span>
    </p>
   </div>
   <div class='ocr_carea' id='block_1_83' title="bbox 1817 3927 3375 3996">
    <p class='ocr_par' dir='ltr' id='par_1_83' title="bbox 1817 3927 3375 3996">
     <span class='ocr_line' id='line_1_83' title="bbox 1817 3927 3375 3996; baseline -0.003 -14"><span class='ocrx_word' id='word_1_661' title='bbox 1817 3930 2052 3996; x_wconf 75' lang='lat' dir='ltr'><strong>nufoctrt,</strong></span> <span class='ocrx_word' id='word_1_662' title='bbox 2099 3931 2190 3982; x_wconf 86' lang='lat' dir='ltr'><strong>sed</strong></span> <span class='ocrx_word' id='word_1_663' title='bbox 2219 3929 2385 3981; x_wconf 87' lang='lat' dir='ltr'><strong>vivum</strong></span> <span class='ocrx_word' id='word_1_664' title='bbox 2435 3927 2623 3994; x_wconf 81' lang='lat' dir='ltr'><strong>Deum,</strong></span> <span class='ocrx_word' id='word_1_665' title='bbox 2664 3927 2751 3995; x_wconf 89' lang='lat' dir='ltr'><strong>qui</strong></span> <span class='ocrx_word' id='word_1_666' title='bbox 2797 3928 3066 3979; x_wconf 70' lang='lat' dir='ltr'><strong>constituit</strong></span> <span class='ocrx_word' id='word_1_667' title='bbox 3119 3928 3299 3980; x_wconf 75' lang='lat' dir='ltr'><strong>coelum</strong></span> <span class='ocrx_word' id='word_1_668' title='bbox 3328 3939 3375 3980; x_wconf 83' lang='lat' dir='ltr'><strong>et</strong></span> 
     </span>
    </p>
   </div>
   <div class='ocr_carea' id='block_1_84' title="bbox 1815 4019 3374 4087">
    <p class='ocr_par' dir='ltr' id='par_1_84' title="bbox 1815 4019 3374 4087">
     <span class='ocr_line' id='line_1_84' title="bbox 1815 4019 3374 4087; baseline -0.001 -11"><span class='ocrx_word' id='word_1_669' title='bbox 1815 4034 2029 4087; x_wconf 85' lang='lat' dir='ltr'><strong>terram,</strong></span> <span class='ocrx_word' id='word_1_670' title='bbox 2054 4032 2098 4074; x_wconf 86' lang='lat' dir='ltr'><strong>et</strong></span> <span class='ocrx_word' id='word_1_671' title='bbox 2122 4022 2272 4074; x_wconf 81' lang='lat' dir='ltr'><strong>habet</strong></span> <span class='ocrx_word' id='word_1_672' title='bbox 2307 4023 2474 4074; x_wconf 86' lang='lat' dir='ltr'><strong>omnis</strong></span> <span class='ocrx_word' id='word_1_673' title='bbox 2511 4022 2685 4072; x_wconf 82' lang='lat' dir='ltr'><strong>carnis</strong></span> <span class='ocrx_word' id='word_1_674' title='bbox 2733 4019 3141 4073; x_wconf 82' lang='lat' dir='ltr'><strong>dominationem</strong></span> <span class='ocrx_word' id='word_1_675' title='bbox 3167 4024 3232 4075; x_wconf 78' lang='grc'><strong>’⁵.</strong></span> <span class='ocrx_word' id='word_1_676' title='bbox 3271 4023 3374 4075; x_wconf 82' lang='lat' dir='ltr'><strong>lte-</strong></span> 
     </span>
    </p>
   </div>
   <div class='ocr_carea' id='block_1_85' title="bbox 1819 4114 3377 4185">
    <p class='ocr_par' dir='ltr' id='par_1_85' title="bbox 1819 4114 3377 4185">
     <span class='ocr_line' id='line_1_85' title="bbox 1819 4114 3377 4185; baseline 0.001 -18"><span class='ocrx_word' id='word_1_677' title='bbox 1819 4131 1936 4167; x_wconf 90' lang='lat' dir='ltr'><strong>rum</strong></span> <span class='ocrx_word' id='word_1_678' title='bbox 1968 4115 2141 4168; x_wconf 81' lang='lat' dir='ltr'><strong>dixit:</strong></span> <span class='ocrx_word' id='word_1_679' title='bbox 2195 4114 2474 4167; x_wconf 86' lang='lat' dir='ltr'><strong>Dominum</strong></span> <span class='ocrx_word' id='word_1_680' title='bbox 2512 4115 2674 4168; x_wconf 86' lang='lat' dir='ltr'><strong>Deam</strong></span> <span class='ocrx_word' id='word_1_681' title='bbox 2713 4130 2882 4168; x_wconf 87' lang='lat' dir='ltr'><strong>meum</strong></span> <span class='ocrx_word' id='word_1_682' title='bbox 2934 4116 3192 4178; x_wconf 85' lang='lat' dir='ltr'><strong>adorabo,</strong></span> <span class='ocrx_word' id='word_1_683' title='bbox 3245 4134 3377 4185; x_wconf 83' lang='lat' dir='ltr'><strong>quo-</strong></span> 
     </span>
    </p>
   </div>
   <div class='ocr_carea' id='block_1_86' title="bbox 1817 4207 3375 4278">
    <p class='ocr_par' dir='ltr' id='par_1_86' title="bbox 1817 4207 3375 4278">
     <span class='ocr_line' id='line_1_86' title="bbox 1817 4207 3375 4278; baseline 0.003 -19"><span class='ocrx_word' id='word_1_684' title='bbox 1817 4209 1957 4259; x_wconf 82' lang='lat' dir='ltr'><strong>niam</strong></span> <span class='ocrx_word' id='word_1_685' title='bbox 1987 4209 2068 4260; x_wconf 85' lang='lat' dir='ltr'><strong>hic</strong></span> <span class='ocrx_word' id='word_1_686' title='bbox 2097 4219 2175 4260; x_wconf 87' lang='lat' dir='ltr'><strong>est</strong></span> <span class='ocrx_word' id='word_1_687' title='bbox 2198 4208 2338 4260; x_wconf 85' lang='lat' dir='ltr'><strong>Deus</strong></span> <span class='ocrx_word' id='word_1_688' title='bbox 2373 4209 2509 4261; x_wconf 81' lang='lat' dir='ltr'><strong>rivus</strong></span> <span class='ocrx_word' id='word_1_689' title='bbox 2542 4207 2609 4260; x_wconf 73' lang='grc'><strong>’⁸.</strong></span> <span class='ocrx_word' id='word_1_690' title='bbox 2705 4207 2804 4274; x_wconf 82' lang='lat' dir='ltr'><strong>Qui</strong></span> <span class='ocrx_word' id='word_1_691' title='bbox 2842 4209 3003 4278; x_wconf 80' lang='lat' dir='ltr'><strong>igitur</strong></span> <span class='ocrx_word' id='word_1_692' title='bbox 3033 4226 3059 4260; x_wconf 78' lang='grc' dir='ltr'><strong>ιι</strong></span> <span class='ocrx_word' id='word_1_693' title='bbox 3098 4213 3375 4277; x_wconf 86' lang='lat' dir='ltr'><strong>prophetis</strong></span> 
     </span>
    </p>
   </div>
   <div class='ocr_carea' id='block_1_87' title="bbox 1816 4300 3378 4368">
    <p class='ocr_par' dir='ltr' id='par_1_87' title="bbox 1816 4300 3378 4368">
     <span class='ocr_line' id='line_1_87' title="bbox 1816 4300 3378 4368; baseline 0.003 -16"><span class='ocrx_word' id='word_1_694' title='bbox 1816 4301 2148 4355; x_wconf 82' lang='lat' dir='ltr'><strong>adorabatur</strong></span> <span class='ocrx_word' id='word_1_695' title='bbox 2181 4301 2318 4355; x_wconf 83' lang='lat' dir='ltr'><strong>Deus</strong></span> <span class='ocrx_word' id='word_1_696' title='bbox 2351 4303 2529 4363; x_wconf 83' lang='lat' dir='ltr'><strong>vivus,</strong></span> <span class='ocrx_word' id='word_1_697' title='bbox 2587 4300 2674 4355; x_wconf 91' lang='lat' dir='ltr'><strong>hic</strong></span> <span class='ocrx_word' id='word_1_698' title='bbox 2719 4311 2801 4354; x_wconf 79' lang='lat' dir='ltr'><strong>est</strong></span> <span class='ocrx_word' id='word_1_699' title='bbox 2829 4304 3077 4354; x_wconf 85' lang='lat' dir='ltr'><strong>vivorum</strong></span> <span class='ocrx_word' id='word_1_700' title='bbox 3129 4302 3292 4368; x_wconf 90' lang='lat' dir='ltr'><strong>Deus,</strong></span> <span class='ocrx_word' id='word_1_701' title='bbox 3323 4313 3378 4356; x_wconf 91' lang='lat' dir='ltr'><strong>et</strong></span> 
     </span>
    </p>
   </div>
   <div class='ocr_carea' id='block_1_88' title="bbox 1816 4394 3377 4465">
    <p class='ocr_par' dir='ltr' id='par_1_88' title="bbox 1816 4394 3377 4465">
     <span class='ocr_line' id='line_1_88' title="bbox 1816 4394 3377 4465; baseline -0.001 -14"><span class='ocrx_word' id='word_1_702' title='bbox 1816 4398 2051 4452; x_wconf 78' lang='lat' dir='ltr'><strong>Verbum</strong></span> <span class='ocrx_word' id='word_1_703' title='bbox 2092 4395 2231 4465; x_wconf 89' lang='lat' dir='ltr'><strong>ejus,</strong></span> <span class='ocrx_word' id='word_1_704' title='bbox 2267 4397 2356 4464; x_wconf 90' lang='lat' dir='ltr'><strong>qui</strong></span> <span class='ocrx_word' id='word_1_705' title='bbox 2393 4407 2448 4449; x_wconf 93' lang='lat' dir='ltr'><strong>et</strong></span> <span class='ocrx_word' id='word_1_706' title='bbox 2476 4397 2683 4448; x_wconf 89' lang='lat' dir='ltr'><strong>locutus</strong></span> <span class='ocrx_word' id='word_1_707' title='bbox 2715 4405 2798 4449; x_wconf 91' lang='lat' dir='ltr'><strong>est</strong></span> <span class='ocrx_word' id='word_1_708' title='bbox 2819 4394 3013 4465; x_wconf 86' lang='lat' dir='ltr'><strong>Moysi,</strong></span> <span class='ocrx_word' id='word_1_709' title='bbox 3044 4397 3133 4465; x_wconf 87' lang='lat' dir='ltr'><strong>qui</strong></span> <span class='ocrx_word' id='word_1_710' title='bbox 3168 4409 3220 4451; x_wconf 89' lang='lat' dir='ltr'><strong>et</strong></span> <span class='ocrx_word' id='word_1_711' title='bbox 3242 4397 3377 4452; x_wconf 85' lang='lat' dir='ltr'><strong>Sad-</strong></span> 
     </span>
    </p>
   </div>
   <div class='ocr_carea' id='block_1_89' title="bbox 149 4489 1806 4564">
    <p class='ocr_par' dir='ltr' id='par_1_89' title="bbox 149 4493 1785 4564">
     <span class='ocr_line' id='line_1_89' title="bbox 149 4493 1785 4564; baseline 0.003 -20"><span class='ocrx_word' id='word_1_712' title='bbox 149 4504 197 4545; x_wconf 92' lang='lat' dir='ltr'><strong>et</strong></span> <span class='ocrx_word' id='word_1_713' title='bbox 225 4493 292 4546; x_wconf 90' lang='lat' dir='ltr'><strong>iis</strong></span> <span class='ocrx_word' id='word_1_714' title='bbox 324 4495 415 4561; x_wconf 89' lang='lat' dir='ltr'><strong>qui</strong></span> <span class='ocrx_word' id='word_1_715' title='bbox 463 4494 733 4546; x_wconf 87' lang='lat' dir='ltr'><strong>interdum</strong></span> <span class='ocrx_word' id='word_1_716' title='bbox 771 4496 836 4562; x_wconf 67' lang='grc' dir='ltr'>,ιιι</span> <span class='ocrx_word' id='word_1_717' title='bbox 881 4494 1176 4564; x_wconf 83' lang='lat' dir='ltr'><strong>Scripturis</strong></span> <span class='ocrx_word' id='word_1_718' title='bbox 1217 4496 1565 4549; x_wconf 87' lang='lat' dir='ltr'><strong>nominantur</strong></span> <span class='ocrx_word' id='word_1_719' title='bbox 1612 4498 1707 4560; x_wconf 88' lang='lat' dir='ltr'><strong>dii,</strong></span> <span class='ocrx_word' id='word_1_720' title='bbox 1744 4495 1785 4548; x_wconf 92' lang='lat' dir='ltr'><strong>D</strong></span> 
     </span>
    </p>
   </div>
   <div class='ocr_carea' id='block_1_90' title="bbox 1714 4489 3371 4564">
    <p class='ocr_par' dir='ltr' id='par_1_90' title="bbox 1744 4489 3371 4559">
     <span class='ocr_line' id='line_1_90' title="bbox 1744 4489 3371 4559; baseline -0.001 -16"><span class='ocrx_word' id='word_1_721' title='bbox 1744 4495 1785 4548; x_wconf 92' lang='lat' dir='ltr'><strong>D</strong></span> <span class='ocrx_word' id='word_1_722' title='bbox 1818 4493 2028 4545; x_wconf 66' lang='lat' dir='ltr'><strong>ducwos</strong></span> <span class='ocrx_word' id='word_1_723' title='bbox 2058 4490 2354 4559; x_wconf 77' lang='lat' dir='ltr'><strong>redarguit,</strong></span> <span class='ocrx_word' id='word_1_724' title='bbox 2391 4489 2483 4557; x_wconf 85' lang='lat' dir='ltr'><strong>qui</strong></span> <span class='ocrx_word' id='word_1_725' title='bbox 2516 4499 2567 4541; x_wconf 93' lang='lat' dir='ltr'><strong>et</strong></span> <span class='ocrx_word' id='word_1_726' title='bbox 2611 4490 3068 4542; x_wconf 84' lang='lat' dir='ltr'><strong>resurrectionem</strong></span> <span class='ocrx_word' id='word_1_727' title='bbox 3105 4491 3324 4542; x_wconf 87' lang='lat' dir='ltr'><strong>donavit</strong></span> <span class='ocrx_word' id='word_1_728' title='bbox 3363 4511 3371 4542; x_wconf 92' lang='lat'>:</span> 
     </span>
    </p>
   </div>
   <div class='ocr_carea' id='block_1_91' title="bbox 150 4586 1708 4657">
    <p class='ocr_par' dir='ltr' id='par_1_91' title="bbox 150 4586 1708 4657">
     <span class='ocr_line' id='line_1_91' title="bbox 150 4586 1708 4657; baseline 0.004 -22"><span class='ocrx_word' id='word_1_729' title='bbox 150 4600 245 4637; x_wconf 90' lang='lat' dir='ltr'><strong>nec</strong></span> <span class='ocrx_word' id='word_1_730' title='bbox 299 4595 428 4639; x_wconf 91' lang='lat' dir='ltr'><strong>sunt</strong></span> <span class='ocrx_word' id='word_1_731' title='bbox 473 4598 649 4640; x_wconf 88' lang='lat' dir='ltr'><strong>tamen</strong></span> <span class='ocrx_word' id='word_1_732' title='bbox 680 4627 694 4650; x_wconf 90' lang='lat'><strong>,</strong></span> <span class='ocrx_word' id='word_1_733' title='bbox 739 4586 948 4640; x_wconf 85' lang='lat' dir='ltr'><strong>infinite</strong></span> <span class='ocrx_word' id='word_1_734' title='bbox 988 4588 1340 4657; x_wconf 65' lang='lat' dir='ltr'><strong>prmeellere;</strong></span> <span class='ocrx_word' id='word_1_735' title='bbox 1381 4604 1443 4642; x_wconf 89' lang='lat' dir='ltr'><strong>ac</strong></span> <span class='ocrx_word' id='word_1_736' title='bbox 1482 4589 1708 4657; x_wconf 88' lang='lat' dir='ltr'><strong>proinde</strong></span> 
     </span>
    </p>
   </div>
   <div class='ocr_carea' id='block_1_92' title="bbox 151 4681 1712 4749">
    <p class='ocr_par' dir='ltr' id='par_1_92' title="bbox 151 4681 1712 4749">
     <span class='ocr_line' id='line_1_92' title="bbox 151 4681 1712 4749; baseline 0.001 -19"><span class='ocrx_word' id='word_1_737' title='bbox 151 4694 329 4732; x_wconf 85' lang='lat' dir='ltr'><strong>veram</strong></span> <span class='ocrx_word' id='word_1_738' title='bbox 362 4695 508 4746; x_wconf 84' lang='lat' dir='ltr'><strong>esse,</strong></span> <span class='ocrx_word' id='word_1_739' title='bbox 539 4696 698 4733; x_wconf 91' lang='lat' dir='ltr'><strong>unam</strong></span> <span class='ocrx_word' id='word_1_740' title='bbox 743 4690 795 4732; x_wconf 93' lang='lat' dir='ltr'><strong>et</strong></span> <span class='ocrx_word' id='word_1_741' title='bbox 830 4681 1073 4732; x_wconf 83' lang='lat' dir='ltr'><strong>eamdem</strong></span> <span class='ocrx_word' id='word_1_742' title='bbox 1104 4681 1156 4732; x_wconf 92' lang='lat' dir='ltr'><strong>in</strong></span> <span class='ocrx_word' id='word_1_743' title='bbox 1191 4691 1421 4749; x_wconf 89' lang='lat' dir='ltr'><strong>utroque</strong></span> <span class='ocrx_word' id='word_1_744' title='bbox 1466 4689 1712 4733; x_wconf 84' lang='lat' dir='ltr'><strong>naturain</strong></span> 
     </span>
    </p>
   </div>
   <div class='ocr_carea' id='block_1_93' title="bbox 149 4774 1710 4842">
    <p class='ocr_par' dir='ltr' id='par_1_93' title="bbox 149 4774 1710 4842">
     <span class='ocr_line' id='line_1_93' title="bbox 149 4774 1710 4842; baseline 0.001 -17"><span class='ocrx_word' id='word_1_745' title='bbox 149 4776 382 4828; x_wconf 85' lang='lat' dir='ltr'><strong>divinam</strong></span> <span class='ocrx_word' id='word_1_746' title='bbox 427 4785 481 4829; x_wconf 91' lang='lat' dir='ltr'><strong>et</strong></span> <span class='ocrx_word' id='word_1_747' title='bbox 529 4778 845 4831; x_wconf 82' lang='lat' dir='ltr'><strong>essentiam.</strong></span> <span class='ocrx_word' id='word_1_748' title='bbox 899 4774 1036 4828; x_wconf 87' lang='lat' dir='ltr'><strong>Hinc</strong></span> <span class='ocrx_word' id='word_1_749' title='bbox 1085 4789 1149 4827; x_wconf 84' lang='lat' dir='ltr'><strong>ex</strong></span> <span class='ocrx_word' id='word_1_750' title='bbox 1198 4777 1282 4835; x_wconf 91' lang='lat' dir='ltr'><strong>iis,</strong></span> <span class='ocrx_word' id='word_1_751' title='bbox 1318 4791 1436 4842; x_wconf 74' lang='lat' dir='ltr'><strong>qua:</strong></span> <span class='ocrx_word' id='word_1_752' title='bbox 1481 4775 1710 4827; x_wconf 87' lang='lat' dir='ltr'><strong>ubertim</strong></span> 
     </span>
    </p>
   </div>
   <div class='ocr_carea' id='block_1_94' title="bbox 149 4866 1710 4938">
    <p class='ocr_par' dir='ltr' id='par_1_94' title="bbox 149 4866 1710 4938">
     <span class='ocr_line' id='line_1_94' title="bbox 149 4866 1710 4938; baseline 0 -20"><span class='ocrx_word' id='word_1_753' title='bbox 149 4869 370 4933; x_wconf 82' lang='lat' dir='ltr'><strong>profert,</strong></span> <span class='ocrx_word' id='word_1_754' title='bbox 397 4867 802 4938; x_wconf 81' lang='lat' dir='ltr'><strong>Scripturarum</strong></span> <span class='ocrx_word' id='word_1_755' title='bbox 843 4869 972 4922; x_wconf 81' lang='lat' dir='ltr'><strong>locis</strong></span> <span class='ocrx_word' id='word_1_756' title='bbox 998 4869 1196 4935; x_wconf 78' lang='lat' dir='ltr'><strong>passim</strong></span> <span class='ocrx_word' id='word_1_757' title='bbox 1223 4869 1383 4919; x_wconf 79' lang='lat' dir='ltr'><strong>infert</strong></span> <span class='ocrx_word' id='word_1_758' title='bbox 1417 4869 1461 4898; x_wconf 73' lang='grc'><strong>’³</strong></span> <span class='ocrx_word' id='word_1_759' title='bbox 1481 4885 1491 4919; x_wconf 94' lang='lat'>:</span> <span class='ocrx_word' id='word_1_760' title='bbox 1515 4888 1532 4917; x_wconf 75' lang='grc' dir='ltr'><strong>ι</strong></span> <span class='ocrx_word' id='word_1_761' title='bbox 1564 4866 1710 4921; x_wconf 85' lang='lat' dir='ltr'><strong>Unus</strong></span> 
     </span>
    </p>
   </div>
   <div class='ocr_carea' id='block_1_95' title="bbox 151 4959 1706 5028">
    <p class='ocr_par' dir='ltr' id='par_1_95' title="bbox 151 4959 1706 5028">
     <span class='ocr_line' id='line_1_95' title="bbox 151 4959 1706 5028; baseline 0.001 -18"><span class='ocrx_word' id='word_1_762' title='bbox 151 4960 308 5027; x_wconf 63' lang='lat' dir='ltr'><strong>igitur</strong></span> <span class='ocrx_word' id='word_1_763' title='bbox 335 4970 391 5016; x_wconf 87' lang='lat' dir='ltr'><strong>et</strong></span> <span class='ocrx_word' id='word_1_764' title='bbox 413 4961 556 5014; x_wconf 85' lang='lat' dir='ltr'><strong>idem</strong></span> <span class='ocrx_word' id='word_1_765' title='bbox 583 4961 741 5021; x_wconf 87' lang='lat' dir='ltr'><strong>Deus,</strong></span> <span class='ocrx_word' id='word_1_766' title='bbox 772 4961 862 5028; x_wconf 81' lang='lat' dir='ltr'><strong>qui</strong></span> <span class='ocrx_word' id='word_1_767' title='bbox 893 4977 921 5012; x_wconf 86' lang='lat' dir='ltr'><strong>a</strong></span> <span class='ocrx_word' id='word_1_768' title='bbox 952 4959 1233 5028; x_wconf 77' lang='lat' dir='ltr'><strong>Prophctis</strong></span> <span class='ocrx_word' id='word_1_769' title='bbox 1266 4960 1584 5027; x_wconf 85' lang='lat' dir='ltr'><strong>pr:edicatus</strong></span> <span class='ocrx_word' id='word_1_770' title='bbox 1608 4969 1706 5022; x_wconf 79' lang='lat' dir='ltr'><strong>est,</strong></span> 
     </span>
    </p>
   </div>
   <div class='ocr_carea' id='block_1_96' title="bbox 150 5049 1706 5120">
    <p class='ocr_par' dir='ltr' id='par_1_96' title="bbox 150 5049 1706 5120">
     <span class='ocr_line' id='line_1_96' title="bbox 150 5049 1706 5120; baseline 0 -18"><span class='ocrx_word' id='word_1_771' title='bbox 150 5061 199 5102; x_wconf 89' lang='lat' dir='ltr'><strong>et</strong></span> <span class='ocrx_word' id='word_1_772' title='bbox 232 5053 299 5104; x_wconf 88' lang='lat' dir='ltr'><strong>ab</strong></span> <span class='ocrx_word' id='word_1_773' title='bbox 336 5051 632 5120; x_wconf 83' lang='lat' dir='ltr'><strong>Evangelio</strong></span> <span class='ocrx_word' id='word_1_774' title='bbox 671 5051 1051 5116; x_wconf 86' lang='lat' dir='ltr'><strong>annuntiatus,</strong></span> <span class='ocrx_word' id='word_1_775' title='bbox 1091 5061 1142 5104; x_wconf 84' lang='lat' dir='ltr'><strong>et</strong></span> <span class='ocrx_word' id='word_1_776' title='bbox 1191 5049 1345 5115; x_wconf 83' lang='lat' dir='ltr'><strong>hujus</strong></span> <span class='ocrx_word' id='word_1_777' title='bbox 1379 5049 1578 5112; x_wconf 83' lang='lat' dir='ltr'><strong>Filius,</strong></span> <span class='ocrx_word' id='word_1_778' title='bbox 1615 5050 1706 5116; x_wconf 89' lang='lat' dir='ltr'><strong>qui</strong></span> 
     </span>
    </p>
   </div>
   <div class='ocr_carea' id='block_1_97' title="bbox 149 5140 1707 5210">
    <p class='ocr_par' dir='ltr' id='par_1_97' title="bbox 149 5140 1707 5210">
     <span class='ocr_line' id='line_1_97' title="bbox 149 5140 1707 5210; baseline 0 -17"><span class='ocrx_word' id='word_1_779' title='bbox 149 5156 210 5194; x_wconf 80' lang='lat' dir='ltr'><strong>ex</strong></span> <span class='ocrx_word' id='word_1_780' title='bbox 239 5141 415 5196; x_wconf 91' lang='lat' dir='ltr'><strong>fructu</strong></span> <span class='ocrx_word' id='word_1_781' title='bbox 459 5142 664 5195; x_wconf 85' lang='lat' dir='ltr'><strong>ventris</strong></span> <span class='ocrx_word' id='word_1_782' title='bbox 712 5142 903 5206; x_wconf 90' lang='lat' dir='ltr'><strong>David,</strong></span> <span class='ocrx_word' id='word_1_783' title='bbox 947 5142 997 5194; x_wconf 87' lang='lat' dir='ltr'><strong>id</strong></span> <span class='ocrx_word' id='word_1_784' title='bbox 1033 5152 1204 5194; x_wconf 81' lang='lat' dir='ltr'><strong>estex</strong></span> <span class='ocrx_word' id='word_1_785' title='bbox 1252 5140 1414 5193; x_wconf 82' lang='lat' dir='ltr'><strong>David</strong></span> <span class='ocrx_word' id='word_1_786' title='bbox 1466 5140 1707 5210; x_wconf 76' lang='lat' dir='ltr'><strong>Virgine,</strong></span> 
     </span>
    </p>
   </div>
   <div class='ocr_carea' id='block_1_98' title="bbox 151 5227 1710 5300">
    <p class='ocr_par' dir='ltr' id='par_1_98' title="bbox 151 5227 1710 5300">
     <span class='ocr_line' id='line_1_98' title="bbox 151 5227 1710 5300; baseline -0.003 -12"><span class='ocrx_word' id='word_1_787' title='bbox 151 5244 199 5288; x_wconf 89' lang='lat' dir='ltr'><strong>et</strong></span> <span class='ocrx_word' id='word_1_788' title='bbox 251 5234 599 5289; x_wconf 82' lang='lat' dir='ltr'><strong>Emmanuel.</strong></span> <span class='ocrx_word' id='word_1_789' title='bbox 665 5253 683 5286; x_wconf 77' lang='grc' dir='ltr'><strong>ι</strong></span> <span class='ocrx_word' id='word_1_790' title='bbox 743 5233 876 5286; x_wconf 84' lang='grc' dir='ltr'>Τυιιι</span> <span class='ocrx_word' id='word_1_791' title='bbox 935 5233 1236 5287; x_wconf 85' lang='lat' dir='ltr'><strong>istiusmodi</strong></span> <span class='ocrx_word' id='word_1_792' title='bbox 1301 5227 1632 5300; x_wconf 74' lang='lat' dir='ltr'><strong>argninentis</strong></span> <span class='ocrx_word' id='word_1_793' title='bbox 1681 5247 1710 5284; x_wconf 90' lang='lat' dir='ltr'><strong>e</strong></span> 
     </span>
    </p>
   </div>
   <div class='ocr_carea' id='block_1_99' title="bbox 151 5325 1709 5396">
    <p class='ocr_par' dir='ltr' id='par_1_99' title="bbox 151 5325 1709 5396">
     <span class='ocr_line' id='line_1_99' title="bbox 151 5325 1709 5396; baseline -0.004 -16"><span class='ocrx_word' id='word_1_794' title='bbox 151 5326 558 5396; x_wconf 87' lang='lat' dir='ltr'><strong>Scripturarum</strong></span> <span class='ocrx_word' id='word_1_795' title='bbox 608 5327 936 5381; x_wconf 87' lang='lat' dir='ltr'><strong>auctoritate</strong></span> <span class='ocrx_word' id='word_1_796' title='bbox 970 5326 1155 5392; x_wconf 88' lang='lat' dir='ltr'><strong>petitis</strong></span> <span class='ocrx_word' id='word_1_797' title='bbox 1191 5326 1503 5379; x_wconf 87' lang='lat' dir='ltr'><strong>coronidem</strong></span> <span class='ocrx_word' id='word_1_798' title='bbox 1541 5325 1709 5391; x_wconf 88' lang='lat' dir='ltr'><strong>impo-</strong></span> 
     </span>
    </p>
   </div>
   <div class='ocr_carea' id='block_1_100' title="bbox 151 5417 1706 5490">
    <p class='ocr_par' dir='ltr' id='par_1_100' title="bbox 151 5417 1706 5490">
     <span class='ocr_line' id='line_1_100' title="bbox 151 5417 1706 5490; baseline -0.003 -17"><span class='ocrx_word' id='word_1_799' title='bbox 151 5437 279 5475; x_wconf 85' lang='lat' dir='ltr'><strong>nens</strong></span> <span class='ocrx_word' id='word_1_800' title='bbox 311 5436 430 5490; x_wconf 90' lang='lat' dir='ltr'><strong>cap.</strong></span> <span class='ocrx_word' id='word_1_801' title='bbox 465 5421 553 5485; x_wconf 79' lang='grc'><strong>15,</strong></span> <span class='ocrx_word' id='word_1_802' title='bbox 588 5437 640 5473; x_wconf 88' lang='grc' dir='ltr'>ιι.</span> <span class='ocrx_word' id='word_1_803' title='bbox 679 5421 730 5484; x_wconf 80' lang='grc'><strong>5,</strong></span> <span class='ocrx_word' id='word_1_804' title='bbox 777 5419 1051 5476; x_wconf 89' lang='lat' dir='ltr'><strong>concludit</strong></span> <span class='ocrx_word' id='word_1_805' title='bbox 1089 5437 1102 5472; x_wconf 84' lang='lat'><strong>:</strong></span> <span class='ocrx_word' id='word_1_806' title='bbox 1138 5436 1156 5469; x_wconf 82' lang='grc' dir='ltr'><strong>ι</strong></span> <span class='ocrx_word' id='word_1_807' title='bbox 1210 5418 1341 5471; x_wconf 88' lang='lat' dir='ltr'><strong>Cum</strong></span> <span class='ocrx_word' id='word_1_808' title='bbox 1374 5417 1706 5470; x_wconf 81' lang='lat' dir='ltr'><strong>declaratum</strong></span> 
     </span>
    </p>
   </div>
   <div class='ocr_carea' id='block_1_101' title="bbox 148 5508 1707 5582">
    <p class='ocr_par' dir='ltr' id='par_1_101' title="bbox 148 5508 1707 5582">
     <span class='ocr_line' id='line_1_101' title="bbox 148 5508 1707 5582; baseline -0.004 -15"><span class='ocrx_word' id='word_1_809' title='bbox 148 5517 214 5567; x_wconf 79' lang='lat' dir='ltr'><strong>sit</strong></span> <span class='ocrx_word' id='word_1_810' title='bbox 239 5514 526 5568; x_wconf 85' lang='lat' dir='ltr'><strong>manifeste</strong></span> <span class='ocrx_word' id='word_1_811' title='bbox 547 5555 561 5576; x_wconf 92' lang='lat'><strong>,</strong></span> <span class='ocrx_word' id='word_1_812' title='bbox 587 5515 842 5582; x_wconf 89' lang='lat' dir='ltr'><strong>quoniam</strong></span> <span class='ocrx_word' id='word_1_813' title='bbox 893 5514 1161 5568; x_wconf 88' lang='lat' dir='ltr'><strong>neminem</strong></span> <span class='ocrx_word' id='word_1_814' title='bbox 1211 5512 1373 5564; x_wconf 87' lang='lat' dir='ltr'><strong>alium</strong></span> <span class='ocrx_word' id='word_1_815' title='bbox 1405 5508 1570 5560; x_wconf 90' lang='lat' dir='ltr'><strong>Deum</strong></span> <span class='ocrx_word' id='word_1_816' title='bbox 1607 5524 1707 5560; x_wconf 85' lang='lat' dir='ltr'><strong>v0-</strong></span> 
     </span>
    </p>
   </div>
   <div class='ocr_carea' id='block_1_102' title="bbox 148 5602 1707 5671">
    <p class='ocr_par' dir='ltr' id='par_1_102' title="bbox 148 5602 1707 5671">
     <span class='ocr_line' id='line_1_102' title="bbox 148 5602 1707 5671; baseline -0.003 -14"><span class='ocrx_word' id='word_1_817' title='bbox 148 5612 420 5671; x_wconf 78' lang='lat' dir='ltr'><strong>carerunt,</strong></span> <span class='ocrx_word' id='word_1_818' title='bbox 453 5604 534 5657; x_wconf 83' lang='lat' dir='ltr'><strong>vel</strong></span> <span class='ocrx_word' id='word_1_819' title='bbox 566 5605 846 5659; x_wconf 88' lang='lat' dir='ltr'><strong>Dominum</strong></span> <span class='ocrx_word' id='word_1_820' title='bbox 880 5605 1292 5659; x_wconf 83' lang='lat' dir='ltr'><strong>nominaverunt</strong></span> <span class='ocrx_word' id='word_1_821' title='bbox 1316 5643 1328 5663; x_wconf 95' lang='lat'><strong>,</strong></span> <span class='ocrx_word' id='word_1_822' title='bbox 1369 5602 1456 5669; x_wconf 85' lang='lat' dir='ltr'><strong>qui</strong></span> <span class='ocrx_word' id='word_1_823' title='bbox 1511 5603 1707 5654; x_wconf 80' lang='lat' dir='ltr'><strong>verita-</strong></span> 
     </span>
    </p>
   </div>
   <div class='ocr_carea' id='block_1_103' title="bbox 215 5788 1324 5844">
    <p class='ocr_par' dir='ltr' id='par_1_103' title="bbox 215 5788 1324 5844">
     <span class='ocr_line' id='line_1_103' title="bbox 215 5788 1324 5844; baseline -0.001 -3"><span class='ocrx_word' id='word_1_824' title='bbox 215 5791 256 5818; x_wconf 85' lang='lat'>“</span> <span class='ocrx_word' id='word_1_825' title='bbox 289 5789 347 5841; x_wconf 71' lang='grc' dir='ltr'><strong>Ν.</strong></span> <span class='ocrx_word' id='word_1_826' title='bbox 389 5792 437 5840; x_wconf 72' lang='grc'><strong>3.</strong></span> <span class='ocrx_word' id='word_1_827' title='bbox 522 5793 561 5818; x_wconf 72' lang='grc' dir='ltr'><strong>τί</strong></span> <span class='ocrx_word' id='word_1_828' title='bbox 614 5788 670 5843; x_wconf 74' lang='grc' dir='ltr'><strong>Ν.</strong></span> <span class='ocrx_word' id='word_1_829' title='bbox 711 5789 762 5841; x_wconf 68' lang='lat'><strong>2.</strong></span> <span class='ocrx_word' id='word_1_830' title='bbox 840 5792 880 5819; x_wconf 62' lang='grc' dir='ltr'><strong>τ’</strong></span> <span class='ocrx_word' id='word_1_831' title='bbox 918 5791 1080 5844; x_wconf 75' lang='lat' dir='ltr'><strong>Exod.</strong></span> <span class='ocrx_word' id='word_1_832' title='bbox 1129 5807 1182 5843; x_wconf 91' lang='grc' dir='ltr'><strong>ιιι</strong></span> <span class='ocrx_word' id='word_1_833' title='bbox 1251 5792 1324 5841; x_wconf 69' lang='grc' dir='ltr'>Η.</span> 
     </span>
    </p>
   </div>
   <div class='ocr_carea' id='block_1_104' title="bbox 1407 5788 1896 5856">
    <p class='ocr_par' dir='ltr' id='par_1_104' title="bbox 1407 5788 1896 5856">
     <span class='ocr_line' id='line_1_104' title="bbox 1407 5788 1896 5856; baseline -0.012 -12"><span class='ocrx_word' id='word_1_834' title='bbox 1407 5794 1447 5817; x_wconf 59' lang='grc' dir='ltr'><strong>ἐ’</strong></span> <span class='ocrx_word' id='word_1_835' title='bbox 1483 5790 1608 5856; x_wconf 71' lang='lat' dir='ltr'><strong>Cap.</strong></span> <span class='ocrx_word' id='word_1_836' title='bbox 1657 5791 1708 5849; x_wconf 79' lang='lat'><strong>9,</strong></span> <span class='ocrx_word' id='word_1_837' title='bbox 1757 5805 1809 5842; x_wconf 90' lang='grc' dir='ltr'>ιι.</span> <span class='ocrx_word' id='word_1_838' title='bbox 1845 5788 1896 5838; x_wconf 73' lang='lat'><strong>2.</strong></span> 
     </span>
    </p>
   </div>
   <div class='ocr_carea' id='block_1_105' title="bbox 1817 4581 3375 4650">
    <p class='ocr_par' dir='ltr' id='par_1_105' title="bbox 1817 4581 3375 4650">
     <span class='ocr_line' id='line_1_105' title="bbox 1817 4581 3375 4650; baseline -0.001 -13"><span class='ocrx_word' id='word_1_839' title='bbox 1817 4592 2048 4650; x_wconf 86' lang='lat' dir='ltr'><strong>utraque</strong></span> <span class='ocrx_word' id='word_1_840' title='bbox 2084 4583 2191 4642; x_wconf 91' lang='lat' dir='ltr'><strong>bis,</strong></span> <span class='ocrx_word' id='word_1_841' title='bbox 2226 4582 2318 4648; x_wconf 86' lang='lat' dir='ltr'><strong>qui</strong></span> <span class='ocrx_word' id='word_1_842' title='bbox 2375 4581 2684 4643; x_wconf 72' lang='lat' dir='ltr'><strong>caccutiunt,</strong></span> <span class='ocrx_word' id='word_1_843' title='bbox 2717 4581 3030 4644; x_wconf 88' lang='lat' dir='ltr'><strong>ostendens,</strong></span> <span class='ocrx_word' id='word_1_844' title='bbox 3064 4581 3134 4635; x_wconf 81' lang='lat' dir='ltr'><strong>id</strong></span> <span class='ocrx_word' id='word_1_845' title='bbox 3172 4598 3254 4636; x_wconf 68' lang='grc' dir='ltr'><strong>ρει</strong></span> <span class='ocrx_word' id='word_1_846' title='bbox 3291 4598 3375 4635; x_wconf 90' lang='lat' dir='ltr'><strong>re-</strong></span> 
     </span>
    </p>
   </div>
   <div class='ocr_carea' id='block_1_106' title="bbox 1812 4676 3377 4742">
    <p class='ocr_par' dir='ltr' id='par_1_106' title="bbox 1812 4676 3377 4742">
     <span class='ocr_line' id='line_1_106' title="bbox 1812 4676 3377 4742; baseline -0.001 -12"><span class='ocrx_word' id='word_1_847' title='bbox 1812 4677 2205 4730; x_wconf 85' lang='lat' dir='ltr'><strong>surrectionem</strong></span> <span class='ocrx_word' id='word_1_848' title='bbox 2255 4687 2311 4730; x_wconf 90' lang='lat' dir='ltr'><strong>et</strong></span> <span class='ocrx_word' id='word_1_849' title='bbox 2363 4676 2550 4728; x_wconf 88' lang='lat' dir='ltr'><strong>Deum.</strong></span> <span class='ocrx_word' id='word_1_850' title='bbox 2593 4696 2608 4726; x_wconf 79' lang='lat' dir='ltr'><strong>I</strong></span> <span class='ocrx_word' id='word_1_851' title='bbox 2654 4677 2769 4742; x_wconf 91' lang='lat' dir='ltr'><strong>Quo</strong></span> <span class='ocrx_word' id='word_1_852' title='bbox 2814 4678 3186 4730; x_wconf 87' lang='lat' dir='ltr'><strong>demonstrato</strong></span> <span class='ocrx_word' id='word_1_853' title='bbox 3246 4692 3377 4730; x_wconf 85' lang='lat' dir='ltr'><strong>coo-</strong></span> 
     </span>
    </p>
   </div>
   <div class='ocr_carea' id='block_1_107' title="bbox 1814 4768 3377 4838">
    <p class='ocr_par' dir='ltr' id='par_1_107' title="bbox 1814 4768 3377 4838">
     <span class='ocr_line' id='line_1_107' title="bbox 1814 4768 3377 4838; baseline -0.001 -14"><span class='ocrx_word' id='word_1_854' title='bbox 1814 4771 1984 4826; x_wconf 89' lang='lat' dir='ltr'><strong>cludit</strong></span> <span class='ocrx_word' id='word_1_855' title='bbox 2021 4788 2034 4823; x_wconf 89' lang='lat'><strong>:</strong></span> <span class='ocrx_word' id='word_1_856' title='bbox 2072 4787 2092 4821; x_wconf 82' lang='grc' dir='ltr'><strong>ι</strong></span> <span class='ocrx_word' id='word_1_857' title='bbox 2127 4769 2242 4838; x_wconf 84' lang='lat' dir='ltr'><strong>Ipse</strong></span> <span class='ocrx_word' id='word_1_858' title='bbox 2281 4770 2445 4837; x_wconf 75' lang='lat' dir='ltr'><strong>igitur</strong></span> <span class='ocrx_word' id='word_1_859' title='bbox 2480 4770 2750 4828; x_wconf 80' lang='lat' dir='ltr'><strong>Christus.</strong></span> <span class='ocrx_word' id='word_1_860' title='bbox 2783 4786 2904 4822; x_wconf 87' lang='lat' dir='ltr'><strong>cum</strong></span> <span class='ocrx_word' id='word_1_861' title='bbox 2933 4768 3377 4831; x_wconf 84' lang='lat' dir='ltr'><strong>Patre,vivorunt</strong></span> 
     </span>
    </p>
   </div>
   <div class='ocr_carea' id='block_1_108' title="bbox 1807 4860 3377 4930">
    <p class='ocr_par' dir='ltr' id='par_1_108' title="bbox 1807 4860 3377 4930">
     <span class='ocr_line' id='line_1_108' title="bbox 1807 4860 3377 4930; baseline -0.001 -13"><span class='ocrx_word' id='word_1_862' title='bbox 1807 4874 1889 4917; x_wconf 85' lang='lat' dir='ltr'><strong>est</strong></span> <span class='ocrx_word' id='word_1_863' title='bbox 1919 4864 2080 4928; x_wconf 90' lang='lat' dir='ltr'><strong>Deus,</strong></span> <span class='ocrx_word' id='word_1_864' title='bbox 2115 4864 2203 4930; x_wconf 88' lang='lat' dir='ltr'><strong>qui</strong></span> <span class='ocrx_word' id='word_1_865' title='bbox 2250 4862 2473 4914; x_wconf 87' lang='lat' dir='ltr'><strong>locutus</strong></span> <span class='ocrx_word' id='word_1_866' title='bbox 2524 4872 2606 4913; x_wconf 88' lang='lat' dir='ltr'><strong>est</strong></span> <span class='ocrx_word' id='word_1_867' title='bbox 2649 4860 2838 4928; x_wconf 84' lang='lat' dir='ltr'><strong>Moysi,</strong></span> <span class='ocrx_word' id='word_1_868' title='bbox 2890 4861 2979 4928; x_wconf 89' lang='lat' dir='ltr'><strong>qui</strong></span> <span class='ocrx_word' id='word_1_869' title='bbox 3031 4871 3086 4913; x_wconf 85' lang='lat' dir='ltr'><strong>et</strong></span> <span class='ocrx_word' id='word_1_870' title='bbox 3133 4864 3377 4927; x_wconf 85' lang='lat' dir='ltr'><strong>patrihus</strong></span> 
     </span>
    </p>
   </div>
   <div class='ocr_carea' id='block_1_109' title="bbox 1808 4953 3377 5022">
    <p class='ocr_par' dir='ltr' id='par_1_109' title="bbox 1808 4953 3377 5022">
     <span class='ocr_line' id='line_1_109' title="bbox 1808 4953 3377 5022; baseline -0.002 -14"><span class='ocrx_word' id='word_1_871' title='bbox 1808 4955 2193 5008; x_wconf 83' lang='lat' dir='ltr'><strong>tnanil&#39;estatus</strong></span> <span class='ocrx_word' id='word_1_872' title='bbox 2230 4964 2330 5007; x_wconf 89' lang='lat' dir='ltr'><strong>est.</strong></span> <span class='ocrx_word' id='word_1_873' title='bbox 2381 4973 2398 5003; x_wconf 70' lang='grc' dir='ltr'><strong>ι</strong></span> <span class='ocrx_word' id='word_1_874' title='bbox 2437 4954 2528 5006; x_wconf 77' lang='lat' dir='ltr'><strong>Sic</strong></span> <span class='ocrx_word' id='word_1_875' title='bbox 2562 4969 2665 5005; x_wconf 88' lang='lat' dir='ltr'><strong>uno</strong></span> <span class='ocrx_word' id='word_1_876' title='bbox 2697 4964 2750 5005; x_wconf 85' lang='lat' dir='ltr'><strong>et</strong></span> <span class='ocrx_word' id='word_1_877' title='bbox 2805 4955 2992 5006; x_wconf 89' lang='lat' dir='ltr'><strong>eodem</strong></span> <span class='ocrx_word' id='word_1_878' title='bbox 3050 4953 3156 5007; x_wconf 88' lang='lat' dir='ltr'><strong>telo</strong></span> <span class='ocrx_word' id='word_1_879' title='bbox 3203 4955 3377 5022; x_wconf 86' lang='lat' dir='ltr'><strong>dupli-</strong></span> 
     </span>
    </p>
   </div>
   <div class='ocr_carea' id='block_1_110' title="bbox 1807 5045 3373 5113">
    <p class='ocr_par' dir='ltr' id='par_1_110' title="bbox 1807 5045 3373 5113">
     <span class='ocr_line' id='line_1_110' title="bbox 1807 5045 3373 5113; baseline -0.004 -11"><span class='ocrx_word' id='word_1_880' title='bbox 1807 5063 1924 5102; x_wconf 76' lang='lat' dir='ltr'><strong>cem</strong></span> <span class='ocrx_word' id='word_1_881' title='bbox 1957 5046 2115 5100; x_wconf 89' lang='lat' dir='ltr'><strong>simul</strong></span> <span class='ocrx_word' id='word_1_882' title='bbox 2149 5045 2530 5101; x_wconf 89' lang='lat' dir='ltr'><strong>Gnosticorum</strong></span> <span class='ocrx_word' id='word_1_883' title='bbox 2566 5060 2806 5099; x_wconf 88' lang='lat' dir='ltr'><strong>errorem</strong></span> <span class='ocrx_word' id='word_1_884' title='bbox 2838 5046 3062 5113; x_wconf 79' lang='lat' dir='ltr'><strong>conligit</strong></span> <span class='ocrx_word' id='word_1_885' title='bbox 3103 5045 3337 5098; x_wconf 75' lang='lat' dir='ltr'><strong>lrena-us</strong></span> <span class='ocrx_word' id='word_1_886' title='bbox 3359 5087 3373 5106; x_wconf 89' lang='lat'><strong>,</strong></span> 
     </span>
    </p>
   </div>
   <div class='ocr_carea' id='block_1_111' title="bbox 1807 5136 3375 5206">
    <p class='ocr_par' dir='ltr' id='par_1_111' title="bbox 1807 5136 3375 5206">
     <span class='ocr_line' id='line_1_111' title="bbox 1807 5136 3375 5206; baseline -0.003 -16"><span class='ocrx_word' id='word_1_887' title='bbox 1807 5149 1917 5191; x_wconf 85' lang='lat' dir='ltr'><strong>tum</strong></span> <span class='ocrx_word' id='word_1_888' title='bbox 1963 5140 2108 5206; x_wconf 87' lang='lat' dir='ltr'><strong>quod</strong></span> <span class='ocrx_word' id='word_1_889' title='bbox 2162 5138 2737 5200; x_wconf 80' lang='lat' dir='ltr'><strong>comminiscebantur,</strong></span> <span class='ocrx_word' id='word_1_890' title='bbox 2794 5138 3028 5190; x_wconf 85' lang='lat' dir='ltr'><strong>Verbum</strong></span> <span class='ocrx_word' id='word_1_891' title='bbox 3085 5136 3241 5189; x_wconf 83' lang='lat' dir='ltr'><strong>Patre</strong></span> <span class='ocrx_word' id='word_1_892' title='bbox 3293 5136 3375 5187; x_wconf 70' lang='lat' dir='ltr'><strong>in—</strong></span> 
     </span>
    </p>
   </div>
   <div class='ocr_carea' id='block_1_112' title="bbox 1807 5229 3373 5299">
    <p class='ocr_par' dir='ltr' id='par_1_112' title="bbox 1807 5229 3373 5299">
     <span class='ocr_line' id='line_1_112' title="bbox 1807 5229 3373 5299; baseline -0.005 -14"><span class='ocrx_word' id='word_1_893' title='bbox 1807 5232 1976 5285; x_wconf 71' lang='lat' dir='ltr'><strong>furius</strong></span> <span class='ocrx_word' id='word_1_894' title='bbox 2029 5245 2172 5292; x_wconf 90' lang='lat' dir='ltr'><strong>esse,</strong></span> <span class='ocrx_word' id='word_1_895' title='bbox 2213 5244 2312 5284; x_wconf 91' lang='lat' dir='ltr'><strong>nec</strong></span> <span class='ocrx_word' id='word_1_896' title='bbox 2345 5231 2443 5299; x_wconf 88' lang='lat' dir='ltr'><strong>ipsi</strong></span> <span class='ocrx_word' id='word_1_897' title='bbox 2484 5232 2727 5296; x_wconf 90' lang='lat' dir='ltr'><strong>pervium</strong></span> <span class='ocrx_word' id='word_1_898' title='bbox 2785 5245 2905 5282; x_wconf 84' lang='lat' dir='ltr'><strong>esse</strong></span> <span class='ocrx_word' id='word_1_899' title='bbox 2960 5229 3221 5292; x_wconf 82' lang='lat' dir='ltr'><strong>Patrem;</strong></span> <span class='ocrx_word' id='word_1_900' title='bbox 3264 5239 3373 5280; x_wconf 87' lang='lat' dir='ltr'><strong>tum</strong></span> 
     </span>
    </p>
   </div>
   <div class='ocr_carea' id='block_1_113' title="bbox 1806 5320 3371 5391">
    <p class='ocr_par' dir='ltr' id='par_1_113' title="bbox 1806 5320 3371 5391">
     <span class='ocr_line' id='line_1_113' title="bbox 1806 5320 3371 5391; baseline -0.002 -17"><span class='ocrx_word' id='word_1_901' title='bbox 1806 5325 1947 5390; x_wconf 88' lang='lat' dir='ltr'><strong>quod</strong></span> <span class='ocrx_word' id='word_1_902' title='bbox 1975 5321 2276 5391; x_wconf 83' lang='lat' dir='ltr'><strong>fingebant,</strong></span> <span class='ocrx_word' id='word_1_903' title='bbox 2311 5337 2432 5375; x_wconf 89' lang='lat' dir='ltr'><strong>eum</strong></span> <span class='ocrx_word' id='word_1_904' title='bbox 2458 5322 2546 5388; x_wconf 88' lang='lat' dir='ltr'><strong>qui</strong></span> <span class='ocrx_word' id='word_1_905' title='bbox 2580 5322 2859 5388; x_wconf 85' lang='lat' dir='ltr'><strong>prophetis</strong></span> <span class='ocrx_word' id='word_1_906' title='bbox 2895 5321 3238 5387; x_wconf 88' lang='lat' dir='ltr'><strong>loquebatur,</strong></span> <span class='ocrx_word' id='word_1_907' title='bbox 3269 5320 3371 5372; x_wconf 81' lang='lat' dir='ltr'><strong>De-</strong></span> 
     </span>
    </p>
   </div>
   <div class='ocr_carea' id='block_1_114' title="bbox 1808 5411 3374 5486">
    <p class='ocr_par' dir='ltr' id='par_1_114' title="bbox 1808 5411 3374 5486">
     <span class='ocr_line' id='line_1_114' title="bbox 1808 5411 3374 5486; baseline -0.003 -17"><span class='ocrx_word' id='word_1_908' title='bbox 1808 5419 2077 5486; x_wconf 83' lang='lat' dir='ltr'><strong>miurgum</strong></span> <span class='ocrx_word' id='word_1_909' title='bbox 2112 5417 2284 5486; x_wconf 88' lang='lat' dir='ltr'><strong>ipsum</strong></span> <span class='ocrx_word' id='word_1_910' title='bbox 2316 5430 2464 5478; x_wconf 84' lang='lat' dir='ltr'><strong>esse,</strong></span> <span class='ocrx_word' id='word_1_911' title='bbox 2497 5432 2523 5466; x_wconf 70' lang='grc' dir='ltr'><strong>ιι</strong></span> <span class='ocrx_word' id='word_1_912' title='bbox 2558 5429 2809 5480; x_wconf 88' lang='lat' dir='ltr'><strong>supremo</strong></span> <span class='ocrx_word' id='word_1_913' title='bbox 2838 5411 2994 5464; x_wconf 83' lang='lat' dir='ltr'><strong>Patre</strong></span> <span class='ocrx_word' id='word_1_914' title='bbox 3030 5413 3185 5478; x_wconf 70' lang='lat' dir='ltr'><strong>longe</strong></span> <span class='ocrx_word' id='word_1_915' title='bbox 3210 5411 3374 5464; x_wconf 80' lang='lat' dir='ltr'><strong>alium</strong></span> 
     </span>
    </p>
   </div>
   <div class='ocr_carea' id='block_1_115' title="bbox 1806 5502 3376 5578">
    <p class='ocr_par' dir='ltr' id='par_1_115' title="bbox 1806 5502 3376 5578">
     <span class='ocr_line' id='line_1_115' title="bbox 1806 5502 3376 5578; baseline -0.007 -17"><span class='ocrx_word' id='word_1_916' title='bbox 1806 5521 1967 5578; x_wconf 87' lang='lat' dir='ltr'><strong>atque</strong></span> <span class='ocrx_word' id='word_1_917' title='bbox 1994 5510 2289 5562; x_wconf 85' lang='lat' dir='ltr'><strong>diversum.</strong></span> <span class='ocrx_word' id='word_1_918' title='bbox 2327 5507 2548 5573; x_wconf 86' lang='lat' dir='ltr'><strong>Nempe,</strong></span> <span class='ocrx_word' id='word_1_919' title='bbox 2590 5506 2632 5556; x_wconf 91' lang='lat' dir='ltr'><strong>is</strong></span> <span class='ocrx_word' id='word_1_920' title='bbox 2657 5504 2746 5570; x_wconf 89' lang='lat' dir='ltr'><strong>qui</strong></span> <span class='ocrx_word' id='word_1_921' title='bbox 2783 5504 2848 5554; x_wconf 91' lang='lat' dir='ltr'><strong>de</strong></span> <span class='ocrx_word' id='word_1_922' title='bbox 2884 5504 3018 5554; x_wconf 79' lang='lat' dir='ltr'><strong>rubo</strong></span> <span class='ocrx_word' id='word_1_923' title='bbox 3052 5502 3262 5553; x_wconf 85' lang='lat' dir='ltr'><strong>locutus</strong></span> <span class='ocrx_word' id='word_1_924' title='bbox 3295 5510 3376 5551; x_wconf 80' lang='lat' dir='ltr'><strong>est</strong></span> 
     </span>
    </p>
   </div>
   <div class='ocr_carea' id='block_1_116' title="bbox 1806 5596 3372 5671">
    <p class='ocr_par' dir='ltr' id='par_1_116' title="bbox 1806 5596 3372 5671">
     <span class='ocr_line' id='line_1_116' title="bbox 1806 5596 3372 5671; baseline -0.008 -16"><span class='ocrx_word' id='word_1_925' title='bbox 1806 5601 1995 5671; x_wconf 80' lang='lat' dir='ltr'><strong>Moysi,</strong></span> <span class='ocrx_word' id='word_1_926' title='bbox 2025 5611 2077 5656; x_wconf 92' lang='lat' dir='ltr'><strong>et</strong></span> <span class='ocrx_word' id='word_1_927' title='bbox 2111 5599 2480 5654; x_wconf 78' lang='lat' dir='ltr'><strong>manifestavit</strong></span> <span class='ocrx_word' id='word_1_928' title='bbox 2518 5613 2573 5650; x_wconf 89' lang='lat' dir='ltr'><strong>sc</strong></span> <span class='ocrx_word' id='word_1_929' title='bbox 2597 5611 2717 5649; x_wconf 83' lang='lat' dir='ltr'><strong>esse</strong></span> <span class='ocrx_word' id='word_1_930' title='bbox 2748 5596 2910 5648; x_wconf 87' lang='lat' dir='ltr'><strong>Deum</strong></span> <span class='ocrx_word' id='word_1_931' title='bbox 2944 5601 3185 5662; x_wconf 88' lang='lat' dir='ltr'><strong>patrum,</strong></span> <span class='ocrx_word' id='word_1_932' title='bbox 3215 5607 3372 5659; x_wconf 84' lang='lat' dir='ltr'><strong>quem</strong></span> 
     </span>
    </p>
   </div>
   <div class='ocr_carea' id='block_1_117' title="bbox 2406 5778 3132 5837">
    <p class='ocr_par' dir='ltr' id='par_1_117' title="bbox 2406 5778 3132 5837">
     <span class='ocr_line' id='line_1_117' title="bbox 2406 5778 3132 5837; baseline -0.01 -1"><span class='ocrx_word' id='word_1_933' title='bbox 2406 5785 2447 5812; x_wconf 52' lang='lat'><strong>‘3&#39;</strong></span> <span class='ocrx_word' id='word_1_934' title='bbox 2485 5784 2618 5837; x_wconf 85' lang='lat' dir='ltr'><strong>ibid.</strong></span> <span class='ocrx_word' id='word_1_935' title='bbox 2659 5782 2711 5835; x_wconf 66' lang='grc'><strong>4.</strong></span> <span class='ocrx_word' id='word_1_936' title='bbox 2793 5780 2835 5809; x_wconf 66' lang='grc' dir='ltr'><strong>³ο</strong></span> <span class='ocrx_word' id='word_1_937' title='bbox 2874 5779 3004 5832; x_wconf 69' lang='grc' dir='ltr'>Ιὺὶιι.</span> <span class='ocrx_word' id='word_1_938' title='bbox 3047 5778 3132 5830; x_wconf 63' lang='grc' dir='ltr'><strong>ει.</strong></span> 
     </span>
    </p>
   </div>
   <div class='ocr_carea' id='block_1_118' title="bbox 1978 5786 2319 5854">
    <p class='ocr_par' dir='ltr' id='par_1_118' title="bbox 1978 5786 2319 5854">
     <span class='ocr_line' id='line_1_118' title="bbox 1978 5786 2319 5854; baseline -0.018 -13"><span class='ocrx_word' id='word_1_939' title='bbox 1978 5788 2018 5817; x_wconf 79' lang='grc'><strong>¹’⁵</strong></span> <span class='ocrx_word' id='word_1_940' title='bbox 2055 5787 2182 5854; x_wconf 68' lang='grc' dir='ltr'>ϐιῳ.</span> <span class='ocrx_word' id='word_1_941' title='bbox 2241 5786 2319 5838; x_wconf 73' lang='lat' dir='ltr'><strong>lit.</strong></span> 
     </span>
    </p>
   </div>
  </div>
