4196 6330
851 304 953 361 ’505

1647 298 2238 355 DISSERTATIONES
2270 297 2570 354 PRIEVIAS
2609 295 2678 352 lN
2714 296 2969 352 ΙΒΕΝᾸΞΙ
3005 296 3267 352 LIBROS.

3969 296 4071 351 5οι

848 422 1129 491 propheta:
1164 422 1333 477 Deum
1382 420 1562 475 vivum
1604 421 1899 492 appellant,
1930 432 1987 477 et
2016 422 2180 477 Deum
2218 423 2398 476 vivum
2428 426 2473 482 Α
2502 421 2703 485 Patris,
2728 418 2924 484 Filius,
2962 420 3013 474 id
3044 429 3151 485 est,
3193 419 3335 488 quod
3384 418 3436 471 in
3484 416 3645 472 Patre
3691 416 3931 471 divinum
3961 428 4069 476 est,

848 514 1167 579 adorabant,
1209 512 1297 568 hic
1342 521 1426 568 est
1476 512 1772 567 viventium
1826 512 1988 581 Deus,
2050 515 2190 569 Deus
2241 528 2403 583 super

849 619 1008 672 quem
1034 604 1172 659 alius
1196 604 1339 659 Deus
1370 620 1475 658 non
1503 612 1604 665 est,
1639 619 1746 659 uno
1778 602 1945 659 verbo
1969 619 2214 658 summus
2240 602 2400 658 Deus.

844 696 1006 765 Atqui
1031 693 1189 749 Pater
1210 703 1267 749 et
1288 692 1529 752 Verbum
1557 695 1697 764 ejus,
1733 693 1981 750 Christus
2012 710 2137 749 cum
2171 694 2329 751 Patre
2355 696 2402 751 is

843 794 927 839 est
961 784 1051 854 qui
1081 783 1290 840 locutus
1334 793 1416 839 est
1450 783 1643 854 Moysi,
1676 785 1769 853 qui
1815 794 1872 839 et
1925 782 2170 853 patribus
2224 784 2403 837 mani-

844 875 1075 931 festatus
1107 884 1212 940 est,
1243 884 1301 931 et
1332 890 1363 930 a
1394 876 1672 946 prophetis
1706 875 1985 939 adoratus,
2013 883 2068 929 et
2099 873 2402 943 appellatus

845 965 994 1023 Deus
1042 967 1218 1023 vivus.
1265 968 1431 1039 Igitur
1475 967 1729 1024 Christus
1774 981 1897 1023 cum
1952 965 2113 1021 Patre
2146 977 2227 1021 est
2260 965 2402 1021 Deus

841 1060 1116 1127 vivorum,
1162 1061 1304 1116 Deus
1329 1075 1491 1130 super
1518 1074 1678 1130 quem
1711 1060 1852 1116 alius
1885 1075 1990 1114 non
2033 1069 2116 1113 est
2150 1059 2311 1123 Deus,
2346 1068 2402 1113 et

842 1166 1131 1222 supremus
1181 1151 1346 1209 Deus.
1378 1150 1537 1218 Quid,
1584 1165 1791 1221 quaeso,
1828 1152 2166 1206 manifestius
2215 1150 2399 1206 aﬂ'erri

842 1254 1022 1316 potest
1045 1246 1110 1300 ad
1148 1245 1522 1301 vindicandam
1566 1243 1750 1301 Irenaai
1779 1245 1961 1309 ﬁdem,
1992 1243 2399 1299 stabiliendam-

841 1352 947 1407 que
1004 1335 1163 1393 Verbi
1227 1350 1347 1390 cum
1395 1334 1558 1390 Patre
1606 1334 2268 1391 consubstantialitatem?
2322 1331 2402 1390 Ne

841 1430 1056 1500 quidem
1114 1427 1255 1499 apud
1303 1427 1658 1482 Athanasium
1705 1428 1881 1499 ipsum
1947 1427 2187 1497 apertius
2237 1426 2399 1496 quid-

840 1538 1002 1592 quam
1051 1531 1107 1577 et
1150 1521 1463 1592 expressius
1492 1529 1769 1576 occurret.
1800 1519 1918 1574 Alia
1954 1518 2255 1575 consimilia
2292 1526 2402 1573 tes-

843 1618 1065 1672 timonia
1118 1624 1171 1670 et
1201 1623 1520 1687 argumenta
1567 1621 1862 1671 occurrent
1916 1620 2030 1667 toto
2081 1610 2222 1667 libro
2266 1625 2318 1665 tv
2346 1618 2404 1665 et

839 1707 968 1763 alibi
999 1706 1221 1778 passim.

908 1798 997 1855 56.
1026 1801 1162 1867 Quia
1210 1812 1342 1854 vero
1384 1794 1749 1854 Valentiniani
1784 1793 2146 1850 abutebantur
2195 1792 2397 1849 Christi

838 1898 1022 1952 verbis
1051 1893 1241 1950 Matth.
1277 1910 1353 1958 ιιι,
1381 1892 1473 1958 ‘27,
1513 1902 1567 1947 et
1594 1891 1728 1946 Luc.
1760 1905 1817 1955 x,
1848 1889 1938 1956 22,
1972 1904 2143 1959 eaque
2170 1888 2249 1945 sic
2269 1889 2396 1944 des-

837 1988 1121 2043 cribebant
1150 2003 1161 2039 :
1196 1983 1363 2037 Nemo
1396 1983 1635 2053 cognovit
1671 1980 1904 2047 Patrem,
1930 1981 2029 2033 nisi
2061 1977 2272 2046 Filius,
2304 1996 2396 2033 nec

838 2077 1060 2145 Filium,
1098 2077 1203 2130 nisi
1232 2073 1414 2138 Pater,
1448 2083 1496 2127 et
1528 2074 1614 2126 cui
1655 2072 1872 2127 voluerit
1920 2068 2095 2124 Filius
2131 2070 2395 2136 revelare;

836 2172 917 2225 sic
973 2183 1102 2224 vero
1166 2186 1185 2221 ι
1256 2168 1777 2235 interpretabantur,
1842 2181 1860 2216 ι
1922 2163 2100 2232 inquit
2159 2162 2394 2218 Irenaeus

837 2279 957 2333 cap.
990 2263 1043 2327 6,
1078 2279 1134 2316 n.
1162 2262 1214 2329 i,
1246 2279 1264 2312 ‹
1290 2260 1443 2331 quasi
1469 2274 1499 2313 a
1530 2258 1677 2313 nullo
1701 2257 1945 2328 cognitus
1968 2256 2040 2310 sit
2071 2270 2226 2310 verus
2251 2255 2395 2312 Deus

837 2365 964 2411 ante
1004 2349 1219 2409 Domini
1264 2352 1433 2407 nostri
1466 2351 1754 2406 adventum
1790 2364 1803 2402 :
1834 2357 1888 2402 et
1917 2362 2040 2401 eum
2079 2346 2269 2412 Deum,
2301 2347 2395 2416 qui

837 2464 877 2504 ι
897 2445 1177 2517 prophetis
1209 2447 1282 2499 sit
1304 2444 1654 2498 annuntiatus
1676 2482 1692 2508 ,
1724 2440 1977 2495 dicebant
2001 2454 2106 2494 non
2138 2453 2259 2493 esse
2288 2438 2394 2493 Pa-

839 2552 975 2595 trem
1027 2537 1273 2599 Christi;
1332 2553 1352 2587 ι
1391 2533 1729 2588 demonstrat
1756 2539 1978 2585 sanctus
2022 2541 2229 2601 martyr
2280 2538 2395 2584 toto

837 2633 930 2686 illo
960 2631 1159 2701 capite,
1210 2635 1267 2682 et
1318 2624 1684 2680 adulterinam
1711 2636 1834 2678 esse
1868 2620 2155 2676 verborum
2208 2620 2394 2675 lectio-

837 2738 981 2788 nem,
1053 2730 1109 2776 et
1170 2718 1519 2774 falsissimam
1579 2716 1893 2770 eorumdem
1960 2712 2394 2782 explicationem.

835 2815 972 2869 Cum
1026 2814 1171 2866 enim
1233 2812 1306 2865 ait
1384 2806 1689 2863 Dominus:
1750 2805 1918 2860 Nemo
1978 2807 2237 2875 cognoscit
2297 2802 2395 2858 Fi-

835 2906 987 2968 lium,
1048 2904 1151 2956 nisi
1218 2900 1425 2965 Pater;
1471 2915 1633 2969 neque
1684 2895 1918 2961 Patrem,
1966 2898 2067 2950 nisi
2103 2896 2298 2965 Filius,
2346 2906 2395 2950 et

836 2998 1227 3067 quibuscunque
1260 2992 1438 3047 Filius
1469 2992 1808 3056 revelaverit;
1853 3006 1974 3060 qua:
2006 2991 2242 3061 genuina
2269 3005 2395 3045 ver-

2502 528 2625 581 quze
2660 524 2854 566 natura
2897 513 3077 566 divina
3107 518 3171 566 et
3198 509 3487 564 invisibilis
3530 508 3723 571 Patris,
3758 507 3948 562 eadem
3984 523 4067 561 est

2502 612 2559 655 et
2609 601 2769 666 Filii;
2806 616 2901 670 per
2945 600 3089 670 quod
3134 608 3317 653 autem
3366 599 3585 652 videtur
3635 609 3689 652 et
3716 599 4069 668 cognoscitur

2502 692 2691 760 Filius,
2728 710 2821 764 per
2845 695 2983 749 idem
3019 693 3367 762 cognoscitur
3416 702 3472 745 et
3517 689 3699 756 Pater,
3736 694 3863 762 quia
3896 691 4069 746 Filius

2504 787 2682 855 imago
2712 785 2893 841 Patris
2921 796 3027 851 est,
3057 796 3114 839 et
3144 784 3312 853 figura
3353 798 3446 838 seu
3485 782 3774 839 character
3802 782 4068 839 substan-

2504 880 2592 934 tiae
2617 881 2768 950 ejus:
2804 878 3030 934 Verbum
3053 893 3176 930 caro
3200 876 3423 945 factum,
3454 883 3513 929 ut
3547 891 3673 929 vere
3698 875 3879 937 homo,
3907 875 3987 931 sic
4010 883 4071 931 et

2500 987 2629 1027 vere
2655 973 2793 1027 Deus
2819 990 2832 1025 :
2856 972 3089 1041 denique
3120 969 3172 1023 in
3201 968 3477 1033 omnibus,
3510 976 3567 1022 et
3594 983 3689 1037 per
3718 970 3897 1023 omnia
3922 984 4069 1023 unus

2505 1068 2647 1123 Deus
2669 1066 2855 1133 Pater,
2876 1081 3043 1119 unum
3066 1063 3322 1129 Verbum,
3341 1071 3396 1118 et
3416 1078 3555 1117 unus
3575 1060 3844 1130 Spiritus;
3880 1063 4071 1116 unitas

2502 1162 2557 1217 in
2595 1161 2787 1225 tribus,
2817 1174 2922 1213 una
2954 1158 3006 1212 in
3037 1159 3212 1213 tribus
3242 1165 3457 1209 natura.
3482 1154 3620 1222 Quid
3642 1153 3881 1207 clarius?
3909 1152 4071 1219 Quod

2503 1262 2681 1307 autem
2741 1250 2873 1305 dicit
2923 1246 3179 1311 lrenaaus,
3229 1245 3563 1315 agnitionem
3611 1242 3810 1306 Patris,
3871 1240 4072 1294 Filium

2504 1358 2647 1409 esse,
2677 1352 2731 1397 et
2763 1340 3089 1412 agnitionem
3136 1338 3260 1393 Filii
3307 1336 3361 1390 in
3393 1335 3554 1391 Patre
3580 1349 3723 1400 esse,
3766 1344 3818 1389 et
3852 1349 3947 1404 per
3972 1333 4069 1387 Fi-

2504 1431 2635 1485 lium
2661 1431 2955 1484 revelatam
2988 1442 3135 1491 esse,
3163 1427 3396 1495 idipsum
3428 1435 3513 1481 est.
3550 1424 3693 1495 quod
3720 1424 3934 1479 dixerat
3965 1423 4067 1479 lib.

2504 1537 2583 1585 ιιι,
2617 1536 2667 1576 c.
2694 1520 2746 1587 6,
2776 1538 2828 1575 n.
2860 1520 2897 1574 2
2927 1538 2942 1574 :
2978 1519 3207 1574 «Filium
3240 1532 3360 1574 esse
3384 1518 3436 1571 in
3468 1516 3647 1582 Patre,
3696 1526 3751 1572 et
3777 1518 3983 1572 habere
4012 1516 4068 1569 in

2504 1634 2563 1674 se
2586 1616 2824 1673 Patrem.
2851 1635 2869 1669 ι
2904 1615 3138 1685 ldipsum
3191 1624 3273 1669 est
3307 1614 3494 1678 etiam,
3524 1611 3670 1683 quod
3712 1611 3930 1666 dixerat
3972 1610 4067 1665 lib.

2505 1724 2578 1773 tv,
2608 1722 2660 1763 c.
2695 1709 2751 1772 4,
2781 1723 2838 1764 ιι.
2869 1705 2923 1761 2.
2976 1704 3180 1776 Nempe
3210 1704 3543 1775 respondens
3573 1704 3727 1757 vanis
3772 1701 4069 1758 Cnostico—

2505 1815 2625 1855 rum
2668 1797 3126 1865 cavillationibus,
3150 1798 3240 1867 qui
3301 1811 3365 1850 ex
3415 1810 3603 1851 eversa
3658 1794 4067 1867 Hierosolyma,

2502 1892 2721 1946 civitate
2751 1892 2892 1961 regis
2915 1889 3115 1959 magni,
3141 1899 3194 1943 et
3222 1888 3483 1958 abrogata
3511 1888 3678 1943 veteri
3709 1886 3827 1957 lege
3857 1888 4065 1942 infere-

2500 1984 2633 2038 bant
2677 1982 2841 2037 alium
2892 1995 3015 2036 esse
3064 1980 3300 2047 Veteris,
3343 1980 3509 2034 alium
3554 1978 3689 2033 Novi
3729 1978 4070 2034 Testameuti

2501 2078 2776 2129 auctorem
2826 2080 2881 2127 et
2933 2074 3130 2138 Deum;
3188 2072 3424 2126 ostendit
3460 2080 3515 2125 et
3562 2070 3977 2141 Hierosolyma,
4014 2083 4072 2127 et

2500 2166 2669 2221 veteri
2702 2164 2802 2235 legi
2842 2180 2997 2219 suum
3036 2171 3247 2232 tempus
3279 2179 3307 2217 a
3340 2162 3449 2217 Deo
3490 2178 3737 2217 mensum
3772 2180 3836 2217 ac
3873 2163 4071 2218 deﬁni-

2502 2268 2613 2311 tum
2646 2256 2844 2320 fuisse;
2874 2262 3183 2323 utramque,
3216 2254 3537 2308 adveniente
3574 2270 3707 2308 nova
3741 2254 3879 2322 lege,
3917 2253 4069 2309 desi-

2500 2366 2632 2407 nere
2654 2350 2935 2418 debuisse;
2962 2351 3123 2419 idque
3150 2348 3552 2416 sapientissimo
3574 2355 3629 2403 et
3654 2349 4069 2404 ordinatissimo

2501 2442 2594 2497 Dei
2628 2442 2853 2498 consilio
2892 2444 3092 2495 factum
3134 2440 3321 2495 fuisse.
3365 2438 3603 2495 «Omnia
3645 2441 3811 2506 enim,
3861 2442 4064 2510 inquit,

2499 2549 2752 2589 mensura
2784 2544 2837 2588 et
2867 2533 3054 2589 ordine
3086 2534 3223 2588 Deus
3252 2532 3400 2597 facit,
3432 2542 3487 2587 et
3518 2532 3649 2587 nihil
3683 2546 3785 2586 non
3817 2547 4067 2585 mensum

2500 2628 2640 2696 apud
2700 2643 2859 2692 eum,
2910 2626 3163 2695 quoniam
3214 2641 3311 2680 nec
3364 2626 3851 2694 incompositum.»
3911 2623 4071 2690 Quod

2496 2730 2853 2791 postremum,
2883 2718 3108 2781 scilicet,
3140 2718 3270 2771 nihil
3303 2732 3411 2772 non
3444 2732 3693 2772 mensum
3718 2719 3859 2786 apud
3894 2718 4066 2771 Deum

2496 2827 2638 2876 esse,
2664 2822 2720 2865 ut
2741 2812 2957 2881 probet,
2976 2810 3158 2864 laudat
3177 2818 3413 2864 veterem
3442 2809 3675 2879 aliquem
3701 2820 3794 2862 aut
3822 2825 4068 2864 comvuin

2496 2904 2819 2973 scriptorem
2854 2900 3311 2966 ecclesiasticum,
3350 2900 3504 2970 cujus
3538 2916 3729 2956 nomen
3764 2910 3927 2964 tacet,
3972 2902 4069 2955 sed

2497 2999 2665 3053 verba
2712 2998 2945 3067 prohat:
2979 3014 2997 3047 ι
3023 2996 3089 3050 Ει
3130 2996 3268 3051 bene
3333 2996 3400 3049 ait
3458 2995 3550 3065 qui
3582 2995 3719 3049 dixit
3752 2994 3929 3063 ipsum
3967 2996 4071 3048 iut-

839 3092 1030 3142 borum
1067 3088 1225 3142 lectio
1263 3093 1345 3139 est
1382 3085 1472 3139 ’τε
1514 3100 1531 3133 ι
1587 3080 1923 3145 Revelaveril.
1989 3096 2094 3135 ιιοη
2135 3080 2305 3135 δοΙυῐη
2340 3080 2390 3134 in
2420 3108 2463 3167 ο
2498 3103 2745 3143 mensum
2798 3086 3016 3141 Patrem
3070 3087 3122 3140 in
3170 3085 3310 3140 Filio
3352 3094 3757 3150 tnensuratum;
3808 3100 4068 3140 mensura

838 3182 1078 3236 futurum
1134 3180 1337 3234 dictum
1379 3184 1501 3242 est,
1552 3173 1707 3243 quasi
1762 3183 1889 3228 tunc
1960 3175 2217 3246 inceperit
2261 3174 2394 3229 Ver-

839 3275 962 3332 bum
999 3272 1349 3326 manifestare
1373 3269 1611 3332 Patrem,
1639 3282 1763 3321 cum
1800 3267 1864 3321 de
1892 3266 2062 3321 Maria
2088 3280 2273 3334 natus;
2300 3269 2396 3323 sed

837 3367 1198 3421 communiter
1246 3378 1343 3432 per
1390 3371 1559 3415 totum
1621 3369 1830 3441 tempus
1880 3370 2111 3429 posuum
2164 3370 2267 3416 est.
2315 3361 2397 3415 Ab

837 3459 995 3515 initio
1021 3458 1165 3511 enim
1211 3456 1472 3509 assistens
1525 3452 1693 3507 Filius
1725 3466 1823 3505 suo
1869 3452 2150 3522 plasmati,
2195 3455 2398 3509 revelat

837 3550 1091 3605 omnibus
1121 3548 1359 3610 Patrem,
1400 3544 1599 3614 quibus
1647 3542 1777 3603 vult,
1823 3552 1877 3595 et
1907 3544 2123 3610 quando
2166 3543 2300 3611 vult,
2341 3553 2397 3599 et

835 3638 1291 3712 quemadmodum
1314 3636 1427 3689 vult
1443 3635 1628 3689 Pater.
1653 3653 1671 3687 ι
1702 3632 1831 3687 Nam
1849 3633 1894 3666 ³⁸
1914 3637 2115 3689 bonum
2139 3634 2393 3703 placitum

836 3730 1220 3788 Patris.Filius
1249 3728 1499 3798 perficit:
1551 3728 1717 3781 mittit
1758 3727 1902 3781 enim
1946 3726 2127 3792 Pater,
2164 3728 2396 3783 mittitur

839 3835 1021 3881 autem
1054 3835 1109 3879 et
1135 3824 1287 3877 venit
1310 3821 1501 3876 Filius.
1537 3840 1556 3872 ι
1591 3820 1730 3875 Hinc
1765 3821 1913 3875 omni
1945 3836 2057 3875 aevo
2080 3832 2134 3875 et
2161 3837 2392 3892 semper,

836 3918 1129 3985 multisque
1176 3915 1355 3969 modis
1407 3913 1644 3967 Verbum
1709 3913 1968 3967 revelavit
2024 3913 2281 3983 seipsum,
2335 3924 2394 3969 ut

837 4010 999 4066 simul
1034 4008 1299 4063 revelaret
1322 4017 1377 4061 et
1405 4006 1645 4061 Patrem.
1682 4005 1845 4061 Ratio
1884 4018 1985 4071 est,
2014 4009 2137 4077 quia
2180 4028 2199 4061 ι
2232 4010 2276 4041 ²⁹
2314 4010 2396 4062 in-

837 4098 1049 4154 visibile
1093 4096 1235 4163 Filii,
1286 4095 1483 4160 Pater;
1539 4094 1755 4149 visibile
1811 4103 1989 4148 autem
2047 4095 2243 4161 Patris,
2298 4094 2393 4148 Fi-

834 4191 962 4246 lius.
1003 4209 1021 4241 ι
1053 4189 1118 4243 Ει
1142 4188 1267 4242 licet
1299 4186 1344 4218 ³⁰
1381 4205 1398 4238 ι
1436 4187 1599 4242 Pater
1633 4187 1921 4242 invisibilis
1950 4189 2042 4254 sit,
2071 4197 2125 4242 et
2150 4188 2392 4242 indeter-

836 4281 1414 4347 minabilis,quantum
1437 4282 1503 4332 ad
1525 4296 1621 4334 nos
1641 4290 1754 4344 est;
1780 4280 1985 4351 agnitio
2009 4300 2027 4331 ι
2053 4292 2228 4334 tamen
2260 4300 2276 4330 ι
2300 4279 2393 4333 Pa-

837 4376 936 4429 tris
989 4372 1251 4446 [CXXXI]
1306 4383 1389 4428 est
1423 4372 1543 4427 Filii
1582 4372 1944 4426 manifestatio
1979 4372 2198 4426 :omnia
2246 4371 2387 4425 enim

2502 3180 2645 3236 enim
2677 3178 2873 3243 Patris,
2916 3176 3107 3240 Filius,
3144 3176 3398 3245 quoniam
3428 3185 3483 3230 et
3526 3176 3671 3245 capit
3706 3192 3852 3230 eum.
3875 3196 3895 3229 ι
3927 3175 4068 3241 Qui-

2498 3272 2600 3327 bus
2638 3272 2895 3332 osteudit,
2949 3270 3118 3323 Deum
3165 3270 3301 3321 adeo
3343 3268 3573 3333 ordinis,
3614 3268 3987 3337 proportionis
4017 3280 4070 3322 et

2500 3378 2771 3419 mensurae
2798 3372 3068 3416 amantem
3113 3375 3257 3424 esse,
3291 3368 3351 3414 ut
3385 3374 3560 3430 neque
3598 3375 3751 3415 suam
3804 3361 3921 3429 ipse
3967 3362 4068 3415 sib.

2499 3468 2811 3509 mensuram
2859 3453 3047 3509 deesse
3091 3452 3358 3517 voluerit;
3409 3450 3579 3505 Filius
3610 3452 3755 3507 enim
3788 3460 3873 3506 est
3911 3469 4066 3507 men-

2499 3561 2628 3602 sura
2660 3544 2859 3608 Patris,
2892 3545 2984 3615 qui
3019 3553 3187 3599 totam
3232 3545 3413 3600 Patris
3458 3547 3907 3610 imuteusitatem,
3942 3548 4069 3601 inli-

2498 3637 2723 3692 nitatem
2769 3647 2823 3691 et
2868 3638 3224 3691 substantiam
3275 3636 3328 3690 in
3378 3652 3438 3691 se
3488 3637 3655 3705 capit,
3701 3639 3972 3703 continet,
4007 3656 4069 3693 ac

2498 3728 2671 3783 veluti
2726 3729 3151 3783 circumscribit.
3204 3729 3277 3781 Ea
3335 3729 3646 3783 divinarum
3700 3746 4065 3799 personarum

2500 3819 2889 3893 περιχὼρησις,
2924 3820 3345 3875 circumincessio
3386 3832 3489 3888 est,
3534 3836 3598 3875 ex
3642 3837 3744 3890 qua
3796 3832 3907 3875 tam
3957 3826 4064 3879 fre-

2499 3925 2751 3984 quenter,
2779 3924 2994 3981 tamque
3017 3912 3244 3967 feliciter
3266 3923 3583 3982 argumenta
3611 3914 4064 3981 deprompseruut

2499 4003 2761 4058 adversus
2802 4002 3035 4057 Ariauos
3076 4004 3248 4056 sancti
3298 4002 3508 4070 Patres,
3566 4014 3625 4057 ut
3676 4004 3872 4059 Filium
3915 4006 4062 4060 Patri

2497 4093 2781 4164 ὁμοούσιον
2800 4108 2921 4149 esse
2941 4095 3256 4164 probarent.
3278 4094 3479 4163 Nempe
3507 4096 3557 4149 in
3589 4110 3649 4150 se
3678 4096 3915 4151 invicem
3943 4110 4063 4151 sunt

2496 4184 2658 4240 Pater
2682 4196 2737 4240 et
2765 4186 2954 4251 Filius,
2982 4201 3079 4239 nec
3107 4187 3288 4239 minus
3326 4187 3377 4239 in
3400 4185 3560 4251 Filio,
3585 4200 3744 4253 quam
3778 4188 3830 4240 in
3861 4204 3922 4241 se
3953 4191 4064 4257 ipso

2497 4290 2584 4333 est
2612 4279 2789 4345 Pater,
2827 4293 2929 4333 nec
2962 4279 3137 4332 minus
3182 4279 3233 4332 in
3270 4277 3431 4332 Patre
3461 4288 3547 4333 est
3595 4278 3785 4343 Filius,
3811 4296 3976 4349 quam
4012 4283 4059 4334 in

2498 4387 2559 4427 se
2603 4373 2763 4441 ipso;
2795 4372 2928 4425 adeo
2963 4381 3021 4424 ut
3051 4381 3237 4425 mutuo
3265 4372 3530 4427 exsistant
3561 4374 3614 4427 in
3660 4388 3737 4437 se,
3773 4383 3847 4440 et,
3878 4388 3938 4430 ut
3990 4378 4058 4430 ita

835 4487 935 4541 per
960 4444 1195 4523 Verbum
1229 4465 1669 4521 manifestantur.
1702 4465 1919 4534 Agnitio
1955 4463 2153 4529 Patris,
2182 4463 2386 4530 Filius;
2422 4444 2467 4499 Ῑ)
2498 4468 2724 4535 loquar,
2778 4466 3037 4519 immeent
3086 4464 3336 4528 invicem,
3387 4477 3547 4534 atque
3603 4475 3900 4535 peuetrcut
3926 4510 3939 4531 ,
4000 4485 4061 4523 ac

840 4561 1043 4633 agnitio
1066 4569 1240 4613 autem
1264 4557 1384 4612 Filii
1411 4558 1463 4611 in
1483 4556 1668 4620 Patre,
1689 4566 1742 4609 et
1763 4571 1859 4626 per
1873 4555 2068 4609 Filiqu
2094 4556 2350 4614 revelata.
2366 4574 2385 4609 ι

835 4652 911 4707 Ex
951 4653 1018 4707 iis
1049 4651 1298 4706 omnibus
1322 4650 1401 4705 sic
1431 4648 1703 4705 concludit
1732 4649 2033 4703 lrenaeus“.
2071 4666 2087 4699 ι
2118 4648 2229 4701 Non
2260 4663 2390 4719 ergo

836 4746 975 4799 alius
1004 4752 1127 4798 erat
1168 4742 1259 4811 qui
1293 4742 1744 4812 cognoscebatur,
1772 4748 1826 4794 et
1857 4741 1993 4794 alius
2024 4741 2113 4809 qui
2140 4741 2387 4796 dicebat:

838 4836 1012 4893 Nemo
1043 4836 1305 4903 cognoscit
1351 4834 1595 4897 Patrem;
1636 4834 1728 4887 sed
1758 4849 1895 4887 unus
1922 4843 1975 4887 et
2014 4834 2174 4897 idem,
2207 4834 2392 4888 omnia

835 4932 1160 5000 subjiciente
1188 4930 1236 4982 ei
1268 4927 1448 4991 Patre,
1480 4938 1533 4980 et
1561 4929 1627 4981 ab
1660 4926 1907 4980 omnibus
1938 4926 2213 4995 accipiens
2242 4927 2395 4980 testi-

836 5025 1098 5088 monium,
1151 5026 1405 5090 quoniam
1460 5035 1586 5073 vere
1631 5020 1814 5083 homo,
1865 5028 1922 5072 et
1964 5020 2217 5087 quoniam
2266 5034 2394 5074 vere

837 5116 998 5175 Deus,
1036 5130 1061 5165 a
1096 5113 1278 5173 Patre,
1312 5128 1342 5165 a
1376 5112 1605 5179 Spiritu,
1641 5109 1710 5163 ab
1750 5109 1980 5179 angelis,
2008 5118 2113 5162 etc.
2158 5108 2223 5161 Et
2264 5124 2392 5177 pro-

835 5216 959 5275 pter
991 5206 1093 5259 hoc
1121 5206 1185 5263 im
1206 5204 1480 5265 omnibus,
1521 5212 1573 5255 et
1609 5218 1703 5271 per
1732 5203 1914 5256 omnia
1939 5216 2077 5255 unus
2118 5202 2258 5254 Deus
2286 5199 2391 5253 Pa-

837 5309 938 5362 ter,
970 5307 1024 5350 et
1052 5313 1214 5349 unum
1244 5296 1477 5350 Verbum
1518 5294 1709 5359 Filius,
1749 5304 1806 5348 ct
1854 5309 1992 5347 unus
2029 5292 2293 5362 Spiritus;
2339 5302 2394 5347 et

834 5399 939 5435 una
993 5384 1144 5437 salus
1186 5383 1433 5436 omnibus
1483 5381 1830 5436 credentibus
1885 5382 1936 5435 in
1986 5395 2173 5436 eum.»
2230 5381 2393 5435 Pater

834 5474 995 5539 igitur
1022 5484 1075 5526 et
1123 5473 1376 5533 Verbum,
1427 5472 1626 5525 irenam
1674 5482 1831 5535 teste,
1880 5486 1985 5525 non
2024 5480 2149 5526 sunt
2173 5473 2309 5527 alius
2338 5483 2393 5528 et

834 5566 973 5618 alius
1004 5566 1184 5619 Deus:
1221 5564 1491 5618 invisibile
1539 5564 1679 5628 Filii,
1715 5564 1906 5627 Pater;
1953 5564 2169 5619 visibile
2208 5576 2389 5620 autem

901 5741 1037 5793 Ν,
1088 5741 1139 5795 τ,
1406 5744 1456 5796 3.
1537 5743 1748 5796 “suo.
1830 5744 2047 5801 uas.
2131 5746 2257 5802 ειΝ.
2298 5748 2349 5800 7.

2497 4559 2725 4630 proinde
2754 4567 2809 4613 et
2835 4573 2864 4611 a
2889 4573 2949 4613 se
2984 4559 3212 4613 invicem
3246 4558 3672 4628 distinguantur,
3698 4573 3752 4614 et
3788 4573 3975 4617 tamen
4012 4565 4061 4617 in

2502 4666 2609 4706 una
2633 4660 2688 4706 et
2712 4653 2892 4706 eadem
2930 4660 3123 4705 natura
3166 4662 3219 4707 et
3254 4654 3559 4707 substantia
3586 4654 3703 4708 sine
3732 4654 3841 4708 ullo
3871 4657 4061 4711 discri-

2498 4744 2644 4797 mine
2669 4747 3017 4799 conveniant.

2570 4834 2660 4888 57.
2690 4833 2795 4887 Sed
2829 4849 2896 4888 ex
2931 4836 3089 4888 modo
3132 4836 3292 4889 dictis
3322 4836 3507 4902 habes,
3537 4852 3633 4890 cur
3666 4846 3722 4891 et
3752 4852 3859 4905 quo
3901 4851 4058 4891 sensu

2497 4935 2607 4979 tam
2641 4941 2781 4995 saepe
2810 4936 2865 4981 et
2893 4926 3126 4981 sollicite
3156 4928 3389 4983 inculcet
3419 4929 3654 4984 Irenaaus
3678 4938 3792 4983 toto
3817 4929 3959 4984 libro
3984 4944 4055 4991 tv,

2494 5025 2550 5071 et
2580 5016 2703 5072 alibi
2762 5017 2925 5088 (quod
2977 5026 3034 5072 et
3075 5018 3195 5073 aliis
3236 5030 3362 5073 ante
3388 5029 3441 5074 et
3470 5031 3593 5089 post
3639 5036 3762 5075 eum
3808 5020 4059 5075 Patrihus

2496 5108 2811 5179 infrequens
2855 5126 2961 5163 non
3005 5107 3410 5181 fuit),Patrem
3474 5112 3798 5166 invisibilein
3842 5127 4058 5181 semper

2495 5202 2781 5269 mansisse,
2817 5217 2992 5270 neque
3024 5219 3051 5256 a
3080 5219 3379 5274 quoquam,
3415 5218 3481 5257 ne
3506 5208 3685 5275 specie
3714 5204 3937 5273 quidem
3966 5220 4055 5257 ex-

2495 5302 2647 5346 terna
2674 5308 2739 5347 ac
2767 5294 3007 5347 sensibili
3050 5294 3219 5349 forma
3252 5294 3645 5350 dissimulatum
3680 5295 3854 5349 visum
3904 5307 4052 5355 esse;

2494 5400 2669 5453 neque
2696 5386 2872 5441 videri
2897 5387 3118 5441 omnino
3144 5402 3335 5456 posse;
3376 5388 3469 5442 sed
3497 5403 3562 5441 ex
3586 5386 3784 5441 divinis
3812 5386 4054 5457 personis

2496 5476 2669 5529 solum
2701 5477 2755 5530 in
2799 5474 2981 5531 Veteri
3033 5478 3379 5534 Testamento
3426 5481 3667 5533 divinum
3700 5478 3939 5533 Verbum
3970 5494 4052 5529 ve-

2495 5569 2698 5625 teribus
2725 5571 3054 5638 patriarchis
3097 5587 3159 5628 ac
3189 5573 3462 5643 pr0phetis
3504 5572 3844 5643 apparuisse,
3876 5584 3933 5626 ut
3960 5575 4049 5627 lto-
