4196 6330
132 463 211 518 505
1015 456 1474 514 DISSERTATIO
1524 454 1610 519 Ill,
1646 453 1714 507 ω

1770 453 2027 509 ΙΠΕΝᾸΞΙ
2058 451 2419 510 DOCTRINA.

3225 447 3330 502 506

133 579 328 633 millibus
377 577 476 632 Dei
520 594 585 632 ac
632 578 810 633 Patris
863 581 1111 633 notitiam
1171 583 1512 649 importaret,
1561 591 1667 644 qua
1699 579 1744 636 Α
1773 576 1990 630 refellit.
2033 596 2050 628 ι
2081 577 2143 630 Ει
2169 575 2382 630 Patrem
2410 575 2623 645 quidem
2655 571 2978 629 invisibilem
3009 579 3063 624 et
3093 567 3329 623 indeter-

133 673 261 724 vitam
289 670 508 723 illorum
565 680 977 740 tueretur,qnae
1033 673 1154 726 sine
1201 672 1293 726 Dei
1347 670 1661 739 cognitione

130 781 225 820 esse
272 781 374 820 non
432 777 643 835 potest;
696 767 888 821 Filium
934 783 1054 822 esse
1108 771 1200 836 qui
1247 769 1476 831 Adamo,
1526 765 1659 830 Noe,

129 859 352 921 Abrahae,
385 858 619 927 aliisque
651 858 940 913 videndum
974 874 1032 913 se
1072 860 1383 927 praebuerit,
1415 859 1503 927 qtti
1539 873 1661 911 cum

129 951 278 1021 Moyse
305 951 521 1005 locutus
558 951 648 1016 sit,
686 969 704 1000 ‹
730 952 820 1020 qui
846 971 863 1001 ι
897 952 1149 1020 denique,
1186 961 1244 1005 ut
1284 951 1524 1019 loquitur
1551 951 1662 1004 Ire-

128 1041 313 1104 ureus“,
348 1061 368 1094 ‹
399 1052 453 1097 et
483 1042 718 1096 visiones
749 1043 1111 1112 propheticns,
1137 1051 1192 1096 et
1214 1041 1510 1096 divisiones
1533 1041 1661 1095 cha-

127 1136 406 1201 rismatum,
440 1145 496 1189 et
528 1135 827 1188 tninisteria
869 1151 990 1204 sua,
1013 1145 1069 1189 et
1100 1135 1274 1189 Patris
1311 1134 1660 1205 gloriﬁcatio-

125 1241 222 1278 nem
242 1236 647 1295 consequenter
686 1235 740 1281 et
768 1226 1064 1294 composite
1092 1226 1394 1280 ostenderit
1429 1227 1661 1279 humano

123 1316 297 1384 generi,
326 1325 456 1384 apto
495 1326 736 1385 tempore
778 1317 844 1370 ad
880 1318 1174 1370 utilitatem
1210 1317 1508 1379 hominum,
1538 1333 1662 1384 pro-

123 1411 220 1466 pter
245 1418 380 1471 quos
406 1403 536 1459 fecit
573 1417 750 1460 tantas
774 1407 1191 1475 dispositiones;
1227 1406 1658 1460 invisibilitatem

120 1493 303 1558 quidem
356 1492 537 1548 Patris
572 1497 911 1563 cuswdiens,
958 1514 1026 1553 ne
1051 1502 1274 1566 quando
1305 1497 1466 1552 homo
1506 1495 1661 1554 fieret

119 1594 432 1653 contemptor
458 1585 581 1646 Dei.
617 1595 672 1640 et
710 1604 926 1658 semper
956 1590 1180 1646 haberet
1215 1592 1281 1644 ad
1314 1592 1456 1661 quod
1492 1592 1658 1661 profi-

118 1685 267 1740 ceret;
297 1677 567 1732 visibilem
604 1690 786 1734 autem
818 1698 1003 1737 rursus
1047 1684 1356 1740 hominibus
1393 1701 1489 1756 per
1517 1687 1657 1740 mul-

119 1775 185 1819 tas
210 1767 587 1836 dispositiones
610 1773 899 1827 ostendens
933 1773 1099 1828 Deum
1144 1791 1209 1830 ne
1248 1777 1299 1830 in
1333 1787 1500 1830 totum
1526 1778 1658 1831 deli-

116 1857 244 1912 ciens
289 1862 452 1917 homo
478 1877 506 1916 a
544 1863 652 1919 Deo
680 1877 920 1920 cessaret
970 1881 1090 1922 esse
1120 1868 1184 1923 ³³.
1213 1888 1230 1920 ι
1294 1869 1414 1925 Uno
1469 1871 1654 1938 verbo,

119 1953 244 2016 «ipse
272 1962 352 2007 est
383 1956 474 2024 qui
513 1955 647 2010 dicit
689 1956 896 2028 Moysi:
936 1957 1130 2012 Videas
1180 1961 1285 2014 vidi
1326 1964 1655 2016 vexationem

113 2043 266 2107 populi
292 2044 416 2110 mei,
447 2045 536 2113 qui
565 2056 640 2100 est
672 2048 726 2099 in
755 2046 1008 2118 Egypto,
1039 2060 1099 2105 et.
1123 2051 1366 2106 descendi
1395 2061 1453 2106 ut
1475 2071 1655 2108 eruam

112 2149 182 2186 eos
207 2134 276 2201 “;
309 2137 378 2190 ab
406 2138 564 2192 initio
599 2152 852 2196 assuetus
882 2142 1116 2198 Verbum
1149 2143 1246 2200 Dei
1275 2147 1574 2201 ascendere
1601 2156 1655 2202 et

112 2225 432 2292 descendere,
467 2239 692 2299 propter
717 2233 944 2289 salutem
971 2251 1184 2301 eorum,
1214 2239 1304 2306 qui
1322 2240 1474 2294 male
1499 2241 1658 2294 habe-

112 2327 266 2368 rent.»
303 2318 378 2372 De
414 2318 498 2374 his
539 2319 656 2375 fuse
689 2322 904 2378 disserit
949 2325 1184 2382 lrenaaus
1224 2327 1336 2383 fere
1378 2344 1408 2382 a
1458 2345 1576 2399 cap.
1622 2333 1657 2388 5

112 2423 255 2476 usque
280 2411 343 2464 ad
376 2409 467 2475 20,
501 2415 594 2466 sed
625 2415 726 2468 hoc
755 2418 1074 2485 praesertim.
1104 2418 1227 2475 Haec
1253 2421 1435 2476 omnia
1463 2425 1652 2479 eodem

109 2499 384 2557 collimant.
416 2501 622 2572 Nempe
665 2521 789 2560 cum
820 2509 1155 2572 probandum
1190 2514 1290 2567 sibi
1320 2516 1655 2584 suscepisset

109 2601 304 2645 sanctus
327 2593 538 2657 doctor,
557 2611 717 2649 unttm
735 2608 789 2651 et
813 2602 1060 2655 eumdem
1085 2619 1209 2658 esse
1235 2606 1517 2676 utriusque
1548 2607 1654 2663 Te-

110 2683 335 2736 stameoti
363 2694 921 2756 auctorem,ostendit
946 2711 1108 2748 unum
1135 2700 1455 2754 etcumdem
1485 2702 1652 2757 Deum

106 2773 358 2828 hominum
391 2791 610 2849 semper
637 2783 798 2837 saluti
829 2787 1170 2842 consuluisse
1216 2806 1280 2846 ac
1316 2793 1648 2862 providisse:

106 2880 247 2920 tutum
282 2876 336 2921 et
364 2870 621 2924 eumdem
674 2871 840 2927 Deum
878 2892 904 2930 a
939 2881 1216 2935 veteribus
1249 2895 1304 2936 et
1335 2885 1494 2938 nobis
1525 2885 1651 2938 ado—

106 2969 259 3012 ratum
319 2960 515 3024 fuisse.
566 2967 812 3020 eamdem
872 2968 1036 3022 fuisse
1090 2981 1332 3026 veterum
1383 2975 1542 3030 fidem
1599 2986 1653 3031 et

102 3061 355 3117 nostram;
399 3069 592 3110 omnes
627 3057 838 3112 Veteris
865 3058 1198 3117 Testamenti
1242 3066 1556 3135 pr0phetias
1595 3077 1652 3124 et

100 3144 274 3210 tignras
313 3147 364 3200 in
399 3163 566 3201 unum
611 3158 664 3203 et
695 3152 944 3206 eumdem
976 3154 1255 3211 Christum
1291 3157 1425 3215 Novi
1456 3160 1648 3218 Testa-

99 3235 242 3288 meuti
296 3240 651 3294 mediatorem
707 3242 1075 3312 conspirasse,
1107 3262 1170 3302 ac
1197 3251 1425 3317 proinde
1473 3270 1642 3308 unum
1669 3275 1714 3336 ρ

95 3335 140 3377 et
163 3331 404 3384 eumdem
443 3346 567 3386 esse
613 3333 778 3387 Deum
816 3347 871 3389 et
902 3335 1140 3403 Patrem,
1188 3355 1347 3411 quem
1398 3344 1514 3413 ipse
1544 3362 1643 3400 an-

97 3418 362 3486 nuntiavit,
393 3433 448 3476 et
497 3433 685 3478 notum
722 3425 1034 3486 hominibus
1065 3432 1214 3497 fecit,
1267 3451 1368 3491 nec
1397 3438 1641 3495 alterum

93 3520 137 3563 et
168 3513 436 3570 diversum
478 3519 545 3572 ah
576 3534 642 3573 eo
685 3535 847 3589 quem
901 3528 1297 3583 annuntiabant
1340 3533 1641 3600 propheta,

93 3603 168 3670 qui
195 3605 488 3663 adventum
539 3614 655 3685 ejus
691 3617 1101 3686 praecinebant:
1134 3620 1260 3676 hinc
1289 3624 1505 3692 quidem
1541 3625 1642 3679 Pa-

93 3699 205 3744 trem
243 3695 571 3755 invisibilem
606 3696 821 3774 semper
850 3705 1039 3773 fuisse,
1080 3724 1182 3764 nec
1210 3711 1464 3781 cuiquam
1497 3729 1640 3771 mor-

93 3788 256 3844 talium
281 3793 498 3848 datum.
521 3812 758 3866 unquam
796 3797 967 3856 fuisse
995 3803 1179 3858 videre
1208 3808 1636 3876 magnitudinem

87 3880 188 3947 ejus
231 3893 284 3938 et
333 3889 642 3943 mirabilem
683 3892 950 3961 gloriam;
994 3914 1012 3947 ι
1039 3896 1403 3966 incapabilisn
1464 3904 1634 3968 enim,

93 3985 178 4028 tet
227 3978 811 4049 incomprehensibilis,
865 3996 922 4040 et
971 3987 1337 4058 invisibilis";
1378 4005 1474 4050 rat
1498 3997 1634 4050 male

89 4062 193 4118 inde
233 4068 300 4121 ab
352 4071 626 4125 haereticis
675 4073 888 4140 inferri,
944 4076 1183 4140 ignotum
1221 4093 1436 4143 semper
1466 4081 1634 4137 fuisse

87 4154 236 4211 donec
281 4161 573 4215 adveniret
621 4162 892 4220 Christus.
929 4167 1283 4235 ¢”Quoniam
1314 4172 1406 4240 qui
1447 4175 1629 4226 omnia

85 4245 126 4298 in
148 4250 392 4305 omnibus
415 4264 696 4322 operatur,
719 4255 858 4312 Deus
883 4268 987 4321 est,
1004 4261 1180 4328 qualis
1203 4270 1256 4315 et
1275 4251 1508 4331 quantus
1527 4276 1630 4331 est,

86 4336 346 4425 invisibilis
390 4352 448 4397 et
492 4344 874 4404 inenarrabilis
900 4360 982 4405 est
1007 4352 1274 4417 omnibus,
1306 4370 1427 4425 qua:
1464 4357 1532 4411 ab
1566 4373 1631 4413 eo

83 4422 197 4482 facta
228 4443 386 4501 sunt;
412 4434 722 4506 incognitus
747 4453 1112 4508 nequaquam.
1130 4461 1157 4493 -›
1190 4422 1353 4500 Ratio
1374 4456 1475 4512 est,
1501 4448 1629 4516 quia

85 4526 284 4578 «omnia
321 4543 426 4597 per
479 4529 712 4585 Verbum
768 4529 885 4599 ejus
913 4531 1153 4601 discunt,
1202 4538 1327 4605 quia
1366 4550 1449 4598 est
1491 4557 1629 4596 unus

1772 667 2110 730 minahilem,
2160 676 2418 736 quantum
2462 666 2526 718 ad
2580 680 2679 718 nos
2729 674 2832 730 est,
2862 661 3142 730 cegnoscit
3170 675 3326 714 suum

1771 758 1937 826 ipsius
1977 755 2242 823 Verbum;
2275 766 2478 811 etcum
2504 756 2575 810 sit
2605 755 3003 818 inenarrabilis,
3033 753 3144 822 ipse
3168 768 3329 808 enar-

1766 860 1849 904 rat
1890 852 2078 915 nobis;
2127 866 2345 905 rursum
2376 859 2559 905 autem
2593 849 2830 904 Verbum
2867 864 3021 903 suum
3059 848 3207 904 solus
3237 863 3328 901 eo-

1764 945 1974 1013 gnoscit
2001 944 2178 998 Pater.
2204 962 2222 995 ›
2252 943 2365 998 Non
2406 943 2582 997 minus
2609 957 2738 1009 ergo
2773 941 3060 1006 invisibile,
3092 949 3147 994 et
3176 939 3328 994 inde-

1767 1034 2132 1098 terminabile,
2154 1043 2209 1088 et
2238 1033 2602 1090 inenarrabile
2639 1043 2743 1097 est,
2786 1050 2804 1084 ι
2831 1042 3090 1100 quantum
3119 1033 3186 1086 ad
3227 1045 3327 1084 nos

1763 1133 1867 1188 est,
1898 1143 1916 1175 ι
1949 1124 2121 1192 ipsqu
2159 1124 2390 1178 Verbum
2421 1140 2584 1191 quant
2613 1122 2802 1190 Pater,
2828 1139 2950 1178 cum
2976 1139 3006 1177 a
3031 1122 3144 1178 solo
3166 1120 3328 1175 Patre

1763 1224 2024 1284 quantum
2071 1224 2156 1270 est
2181 1255 2196 1280 ,
2250 1225 2616 1286 cognoscatur
2646 1230 2662 1266 :
2698 1233 2715 1265 ι
2744 1214 3014 1270 invisibile
3052 1215 3275 1275 etenim,
3303 1232 3323 1264 ι

1765 1316 1821 1360 ut
1850 1308 2008 1375 paulo
2035 1317 2158 1375 post
2185 1309 2282 1374 ait,
2317 1327 2335 1359 ι
2363 1307 2482 1362 Filii
2529 1307 2722 1375 Pater;
2751 1327 2768 1359 ι
2806 1323 2930 1363 nam
2982 1323 3100 1376 quae
3133 1317 3324 1362 natura

1762 1398 1940 1454 Patris
1969 1409 2072 1467 est,
2107 1401 2296 1454 eadem
2347 1410 2400 1455 et
2443 1401 2598 1468 Filii;
2634 1403 2917 1468 utriusque
2947 1402 3240 1456 secundum
3269 1417 3328 1454 se

1762 1491 2052 1545 invisibilis
2086 1501 2189 1546 est.
2218 1491 2282 1545 Et
2303 1506 2428 1560 cap.
2454 1491 2548 1555 24,
2575 1508 2628 1545 n.
2657 1491 2713 1556 9,
2745 1501 2934 1562 aperte
2963 1494 3140 1555 docet,
3168 1508 3188 1542 t
3207 1505 3327 1546 esse
3415 1483 3418 1492 ’

1763 1597 1927 1635 unum
1962 1582 2151 1647 Deum,
2184 1584 2277 1652 qui
2314 1593 2398 1638 est
2429 1598 2590 1652 super
2612 1598 2830 1637 omnem
2857 1583 3247 1651 principatum,
3274 1593 3328 1638 et

1760 1674 2182 1728 dominationem
2257 1685 2312 1730 et
2361 1684 2710 1745 potestatem,
2744 1673 3030 1747 [CXXXII]
3080 1683 3133 1730 et
3165 1689 3328 1728 omne

1761 1783 1954 1822 nomen
1987 1769 2130 1837 quod
2163 1770 2480 1823 nominatur
2505 1787 2519 1823 :
2548 1779 2602 1825 et
2626 1768 2788 1836 hujus
2811 1768 3066 1833 Verbum,
3101 1777 3315 1822 natura-

1761 1859 1883 1914 liter
1911 1861 2124 1928 quidem
2158 1860 2504 1925 invisibilem,
2533 1862 2856 1932 palpabilem
2881 1870 2937 1915 et
2966 1860 3236 1916 visibilem
3270 1862 3319 1915 in

1761 1948 2088 2016 hominibus,
2120 1960 2174 2005 et
2205 1966 2375 2019 usque
2403 1951 2470 2005 ad
2504 1961 2734 2007 mortem
2772 1952 3142 2017 descendisse,
3176 1967 3324 2007 mor-

1761 2048 1864 2093 tem
1893 2055 2073 2095 autem
2106 2045 2302 2099 crucis.
2333 2062 2351 2096 ι
2389 2045 2445 2098 Si
2476 2045 2642 2115 igitur
2670 2047 2961 2101 videndum
2998 2060 3056 2099 se
3088 2045 3324 2115 praebuit

1756 2132 2000 2188 divinum
2029 2133 2281 2202 Verbum,
2322 2153 2430 2193 non
2455 2147 2603 2192 certe
2641 2138 2693 2192 in
2724 2139 2838 2207 ipsa
2887 2148 3080 2192 natura
3114 2153 3211 2192 sua
3244 2137 3326 2193 di-

1756 2223 1878 2276 vina
1909 2233 1963 2278 et
1995 2225 2272 2292 invisibili,
2301 2229 2394 2282 sed
2420 2237 2631 2282 tantum
2661 2228 2715 2282 itt
2740 2227 2931 2282 alienis
2958 2237 3013 2282 et
3035 2227 3327 2296 assumptis

1758 2313 1946 2370 formis
1971 2326 2024 2371 et
2051 2320 2359 2386 speciebus.
2390 2317 2448 2372 Id
2485 2318 2604 2374 fuse
2632 2321 2827 2388 probat
2854 2334 2977 2388 cap.
3004 2318 3094 2384 20,
3126 2335 3180 2372 n.
3210 2319 3244 2374 9
3269 2330 3327 2374 et

1756 2423 1934 2479 seqq.,
1980 2410 2067 2465 ubi
2106 2413 2420 2479 expendens
2447 2427 2510 2467 ea
2556 2413 2720 2467 divini
2756 2411 2919 2466 Verbi
2963 2413 3029 2466 ad
3081 2410 3322 2483 Moysen,

1754 2520 1876 2558 eum
1904 2519 2013 2572 quo
2043 2503 2390 2574 loquebatur,
2416 2507 2580 2559 verba
2612 2519 2627 2558 :
2661 2505 2758 2559 Sta
2788 2507 2840 2558 in
2870 2505 2984 2560 loco
3006 2506 3114 2559 alto
3139 2516 3322 2576 petra,

1754 2606 1802 2648 et
1836 2611 1993 2649 manu
2021 2613 2133 2649 mea
2165 2609 2433 2667 contegam
2457 2613 2615 2666 super
2645 2605 2712 2651 te.
2745 2597 2968 2664 Quando
3000 2615 3118 2652 vero
3146 2607 3324 2673 transf

1754 2689 1873 2743 ierit
1907 2686 2119 2742 claritas
2165 2705 2298 2751 mea,
2334 2699 2456 2742 tunc
2488 2689 2685 2743 videbis
2713 2706 2833 2760 qua:
2871 2702 2990 2744 sunt
3023 2692 3319 2760 posteriora

1752 2800 1902 2844 mea;
1933 2784 2097 2852 facies
2121 2797 2289 2838 autem
2325 2802 2438 2839 mea
2473 2803 2574 2841 non
2607 2788 2866 2842 videbitur
2893 2788 3019 2853 tibi;
3051 2805 3154 2843 non
3179 2790 3319 2843 enim

1752 2880 1888 2931 videt
1916 2865 2066 2931 homo
2090 2879 2277 2946 faciem
2310 2897 2499 2945 meam,
2529 2891 2574 2934 et
2600 2883 2728 2936 vivet
2749 2882 2828 2949 ³⁹;
2854 2883 2948 2948 ait,
2977 2892 3209 2952 utraque
3239 2884 3321 2939 his

1749 2970 2074 3038 significari,
2114 2989 2132 3022 ι
2157 2972 2412 3040 quoniam
2449 2983 2506 3027 et
2547 2972 2899 3042 impossibilis
2932 2985 3018 3030 est
3052 2975 3214 3030 homo
3244 2979 3322 3030 vi-

1750 3065 1881 3119 dere
1929 3065 2118 3131 Deum,
2165 3075 2218 3120 et
2268 3066 2526 3134 quoniam
2571 3081 2668 3135 per
2716 3067 3056 3137 Sapientiam
3086 3069 3195 3139 .Dei
3264 3071 3316 3123 in

1750 3156 2064 3215 novissimis
2094 3157 2428 3226 temporibus
2467 3159 2668 3214 videbit
2699 3174 2822 3214 eum
2858 3161 3024 3216 homo
3055 3163 3108 3217 in
3137 3161 3318 3217 altitu-

1749 3247 1875 3303 dine
1902 3259 2087 3317 petrae,
2123 3251 2226 3305 hoc
2255 3260 2340 3305 est
2365 3250 2437 3317 _in
2471 3266 2536 3305 eo
2565 3253 2656 3320 qui
2694 3261 2780 3307 est
2818 3255 3115 3309 secundum
3149 3255 3324 3310 homi-

1753 3355 1873 3394 nem
1903 3341 2021 3409 ejus
2062 3343 2319 3397 adventu.
2345 3361 2364 3395 ι
2403 3341 2556 3398 Tunc
2599 3359 2728 3414 ergo
2763 3347 3032 3401 duntaxat
3073 3347 3315 3402 divinum

1751 3433 1986 3497 Verbum
2043 3432 2182 3489 facie
2237 3435 2303 3488 ad
2345 3434 2542 3490 faciem
2593 3435 2768 3490 visum
2816 3451 2938 3494 esse
2984 3448 3159 3508 putat,
3189 3454 3313 3495 cum

1747 3525 2041 3580 humanam
2098 3525 2201 3580 sibi
2264 3538 2515 3580 naturam
2566 3527 2879 3598 assumpsit,
2930 3530 3315 3598 propriamque

1745 3615 1851 3670 sibi
1884 3614 2030 3670 fecit.
2067 3613 2202 3670 llinc
2244 3618 2539 3681 concludit,
2589 3636 2607 3669 ι
2637 3633 2740 3672 ηοη
2786 3618 3066 3675 manifeste
3138 3619 3312 3687 ipsam

1745 3704 1938 3760 faciem
1971 3705 2066 3760 Dei
2106 3708 2306 3773 vidisse
2347 3711 2668 3779 prophetas,
2704 3710 2800 3765 sed
2836 3711 3227 3780 dispositiones
3258 3720 3312 3765 et

1744 3797 2025 3867 mysteria,
2069 3811 2165 3865 per
2205 3813 2327 3867 quae
2365 3797 2629 3866 inciperet
2657 3800 2818 3853 homo
2843 3799 3027 3853 videre
3058 3797 3248 3863 Deum,
3285 3817 3304 3848 ι

1745 3899 1804 3942 ut
1836 3888 1903 3942 iis
1927 3887 2186 3956 paulatim
2212 3895 2555 3944 assuesceret
2588 3890 2748 3944 homo
2774 3889 2840 3942 ad
2867 3889 3155 3944 videndmn
3183 3903 3308 3943 eum

1743 3997 1966 4036 carnem
1998 3981 2221 4036 factum.
2256 3981 2321 4035 Et
2350 3989 2569 4051 postea:
2594 3980 2803 4050 «igitur
2833 3981 2876 4035 si
2903 3995 3079 4050 neque
3096 3978 3310 4050 Moyses

1742 4077 1877 4130 vidit
1907 4075 2095 4140 Deum,
2142 4090 2242 4131 nec
2280 4075 2450 4140 Elias,
2481 4085 2580 4129 nec
2608 4074 2882 4137 Ezechiel,
2914 4075 3004 4143 qui
3043 4073 3211 4127 multa
3242 4073 3308 4125 de

1739 4167 2051 4222 ctelestibus
2076 4167 2363 4234 viderunt;
2394 4180 2512 4236 quae
2544 4176 2725 4221 autem
2750 4167 2819 4220 ab
2846 4165 2930 4220 his
2960 4165 3308 4227 videbantur,

1739 4269 1898 4315 erant
1922 4260 2310 4316 similitudines
2350 4258 2618 4313 claritatis
2659 4257 2896 4322 Domini,
2925 4266 2980 4311 et
3007 4257 3310 4325 prophetia:

1739 4352 2045 4408 futurorum
2079 4371 2092 4408 :
2124 4351 2470 4406 manifestum
2518 4359 2625 4414 est,
2675 4351 2936 4420 quoniam
2970 4349 3132 4404 Pater
3180 4349 3304 4417 qui-

1736 4446 1857 4500 dem
1891 4443 2174 4500 invisibilis
2205 4452 2308 4506 est,
2341 4443 2407 4498 de
2431 4457 2538 4511 quo
2572 4452 2627 4497 et
2657 4441 2919 4497 Dominus
2945 4440 3305 4495 dixit:Deum

1736 4554 1886 4592 nemo
1910 4538 2036 4591 vidit
2065 4536 2388 4604 unquam“:
2412 4536 2648 4593 Verbum
2677 4547 2856 4590 autem
2884 4532 3023 4603 ejus,
3042 4535 3302 4602 quemad-

81 4609 199 4669 Deus
267 4615 460 4685 Pater,
497 4621 587 4689 qui
617 4622 860 4677 continet
885 4624 1084 4691 omnia,
1127 4635 1184 4679 et
1219 4628 1471 4684 omnibus
1511 4647 1632 4686 esse
1661 4613 1710 4672 Ῑ)
1741 4627 1957 4683 modum
1990 4627 2203 4680 volebat
2231 4629 2366 4698 ipse,
2397 4638 2453 4684 et
2481 4629 2550 4683 ad
2600 4629 2890 4683 utilitatem
2941 4629 3302 4691 credentium,

81 4715 291 4772 praestat,
326 4711 784 4778 quemadmodum
817 4715 869 4767 in
905 4715 1196 4786 Evangelio
1221 4719 1483 4789 scriptum
1509 4736 1628 4778 est:

79 4793 217 4852 Deum
253 4817 404 4855 nemo
456 4802 579 4856 vidit
633 4820 885 4874 unquam,
937 4807 1040 4861 nisi
1096 4811 1397 4880 unigenitus
1430 4811 1628 4882 Filius,

76 4889 145 4953 qui
174 4903 242 4944 est
285 4895 341 4946 in
393 4894 518 4947 sinu
553 4892 727 4948 Patris
758 4913 777 4950 :
806 4898 912 4964 ipse
940 4902 1205 4954 enarravit
1225 4902 1294 4957 ³⁷.
1337 4922 1356 4956 ι
1391 4903 1624 4961 Enarrat

78 4996 185 5052 ergo
219 4987 285 5039 ab
325 4985 492 5040 initio
522 4985 691 5041 Filius
740 4987 943 5054 Patris,
998 4993 1195 5061 quippe
1230 4996 1320 5064 qui
1353 5002 1422 5051 ab
1466 4999 1624 5054 initio

71 5078 436 5134 estcumPatre
451 5079 517 5131 ³⁸.
543 5098 560 5130 ι
586 5078 694 5134 Cur
720 5090 900 5136 autem
937 5084 1026 5137 uni
1067 5083 1242 5141 Verbo
1288 5091 1622 5157 provinciam

73 5164 188 5221 hanc
209 5170 511 5224 demandat
532 5171 781 5238 lrenaeus,
814 5186 871 5229 ut
899 5192 958 5231 se
984 5187 1038 5233 et
1066 5178 1288 5235 Patrem
1329 5197 1485 5237 suum
1521 5200 1620 5239 no-

74 5268 162 5313 tum
190 5262 443 5320 faceret?
470 5264 582 5319 Cur
605 5282 767 5321 unum
800 5267 1036 5326 Verbum
1066 5275 1356 5332 videndum
1391 5291 1450 5331 se
1475 5292 1616 5346 prte-

67 5348 246 5418 bui‘sse,
277 5353 450 5410 Patre
480 5370 696 5426 semper
724 5357 982 5416 invisibili
1027 5375 1301 5432 manente,
1331 5377 1440 5421 tam
1485 5385 1620 5424 con-

69 5455 250 5502 stanter
307 5449 587 5503 aﬂirmat?
631 5451 712 5505 An
759 5454 900 5523 quod
948 5454 1038 5509 vel
1090 5457 1402 5514 inferiorem
1457 5460 1618 5519 Patre

68 5537 335 5596 crediderit
355 5541 585 5605 Filium,
609 5543 690 5597 vel
715 5555 904 5600 natura
923 5561 1019 5601 sua
1038 5547 1184 5605 hunc
1209 5551 1616 5620 aspectabilem,

67 5628 218 5687 potius
237 5646 406 5700 quam
455 5631 627 5698 illum,
665 5636 961 5692 arbitratus
988 5638 1099 5694 sit?
1131 5640 1292 5711 Atqui
1327 5642 1376 5695 id
1407 5643 1614 5699 diserte

122 5825 155 5852 3"
183 5833 301 5884 Lib.
337 5845 419 5891 tv,
456 5847 506 5886 c.
540 5833 633 5896 20,
669 5837 779 5890 ηδτ.

73 5893 136 5944 Η.
208 5902 226 5929 ³
285 5900 348 5956 Ν.
396 5901 452 5956 7.
531 5905 578 5936 δν
616 5893 782 5963 Exod.
825 5893 1268 5975 xxxttt.‘19,:2ii.

877 5839 920 5869 ³⁸
945 5840 1075 5910 Cap.
1106 5842 1194 5914 i2,
1231 5859 1282 5898 n.
1326 5845 1374 5897 ιι.
1453 5843 1496 5874 ³⁸
1528 5846 1689 5900 Exod.
1740 5864 1818 5914 Ill,
1855 5851 1904 5914 7,
1940 5851 1991 5907 8.

1353 5916 1394 5946 κί’
1434 5915 1591 5972 1min.
1625 5935 1662 5985 l,
1698 5920 1778 5973 18.

1729 4721 2036 4776 claritatem
2068 4721 2406 4777 monstrabat
2446 4718 2649 4787 Patris,
2694 4729 2751 4774 et
2789 4721 3176 4789 dispositiones
3208 4734 3305 4774 ex-

1728 4813 2098 4880 ponebat......
2135 4828 2238 4868 non
2273 4813 2325 4866 in
2364 4827 2471 4866 una
2505 4813 2699 4882 figura,
2733 4826 2835 4866 nec
2868 4813 2926 4866 in
2959 4826 3069 4866 uno
3108 4811 3303 4866 chara-

1725 4919 1877 4961 ctere
1903 4907 2191 4962 videbatur
2216 4905 2526 4962 videntibus
2555 4921 2702 4971 eum,
2730 4906 2828 4960 sed
2860 4906 3158 4960 secundum
3189 4905 3303 4959 dis-

1727 5000 2106 5068 pensationum
2139 4998 2256 5067 ejus
2297 5013 2490 5054 causas
2526 5009 2582 5053 et
2610 4997 2928 5053 ellicaciam.
2958 5017 2977 5051 ι
3013 4998 3178 5066 Quasi
3211 4999 3299 5053 di-

1726 5101 1876 5145 ceret
1907 5107 1921 5145 :
1954 5091 2011 5145 Si
2062 5106 2236 5161 neque
2279 5090 2511 5162 Moyses,
2550 5105 2726 5161 neque
2753 5091 2922 5157 Elias,
2955 5106 3134 5160 neque
3157 5092 3297 5147 Eze-

1728 5184 1901 5246 chiel,
1961 5198 2138 5252 neque
2193 5183 2508 5253 prOphetze,
2559 5185 2883 5253 quibuscum
2945 5183 3299 5239 familiariter

1729 5276 1942 5345 agebat,
1965 5275 2206 5328 divinum
2264 5275 2524 5338 Verbum,
2579 5290 2684 5328 non
2738 5283 2922 5328 tamen
2975 5275 3146 5343 ipsam
3200 5272 3296 5328 Dei

1726 5368 2016 5423 essentiam
2049 5369 2321 5431 viderunt,
2351 5369 2448 5423 sed
2477 5365 2866 5424 similitudines
2898 5369 3162 5424 duntaxat
3183 5368 3299 5424 ela-

1724 5459 1903 5513 ritatis
1935 5460 2148 5512 Domini
2174 5477 2186 5526 ;
2220 5460 2565 5515 manifestum
2594 5468 2698 5524 est,
2722 5461 2975 5528 quoniam
3010 5475 3108 5516 nec
3132 5461 3296 5515 Pater

1725 5552 2027 5605 secundum
2055 5561 2306 5606 naturam
2331 5566 2481 5606 suam
2505 5551 2732 5607 visibilis
2747 5566 2832 5608 eSt
2863 5552 2916 5607 in
2943 5554 3046 5608 hac
3076 5554 3290 5609 mortali

1723 5645 1866 5710 vita;
1904 5660 2003 5698 nec
2035 5642 2266 5700 Verbum
2295 5645 2412 5716 ejus
2439 5649 2490 5701 in
2537 5649 2772 5702 essentia
2819 5663 2916 5703 sua
2951 5647 3289 5717 conspicien-

2676 5852 2719 5881 ³⁸
2746 5851 2809 5905 Ν.
2845 5852 2896 5906 6.

2079 5851 2121 5882 ³⁵
2155 5852 2281 5920 Cap.
2316 5850 2405 5915 ΞΟ,
2455 5868 2505 5905 ιι.
2543 5852 2574 5904 5
2676 5852 2719 5881 ³⁸
2746 5851 2809 5905 Ν.
2845 5852 2896 5906 6.
2977 5853 3018 5882 ³⁷
3051 5849 3204 5905 Joan.
3244 5866 3280 5918 ῖ,
