4196 6330
881 421 981 475 5οἹ

1695 415 2289 474 DISSERTATIONES
2330 413 2628 472 PREVl/E
2659 414 2726 470 ΙΝ
2763 413 3015 472 ΙΒΕΝᾹΞΙ
3054 413 3314 473 LIBROS.

3987 421 4075 475 303

879 543 1002 595 dum
1046 556 1104 597 se
1149 541 1395 612 praebuit,
1445 542 1535 596 sed
1591 541 1642 594 in
1670 543 1816 595 varia
1865 543 2057 612 ﬁgura,
2097 557 2196 595 nec
2244 541 2294 594 in
2326 553 2433 592 uno
2461 541 2506 597 A
2536 549 2779 593 sanctum
2819 539 2870 593 in
2903 547 3063 593 rebus
3085 539 3380 594 condendis
3406 537 3551 594 Patri
3590 541 3959 606 ministrasse;
3992 543 4074 596 ho-

880 635 1221 699 charactere,
1265 635 1559 690 secundum
1603 635 2064 706 dispensationum
2096 634 2212 704 ejus
2239 648 2431 688 causas

876 737 930 780 et
957 727 1272 782 efﬁcaciam.

951 821 1041 874 58.
1083 819 1137 874 ld
1169 835 1298 891 ergo
1322 821 1435 874 vult
1456 820 1691 874 Irenaaus
1718 830 1791 889 tet
1819 822 1907 876 hic
1936 823 2075 892 ejus,
2097 823 2435 892 aliorumque

880 911 1100 965 Patrum
1135 912 1321 968 eadem
1363 928 1485 966 cum
1523 913 1641 982 ipso
1688 915 2069 980 asserentiutn,
2111 925 2164 969 ct
2196 916 2433 971 sentien-

879 1004 1012 1057 tium
1056 1004 1292 1075 scopas),
1326 1003 1538 1058 Patrem
1581 1021 1703 1059 eum
1738 1007 1810 1060 sit
1838 1006 1991 1073 origo
2029 1014 2083 1060 et
2115 1005 2236 1060 fons
2269 1011 2434 1061 totius

877 1097 1236 1152 sanctissimae
1263 1094 1564 1162 Trinitatis,
1594 1113 1624 1151 a
1653 1113 1762 1167 quo
1795 1106 2014 1152 manant
2058 1108 2111 1153 et
2149 1100 2432 1154 mittuntur

877 1189 995 1242 alite
1021 1203 1284 1257 personae,
1317 1190 1493 1258 ipsum
1527 1205 1557 1244 a
1596 1190 1810 1245 nemine
1849 1191 2096 1258 missum,
2128 1192 2305 1247 minus
2337 1192 2433 1246 de-

877 1282 1058 1334 cuisse
1107 1279 1418 1350 frequentes
1447 1281 1584 1346 illas,
1626 1299 1748 1352 quae
1795 1283 1920 1337 olim
1961 1283 2114 1338 factae
2155 1293 2298 1348 sunt,
2336 1283 2430 1339 Dei

878 1373 1216 1442 ἐπιφανείας.
1268 1371 1358 1428 Dei
1405 1373 1620 1443 quidem
1661 1376 1953 1429 bonitatem
2003 1391 2216 1446 semper
2253 1377 2433 1431 decuit

875 1480 1062 1519 norum
1088 1481 1145 1519 se
1168 1465 1344 1534 ipsum
1376 1466 1690 1521 hominibus
1715 1467 1911 1534 facere,
1933 1484 2015 1529 ac,
2042 1479 2302 1540 quantum
2330 1470 2431 1540 ipsi

874 1573 1068 1628 capere
1093 1569 1320 1629 queunt,
1347 1561 1788 1629 conspiciendum
1812 1563 2083 1632 praebere;
2118 1564 2240 1633 quia
2281 1582 2300 1615 ι
2321 1565 2432 1619 vita

876 1652 1114 1708 hominis
1152 1652 1291 1707 visio
1321 1652 1494 1708 Dei“.
1523 1673 1539 1704 ι
1570 1653 1639 1705 Αι
1673 1654 1723 1708 id
1767 1656 2007 1711 muneris
2052 1656 2106 1710 in
2151 1673 2208 1711 se
2253 1657 2430 1710 susci-

875 1759 1001 1811 pere
1055 1743 1249 1798 Filium
1318 1745 1500 1814 potius
1561 1763 1724 1815 quam
1797 1747 2012 1802 Patrem
2078 1749 2428 1818 congruebat.

878 1838 948 1892 Ea
995 1840 1138 1892 enim
1191 1840 1472 1894 hominum
1521 1842 1718 1896 animis
1759 1842 2110 1912 inspergenda
2147 1841 2239 1896 Dei
2290 1843 2431 1896 noti-

875 1933 979 1998 tia,
1033 1932 1450 2004 frequentesque
1500 1937 1603 1990 illae
1657 1935 1749 1989 Dei
1803 1936 2038 1990 visiones
2099 1935 2166 1989 ad
2221 1936 2427 1988 οἰκονο-

874 2025 1002 2094 μίαν
1039 2029 1377 2095 spectabant,
1420 2039 1471 2083 et
1512 2031 1576 2084 ad
1626 2029 1907 2084 utilitatem
1944 2028 2222 2084 hominum
2252 2029 2429 2097 lapso-

873 2133 990 2168 rum
1067 2118 1310 2185 ﬁebant,
1376 2122 1710 2191 totidemque
1788 2123 1982 2175 futura:
2041 2119 2429 2176 incarnationis

869 2208 1032 2262 veluti
1059 2209 1315 2278 praeludia
1346 2221 1520 2264 erant.
1573 2209 1744 2266 Porro
1782 2211 1940 2266 sicuti
1973 2209 2191 2273 Filium,
2223 2207 2363 2277 quod
2397 2222 2428 2260 a

868 2299 1026 2355 Patre
1040 2304 1404 2357 necessariam
1424 2312 1747 2358 etaeternam
1765 2304 2031 2374 originem
2052 2301 2264 2366 habeat,
2282 2299 2426 2370 quod

869 2409 898 2444 a
929 2391 1085 2446 Patre
1112 2403 1272 2448 natus
1301 2394 1393 2457 sit,
1426 2411 1455 2448 a
1485 2396 1645 2449 Patre
1680 2397 1946 2456 mittatur,
1980 2393 2205 2462 ejusque
2227 2392 2427 2462 imago,

869 2478 1039 2547 ﬁgura
1093 2479 1412 2535 substantia
1460 2480 1598 2548 ejus,
1653 2490 1727 2543 et,
1779 2490 1835 2535 ut
1891 2481 2126 2550 loquitur
2154 2482 2410 2552 Irenarus,

864 2571 1062 2637 agnitio
1089 2571 1176 2634 sit,
1229 2584 1446 2623 carnem
1483 2571 1761 2639 suscipere
1794 2571 1975 2625 decuit
2019 2573 2199 2639 potius
2249 2588 2412 2640 quam

862 2661 1370 2730 Patrem,qui,cum
1419 2662 1590 2731 prima
1625 2676 1855 2730 persona
1902 2663 1992 2726 sit,
2047 2679 2074 2716 a
2116 2665 2258 2718 nulla
2306 2667 2411 2719 alia

859 2754 938 2807 vel
964 2755 1159 2818 oritur,
1189 2754 1271 2809 vel
1300 2754 1557 2819 mittitur;
1595 2756 1676 2809 sic
1708 2755 1903 2810 Filium
1929 2757 2101 2825 magis
2127 2773 2286 2826 quam
2315 2758 2413 2812 Pa-

858 2854 998 2898 trem
1026 2845 1209 2899 decuit
1238 2845 1611 2914 frequentibus
1635 2846 1741 2900 illis
1759 2847 2191 2918 apparitionibus
2222 2852 2413 2904 futura:

856 2937 1216 2992 incarnationi
1269 2955 1380 2994 suae
1425 2940 1764 3009 praeludere,
1813 2943 2223 3012 hominumque,
2274 2958 2410 3012 quos

856 3028 1108 3097 deinceps
1140 3033 1402 3100 sanguine
1433 3048 1529 3086 suo
1555 3033 1931 3103 redempturus
1954 3046 2092 3100 erat,
2120 3037 2312 3091 salutis
2342 3038 2408 3091 ab

855 3126 1006 3177 initio
1034 3139 1218 3177 curam
1251 3139 1456 3194 gerere.
1482 3125 1664 3196 Neque
1687 3129 1829 3181 enim
1864 3130 2001 3183 hanc
2036 3139 2143 3184 tum
2173 3132 2406 3198 primum

2537 633 2735 688 minem
2769 633 3136 699 factumesse,
3182 634 3343 689 Patre
3387 635 3605 703 quidem
3649 636 3785 692 bene
3823 638 4075 695 sentiente

2535 734 2587 780 et
2619 727 2861 794 juhente,
2893 727 3032 781 Filio
3059 743 3190 782 vero
3237 728 3579 783 ministrante
3605 737 3657 784 et
3683 729 3930 798 iubente;
3968 733 4074 802 Spi-

2536 817 2637 872 ritu
2668 828 2844 874 autem
2874 820 3166 882 nutriente,
3200 830 3255 874 et
3298 832 3548 892 augente,
3579 831 3631 877 et
3671 824 3772 878 alia
3806 825 4073 893 ejusmodi.

2535 909 2739 981 Nempe
2762 915 2922 967 Pater
2935 913 3072 968 Filio
3087 923 3138 967 et
3154 913 3376 982 Spiritui
3395 916 3812 988 sanctojubetac
3828 918 4074 987 praecipit,

2537 1021 2645 1061 non
2679 1015 2940 1075 tanquam
2972 1007 3221 1075 superior
3253 1023 3315 1062 ac
3348 1009 3606 1066 Dominus
3643 1010 3991 1068 inferioribus
4023 1030 4076 1069 ac

2513 1098 2783 1163 subditis,
2798 1099 2889 1154 sed
2906 1108 3159 1166 tanquam
3176 1099 3397 1168 aequalis
3409 1101 3725 1169 requalibus,
3739 1104 4079 1158 consubstan-

2535 1192 2678 1246 tialis
2707 1193 3281 1253 consubstantialibus,
3327 1203 3629 1248 coaeternus
3648 1197 3947 1262 coailernis,
3972 1198 4078 1251 sine

2533 1284 2728 1354 quibus
2744 1283 2923 1338 facere
2938 1283 3068 1338 nihil
3084 1294 3257 1352 potest
3279 1301 3293 1347 ;
3316 1285 3422 1338 imo
3442 1284 3577 1339 Filio
3595 1285 3886 1356 etSpiritui
3903 1298 4077 1342 sancto

2531 1375 2763 1444 imperat
2794 1375 2974 1440 Pater,
3002 1385 3257 1444 tanquam
3287 1377 3389 1432 sibi
3420 1377 3540 1447 ipsi.
3570 1378 3754 1448 Neque
3781 1381 3922 1433 enim
3951 1379 4078 1434 alias

2534 1466 2727 1520 Filium
2779 1476 2834 1521 et
2879 1466 3140 1537 Spiritum
3195 1479 3443 1524 sanctum
3494 1486 3523 1523 a
3572 1470 3732 1525 Patre
3781 1471 4075 1540 distinguit,

2529 1573 2688 1626 quam
2731 1573 2964 1628 persona
2999 1567 3054 1613 et
3089 1555 3460 1626 subsistentia,
3492 1577 3596 1617 non
3633 1570 3779 1616 certe
3811 1574 4005 1617 natura
4032 1574 4081 1617 et

2527 1652 2852 1714 substantia,
2893 1666 3052 1721 quam
3085 1667 3245 1706 unam
3272 1663 3324 1706 et
3353 1654 3596 1708 eamdem
3629 1656 3680 1709 in
3714 1655 3884 1710 tribus
3914 1671 4079 1724 agno-

2526 1744 2631 1798 scit
2676 1755 2731 1797 et
2773 1744 3084 1799 conﬁtetur.
3138 1743 3192 1799 ld
3243 1746 3387 1798 clare
3432 1759 3485 1800 et
3521 1747 3722 1815 absque
3768 1746 4081 1817 ambagibus

2526 1837 2861 1892 demonstrat
2897 1837 2992 1892 lib.
3038 1853 3098 1899 ll,
3133 1853 3183 1891 c.
3212 1837 3301 1901 50,
3331 1853 3385 1890 n.
3418 1838 3470 1903 9,
3504 1838 3730 1907 aliisque
3757 1839 3890 1893 locis
3916 1840 4026 1907 jam
4052 1855 4076 1890 a

2525 1929 2681 1984 nobis
2737 1931 2940 1985 citatis.
2975 1929 3107 1984 lllttd
3156 1930 3293 1984 ver’o'
3337 1930 3705 1986 ministerium
3741 1935 3883 2002 quod
3931 1932 4078 1986 Patri

2522 2022 2817 2092 praestitere
2852 2021 3022 2076 Filius
3052 2033 3106 2078 et
3134 2023 3367 2092 Spiritus
3397 2033 3635 2088 sanctus,
3658 2039 3820 2094 quam
3845 2025 4079 2078 immen—

2523 2129 2640 2168 sum
2689 2113 2757 2168 ab
2803 2127 2868 2167 eo
2911 2112 3099 2176 distet,
3134 2113 3275 2183 quod
3309 2113 3391 2166 vel
3425 2113 3701 2168 minimam
3732 2113 4084 2181 subiectionis

2522 2221 2587 2262 ac
2617 2204 2897 2261 servitutis
2946 2203 3194 2259 umbram
3239 2205 3547 2274 adiunctam
3595 2205 3813 2270 habeat,
3859 2205 4082 2259 demon-

2520 2306 2659 2353 strat
2700 2297 2757 2354 S.
2791 2299 2982 2352 doctor
3006 2299 3103 2353 lib.
3142 2316 3215 2366 tv,
3246 2316 3296 2356 c.
3332 2303 3382 2366 7,
3439 2317 3494 2355 ιι.
3524 2299 3576 2361 4,
3627 2300 3718 2353 ubi
3762 2299 3894 2352 illud
3923 2309 4081 2354 vocat

2523 2409 2539 2440 ι
2571 2392 2846 2459 copiosum
2882 2401 2935 2446 et
2980 2392 3341 2447 inenarrabile
3386 2392 3766 2447 ministerium.
3811 2390 4082 2445 Ministrat

2517 2485 2658 2540 enim
2685 2488 2755 2549 ei,
2777 2505 2795 2537 ι
2833 2487 3002 2551 addit,
3041 2505 3058 2536 ι
3081 2487 3367 2558 progenies
3394 2496 3445 2539 et
3478 2483 3727 2554 ﬁguratio
3756 2498 3879 2542 sua,
3914 2482 3964 2534 id
4000 2489 4079 2532 est

2518 2576 2690 2630 Filius
2735 2587 2788 2630 et
2839 2574 3076 2644 Spiritus
3125 2586 3374 2636 sanctus,
3404 2574 3643 2647 Verbum
3674 2580 3730 2624 et
3773 2567 4079 2637 Sapientia,

2516 2671 2712 2739 quibus
2750 2671 3015 2733 serviunt,
3055 2679 3108 2722 et
3159 2666 3382 2735 subjecti
3419 2677 3543 2721 sunt
3595 2678 3788 2718 omnes
3828 2661 4029 2731 angeli.
4057 2682 4073 2707 ι

2515 2763 2607 2818 Sic
2631 2778 2760 2832 ergo
2785 2763 3094 2816 ministrant
3121 2762 3269 2816 Patri
3297 2760 3466 2815 Filius
3492 2768 3546 2814 et
3569 2759 3804 2828 Spiritus
3833 2765 4078 2820 sanetus,

2516 2868 2574 2910 ut
2616 2854 2978 2910 ministerium
3013 2854 3140 2908 illud
3175 2853 3539 2908 inenarrabile
3568 2853 3654 2914 sit,
3691 2859 3744 2905 et
3792 2849 4014 2902 inﬁnito
4050 2862 4080 2898 a

2515 2965 2574 3004 se
2606 2956 2883 3003 removeat
2917 2949 3203 3002 intervallo
3233 2948 3378 3001 ideas
3427 2960 3635 3008 omnes,
3692 2958 3828 3011 quas
3873 2941 3925 2993 in
3977 2941 4084 2993 hu-

2515 3042 2688 3096 manis
2727 3040 3009 3110 adiunctas
3058 3055 3241 3094 secum
3276 3040 3458 3096 habet.
3508 3039 3597 3093 Sic
3652 3036 3991 3097 ministrant,
4027 3039 4083 3084 ut

2512 3134 2652 3189 alter
2698 3135 2768 3188 sit
2817 3135 2930 3202 ipsa
2983 3132 3268 3203 progenies
3320 3131 3523 3196 Patris,
3565 3129 3705 3182 alter
3743 3125 4008 3197 ﬁguratio
4031 3131 4086 3177 et

854 3220 1108 3287 suscepit,
1134 3235 1254 3274 cum
1288 3221 1338 3274 in
1371 3236 1536 3275 carne
1575 3222 1786 3282 mortali
1818 3224 2055 3290 advenit,
2087 3235 2140 3278 ut
2186 3241 2290 3280 non
2324 3243 2410 3281 se-
2435 3235 2476 3292 c
2514 3224 2689 3293 imago
2722 3223 2846 3277 Filii
2933 3224 3096 3288 (hanc
3138 3223 3280 3277 enim
3327 3237 3534 3288 vocem,
3571 3220 3817 3289 ﬁguratio
3849 3234 3976 3278 sua,
4019 3214 4084 3266 ad

854 3313 956 3365 mel
982 3313 1240 3366 Irenaeum
1285 3312 1550 3367 dicentem
1586 3314 1906 3377 audivimus,
1940 3316 2031 3369 sed
2076 3318 2142 3371 ah
2173 3317 2328 3370 initio
2357 3328 2410 3372 et

851 3405 919 3457 ah
954 3403 1189 3457 hominis
1219 3405 1387 3472 lapsu.
1419 3403 1542 3459 Ideo
1579 3421 1710 3460 vero
1738 3408 1802 3458 ab
1843 3408 1994 3461 initio
2035 3409 2100 3462 de
2132 3411 2403 3464 hominum

851 3498 1025 3552 salute
1071 3498 1338 3553 sollicitus
1385 3498 1485 3552 fuit
1532 3499 1722 3566 Filius,
1764 3516 1826 3554 ac
1857 3506 2017 3556 toties
2048 3503 2100 3554 in
2131 3504 2402 3572 publicum

850 3590 1230 3649 manifestandi
1262 3601 1371 3645 tum
1418 3591 1614 3659 Patris,
1632 3593 1846 3648 tumsui
1871 3595 2038 3662 ipsius
2066 3611 2255 3662 causa,
2291 3599 2404 3650 vel-

847 3684 924 3736 uti
956 3683 1180 3751 prodiit,
1209 3682 1332 3750 quia
1375 3697 1436 3736 ea
1480 3694 1598 3738 erat
1649 3685 1895 3740 voluntas
1935 3688 2129 3742 Patris.
2169 3707 2187 3741 ι
2212 3691 2402 3745 Omnia

850 3785 1030 3828 autem
1081 3772 1247 3829 Filius
1274 3774 1665 3829 administrans
1696 3774 1840 3829 Patri
1887 3779 2098 3846 perﬁcit
2139 3781 2205 3835 ab
2245 3784 2404 3837 initio

848 3884 1015 3936 usque
1039 3868 1105 3921 ad
1139 3866 1322 3931 ﬁnem,
1353 3875 1405 3919 et
1435 3867 1551 3920 sine
1580 3868 1670 3922 illo
1694 3884 1849 3923 nemo
1879 3880 2054 3940 potest
2077 3887 2405 3943 cognoscere

838 3955 1023 4023 Itcnm;
1050 3980 1065 4009 ι
1084 3969 1168 4012 et:
1191 3959 1656 4028 bonumplacitum
1676 3961 1852 4016 Patris
1883 3964 2054 4019 Filius
2087 3967 2397 4034 perﬁcit".i

847 4051 901 4104 Si
948 4063 1125 4105 autem
1173 4054 1239 4105 ab
1296 4053 1498 4107 lrenaio
1528 4071 1760 4123 quzeras,
1787 4071 1884 4110 cur
1909 4058 2089 4111 omnia
2138 4060 2402 4115 adminis-

843 4155 996 4198 trans
1021 4145 1186 4207 Patri,
1216 4145 1522 4215 bonumque
1554 4145 1808 4214 placitum
1854 4148 2031 4203 Patris
2061 4150 2230 4203 Filius
2281 4169 2403 4218 per-

842 4236 1010 4300 ﬁciat,
1046 4239 1312 4292 rationem
1348 4227 1487 4293 hanc
1518 4256 1640 4294 cum
1663 4240 1956 4298 Catholicis
1984 4244 2236 4298 omnibus
2273 4245 2402 4298 alle-

840 4341 963 4382 rct:
999 4349 1016 4380 ι
1040 4330 1203 4385 Mittit
1234 4332 1375 4386 enim
1404 4332 1587 4397 Pater,
1641 4334 1876 4388 mittitur
1930 4345 2108 4390 autem
2162 4349 2218 4390 et
2253 4340 2403 4393 venit

839 4423 1029 4478 Filius.
1064 4445 1082 4476 ι
1121 4425 1312 4480 Filium
1343 4443 1472 4482 vero
1504 4429 1671 4482 mittit
1714 4427 1896 4494 Pater,
1942 4431 2067 4499 quia
2102 4431 2222 4485 Filii
2256 4435 2401 4500 prin-

837 4517 1039 4583 cipium
1082 4527 1184 4583 est,
1234 4535 1466 4588 eumque
1510 4521 1708 4590 gignit;
1742 4523 1971 4576 mittitur
2002 4535 2180 4578 autem
2208 4525 2396 4590 Filius,

836 4610 961 4672 quia
990 4626 1016 4661 a
1046 4609 1207 4664 Patre
1244 4620 1500 4681 tanquam
1555 4631 1584 4666 a
1639 4615 1905 4682 principio
1939 4618 2200 4684 procedit,
2233 4629 2288 4670 et
2327 4619 2394 4672 ab

837 4718 901 4754 eo
929 4702 1186 4771 gignitur.
1228 4703 1396 4758 Porro
1434 4706 1580 4760 sicut
1619 4708 1975 4761 honoriﬁcum
2008 4719 2088 4763 est
2119 4709 2266 4762 Patri
2305 4711 2392 4764 Fi-

837 4797 961 4848 lium
986 4797 1207 4864 gignere
1238 4808 1291 4851 et
1319 4800 1563 4865 mittere;
1597 4801 1675 4854 sic
1707 4817 1802 4855 nec
1829 4801 2008 4855 minus
2039 4804 2392 4858 honoriﬁcum

835 4888 972 4945 Filio
1011 4889 1147 4941 mitti
1179 4899 1229 4943 et
1264 4890 1443 4959 gigni;
1482 4891 1787 4961 nullamque
1814 4894 1865 4947 in
1894 4905 2127 4964 utroque
2153 4896 2395 4956 substan-

837 4992 920 5031 ti;c
953 4981 1322 5047 disparitatetn
1357 4985 1532 5052 arguit
1560 4986 1671 5039 lizec
1700 4986 1907 5039 missio.
1945 5005 1961 5037 ‹
1990 4986 2103 5041 Non
2130 4989 2274 5041 enim
2304 5005 2394 5056 ge-

833 5073 1066 5124 nitorem
1094 5073 1189 5142 (ait
1210 5074 1540 5143 Augustinus
1574 5076 1662 5130 lib.
1698 5091 1756 5128 ιιι
1799 5087 1937 5133 cont.
1964 5078 2185 5143 Maxim,
2210 5093 2259 5131 c.
2281 5079 2390 5146 14)

833 5167 899 5218 ab
951 5180 1016 5218 eo
1046 5180 1205 5234 quem
1243 5168 1447 5233 genuit,
1491 5169 1583 5221 sed
1618 5171 1858 5238 genitum
1891 5187 1918 5222 a
1948 5173 2194 5238 genitore
2249 5172 2389 5224 mitti

832 5267 1146 5325 oportebat;
1175 5273 1358 5312 verum
1388 5261 1501 5314 haec
1532 5276 1636 5313 non
1663 5271 1744 5315 est
1775 5262 2115 5329 inmqualitas
2141 5263 2392 5316 substan-

832 5352 936 5413 tiar,
986 5353 1080 5404 sed
1124 5353 1256 5405 ordo
1284 5361 1518 5418 natura);
1552 5370 1653 5406 non
1686 5355 1828 5422 quod
1878 5356 2013 5408 alter
2053 5355 2204 5422 prior
2244 5368 2390 5412 esset

845 5443 1022 5502 IllCI‘O,
1059 5445 1153 5498 sed
1186 5448 1327 5514 quod
1350 5448 1486 5500 alter
1521 5459 1662 5502 esset
1694 5465 1757 5501 ex
1791 5449 1982 5500 altero.
2019 5466 2036 5498 ι

895 5537 982 5589 59.
1023 5537 1097 5590 lix
1129 5539 1288 5591 dictis
1324 5542 1484 5593 etiam
1521 5541 1677 5594 facile
1699 5541 1922 5611 colliges
1948 5556 2052 5609 quo
2080 5555 2239 5596 sensu
2274 5541 2391 5607 plus

830 5631 996 5682 :-emel
1037 5631 1232 5686 dixerit
1280 5632 1590 5697 lrenaeus",
1646 5634 1853 5688 Patrem
1890 5635 2063 5690 Verbo
2112 5653 2207 5689 suo
2252 5651 2389 5702 prte-

827 5724 1036 5791 tgepissc
1087 5734 1143 5775 ut
1196 5725 1454 5778 mundum
1498 5737 1744 5793 crearet,
1793 5727 1988 5782 Filium
2031 5738 2085 5781 et
2129 5730 2386 5797 Spiritqu

901 5887 935 5914 “
978 5887 1090 5939 lI'CIl
1126 5927 1136 5950 π
1174 5888 1331 5951 6.210,
1374 5907 1420 5943 ιι.
1462 5891 1510 5955 7,
1595 5895 1632 5923 δ’
1673 5892 1795 5962 Cap.
1836 5899 1884 5948 tr.
1924 5909 1970 5945 ιι.
2014 5896 2118 5946 Ῑιῖῐ
2150 5895 2198 5946 ὅ.

2511 3311 2707 3367 Filium
2743 3312 2936 3375 refero,
2972 3322 3032 3366 ut
3077 3313 3129 3366 in
3169 3312 3309 3366 notis
3342 3313 3393 3365 in
3427 3312 3569 3366 hunc
3606 3305 4086 3376 locumeXplicui);

2513 3422 2617 3459 non
2641 3421 2769 3475 ergo
2799 3416 3056 3472 tanquam
3091 3405 3232 3458 servi
3263 3405 3413 3467 hero,
3446 3404 3542 3456 sed
3580 3412 3832 3469 tanquam
3879 3411 4087 3468 proge-

2511 3499 2627 3553 nies
2658 3498 2924 3566 principio
2977 3514 3003 3549 a
3049 3512 3154 3564 quo
3198 3492 3458 3563 precedit,
3500 3504 3554 3548 et
3579 3493 3816 3560 ejusdem
3847 3508 3982 3544 cum
4022 3504 4087 3541 eo

2508 3589 2804 3659 dignitatis.
2863 3589 2953 3642 Sic
3001 3588 3230 3656 denique
3275 3589 3607 3650 ministrant,
3646 3596 3702 3641 ut
3733 3585 3796 3637 iis
3828 3584 4088 3636 serviant

2506 3693 2561 3734 et
2612 3681 2814 3735 subditi
2872 3681 2978 3734 sint
3029 3681 3226 3749 angeli.
3279 3681 3441 3747 Atqui
3485 3695 3548 3732 eo
3587 3678 3803 3733 ntunine
3841 3675 3995 3729 Filio
4033 3685 4090 3728 et

2508 3775 2733 3842 Spiritui
2769 3784 2956 3828 sancto
2985 3775 3231 3826 serviunt
3262 3775 3458 3842 angeli,
3494 3774 3634 3841 quod
3668 3772 3717 3826 hi
3751 3773 3816 3823 ab
3850 3772 3922 3822 iis
3959 3785 4090 3821 con-

2508 3870 2602 3921 tliti
2640 3870 2769 3932 sint,
2799 3877 2856 3919 ut
2890 3866 3124 3933 explicat
3183 3877 3374 3919 auctor
3421 3866 3514 3919 lib.
3550 3883 3628 3927 ιιι,
3660 3881 3708 3918 c.
3743 3864 3794 3926 8,
3829 3881 3883 3916 ιι.
3922 3863 3984 3925 5,
4023 3861 4092 3915 iis

2509 3961 2732 4029 proinde
2762 3959 2970 4011 inﬁnite
3004 3959 3262 4011 minores.

2580 4051 2888 4123 [CXXXIII]
2919 4053 3005 4106 60.
3041 4051 3144 4104 Sed
3179 4052 3261 4103 his
3286 4062 3333 4105 et
3367 4050 3634 4104 similibus
3665 4048 3931 4116 loquendi
3968 4061 4092 4101 rno-

2507 4151 2586 4201 tlis
2642 4147 3024 4201 Gnosticorum
3064 4148 3338 4200 vesaniam
3397 4144 3636 4198 retundit
3690 4144 3957 4196 lrcnaeus.
4027 4142 4092 4196 Hi

2505 4242 2647 4294 enim
2688 4243 2948 4294 mundum
3002 4243 3148 4294 hunc
3193 4239 3576 4306 aspectabilem
3616 4237 3682 4289 ab
3717 4235 4094 4290 inferioribus

2504 4332 2736 4398 angelis,
2789 4333 2873 4384 vel
2929 4348 2957 4384 a
2999 4332 3211 4386 Virtute
3263 4330 3442 4398 aliqua
3499 4331 3652 4398 longe
3695 4329 4015 4382 absistente
4066 4346 4092 4379 a

2505 4424 2668 4479 Patre
2706 4426 3110 4487 universorum,
3167 4426 3280 4492 ipso
3317 4423 3474 4476 Patre
3505 4422 3584 4475 vel
3638 4423 3833 4484 inscio,
3873 4423 3970 4475 vel
4010 4422 4096 4472 in-

2507 4517 2640 4580 vito,
2678 4518 2955 4570 conditum
3017 4531 3137 4570 esse
3199 4515 3647 4584 hIaSphentabant
3677 4555 3691 4575 ,
3739 4523 3798 4564 ut
3836 4530 3908 4567 ex
3970 4525 4097 4568 toto

2504 4611 2598 4663 lib.
2635 4626 2670 4671 ι.
2706 4620 2759 4664 ct
2803 4610 2958 4663 initio
2991 4611 3111 4663 libri
3155 4626 3193 4664 ιι
3224 4619 3460 4664 constat.
3496 4607 3632 4660 Hinc
3667 4608 3729 4659 ad
3779 4608 4096 4676 proﬂigan-

2504 4705 2626 4755 tlum
2663 4703 2792 4756 illud
2843 4703 3139 4771 impietatis
3189 4714 3484 4756 monstrum
3541 4713 3649 4755 tam
3704 4716 3846 4768 saepe
3901 4713 4098 4772 uiget,

2504 4795 2707 4861 omnia,
2746 4795 3099 4865 praecipiente
3125 4811 3187 4849 ac
3213 4795 3435 4863 jubentc
3466 4792 3644 4855 Patre,
3673 4808 3766 4862 per
3793 4793 4014 4847 Filium
4044 4805 4099 4847 et

2506 4888 2770 4955 Spiritum
2818 4899 3070 4942 sanctum
3103 4889 3322 4943 condita
3373 4902 3523 4941 esse:
3561 4897 3617 4940 ut
3648 4887 3919 4940 nimirum
3968 4890 4103 4943 inde

2504 4983 2780 5046 conﬁciat,
2809 4997 2906 5034 nec
2929 4977 3126 5046 inscio,
3159 4998 3255 5035 nec
3288 4983 3453 5034 invito
3481 4982 3647 5034 Patre
3676 4982 3902 5035 condita
3937 4999 4096 5036 esse.

2507 5076 2641 5128 llinc
2672 5085 2777 5128 tam
2813 5077 3129 5146 frequenter
3171 5075 3422 5139 inculcat,
3455 5074 3687 5128 Verbum
3719 5083 3768 5127 et
3802 5075 4098 5143 Spiritum

2503 5176 2752 5220 sanctum
2786 5167 2933 5221 Patri
2969 5167 3331 5231 ministrasse,
3360 5177 3420 5219 ut
3473 5167 3595 5219 inde
3624 5165 3956 5229 concludat,
3997 5186 4103 5222 nec

2502 5258 2742 5326 Angelis,
2769 5273 2866 5310 nec
2897 5259 3204 5313 Virtutibus
3237 5259 3588 5312 inferioribus
3614 5259 3682 5312 ab
3715 5255 3838 5323 eius
3879 5273 4103 5314 natura

2500 5362 2555 5406 et
2599 5353 2868 5404 sententia
2916 5351 3110 5404 alienis
3141 5361 3194 5405 et
3223 5351 3444 5406 remotis
3497 5350 3846 5419 indiguisse:
3895 5360 4116 5421 utpote

2499 5446 2588 5515 qui
2644 5447 2840 5500 habeat
2889 5461 2950 5498 ex
3006 5461 3122 5501 sese
3154 5448 3430 5515 copioshm
3464 5457 3516 5499 et
3566 5446 3959 5503 inenarrabile
3997 5453 4106 5504 nti—

2497 5538 2809 5601 uisterium,
2860 5540 3169 5606 progeniem
3211 5548 3266 5592 et
3322 5538 3699 5604 ﬁgurationem
3747 5553 3963 5608 suam;
4002 5545 4105 5596 ha-

2498 5631 2676 5682 huerit
2708 5647 2925 5699 semper
2955 5647 3082 5686 suas
3111 5647 3328 5695 manus,
3353 5632 3582 5684 Verbum
3621 5639 3674 5686 et
3701 5631 4103 5700 Sapientiam,

2498 5724 2694 5778 Fdium
2747 5736 2799 5778 ct
2855 5724 3113 5794 Spiritum
3146 5736 3436 5796 ‘sanctum,
3469 5740 3562 5792 per
3592 5738 3728 5792 quos
3763 5725 3884 5779 sibi
3925 5743 4100 5783 coex-

2282 5897 2321 5913 “
2358 5893 2474 5949 Lib.
2516 5907 2597 5955 tu,
2633 5905 2679 5944 C.
2717 5892 2768 5953 8,
2806 5908 2858 5947 ιι.
2889 5889 2949 5952 5;
2989 5889 3076 5944 llb.
3115 5905 3185 5955 tv,
3217 5903 3259 5945 c.
3297 5889 3348 5954 7,
3380 5904 3431 5942 ιι.
3466 5889 3518 5945 4;
3549 5886 3701 5954 lhitl.,
3731 5901 3757 5937 (-
3810 5885 3919 5954 58,
3951 5907 4007 5946 ῃ,
4051 5893 4102 5946 5,
