4196 6330
185 434 277 490 δυο

1104 439 1559 498 DISSERTA‘YIU
1601 440 1689 508 Ill,
1729 442 1815 496 DE
1849 441 2103 501 ΙΒΕΝΑΞΙ
2146 447 2508 504 DOCTRINA.

3319 463 3422 516 510

187 554 448 622 sistentes,
473 565 783 617 coaeternus
809 569 865 615 et
894 562 1409 628 consubstantiales,
1442 575 1497 619 et
1527 566 1582 620 in
1621 567 1747 636 qui-
1776 568 1821 625 A
1853 567 2067 636 positae,
2098 569 2382 624 scientiam
2412 583 2650 626 nostram
2680 575 3000 645 plerumque
3027 575 3254 648 fugiant.
3285 579 3420 636 llinc

186 643 294 710 bus,
343 661 458 702 non
512 649 740 715 invi-tus,
793 651 938 706 nulla
985 653 1316 710 necessitate
1364 652 1608 722 coactus,
1649 659 1745 712 sed

183 735 354 791 sciens
383 747 440 792 et
473 740 686 806 volens,
719 743 901 798 omnia
929 733 1103 799 libere
1137 754 1193 800 et
1219 756 1410 814 sponte
1439 747 1604 809 fecit;
1639 761 1745 803 non

182 829 413 894 aliunde,
444 847 551 886 non
583 843 736 888 extra
777 836 1152 904 semetipsum,
1187 838 1280 891 sed
1323 839 1437 907 ipse
1481 855 1510 892 a
1541 849 1745 895 semet-

181 915 307 984 ipso,
346 918 401 970 in
458 919 742 977 voluntate
772 938 893 989 sua,
920 924 972 978 in
1011 925 1188 982 Verbo
1218 936 1273 982 et
1308 927 1588 999 Sapientia
1619 945 1740 997 sua,

179 1009 538 1067 substantiam
568 1025 967 1083 creaturarum,
1019 1030 1074 1073 et
1101 1021 1405 1090 exemplum
1443 1021 1738 1091 factorum,

178 1109 227 1152 et
268 1100 499 1169 figuram
530 1105 583 1158 in
631 1109 831 1162 mundo
862 1121 1308 1166 ornamentorum
1340 1115 1642 1184 accipiens,
1683 1126 1743 1170 ut

179 1193 416 1262 loquitur
449 1195 543 1253 lih.
582 1213 654 1263 Iv,
684 1214 733 1255 c.
767 1201 861 1264 20,
894 1219 950 1257 ιι.
981 1205 1032 1259 1.
1093 1204 1165 1258 Ea
1221 1207 1402 1260 omnia
1459 1208 1593 1263 satis
1643 1223 1740 1277 pa-

179 1293 281 1340 tent
309 1301 380 1341 ex
415 1289 680 1345 hactenus
708 1292 958 1362 allegatis
989 1295 1175 1351 lrenaei
1224 1299 1574 1366 testimoniis,
1601 1302 1738 1356 adeo

177 1383 226 1430 ut
252 1378 447 1433 eadem
480 1380 567 1435 hic
598 1393 844 1451 repetere
876 1387 1012 1441 nihil
1043 1402 1269 1444 necesse
1298 1391 1390 1446 sit.

234 1468 318 1520 61.
366 1467 550 1523 Unum
596 1485 843 1540 superest
885 1478 1319 1546 expendendum,
1380 1497 1446 1538 an
1496 1485 1733 1541 lrenaeus

170 1558 396 1611 extremi
438 1560 626 1628 judicii
676 1563 1070 1632 ignorationem
1121 1569 1258 1624 Filio
1304 1571 1402 1626 Dei
1450 1575 1725 1631 tribuerit.

171 1647 229 1701 Et
250 1650 296 1703 id
326 1652 478 1705 enim
503 1655 850 1712 sanctissimo
875 1662 1106 1732 martyri
1130 1665 1456 1732 ascribitur;
1480 1669 1576 1723 sed
1607 1685 1731 1737 per-

167 1755 341 1808 peram
413 1747 653 1801 onmino.
718 1748 1006 1808 Gnosticos
1081 1756 1299 1824 quidem
1354 1761 1728 1832 perstringens

165 1834 343 1888 scribit
370 1837 464 1891 lib.
501 1853 560 1905 ιι,
587 1855 636 1894 c.
670 1841 761 1905 28,
799 1860 852 1896 ιι.
887 1843 938 1899 6.
985 1864 1002 1895 ι
1036 1848 1498 1906 lrrationabiliter
1539 1864 1722 1909 autem

165 1923 344 1993 inﬂati,
400 1932 687 1988 audaciter
736 1934 828 1989 Dei
876 1939 1134 2006 mysteria
1171 1941 1313 1996 scire
1347 1958 1441 1998 vos
1496 1946 1717 2002 dicitis:

163 2021 600 2088 quandoquidem
629 2035 683 2077 et
710 2024 992 2094 Dominus,
1031 2030 1144 2098 ipse
1172 2031 1340 2088 Filius
1379 2035 1504 2098 Dei,
1539 2037 1718 2105 ipsum

162 2108 333 2177 judicii
357 2113 502 2166 diem
523 2123 576 2167 et
596 2116 782 2170 boram
804 2123 1075 2176 concessit
1097 2124 1239 2179 scire
1270 2127 1442 2181 solum
1471 2128 1712 2197 Patrem,

161 2205 440 2261 manifeste
472 2208 661 2263 dicens
687 2228 700 2264 :
744 2211 822 2265 De
851 2215 937 2267 die
965 2227 1140 2270 autem
1173 2219 1290 2285 illa,
1325 2231 1371 2274 et
1402 2223 1534 2276 liora
1565 2241 1715 2280 nemo

158 2296 262 2360 scit,
314 2313 482 2366 neque
534 2298 738 2365 Filius,
797 2305 901 2356 nisi
965 2305 1129 2359 Pater
1179 2307 1326 2364 solus
1359 2310 1425 2364 ⁵⁸.
1462 2312 1519 2366 Si
1553 2315 1717 2383 igitur

158 2384 432 2440 scientiam
463 2388 570 2442 diei
606 2389 752 2446 illius
779 2392 950 2448 Filius
985 2409 1093 2450 non
1131 2401 1355 2454 erubuit
1397 2400 1604 2460 referre
1645 2408 1711 2461 ad

156 2472 382 2545 Patrem,
414 2483 510 2535 sed
542 2481 677 2536 dixit
703 2489 846 2553 quod
874 2502 1061 2542 verum
1102 2500 1221 2557 est;
1256 2508 1429 2562 neque
1461 2512 1558 2552 nos
1589 2515 1713 2553 eru-

155 2567 451 2637 bescamus,
481 2588 601 2642 quae
624 2585 751 2630 sunt
777 2577 829 2631 in
861 2582 1254 2650 quaestionibus
1282 2585 1487 2654 majora
1517 2605 1710 2645 secun-

153 2658 265 2713 dum
314 2678 438 2727 nos,
496 2681 776 2723 reservare
825 2671 954 2726 Deo.
992 2673 1158 2730 Nemo
1209 2679 1354 2731 enim
1400 2696 1562 2750 super
1595 2699 1712 2738 ma-

150 2754 369 2816 gistrum
427 2769 510 2812 est
539 2758 603 2810 “'.
639 2776 656 2809 ο
716 2761 821 2817 Ubi
882 2766 982 2834 ipsi
1044 2768 1136 2822 Dei
1167 2769 1302 2824 Filio
1339 2773 1708 2842 ignorantiam

150 2849 416 2904 ascribere
471 2853 645 2920 prima
699 2854 878 2912 fronte
930 2859 1146 2915 videtur
1197 2875 1425 2921 auctor:
1478 2870 1613 2924 adeo
1651 2883 1708 2926 ut

150 2954 273 2997 vana
326 2948 397 3000 sit
461 2947 679 3018 Georgii
734 2949 870 3007 Biilli
903 2954 948 2985 “
1004 2956 1230 3024 solutio,
1293 2975 1396 3030 qua
1426 2967 1706 3020 contendit

145 3033 352 3091 Christo
396 3037 601 3092 homini
660 3051 866 3097 tantum
903 3047 1265 3117 ignorantiam
1314 3055 1568 3111 tribuisse
1595 3059 1698 3113 lre-

146 3141 308 3180 nasum
338 3146 352 3182 :
406 3129 496 3184 hic
548 3133 694 3184 enim
723 3143 788 3188 (te
816 3133 954 3190 Filio
988 3139 1081 3193 Dei
1133 3140 1334 3196 diserte
1363 3145 1495 3214 agit.
1529 3146 1705 3212 Quan-

1849 659 2124 715 concludit
2177 662 2396 719 insanos
2424 677 2542 718 esse
2573 667 2883 730 haereticos,
2912 669 3004 737 qui
3043 677 3303 724 aeternam
3333 673 3418 726 di-

1849 755 1965 808 vini
2001 755 2164 811 Verbi
2190 757 2620 826 generationem,
2652 759 2867 830 aliaque
2899 760 3161 829 ejusmodi
3190 766 3418 833 profun-

1847 847 2073 902 dissima
2131 850 2389 919 mysteria
2438 851 2767 919 investigare
2816 862 2871 908 et
2915 855 3189 924 explicare
3225 857 3417 918 molie—

1847 939 2046 993 bantur
2071 957 2085 994 :
2117 939 2168 993 in
2199 954 2373 1009 eoque
2402 951 2508 995 tam
2557 944 2796 1013 graviter
2825 946 2950 1012 labi,
2980 947 3122 1017 quod
3150 951 3417 1018 superbia:

1848 1031 2014 1100 typho
2060 1032 2216 1092 elati.
2248 1033 2378 1088 nihil
2411 1034 2518 1089 Deo
2554 1047 2923 1106 reservarent,
2971 1041 3067 1095 sed
3105 1043 3287 1097 omnia
3329 1052 3413 1098 te~

1845 1138 1992 1178 mere
2042 1125 2279 1178 scrutari
2307 1125 2524 1181 vellent.
2580 1127 2715 1183 Tum
2766 1140 2824 1184 ut
2853 1131 3231 1189 haereticorum
3257 1150 3414 1190 vesa-

1842 1216 1985 1271 niam
2030 1219 2199 1288 magis
2242 1234 2306 1273 ac
2341 1220 2514 1289 magis
2559 1221 2878 1290 confundat,
2908 1227 2975 1279 ah
3014 1226 3180 1296 ipsius
3205 1226 3410 1283 Christi

1839 1309 1960 1363 Filii
2011 1310 2104 1364 Dei
2135 1311 2382 1381 exemplo
2409 1324 2794 1382 argumentum
2839 1332 2867 1369 a
2899 1317 3089 1385 majori
3118 1318 3186 1371 ad
3229 1319 3412 1374 minus

1838 1403 1990 1471 petit.
2041 1401 2120 1469 Si,
2171 1403 2344 1472 inquit
2395 1403 2654 1459 Dominus
2682 1445 2699 1470 ,
2757 1407 2871 1477 ipse
2901 1409 3064 1463 Filius
3091 1408 3184 1464 Dei
3214 1409 3408 1478 judicii

1836 1494 1978 1548 diem
2010 1503 2066 1548 et
2093 1495 2281 1550 horam
2310 1497 2583 1552 concessit.
2607 1499 2750 1554 scire
2775 1500 2946 1554 solum
2968 1500 3206 1566 Patrem,
3229 1503 3408 1556 scicn-

1836 1585 2076 1654 tiamque
2126 1586 2229 1641 diei
2277 1586 2429 1640 illius
2477 1586 2651 1643 Filius
2699 1604 2807 1645 non
2857 1590 3075 1647 erubuit
3104 1592 3310 1648 referre
3339 1595 3407 1664 ad

1830 1674 2048 1732 Patrem
2081 1699 2091 1732 :
2123 1693 2222 1732 cur
2252 1680 2373 1742 nos,
2424 1679 2520 1735 Dei
2570 1680 2708 1737 Filio
2737 1683 2956 1742 infinite
2982 1685 3245 1756 minores,
3273 1702 3403 1743 eru-

1832 1771 2136 1834 bescamus,
2171 1786 2289 1840 quite
2317 1781 2443 1826 sunt
2465 1773 2519 1827 in
2551 1776 2948 1843 quaestionibus
2977 1778 3182 1845 majora
3210 1769 3388 1834 secun-

1828 1861 1955 1914 dum
2007 1876 2124 1924 nos,
2179 1877 2463 1918 reservare
2503 1865 2654 1921 Deo?
2709 1866 2874 1923 Nemo
2916 1871 3058 1922 enim
3093 1886 3258 1939 super
3287 1888 3402 1925 ma-

1825 1956 2053 2024 gistrum
2081 1964 2185 2011 est.
2216 1956 2330 2024 Qua
2380 1959 2600 2028 quidem
2644 1964 3059 2032 argumentandi
3106 1964 3318 2018 ratione
3347 1966 3399 2018 id

1823 2061 1987 2100 unum
2044 2047 2320 2102 coniicere
2371 2050 2487 2104 vult
2543 2061 2764 2106 sanctus
2820 2054 3033 2118 doctor,
3094 2054 3396 2122 Christum,

1822 2141 2140 2196 oeconomiae
2159 2156 2349 2207 causa,
2370 2144 2564 2212 judicii
2594 2146 2736 2200 diem
2759 2158 2813 2201 et
2835 2148 3021 2202 horam
3045 2153 3393 2206 concessisse

1819 2232 1960 2284 scire
1987 2231 2160 2287 solum
2195 2231 2450 2291 Patrem:
2487 2251 2592 2290 non
2643 2238 2784 2306 quod
2835 2239 2951 2306 ipse
2997 2241 3259 2307 nesciret,
3302 2245 3393 2297 sed

1817 2324 1957 2392 quod
2017 2324 2280 2392 ejusmodi
2334 2327 2618 2383 scientiam
2673 2331 2739 2384 ad
2778 2329 3017 2396 Patrem,
3070 2347 3099 2385 a
3145 2348 3250 2401 qnu
3283 2334 3395 2402 ipse

1815 2430 1934 2471 eam
1988 2432 2110 2471 cum
2166 2420 2280 2487 ipsa
2333 2421 2617 2476 divinitate
2673 2433 2983 2493 acceperat,
3047 2424 3389 2480 referendam

1814 2524 1933 2565 esse
1967 2510 2149 2576 vellet,
2181 2512 2247 2567 ab
2278 2528 2449 2583 eoque
2488 2514 2755 2570 duntaxat
2798 2518 3224 2586 exspectandam
3270 2533 3392 2573 esse

1814 2598 1919 2653 diei
1968 2599 2115 2656 illius
2163 2602 2434 2659 notitiam.
2486 2603 2747 2671 Quamvis
2798 2607 2940 2660 enim
2979 2622 3100 2662 eam
3150 2609 3264 2676 ipse
3292 2610 3389 2662 ha-

1813 2693 1991 2761 beret,
2024 2709 2147 2749 cum
2175 2695 2297 2750 aliis
2325 2706 2503 2751 tamen
2537 2700 2946 2754 communicare
2981 2701 3217 2766 nolebat,
3267 2702 3388 2756 idve

1811 2785 2105 2854 explicare,
2140 2788 2282 2855 quod
2313 2787 2475 2841 Pater
2505 2789 2559 2860 (a
2596 2805 2702 2860 quo
2737 2790 3082 2860 loquebatur,
3131 2802 3185 2847 et
3217 2808 3245 2846 a
3279 2808 3386 2861 quo

1811 2881 2128 2934 mandatum
2179 2889 2487 2949 acceperat,
2520 2882 2650 2950 quid
2683 2883 2910 2950 diceret,
2944 2894 2998 2939 et
3028 2886 3155 2954 quid
3203 2886 3387 2953 loque-

1810 2982 1980 3034 retur,
2012 2980 2071 3024 ut
2099 2972 2174 3024 ait
2204 2971 2363 3026 Joan.
2399 2988 2498 3036 xu,
2535 2974 2604 3028 49
2633 2975 2650 3044 )
2686 2976 2851 3029 taceri
2882 2976 3170 3030 voluerat:
3214 2986 3273 3030 ut
3298 2978 3382 3031 ni-

1810 3063 2006 3116 mirum
2037 3065 2287 3133 exemplo
2318 3079 2415 3119 sino
2445 3066 2665 3122 doceret
2691 3068 2937 3136 quaedam
2986 3083 3105 3122 esse
3138 3068 3250 3123 Deo
3278 3071 3381 3122 hu-

1807 3153 2012 3207 militer
2065 3157 2566 3221 reservanda,tnec
2594 3173 2656 3213 ea
2708 3167 2910 3214 temere
2939 3175 2967 3212 a
3005 3160 3165 3215 nobis
3201 3162 3381 3231 expli-

143 3230 290 3282 quam
320 3229 377 3271 et
408 3222 533 3274 dum
565 3221 785 3277 Christo
815 3226 1018 3282 homini
1071 3229 1468 3299 ignorationem
1502 3240 1700 3295 ascribi
1733 3258 1775 3315 ε
1807 3245 1981 3298 cauda
2009 3259 2149 3312 esse,
2185 3261 2308 3315 qua:
2342 3247 2483 3304 Deus
2513 3249 2692 3304 abdita
2717 3266 2843 3314 esse
2876 3252 3065 3305 voluit.
3104 3252 3193 3307 Sic
3225 3269 3378 3307 men-

142 3324 286 3377 posse
311 3320 433 3365 eum
467 3310 905 3372 Protestautibus
939 3322 1128 3378 multis
1171 3333 1355 3378 tuetur
1395 3327 1606 3396 Bullus,
1644 3332 1698 3384 in

141 3417 362 3471 eumque
395 3421 619 3462 sensum
669 3405 930 3466 lrenzeum
972 3416 1250 3484 explicare
1283 3422 1507 3489 satagit,
1538 3422 1698 3478 aliam

139 3496 181 3548 ei
212 3495 382 3553 labem
431 3503 693 3571 aspergit.
748 3504 855 3559 Sed
889 3507 1049 3563 missa
1086 3510 1254 3567 haece
1294 3519 1694 3584 controversia,

138 3605 246 3657 qua:
276 3605 429 3647 extra
468 3594 777 3652 institutum
807 3609 910 3664 est,
965 3602 1093 3655 illud
1141 3604 1372 3661 fidenter
1413 3623 1694 3677 assevero,

136 3682 265 3748 quod
293 3684 540 3753 quisquis
573 3701 835 3755 praisens,
865 3693 1010 3760 quod
1039 3709 1184 3749 nunc
1202 3711 1508 3764 versamus,
1535 3713 1697 3769 caput

137 3788 213 3838 ea,
242 3791 346 3844 qua
376 3794 478 3847 par
504 3791 606 3848 est,
635 3783 802 3838 animi
831 3789 1132 3842 attentione
1165 3787 1384 3859 legerit,
1421 3794 1696 3864 totiusque

135 3865 306 3925 Irenazi
337 3878 829 3943 argumentationis
855 3881 1054 3934 seriem
1088 3892 1140 3935 et
1189 3899 1410 3952 scopum
1440 3890 1693 3943 adverte-

136 3962 215 4025 rit,
263 3981 291 4019 e
327 3968 562 4036 vestigio
597 3971 989 4040 deprehendet,
1026 3974 1227 4030 nullam
1271 3992 1497 4046 prorsus
1540 3982 1693 4051 igno-

135 4058 348 4112 rantiam
381 4061 472 4114 hic
496 4059 672 4132 aﬂlngj
703 4063 925 4120 Christo
949 4066 1199 4124 Domino.

193 4172 274 4226 62.
311 4176 532 4231 Scilicet
572 4178 826 4244 Irenaeus,
881 4196 938 4235 ut
983 4184 1119 4246 dixi,
1161 4184 1552 4242 Gnosticorum
1587 4189 1688 4243 im-

129 4266 424 4331 pudentiam
457 4271 714 4339 castigat,
739 4273 830 4340 qui
854 4289 1005 4329 vanae
1036 4275 1281 4332 scientiae
1314 4278 1526 4335 laudem
1557 4296 1689 4348 cap-

131 4366 314 4424 tantes,
343 4362 598 4417 insanam
630 4365 731 4417 sibi
758 4365 826 4419 de
854 4369 1016 4422 rebus
1044 4370 1318 4436 omnibus,
1357 4371 1488 4441 ipsis
1518 4373 1684 4427 etiam

128 4455 558 4520 profundioribus
633 4457 957 4516 Christiana:
1023 4463 1306 4532 religionis
1381 4468 1684 4537 mysteriis,

126 4547 269 4612 quale
315 4559 401 4603 est
447 4550 616 4607 divini
659 4549 822 4606 Verbi
863 4555 1165 4621 generatio,
1211 4556 1537 4620 disserendi,
1588 4575 1683 4612 no—

126 4651 281 4708 vaque
332 4655 514 4695 rerum
575 4652 685 4695 tum
744 4644 1072 4711 divinarum,
1139 4657 1252 4701 tum
1318 4649 1680 4706 bumanarmn

124 4739 404 4800 systemata
459 4746 560 4800 pro
606 4733 833 4789 arbitrio
878 4737 1141 4790 condendi
1187 4738 1464 4792 licentiam
1495 4754 1679 4793 sume-

122 4822 254 4878 bant.
317 4825 416 4882 Ubi
447 4840 577 4881 vero
629 4827 879 4896 probavit
905 4839 1109 4883 certam
1138 4845 1262 4884 esse
1295 4832 1345 4883 in
1380 4831 1679 4899 Scripturis

122 4913 305 4973 divinis
327 4920 577 4974 veritatis
607 4921 869 4989 regulam,
892 4924 956 4975 ad
988 4938 1148 4991 quam
1179 4925 1260 4978 sic
1276 4924 1422 4994 exigi
1448 4925 1680 4979 debeant

119 5012 454 5077 aliaestiones,
482 5028 618 5082 quas
645 5013 712 5068 de
738 5014 896 5069 rebus
925 5015 1124 5070 divinis
1151 5019 1355 5084 agitare
1393 5019 1522 5071 sinit
1553 5019 1680 5071 reli-

122 5103 216 5171 gio.
255 5113 312 5160 ut
339 5107 408 5160 ab
440 5105 530 5159 illa
564 5122 831 5178 nusquam
857 5109 1142 5166 deﬂectere
1187 5111 1342 5164 liceat
1373 5130 1387 5177 ;
1443 5114 1682 5166 ostendit

119 5186 254 5249 lilura
286 5209 473 5255 tamen
521 5215 642 5257 esse
675 5202 726 5255 in
757 5202 1078 5271 Scripturis,
1131 5203 1256 5259 licet
1286 5220 1350 5258 ex
1381 5219 1502 5259 sese
1553 5221 1680 5274 per-

119 5277 270 5349 lectis,
339 5307 461 5360 qua:
505 5303 765 5364 angustos
799 5297 996 5350 mentis
1025 5306 1222 5351 nostrae
1250 5297 1453 5354 limites
1481 5297 1681 5366 longis-

119 5379 239 5437 sime
266 5396 557 5457 superant,
587 5403 818 5458 quaeque
845 5389 1098 5458 proinde,
1147 5406 1270 5444 cum
1300 5392 1426 5445 sciri
1459 5408 1486 5444 a
1518 5391 1676 5444 nobis

118 5487 206 5528 non
237 5482 469 5547 possint,
506 5479 616 5534 Deo
649 5481 925 5536 humiliter
954 5483 1344 5538 committenda
1393 5494 1540 5548 sunt,
1575 5499 1676 5537 nec

119 5578 300 5627 temere
327 5573 649 5629 scrutanda.
682 5573 790 5630 Nec
840 5577 1033 5629 mirum
1085 5592 1229 5642 esse,
1257 5578 1304 5632 si
1337 5581 1390 5632 in
1420 5578 1678 5648 Spiritali-

116 5657 217 5723 bus,
246 5672 300 5717 et
330 5663 677 5728 cmlestibus,
727 5681 849 5734 quae
895 5667 1007 5721 sola
1039 5667 1140 5722 fide
1171 5670 1371 5738 percipi
1420 5681 1670 5738 possunt,

116 5756 491 5811 excutiamus:
541 5773 665 5812 cum
714 5759 844 5827 ipsa:
885 5775 974 5814 res
1022 5762 1320 5826 naturales,
1368 5765 1436 5817 ob
1485 5765 1672 5818 oculos

172 5912 208 5941 δ’
241 5915 402 5971 Marc.
443 5933 562 5982 xm,
593 5916 683 5971 5‘2.
763 5918 803 5946 ”
838 5919 1024 5974 Matth.
1067 5937 1119 5986 χ,
1165 5922 1250 5977 Ἥ.

1327 5923 1370 5954 ⁸⁵
1404 5922 1519 5982 Dei.
1554 5926 1640 5978 liti.
1672 5923 1814 5991 Hie,
1855 5937 1988 5981 sect.
2020 5944 2076 5990 ll,
2111 5945 2136 5982 c
2202 5945 2247 5980 ν-
2286 5931 2309 5993 §
2346 5928 2396 5980 δ·

1807 3345 1913 3390 tem
1943 3338 2101 3404 paulo
2128 3348 2270 3408 post,
2301 3355 2495 3406 nempe
2516 3357 2571 3393 ιι.
2598 3340 2654 3407 8,
2684 3342 2917 3412 explicat
2947 3353 3136 3397 auctor
3164 3356 3372 3399 noster:

1808 3447 1827 3478 ι
1864 3429 1917 3482 Si
1957 3431 2103 3498 quis,
2135 3431 2232 3495 ait,
2260 3433 2512 3501 exquirat
2542 3448 2786 3498 causam,
2844 3446 3065 3505 propter
3115 3453 3278 3507 quam
3321 3440 3374 3491 in

1800 3524 2056 3576 omnibus
2090 3522 2257 3576 Pater
2286 3524 2705 3579 communicatis
2737 3526 2895 3591 Filio,
2932 3528 3079 3581 solus
3107 3531 3248 3583 scire
3279 3530 3376 3584 ho-

1801 3626 1914 3664 ram
1945 3622 1999 3666 et
2029 3614 2169 3666 diem
2203 3631 2231 3668 a
2262 3616 2493 3670 Domino
2522 3617 2899 3672 manifestatus
2931 3631 3047 3683 est;
3078 3637 3253 3689 neque
3280 3638 3375 3690 ap-

1803 3703 2022 3757 tabilem
2055 3705 2245 3774 magis,
2299 3720 2472 3774 neque
2512 3709 2902 3773 decentiorem,
2955 3727 3054 3764 nec
3085 3712 3202 3766 sine
3228 3715 3374 3782 peti-

1798 3797 1919 3850 culo
1966 3797 2211 3863 alteram,
2267 3814 2423 3867 quam
2469 3801 2634 3867 hanc,
2689 3803 2936 3856 inveniat
2984 3806 3036 3858 in
3111 3815 3362 3874 praesenti

1799 3890 2076 3958 (quoniam
2129 3894 2273 3946 enim
2301 3894 2449 3948 solus
2480 3908 2643 3948 verax
2677 3897 2940 3966 magister
2962 3899 3362 3975 estDnminns):

1799 3993 1855 4038 ut
1887 3985 2161 4039 discamus
2191 4002 2286 4055 per
2316 3988 2508 4056 ipsum,
2551 4003 2715 4056 super
2741 3992 2922 4042 omnia
2971 4006 3091 4044 esse
3121 3991 3362 4044 l‘atrem.

1798 4077 2010 4130 Etenim
2041 4075 2223 4144 Pater,
2263 4079 2360 4143 ait,
2409 4079 2582 4147 major
2624 4098 2703 4134 me
2750 4093 2824 4134 est
2857 4083 2919 4139 "7.
2977 4083 3040 4136 Et
3068 4088 3366 4138 secundum

1793 4171 2127 4238 agnitionem
2193 4173 2379 4241 itaque
2430 4175 2753 4241 prccpositus
2799 4190 2916 4231 esse
2963 4175 3121 4230 Pater
3154 4193 3366 4232 annun-

1794 4264 1960 4317 tiatus
1999 4275 2082 4318 est
2133 4280 2161 4318 a
2218 4265 2444 4318 Domino
2498 4279 2688 4322 nostro
2730 4269 2794 4320 ad
2826 4269 2948 4332 hoc,
2993 4281 3048 4323 ut
3077 4281 3130 4324 et
3159 4289 3276 4334 nos,
3313 4273 3363 4326 in

1790 4369 2048 4424 quantum
2081 4359 2133 4411 in
2181 4360 2346 4425 figura
2387 4358 2544 4426 hujus
2592 4363 2774 4413 mundi
2812 4377 3019 4424 sumus,
3067 4364 3363 4430 perfectam

1790 4451 2099 4516 scientiam,
2153 4461 2206 4505 et
2253 4453 2390 4507 tales
2439 4456 2767 4522 quaestiones
2815 4457 3178 4511 concedamus
3209 4457 3359 4511 Deo:

1789 4554 1843 4597 et
1889 4560 1954 4597 ne
1989 4544 2130 4599 forte
2183 4557 2488 4613 quaerentes
2521 4546 2865 4600 altitudinem
2901 4548 3078 4604 Patris
3132 4553 3359 4604 investi-

1791 4652 1942 4706 gare,
1979 4639 2032 4689 in
2074 4647 2279 4691 tantum
2317 4640 2619 4708 periculum
2658 4640 2980 4709 incidamus,
3021 4645 3097 4696 ull
3150 4662 3361 4713 quaera-

1789 4745 1929 4795 mus,
1985 4744 2051 4782 an
2087 4745 2248 4798 super
2278 4732 2443 4784 Deum
2478 4733 2621 4787 alter
2649 4735 2716 4788 sit
2752 4733 2911 4787 Deus.
2955 4754 2973 4785 ι
3020 4732 3261 4788 Observa
3300 4740 3358 4790 l-

1788 4839 2051 4892 nusquam
2091 4823 2350 4879 Irenzrum
2392 4825 2714 4894 simpliciter
2744 4845 3011 4888 asserere,
3049 4831 3223 4883 solum
3258 4832 3357 4884 Pa-

1782 4926 1916 4970 trem
1949 4918 2090 4971 scire
2124 4918 2265 4971 diem
2299 4928 2354 4971 et
2383 4919 2595 4984 horam,
2630 4922 2723 4974 sed
2750 4922 2922 4975 solum
2965 4928 3097 4976 scire
3143 4926 3281 4978 diem
3311 4937 3356 4978 et

1777 5009 1959 5060 horam
1995 5027 2026 5062 a
2061 5008 2282 5061 Domino
2325 5012 2720 5080 ntanifestatum
2753 5029 2906 5077 esse;
2948 5014 3236 5068 Dominum
3266 5018 3354 5083 ju-

1779 5105 1907 5157 dicii
1960 5105 2099 5158 diem
2153 5114 2205 5158 et
2256 5104 2443 5157 horam
2478 5110 2819 5161 concessisse
2849 5110 2990 5162 scire
3039 5110 3218 5163 solum
3251 5109 3353 5163 Pa-

1778 5211 1940 5265 trem,
1975 5210 2079 5253 etc.
2114 5199 2171 5252 2ο
2221 5199 2279 5257 S.
2309 5201 2586 5254 doctorem
2633 5204 2811 5269 palam
2860 5205 3124 5271 profiteri,
3159 5206 3212 5258 in
3243 5223 3354 5257 om-

1780 5293 1932 5345 nibus
1969 5290 2185 5345 Patrem
2218 5295 2608 5346 communicare
2651 5293 2813 5349 Filio.
2861 5297 2963 5362 Qui
3006 5299 3060 5350 in
3111 5301 3354 5352 omnibus

1779 5386 2186 5439 communicare
2232 5386 2385 5448 dicit,
2444 5387 2577 5439 nihil
2632 5401 2859 5455 prorsus
2892 5391 3207 5458 excipit,ne
3237 5394 3354 5458 qui-

1780 5479 1901 5532 dem
1935 5480 2219 5533 seientiam
2252 5481 2353 5534 diei
2393 5491 2445 5535 et
2480 5481 2629 5536 horae
2657 5483 2889 5536 extremi
2916 5481 3133 5549 judicii.
3164 5487 3216 5538 5ο
3252 5487 3356 5538 Au-

1775 5574 1910 5628 ctori
1939 5584 2124 5628 nostro
2143 5575 2484 5645 propositum
2506 5591 2613 5637 non
2640 5575 2805 5631 fuisse
2826 5579 3177 5646 quaestionem
3213 5579 3353 5632 hanc

1777 5682 1843 5721 ex
1910 5669 2157 5737 professo
2223 5679 2577 5739 pertractare,
2637 5685 2704 5723 an
2766 5685 2955 5724 revera
3017 5672 3162 5724 solus
3192 5670 3353 5724 Pater

1777 5765 1943 5818 sciret
1979 5765 2117 5818 diem
2150 5776 2202 5819 et
2233 5765 2422 5821 horam
2479 5767 2707 5819 eittremi
2754 5766 2969 5835 judicii,
3023 5765 3191 5819 Filius
3224 5780 3351 5819 vero

2478 5930 2518 5957 *τ
2551 5925 2703 5980 Juan.
2743 5943 2850 5984 xiv,
2883 5927 2968 5980 9.8.
