4196 6330
1603 417 2196 481 DISSERTATIONES
2230 411 2533 470 PREVIAS
2574 410 2639 464 IN
2672 409 2924 464 ΚΒΕΝᾹΣΙ
2959 409 3226 465 LIBROS.
3903 409 4004 463 512

2520 529 2608 585 65.
2647 527 2790 594 Jam,
2821 537 2969 597 puto,
3007 529 3205 591 nullus,
3236 527 3334 582 nisi
3366 529 3488 597 quis
3516 527 3785 596 peririctm
3813 528 4004 582 frontis

2448 622 2798 684 Socinianus,
2840 621 3079 691 negabit,
3108 621 3236 689 quin
3265 621 3450 675 lrenaai
3475 622 3539 674 de
3556 622 3714 675 Verbi
3754 631 3806 674 et
3828 621 4004 688 Spiri-

2449 727 2532 770 tus
2563 715 2735 769 sancti
2769 714 3055 768 divinitate
3083 722 3137 768 et
3163 729 3284 768 cum
3340 713 3500 767 Patre
3535 713 4007 766 consubstantiali-

2450 817 2559 862 tate
2619 810 2753 863 fides
2799 823 2919 861 cum
2963 806 3176 860 Nicaena
3212 817 3265 859 et
3303 804 3898 874 Constantitmpolitana
3939 805 4007 856 ad

2449 903 2653 971 apicem
2683 901 3008 956 consentiat.
3039 898 3206 953 Nemo
3257 898 3418 953 etiam
3464 897 3716 966 deinceps
3755 897 3870 950 sine
3900 905 4010 949 sto-

2453 995 2648 1050 macho
2678 994 2820 1063 leget
2845 995 2980 1061 apud
3007 991 3412 1046 Centuriatores
3436 991 3919 1061 Magdeburgenses
3939 989 4008 1048 “.

2459 1106 2476 1138 ι
2533 1089 2606 1142 ita
2655 1087 2890 1142 obscure
2961 1093 3014 1139 et
3078 1083 3329 1154 perplexe
3401 1100 3504 1137 non
3563 1100 3683 1139 raro
3752 1086 4014 1139 vocabulo

2456 1180 2640 1244 Verbi,
2705 1195 2799 1234 seu
2857 1177 2949 1232 τοῦ
2989 1179 3164 1247 Λόγου
3215 1180 3290 1231 ιιιί
3352 1178 3651 1232 Irenaeum:
3712 1188 3768 1231 ut
3809 1179 4012 1248 _videa-

2455 1283 2541 1327 tur
2589 1289 2692 1326 non
2750 1273 3038 1341 perspicue
3090 1272 3234 1325 inter
3272 1270 3502 1325 Verbum
3536 1269 3909 1337 substantiale,
3961 1281 4015 1325 et

2453 1366 2676 1420 verbum
2725 1366 2932 1430 vocale,
2989 1380 3082 1418 seu
3136 1366 3247 1418 oris
3297 1365 3645 1433 distinguere.
3691 1383 3708 1414 ι
3763 1363 4017 1420 Profecto

2455 1458 2547 1526 qui
2589 1458 2700 1511 hzec
2755 1455 3085 1522 scribebant,
3143 1455 3334 1509 lrenaei
3389 1453 3558 1509 libros
3587 1455 3668 1508 vel
3716 1470 4016 1523 nunquam,

2457 1551 2539 1604 vel
2567 1551 2725 1620 lippis
2746 1550 2917 1603 oculis
2945 1549 3206 1619 legerant.
3234 1550 3366 1603 l-luic
3390 1549 3681 1603 refutandae
3729 1549 4021 1603 calumnia:

2459 1643 2752 1710 Irenatiqne
2783 1642 2904 1695 fidei
2932 1642 3263 1696 vindicanda‘
3294 1641 3412 1709 plus
3442 1657 3601 1708 quam
3653 1639 3922 1694 sufficiunt
3954 1655 4020 1692 ca

2455 1736 2639 1789 omnia
2690 1751 2808 1802 quae
2837 1736 3098 1790 hactenus
3132 1736 3387 1789 diximus.
3426 1735 3591 1789 Paulo
3636 1736 3800 1789 latius
3842 1737 4026 1789 adhuc

2460 1816 2757 1898 exspatiari
2795 1829 3184 1898 potuissemus,
3217 1839 3272 1883 ct
3302 1839 3620 1898 argumenta
3654 1829 3814 1880 multa
3853 1829 3919 1882 ab
3954 1829 4027 1883 iis

2462 1936 2670 1994 petere,
2718 1939 2839 1993 quae
2889 1922 3007 1978 fuse
3037 1923 3254 1978 disserit
3294 1933 3483 1976 auctor
3511 1933 3697 1977 noster
3728 1923 3819 1977 lib.
3854 1938 3936 1986 ιιι,
3972 1937 4024 1975 c.

2462 2016 2545 2080 16,
2577 2028 2632 2071 et
2659 2032 2812 2084 seqq.
2863 2016 2915 2069 ln
2951 2016 3016 2071 iis
3055 2017 3197 2070 enim
3232 2025 3379 2069 totus
3406 2023 3486 2068 est
3516 2026 3571 2067 ut
3614 2015 3803 2081 probet
3829 2024 4027 2068 contra

2458 2109 2770 2171 Gnosticos,
2805 2125 2971 2162 unum
3001 2118 3056 2162 et
3086 2109 3335 2162 eumdem
3361 2122 3482 2162 esse
3510 2105 3692 2161 Jesuui
3721 2106 4030 2168 Christum,

2460 2203 2793 2271 unigenitum
2826 2201 2917 2255 Dei
2951 2200 3167 2261 Filium,
3197 2216 3386 2252 verum
3420 2201 3584 2252 Deum
3616 2215 3678 2253 ac
3706 2215 3896 2251 verum
3924 2200 4034 2252 hoc

2461 2295 2683 2356 minem.
2713 2296 2800 2349 ubi
2845 2309 2968 2349 cum
3004 2295 3192 2363 primis
3230 2295 3293 2348 ad
3325 2295 3378 2347 id
3417 2294 3811 2347 conficiendum
3853 2293 4035 2345 utitur

2460 2405 2524 2444 eo
2551 2387 2789 2458 Apostoli
2821 2387 3147 2450 testimonio,
3176 2384 3328 2440 Rom.
3350 2403 3425 2451 ιχ,
3454 2387 3485 2440 5
3531 2399 3545 2438 :
3577 2383 3810 2449 Quorum
3832 2394 4035 2450 patres,

2459 2490 2505 2532 et
2531 2496 2594 2532 ex
2622 2479 2807 2549 quibus
2836 2477 3071 2531 Christus
3097 2477 3386 2530 secundum
3415 2491 3648 2538 carnem,
3672 2476 3761 2542 qui
3786 2485 3857 2527 est
3889 2474 4036 2527 Deus

2460 2589 2615 2639 super
2660 2589 2838 2625 omnes
2884 2569 3187 2624 benedictus
3237 2570 3291 2623 in
3344 2570 3561 2623 uacula.
3597 2567 3701 2621 Sed
3737 2567 3875 2623 forte
3905 2583 4033 2621 cum

787 440 880 493 5H

786 557 1032 609 absolute
1063 555 1336 613 nesciret;
1376 549 1469 605 sed
1489 550 1555 603 de
1590 561 1649 600 ea
1680 558 1840 615 agere.
1868 542 2145 597 duntaxat,
2172 547 2344 600 quan-
2375 530 2420 586 Α

790 658 901 699 tum
949 646 1220 701 sufﬁceret
1261 646 1314 696 in
1349 642 1590 712 praesenti
1634 654 1728 692 seu
1772 644 2033 705 quantum
2068 631 2134 682 ad
2185 642 2339 695 argu-

780 751 1032 795 ttncntum
1083 755 1322 809 praesens
1370 739 1721 793 conduceret.
1765 732 1926 802 Atqui
1973 736 2343 798 argumentum

787 848 1028 901 praesens
1057 843 1200 893 erat,
1231 834 1518 898 exquirere
1552 842 1774 883 causam
1803 866 1816 890 ,
1846 821 2154 896 [CXXXIH
2187 833 2347 886 prop-

791 937 873 978 ter
903 940 1061 993 quam
1099 927 1153 978 in
1198 925 1469 986 omnibus,
1513 932 1568 975 et
1619 921 1671 974 in
1710 921 1828 986 ipsa
1870 930 2048 969 rerum
2081 911 2343 970 omnium,

791 1033 855 1071 ac
888 1017 992 1072 diei
1027 1016 1215 1085 judieii
1249 1016 1506 1079 scientia,
1534 1014 1697 1067 Pater
1734 1009 2143 1064 communicaris
2186 1003 2347 1066 Filio,

790 1111 937 1164 solus
975 1119 1150 1164 tamen
1189 1109 1330 1163 scire
1366 1109 1553 1162 horam
1587 1115 1639 1159 et
1681 1104 1824 1158 diem
1855 1117 1884 1155 a
1918 1101 2147 1154 Domino
2177 1097 2350 1150 mani-

793 1202 1022 1256 festalus
1074 1211 1179 1257 cst.
1241 1200 1522 1268 Quomodo
1581 1198 1726 1253 enim
1791 1215 1809 1248 ι
1865 1210 2032 1248 verax
2095 1193 2351 1261 magister

791 1296 1072 1360 Dominus,
1132 1311 1320 1350 verum
1381 1295 1589 1357 dicens,
1626 1313 1646 1342 ι
1710 1291 1761 1344 id
1824 1291 2030 1344 referre
2087 1286 2350 1356 potuitad

791 1388 963 1443 solum
996 1388 1236 1451 Patrem,
1265 1387 1405 1455 quod
1441 1394 1618 1437 tamen
1648 1394 1938 1437 commune
1987 1379 2181 1437 habeat
2228 1389 2348 1426 cum

794 1481 997 1536 Patre?
1027 1482 1122 1536 Cui
1156 1480 1444 1549 quaestioni
1479 1477 1790 1546 respondet,
1824 1473 2102 1528 meliorem
2151 1469 2350 1522 nullam

799 1594 816 1624 ι
859 1573 908 1626 in
960 1574 1208 1641 praesenti
1249 1592 1267 1624 ι
1326 1571 1588 1625 rationem
1643 1568 1825 1622 afferri
1875 1580 2056 1637 posse,
2111 1577 2268 1633 quam
2299 1561 2352 1614 id

794 1665 1109 1719 meonomiae
1142 1673 1193 1718 et
1218 1662 1448 1730 evempli
1480 1675 1644 1716 causa
1675 1660 1874 1714 factum
1907 1673 2028 1714 esse
2055 1673 2084 1711 a
2114 1658 2352 1718 Christo,

801 1774 820 1803 ‹
869 1766 925 1810 ιιι
954 1753 1225 1809 discamus
1265 1768 1360 1820 per
1413 1755 1610 1822 ipsum,
1669 1768 1834 1822 super
1879 1753 2061 1806 omnia
2098 1765 2218 1804 esse
2254 1748 2354 1801 Pa-

795 1853 954 1906 trem,
985 1842 1389 1912 perfectamque
1416 1844 1721 1910 scientiam,
1753 1853 1807 1896 et
1863 1843 1998 1897 tales
2024 1840 2354 1911 qumstiones

793 1935 1170 1990 concedendas
1220 1949 1340 1989 esse
1388 1935 1518 2000 Deo,
1577 1951 1644 1991 ne
1672 1934 1812 1990 forte
1845 1945 2147 2004 quaerentes
2181 1934 2357 1986 altitu-

793 2028 972 2082 dinem
991 2027 1168 2084 Patris
1189 2030 1539 2097 investigare,
1564 2030 1614 2082 in
1650 2029 1946 2098 periculum
1973 2027 2295 2080 incidamus.
2335 2042 2354 2074 ›

796 2119 1003 2173 Etenim
1036 2118 1213 2182 Pater,
1249 2119 1324 2172 ait
1358 2121 1470 2189 ipse
1497 2119 1768 2181 Christus,
1819 2119 1991 2186 major
2017 2135 2094 2171 me
2143 2130 2216 2171 est
2246 2133 2264 2180 ;
2301 2124 2356 2171 et

794 2213 1088 2268 secundum
1121 2213 1454 2281 agnitionem
1492 2213 1812 2280 praepositus
1842 2227 1960 2265 esse
1992 2212 2156 2266 Pater
2189 2229 2215 2264 a
2252 2212 2357 2265 Do-

795 2309 940 2362 mino
971 2308 1328 2362 annuutiatus
1374 2319 1498 2362 est:
1536 2322 1640 2361 non
1687 2309 1826 2377 quod
1862 2307 2024 2362 Pater
2064 2309 2237 2376 major
2269 2325 2358 2361 na-

794 2410 912 2456 tura
947 2403 1036 2466 sit,
1069 2413 1160 2454 aut
1188 2404 1365 2457 minor
1394 2403 1466 2456 sit
1496 2403 1699 2472 agnitio
1733 2403 1888 2467 Filii;
1922 2401 2156 2471 Spiritus
2185 2402 2360 2471 siqui-

793 2499 914 2550 dem
947 2495 1266 2561 Salvatoris,
1322 2497 1412 2567 qui
1448 2497 1498 2550 in
1530 2511 1593 2551 eo
1642 2505 1744 2560 est,
1779 2504 2048 2549 scrutatur
2075 2496 2273 2559 omnia,
2303 2502 2360 2548 et

793 2590 1110 2644 altitudines
1142 2589 1234 2642 Dei
1259 2589 1343 2656 ‘3;
1375 2604 1696 2658 semperque
1723 2589 2062 2643 coexsistens
2096 2587 2204 2641 Deo
2235 2602 2360 2657 pro-

731 2748 739 2756 _
794 2684 970 2751 prium
1006 2681 1125 2750 ejus
1155 2683 1412 2746 Verbum,
1446 2681 1687 2736 omnium
1720 2680 2112 2749 experientiam
2160 2688 2218 2733 et
2263 2693 2358 2734 co-

793 2775 1135 2844 gitationem,
1165 2775 1545 2843 infinitamque
1577 2774 1862 2828 scientiam
1898 2775 2080 2837 habet,
2131 2782 2188 2826 ut
2217 2771 2361 2826 Deus

794 2869 929 2937 ‘pse,
965 2882 1027 2922 ac
1057 2867 1272 2921 Patrem
1304 2882 1460 2920 suum
1511 2867 1751 2936 perfecte
1800 2867 2101 2936 COgnoscit,
2133 2866 2361 2934 ejusque

795 2973 1049 3012 mensura
1077 2967 1183 3022 est,
1214 2959 1470 3027 quoniam
1506 2965 1562 3011 et
1597 2958 1764 3026 capit,
1799 2966 1856 3010 ut
1901 2954 2160 3011 Irenaeum
2197 2971 2360 3024 supra

795 3052 1062 3105 dicentem
1119 3051 1469 3118 audivimus;
1519 3050 1614 3103 sed
1677 3051 1821 3118 quod
1873 3048 2035 3103 Pater
2089 3049 2280 3104 ordine
2308 3059 2364 3102 et

793 3146 1004 3214 urigine
1039 3145 1186 3212 prior
1215 3146 1309 3207 sit,
1359 3143 1596 3211 primum
1624 3143 1889 3208 oumium,
1933 3142 2210 3211 ipsiusque
2239 3139 2361 3194 Filii

2462 2665 2723 2719 lectorum
2755 2661 2976 2716 fastidio
3027 2661 3230 2714 factmn
3285 2659 3518 2712 fuisset:
3561 2656 4039 2728 quaremaluimus

2467 2755 2724 2810 Irenzeum
2755 2756 2926 2822 ipsum
2957 2752 3084 2822 legi.
3114 2753 3271 2806 Aliud
3303 2761 3388 2805 est
3424 2751 3566 2818 quod
3624 2756 4041 2816 conqneruntur

2467 2847 2619 2901 citati
2645 2845 3081 2908 Centuriatores,
3119 2861 3137 2892 ‹
3173 2844 3238 2896 de
3271 2841 3475 2910 Spiritu
3524 2851 3716 2894 sancto
3750 2839 3931 2892 rarius
3962 2839 4041 2890 lo-

2467 2940 2555 3006 qui
2595 2958 2613 2990 ι
2673 2937 2956 2992 Irenaeum.
3012 2934 3178 2989 Paulo
3228 2933 3447 3002 quidem
3493 2932 3673 2985 rarius
3714 2933 3780 2986 de
3825 2929 4039 2998 Spiritu

2464 3043 2674 3095 sancto,
2728 3047 2890 3101 quam
2940 3031 3005 3084 de
3038 3028 3219 3084 Verbo
3267 3028 3547 3098 loquitur:
3593 3033 3741 3079 ratus
3781 3024 4044 3077 videlicet

2466 3128 2599 3180 satis
2629 3141 2769 3186 esse.
2805 3133 2862 3178 ut
2895 3125 3012 3191 ipse“
3043 3123 3331 3190 profitetur
3361 3121 3453 3173 lib.
3490 3135 3527 3180 ι,
3561 3133 3608 3172 c.
3639 3117 3694 3182 9,
3719 3116 3762 3170 si
3794 3115 4044 3168 funditus

794 3239 1158 3308 principium;
1210 3238 1295 3290 cui
1323 3237 1526 3300 omnia,
1562 3244 1619 3289 ut
1650 3246 1924 3300 naturam,
1974 3234 2054 3288 sic
2085 3244 2140 3287 et
2187 3233 2365 3286 scien-

2473 3233 2656 3270 cversa
2688 3232 2853 3286 prava
2886 3213 3255 3275 distinctione,
3286 3225 3449 3279 quam
3482 3209 3621 3262 inter
3661 3205 4043 3276 Unigenitum,

797 3336 950 3392 tiam.
982 3343 1205 3403 accepta
1236 3334 1399 3388 refert
1429 3333 1637 3396 Filius;
1672 3333 1757 3385 cui
1793 3332 2029 3398 denique
2055 3330 2263 3394 omnia,
2298 3338 2358 3382 ut

796 3429 1006 3480 auctori
1051 3443 1149 3480 suo
1194 3427 1467 3490 concedit,
1520 3426 1656 3480 nihil
1703 3426 1994 3494 quidquam
2029 3425 2145 3478 sive
2176 3438 2360 3494 agere,

795 3519 908 3570 sive
939 3518 1081 3584 loqui
1132 3528 1187 3571 et
1224 3517 1464 3571 revelare
1511 3529 1711 3584 praeter
1757 3517 1878 3583 eius
1907 3516 2243 3570 voluntatem
2276 3529 2366 3569 vo-

800 3611 951 3664 lens:
987 3612 1053 3664 ad
1090 3613 1190 3665 hoc
1222 3621 1279 3662 ut
1305 3619 1359 3664 et
1394 3626 1516 3674 nos,
1555 3611 1663 3664 Deo
1706 3610 1764 3671 in
1794 3610 2064 3663 infinitum
2099 3611 2362 3677 minores,

796 3703 1007 3757 Christi
1063 3703 1313 3771 exemplo
1360 3702 1633 3756 discamus
1681 3701 1977 3770 perfectam
2052 3701 2360 3763 scientiam,

799 3798 1194 3865 abstrusasque
1250 3798 1574 3866 quaestiones
1616 3794 1743 3871 Deo
1791 3799 2113 3861 concedere,
2145 3809 2246 3849 nec
2301 3807 2366 3848 ea

802 3899 1008 3943 temere
1036 3888 1270 3941 scrutari
1310 3903 1430 3957 quae
1463 3888 1632 3941 latere
1677 3903 1776 3940 nos
1828 3888 2013 3940 voluit.
2051 3885 2169 3941 Uno
2199 3886 2368 3939 verbo

802 3982 969 4034 totius
999 3981 1186 4035 Irenaei
1227 3981 1720 4051 argumentationis
1768 3996 1976 4035 summa
2034 3981 2139 4034 huc
2185 3980 2366 4033 redit:

803 4076 859 4127 Si
891 4076 1003 4142 ipse
1032 4072 1316 4137 Dominus,
1348 4073 1441 4126 Dei
1472 4073 1663 4138 Filius,
1695 4071 1929 4126 Verbum
1961 4072 2161 4137 Patris,
2194 4072 2280 4126 cui
2315 4071 2368 4125 in

802 4169 1058 4226 omnibus
1092 4167 1453 4220 communicat
1490 4164 1672 4230 Pater,
1707 4166 1861 4234 cujus
1899 4165 2131 4230 Spiritus
2182 4165 2272 4233 qui
2304 4165 2369 4217 'in

802 4276 868 4315 eo
894 4273 976 4316 est
1033 4261 1081 4313 id
1109 4268 1212 4322 est,
1251 4259 1467 4311 divinus
1513 4257 1835 4323 intellectus,
1863 4266 2131 4309 scrutatur
2171 4257 2370 4320 omnia,

805 4355 951 4422 ipsas
999 4355 1163 4406 etiam
1221 4351 1534 4405 altitudines
1587 4351 1699 4412 Dei,
1742 4365 1907 4418 quem
1943 4351 2170 4417 proinde
2203 4351 2374 4403 latere

807 4461 910 4497 non
945 4453 1120 4511 potest
1153 4443 1294 4510 quod
1326 4443 1391 4496 de
1423 4442 1508 4495 die
1535 4451 1590 4495 et
1623 4443 1751 4494 hora
1781 4442 2011 4494 extremi
2043 4441 2230 4509 judicii
2257 4449 2371 4494 sta-

807 4539 905 4592 tuit
942 4537 1141 4601 Pater;
1175 4536 1318 4589 illius
1371 4544 1547 4587 tamen
1588 4534 1692 4587 diei
1741 4534 2026 4586 scientiam
2069 4533 2257 4586 retulit
2307 4534 2372 4584 ad

811 4632 1044 4694 Patrem,
1079 4629 1238 4696 eique
1268 4629 1556 4689 concessit,
1613 4640 1711 4679 nec
1744 4625 1794 4677 id
1827 4624 2103 4692 explicare
2133 4635 2188 4678 et
2225 4639 2375 4679 rese-

811 4736 934 4775 rare
964 4719 1314 4788 voluit,quod
1347 4732 1591 4772 reserare
1625 4732 1729 4770 non
1760 4717 1971 4770 sinebat
2003 4716 2254 4771 voluntas
2280 4715 2382 4769 Pa-

811 4815 910 4866 tris
933 4836 943 4869 :
963 4828 991 4864 a
1023 4812 1228 4865 fortiori
1259 4825 1358 4864 nos
1378 4811 1467 4880 qui
1496 4826 1652 4878 super
1678 4820 1872 4862 terram
1898 4810 2166 4878 «legimus,
2187 4808 2382 4875 quibus

808 4905 1090 4958 divisiones
1120 4904 1385 4957 duntaxat
1432 4904 1726 4970 gratiarum
1781 4911 1930 4962 sunt,
1981 4911 2035 4954 et
2089 4899 2385 4953 divisiones

811 4994 1226 5048 ministeriorum
1267 5003 1312 5044 et
1341 4992 1625 5045 divisiones
1666 4994 2050 5056 operationum,
2082 4992 2282 5058 quique
2322 5007 2387 5043 ea:

811 5099 957 5155 parte
986 5088 1367 5156 cognoscimus,
1400 5096 1446 5139 et
1476 5101 1540 5140 cx
1559 5093 1708 5152 parte
1739 5084 2108 5151 prapltetamus
2135 5099 2152 5144 ,'
2176 5085 2238 5137 de
2269 5085 2388 5135 uni-

813 5183 977 5234 versis
1003 5180 1382 5252 quwstionibus
1408 5180 1690 5231 concedere
1719 5188 1917 5244 oportet
1943 5180 2012 5240 ei,
2039 5176 2129 5242 qui
2151 5193 2214 5229 ea:
2240 5187 2387 5243 parte

816 5276 962 5329 nobis
989 5283 1200 5343 prazstat
1230 5274 1484 5342 gratiam,
1511 5281 1567 5324 ut
1595 5271 1754 5340 paulo
1787 5279 1912 5325 ante
1939 5271 2075 5324 dixit
2105 5269 2171 5332 ⁸⁸,
2207 5284 2306 5322 nec
2336 5269 2390 5322 id

815 5366 1089 5435 explicare
1139 5375 1234 5417 aut
1266 5366 1595 5433 investigare
1652 5363 1773 5429 niti,
1825 5362 1966 5430 quod
2019 5363 2071 5414 in
2105 5359 2387 5427 sapientia:

818 5476 925 5512 sua:
950 5458 1222 5511 thesauris
1249 5457 1572 5512 delitescere
1602 5456 1768 5508 voluit
1801 5456 1960 5508 Deus.
1991 5453 2143 5520 Quod
2167 5453 2384 5521 quidem

818 5551 1118 5621 argumenti
1165 5566 1334 5619 genus
1379 5566 1542 5619 quam
1581 5549 1945 5606 catholicum.
1990 5558 2044 5602 ct
2088 5548 2157 5600 ab
2186 5548 2384 5600 Ariaua

822 5647 1099 5712 impietate
1128 5653 1424 5708 remotum,
1444 5641 1694 5711 quisquis
1723 5657 1908 5710 tequus
1941 5656 2121 5695 rerum
2151 5641 2387 5694 aestima-

823 5750 902 5789 ιλιι·
938 5737 1093 5790 facile
1133 5737 1296 5790 videt.

975 5912 1205 5978 ιαυικιι,
1246 5914 1324 5965 to.
1405 5913 1440 5942 δ’
1474 5913 1488 5966 l
1519 5912 1636 5967 cor.
1680 5927 1776 5977 xu.
1808 5911 1857 5964 ἐ)-

2473 3308 2725 3372 Verbum,
2763 3306 3140 3369 Salvatorem,
3181 3302 3482 3365 Christum,
3534 3309 3663 3363 cte.,
3718 3301 4044 3365 interpone-

2468 3401 2600 3454 baut
2649 3397 3035 3461 Valentiniani,
3095 3396 3267 3463 prima
3319 3406 3509 3447 eormn
3557 3391 3781 3460 ogdoas,
3836 3403 3866 3441 a
3931 3403 4043 3456 qua

2470 3491 2634 3546 veluti
2666 3491 2888 3558 religata
2919 3487 3191 3557 pendebat
3239 3497 3349 3538 tota
3401 3485 3725 3537 Pleromatis
3801 3482 4046 3539 Valenti-

2472 3583 2616 3636 niani
2673 3583 2865 3647 moles,
2916 3581 3264 3644 dirueretur;
3317 3577 3416 3630 hac
3459 3575 3603 3630 enim
3654 3588 3844 3626 eversa
3881 3587 4048 3624 ruere

2474 3687 2640 3730 totam
2691 3673 3034 3744 hypethesim
3078 3683 3362 3724 necessum
3410 3681 3550 3720 esse.
3607 3663 3753 3720 Unde
3810 3664 3862 3714 in
3900 3664 4051 3712 hanc

2469 3769 2883 3824 concutiendam
2915 3764 3356 3825 distinctionem,
3395 3758 3854 3822 statuendamque
3879 3753 4051 3808 Verbi

2472 3881 2591 3916 cum
2645 3861 2938 3930 Unigeuito
2974 3857 3297 3926 ταυτότητα,
3353 3853 3708 3919 eamdemque
3749 3847 3893 3900 illius
3923 3861 4051 3898 cum

2474 3957 2634 4009 Patre
2683 3963 2931 4007 naturam
2979 3959 3033 4003 et
3080 3948 3446 4008 divinitatem,
3497 3942 3647 3996 salva
3688 3939 4055 3994 distinctione

2476 4063 2859 4120 personarum,
2907 4050 3012 4098 tota
3071 4041 3180 4094 fere
3237 4046 3686 4108 argumentorum
3742 4032 3916 4086 moles
3972 4032 4057 4084 in-

2476 4142 2701 4197 cumbit.
2731 4139 2846 4193 Nou
2881 4149 3055 4190 tamen
3085 4135 3219 4187 adeo
3254 4145 3376 4184 raro
3406 4130 3469 4183 de
3500 4128 3706 4196 Spiritu
3739 4133 3936 4178 sancto
3973 4124 4054 4176 lo-

2477 4232 2680 4299 quitur,
2715 4229 2848 4296 quin
2878 4240 2944 4281 ex
2975 4226 3065 4288 iis,
3096 4239 3214 4292 quae
3245 4220 3540 4275 identidem
3571 4215 3810 4275 disserit,
3841 4213 4056 4281 liquido

2477 4334 2681 4395 pateat,
2731 4337 2918 4375 verum
2967 4319 3159 4379 Deum,
3211 4313 3360 4368 Patri
3410 4323 3464 4364 et
3510 4308 3647 4363 Filio
3693 4307 4055 4375 cowqualeni,

2477 4427 2809 4470 cozeteruutu
2866 4419 2920 4465 et
2967 4405 3486 4465 consubstantialem
3533 4405 3600 4456 ab
3632 4416 3697 4455 eo
3729 4400 3973 4453 censeri.
4004 4397 4060 4449 Id

2481 4507 2767 4576 perspicue
2812 4504 3193 4556 demonstrant
3243 4513 3329 4558 ca.
3383 4511 3504 4565 quae
3545 4508 3706 4561 supra
3742 4490 4058 4550 retulimus,

2408 4578 2451 4631 θ
2484 4597 2818 4656 sanctissimi
2855 4594 3116 4664 martyris
3145 4590 3265 4645 loca
3297 4598 3351 4644 et
3385 4597 3730 4657 argumenta.
3762 4583 3903 4638 Hinc
3932 4596 4059 4636 eum

2482 4699 2573 4752 Dei
2607 4709 2824 4750 manum
2859 4689 3119 4759 appellat,
3171 4685 3402 4753 indeque
3428 4679 3700 4736 concludit
3726 4676 3876 4730 Patri
3913 4691 4058 4729 sem-

2483 4808 2580 4861 per
2610 4784 2982 4846 coexstitisse,
3005 4791 3058 4833 et
3088 4790 3214 4834 ante
3240 4793 3328 4832 res
3358 4790 3548 4828 omnes
3574 4772 3817 4828 conditas
3849 4769 4059 4830 fuisse;

2482 4885 2623 4952 quod
2671 4891 2719 4935 et
2773 4895 2839 4935 cx
2885 4878 3021 4931 libro
3050 4873 3468 4930 Proverbiorum
3517 4869 3731 4938 probat.
3767 4864 3910 4918 llinc
3937 4878 4062 4917 eum

2485 4979 2536 5032 in
2583 4990 2753 5044 opere
2804 4970 3096 5026 creationis
3139 4982 3261 5022 cum
3297 4964 3457 5018 Patre
3499 4972 3554 5015 et
3587 4960 3723 5014 Filio
3749 4958 4060 5012 consociat.

2485 5069 2794 5125 Creationis
2845 5075 3022 5118 autem
3076 5077 3211 5130 opus
3256 5061 3327 5113 ita
3380 5057 3620 5111 divinum
3671 5068 3812 5116 esse,
3851 5050 4064 5119 Deique

2487 5166 2654 5219 solius
2690 5159 2965 5230 proprium
3009 5157 3127 5223 jure
3161 5155 3356 5207 merito
3387 5149 3582 5212 credit,
3631 5156 3685 5200 ut
3722 5161 3786 5198 ex
3821 5160 3892 5214 eo
3921 5146 4063 5211 quod

2487 5273 2584 5325 per
2616 5252 2850 5307 Verbum
2907 5249 3203 5304 constituta
3256 5245 3364 5297 sint
3419 5242 3637 5305 omnia,
3686 5238 3906 5302 inferat,
3959 5251 4065 5291 non

2487 5361 2696 5405 tantum
2734 5364 2761 5400 a
2797 5347 2979 5401 Verbo
3031 5343 3234 5396 infinite
3288 5340 3494 5393 distare
3538 5334 3789 5404 angelos,
3829 5333 4065 5386 archan-

2487 5443 2659 5513 gelos,
2713 5441 2956 5506 aliasque
2986 5450 3072 5489 res
3098 5443 3349 5495 creatas;
3403 5430 3495 5483 scd
3539 5437 3594 5482 ct
3623 5425 3750 5480 illud
3795 5422 4064 5476 infectum

2488 5554 2629 5602 esse,
2689 5538 2804 5588 sine
2854 5533 3033 5598 initio,
3084 5530 3204 5584 sine
3253 5526 3378 5591 fine,
3426 5523 3708 5588 solumque
3736 5534 3861 5573 eum
3905 5518 4068 5571 Patre

2482 5637 2628 5702 juste
2681 5628 2784 5681 dici
2836 5627 3004 5679 Deum
3041 5638 3103 5677 ac
3151 5622 3481 5676 Dominum:
3517 5626 3712 5668 canora
3741 5611 3957 5674 omnia,
4005 5624 4063 5661 ex

2487 5748 2552 5787 co
2611 5730 2753 5797 quod
2809 5731 2993 5779 creata
3045 5722 3176 5787 sint,
3226 5719 3438 5774 initium
3492 5708 3795 5768 habuissc.‘
3836 5704 4066 5760 dissolvi

1938 5910 1978 5940 °°
2015 5913 2229 5966 bentur.
2264 5927 2321 5974 ιι,
2355 5925 2451 5980 Cap
2509 5910 2585 5971 ιο,
2618 5907 2665 5960 in
2702 5906 2789 5958 fin.
