4196 6330
273 357 382 412 513

1213 364 1666 421 DlSSERTATlO
1700 364 1785 421 lll.
1821 365 1906 420 DE
1943 365 2196 422 ΙΒΕΝᾹΞΙ
2238 365 2603 421 DOCTRINA.

3411 367 3506 419 3H

276 489 456 542 posse,
494 477 739 544 subjecta
791 497 933 546 esse,
987 498 1159 552 neque
1208 483 1353 552 jnste
1402 486 1490 538 Dei
1524 485 1842 538 vocabulum
1875 489 1918 544 Α
1953 485 2004 537 in
2082 486 2397 539 novissimis
2481 485 2814 553 temporibus
2870 482 3054 538 emittit
3119 498 3214 551 per
3268 481 3509 548 adoplio-

275 583 496 624 sumere
523 586 702 637 posse,
736 577 878 640 quod
915 584 1002 628 cst
1027 575 1323 631 Creatoris.
1368 578 1520 643 Quod
1560 593 1843 645 argumen-

281 669 396 712 tum
439 663 522 716 vel
571 667 702 718 nihil
747 669 972 723 omnino
1024 672 1238 739 probat,
1290 671 1373 722 vel
1429 671 1628 723 invicte
1655 669 1844 738 probat

277 751 543 820 Spiritum
574 768 849 823 sanctum,
884 775 949 814 ex
989 762 1172 816 lrenzei
1203 763 1493 824 sententia,
1529 776 1630 813 non
1664 761 1842 815 minus

274 857 468 897 verum
501 845 668 901 Deum
699 865 841 914 esse,
878 851 1158 917 infectum,
1199 854 1318 906 sine
1351 852 1528 914 initio,
1567 853 1683 906 sine
1714 851 1839 916 line,

273 936 409 990 nulli
435 939 757 1007 subjectum,
787 954 919 1007 etc.,
953 960 1114 1010 quam
1149 946 1322 1013 ipsum
1353 944 1621 998 Verbum:
1655 952 1841 1012 utpote

271 1031 369 1095 qui
399 1047 502 1084 non
533 1034 723 1089 minus
744 1052 936 1090 manus
970 1038 1148 1093 Patris
1180 1039 1360 1106 fuerit,
1415 1054 1513 1094 nec
1551 1038 1726 1092 minus
1774 1037 1839 1090 ad

273 1138 367 1176 res
398 1127 664 1182 creandas
709 1143 930 1197 operam
960 1132 1275 1198 contulerit,
1325 1146 1486 1198 quam
1516 1131 1686 1198 ipsum
1716 1130 1841 1183 Ver-

270 1216 430 1269 bum.
461 1215 568 1271 Sed
614 1219 701 1272 cui
752 1222 1005 1288 prmdicta
1055 1222 1239 1276 omnia
1272 1221 1518 1276 suilicere
1549 1235 1650 1273 non
1685 1219 1838 1274 vide-

270 1305 500 1370 buntur,
531 1307 676 1375 legat
703 1311 847 1377 quod
878 1311 1108 1366 lrenaeus
1136 1312 1229 1366 lib.
1255 1327 1306 1377 v,
1337 1327 1386 1365 c.
1420 1311 1506 1372 l2,
1539 1327 1594 1362 n.
1622 1309 1676 1373 Ξ,
1706 1309 1838 1363 scri-

268 1397 374 1451 bit.
429 1398 541 1454 Hoc
587 1415 749 1454 omne
797 1404 1134 1472 exceptionis
1183 1419 1352 1473 genus
1399 1403 1720 1473 praeclusnm
1771 1401 1835 1453 iri

267 1491 512 1549 confido.
547 1491 618 1545 lbi
649 1495 934 1562 distinguit
964 1496 1195 1550 Irenzeus
1224 1498 1366 1551 inter
1393 1518 1409 1549 ι
1441 1495 1674 1550 adlatum
1696 1497 1835 1556 vitae.

266 1582 365 1647 qui
395 1593 452 1636 et
480 1587 781 1658 animalem
800 1588 962 1642 elﬁcit
992 1589 1292 1653 hominem,
1321 1599 1374 1644 et
1403 1588 1665 1658 Spiritum
1703 1588 1836 1640 vivi-

268 1678 552 1740 ticantem,
590 1680 683 1746 qui
735 1656 790 1734 ei.
835 1683 1131 1748 spiritalem
1167 1680 1330 1736 elIicit
1361 1679 1655 1735 hominem.
1684 1698 1701 1729 ι
1726 1697 1743 1728 ι
1770 1677 1836 1732 Et

264 1781 493 1835 propter
518 1771 643 1831 hoc,
693 1770 898 1838 inquit,
943 1770 1109 1826 Isaias
1135 1772 1178 1803 ⁸¹
1214 1772 1334 1825 ait:
1435 1770 1527 1825 Sic
1553 1775 1679 1822 atct't
1724 1771 1832 1822 Do-

265 1863 469 1920 minus,
515 1864 604 1928 qui
649 1863 769 1932 fecit
816 1865 1023 1927 calum,
1068 1874 1116 1916 et
1160 1864 1276 1930 ﬁxit
1306 1863 1458 1926 illud,
1490 1862 1834 1931 quiﬁrmavit

263 1960 486 2014 terram,
515 1961 562 2004 et
591 1969 708 2021 qua:
735 1954 788 2004 in
824 1969 883 2005 ea
912 1964 1032 2006 sunt
1062 1970 1080 2015 ;
1108 1962 1157 2007 el
1191 1954 1332 2007 dedit
1364 1953 1593 2023 aﬂlalum
1620 1954 1831 2021 populo,

259 2043 355 2107 qui
383 2057 540 2108 super
556 2058 670 2095 eam
689 2052 855 2106 csl,et
897 2044 1144 2112 spiritum
1171 2045 1252 2096 Itis
1276 2048 1363 2113 qui
1382 2045 1589 2097 calcant
1657 2041 1828 2096 illam.

259 2129 515 2185 Adlatum
583 2135 798 2201 quidem
861 2138 1220 2189 communiter
1277 2138 1469 2199 omni,
1526 2136 1617 2204 qui
1667 2150 1831 2204 super

262 2235 468 2277 terram
497 2236 603 2288 est,
651 2224 849 2294 populo
878 2225 1064 2279 dicens
1096 2227 1278 2279 datunt
1307 2243 1320 2279 :
1353 2226 1616 2294 Spiritum
1644 2238 1830 2278 autem

260 2316 484 2383 proprie
514 2317 622 2380 his,
671 2318 762 2383 qui
803 2319 1078 2372 inculcant
1123 2317 1196 2388 (id
1243 2327 1327 2372 est
1351 2318 1694 2386 conculcant)
1724 2327 1832 2371 ter-

1948 592 2068 630 nent
2096 577 2328 630 ﬁliorum
2359 579 2408 630 in
2435 594 2600 647 genus
2621 579 2913 631 humanum
2934 596 2946 630 :
2970 575 3200 630 adlatum
3223 571 3511 644 [CXXXVI

1946 677 2131 720 autem
2179 669 2545 720 communiter
2604 668 2659 719 in
2702 669 3091 728 conditionem,
3137 676 3191 719 et
3244 664 3507 717 facturam

1944 761 2238 813 ostendens
2265 760 2438 814 illum.
2473 760 2630 813 Aliud
2671 768 2853 812 autem
2891 767 2974 812 est
3000 756 3143 826 quod
3177 755 3376 808 factum
3403 764 3504 818 est,

1945 850 2014 905 ab
2042 865 2107 904 eo
2136 851 2226 917 qui
2263 848 2414 903 fecit.
2441 848 2665 903 Amatus
2698 849 2858 917 igitur
2892 849 3235 917 temporalis;
3275 847 3508 917 Spiritus

1941 951 2122 995 autem
2147 943 2534 1011 sempiternus,
2561 963 2578 994 ι
2611 953 2717 995 etc.
2773 941 2867 994 llic
2894 956 2956 995 ex
2991 941 3139 994 Isaia:
3173 942 3352 996 verbis
3379 954 3505 1008 pro-

1942 1035 2031 1088 bat
2060 1032 2322 1096 lrenazus,
2365 1033 2697 1087 latissimum
2730 1033 3025 1086 discrimen
3055 1031 3318 1100 Spiritum
3365 1039 3507 1084 inter

1940 1136 1996 1180 et
2021 1127 2260 1182 amatum
2306 1127 2758 1196 interponendum
2796 1141 2918 1180 esse
2961 1143 2975 1178 :
3014 1142 3032 1175 ι
3074 1123 3334 1198 Spiritum
3380 1125 3506 1192 qni-

1941 1223 2061 1276 dem
2102 1241 2122 1274 ι
2169 1222 2238 1276 ab
2281 1222 2415 1276 Isaia
2455 1239 2474 1273 ‹
2529 1222 2747 1290 proprie
2781 1222 2832 1274 in
2867 1220 3034 1273 Deum
3081 1218 3346 1286 deputari,
3385 1237 3402 1268 ι
3446 1216 3504 1269 τ’)

1946 1312 2161 1383 πνεῦμα
2200 1314 2343 1376 ἰδίως
2392 1312 2482 1365 ἐπὶ
2529 1312 2621 1366 τοῦ
2668 1311 2801 1363 Θεοῦ
2850 1308 3052 1373 τάξας,
3087 1308 3178 1361 τοῦ
3226 1307 3503 1378 ἐκχέοντος

1939 1404 2089 1470 αὑτό,
2124 1404 2174 1457 id
2204 1405 2360 1457 estin
2384 1404 2572 1457 eodem
2597 1403 2806 1464 ordine,
2839 1402 3026 1471 gradu,
3046 1400 3308 1469 dignitate
3329 1409 3384 1452 et
3404 1415 3499 1452 na-

1941 1505 2059 1549 tura
2089 1495 2371 1556 constitui,
2396 1494 2547 1562 cujus
2581 1505 2661 1549 est
2698 1497 2764 1560 is,
2798 1495 2889 1563 qui
2927 1491 3115 1545 effudit
3137 1507 3281 1554 cum,
3311 1491 3452 1545 Deus
3481 1505 3503 1542 ,γ

1945 1609 1964 1642 ε
1998 1589 2233 1642 amatum
2263 1599 2443 1643 autem
2476 1588 2841 1642 communiter
2881 1587 2931 1639 in
2961 1583 3329 1640 conditionem
3368 1603 3386 1634 ι
3435 1583 3505 1636 ab

1938 1696 2002 1735 eo
2033 1681 2299 1748 deputari,
2336 1701 2354 1732 ι
2386 1691 2439 1735 et
2469 1679 2736 1734 facturam
2785 1677 3000 1733 ostendi
3031 1695 3046 1743 ;
3088 1698 3105 1728 ι
3185 1685 3502 1743 tantumque

1938 1770 2156 1824 differre
2190 1769 2428 1825 afﬂatum
2473 1786 2502 1824 a
2551 1771 2778 1839 Spiritu,
2811 1779 3071 1838 quanttnn
3128 1767 3310 1823 dill‘ert
3357 1768 3498 1836 quod

1937 1858 2136 1912 factum
2164 1868 2268 1926 est,
2306 1860 2462 1914 abeo
2504 1861 2596 1931 qui
2649 1859 2814 1926 fecit;
2869 1874 2934 1913 ac
2984 1859 3213 1927 proinde
3261 1856 3497 1912 afﬂatum

1928 1950 2269 2018 temporalem
2323 1966 2462 2015 esse,
2522 1951 2740 2004 initium
2784 1950 3069 2012 habuisse,
3141 1959 3500 2016 creatumque

1930 2041 2136 2107 fuisse;
2171 2041 2432 2110 Spiritum
2469 2057 2599 2097 vero
2634 2044 3028 2108 sempiternum
3062 2057 3202 2103 esse,
3236 2042 3354 2096 sine
3397 2041 3502 2094 ini-

1930 2135 2026 2199 tio,
2052 2121 2389 2186 conditorem
2420 2148 2482 2186 ac
2519 2149 2704 2187 verum
2741 2132 2931 2186 Deum.
2973 2133 3090 2185 Erit
3122 2131 3261 2187 forte
3283 2133 3371 2201 qui
3398 2132 3498 2187 mi-

1927 2241 2029 2279 nus
2071 2224 2307 2279 feliciter
2355 2224 2508 2279 Isaia:
2562 2225 2676 2278 loca
2712 2225 2780 2279 ab
2828 2225 3030 2280 Irenzeo
3072 2224 3338 2294 explicata
3379 2239 3500 2281 esse

1925 2317 2212 2384 obtendat;
2258 2315 2356 2370 sed
2377 2318 2464 2372 hic
2493 2318 2558 2370 de
2590 2318 2826 2386 genuino
2863 2317 3015 2371 Isaia:
3054 2334 3218 2371 sensu
3251 2332 3355 2370 non
3388 2317 3500 2386 dis-

259 2422 426 2461 rcnas
469 2409 958 2476 concupiscentias.
1007 2408 1236 2478 Propter
1287 2411 1432 2477 quod
1481 2425 1675 2463 rursus
1722 2410 1837 2487 ipse
1933 2417 2222 2479 putamus;
2261 2408 2311 2462 id
2342 2419 2549 2463 tantum
2580 2410 2701 2478 jure
2739 2411 2934 2465 merito
2980 2410 3389 2476 contendimus,
3418 2409 3498 2463 sic

257 2496 434 2552 Isaias
453 2499 500 2529 “
534 2498 872 2568 distinguens
900 2516 1020 2570 qua;
1048 2501 1303 2569 praedicta
1334 2511 1474 2565 sunt,
1507 2501 1580 2554 ait
1622 2517 1634 2552 :

257 2683 527 2747 Spiritum
587 2684 805 2753 quidem
869 2686 1085 2757 proprie
1151 2689 1200 2740 in
1252 2689 1360 2742 Deo
1398 2687 1514 2753 (ἐπὶ
1546 2685 1639 2740 τοῦ
1673 2684 1830 2753 Θεοῦ,

253 2767 347 2821 hic
395 2772 536 2826 verti
592 2773 912 2836 debuisset,
966 2778 1019 2828 in
1059 2776 1268 2844 'Deum)
1340 2780 1610 2847 deputans
1670 2792 1831 2846 quem

1713 2499 1837 2568 Spi-

257 2593 394 2643 ritus
430 2590 568 2642 enim
600 2610 632 2644 a
661 2608 740 2644 me
766 2593 922 2658 exist,
974 2603 1020 2646 et
1070 2593 1302 2663 afflatum
1345 2610 1545 2647 omnem
1589 2609 1683 2662 ego
1711 2592 1835 2660 feci.

1932 2501 2000 2552 ab
2029 2510 2254 2555 auctore
2281 2513 2469 2556 nostro
2501 2507 2805 2572 expositum
2838 2516 2960 2556 esse
2983 2503 3319 2571 prophetam,
3347 2511 3404 2555 ut
3429 2517 3491 2557 ea

1932 2590 2113 2644 verbis
2165 2592 2283 2660 ejus
2337 2593 2620 2658 intulerit,
2679 2592 2939 2662 Spiritum
2999 2601 3249 2648 sanctum
3307 2606 3492 2649 verum

1930 2701 2050 2742 esse
2077 2688 2269 2751 Deum,
2295 2690 2342 2742 ei
2378 2689 2897 2744 consubstantialem
2924 2704 2955 2743 a
2987 2704 3094 2760 quo
3121 2689 3172 2743 in
3201 2689 3494 2745 humanum

1926 2794 2096 2848 genus
2125 2779 2328 2835 elfusus
2349 2792 2452 2836 est.

1437 3086 2102 3181 ARTICULUS
2152 3092 2318 3182 VIo

375 3271 464 3330 De
500 3273 809 3349 mysterio
847 3276 1338 3349 lnoarnationis,
1377 3278 1615 3341 Christi
1659 3279 2026 3353 nativitate,
2074 3281 2412 3359 baptismo,
2446 3289 2506 3344 et
2547 3284 2864 3345 descensu
2893 3283 2967 3345 ad
3000 3281 3371 3357 inferos,'ae

1075 3385 1140 3445 B.
1175 3384 1392 3448 Maria
1427 3386 1714 3466 Virginis
1747 3386 2057 3467 dignitate
2082 3397 2141 3450 et
2182 3388 2668 3453 intercessione.

319 3653 412 3706 64.
439 3653 694 3722 Operam,
728 3671 845 3710 mea
877 3657 1095 3725 quidem
1119 3661 1416 3727 sententia,
1457 3663 1690 3730 luderet,
1724 3667 1814 3734 qui
1848 3674 1889 3730 c
1924 3681 2043 3720 rum
2085 3667 2278 3724 Deum,
2300 3666 2389 3734 qui
2426 3684 2444 3716 ι
2480 3665 2525 3696 ⁵³
2548 3665 2598 3719 in
2633 3665 2906 3735 principio
2939 3664 3170 3719 Verbum
3212 3667 3488 3724 exsistens

243 3758 437 3797 sanam
476 3757 600 3800 esse
630 3757 686 3802 et
724 3750 1089 3805 orthodoxam
1132 3752 1319 3809 lrenzei
1351 3757 1415 3810 de
1441 3761 1703 3829 mysterio
1737 3761 1823 3814 ln-

245 3838 592 3892 carnationis
636 3840 938 3894 doctrinam
991 3842 1146 3914 longa
1183 3845 1568 3904 dissertatione
1599 3853 1822 3905 demon-

244 3927 540 3978 strandum
566 3927 666 3981 sibi
700 3937 938 3994 putaret.
973 3929 1184 4000 Scripta
1214 3935 1483 4001 siquidem
1515 3952 1613 4004 per
1645 3953 1701 3991 se
1734 3939 1818 3993 lo-

243 4029 515 4081 quuntur,
554 4028 608 4072 et
653 4020 903 4088 quisquis
932 4035 993 4075 ea
1027 4021 1246 4090 legerit,
1280 4041 1400 4094 quae
1440 4038 1632 4081 auctor
1678 4029 1818 4084 libro

243 4108 554 4174 praesertim
590 4113 770 4175 tertio,
801 4127 832 4164 a
877 4127 997 4181 cap.
1028 4114 1096 4168 16
1126 4131 1296 4186 usque
1329 4119 1395 4172 ad
1450 4118 1519 4172 24
1553 4122 1815 4190 disputat,

246 4213 358 4251 non
408 4200 588 4254 minus
635 4214 893 4259 accurate
933 4206 1217 4277 scripsisse
1262 4209 1544 4275 fatebitur,
1571 4229 1732 4283 quam
1770 4217 1813 4270 si

245 4298 374 4356 post
428 4289 582 4344 Pauli
634 4291 1002 4361 Samosateni,
1061 4297 1298 4366 Pltotini,
1349 4302 1582 4359 Nestorii
1616 4317 1670 4359 et
1712 4309 1816 4361 Eu-

245 4382 484 4450 tychetis
543 4393 786 4454 tempora
839 4389 1087 4445 vixisset.
1160 4392 1411 4449 llaeretici
1483 4400 1812 4467 quibuscum

240 4473 684 4541 conflictabatur,
713 4477 895 4532 Jesnm
923 4479 1198 4536 Christum
1240 4485 1524 4541 Dominum
1564 4499 1810 4545 nostrum

240 4580 428 4619 verum
454 4568 622 4621 Deum
647 4579 701 4622 et
732 4585 916 4624 verum
949 4572 1221 4628 hominem
1244 4591 1363 4631 esse
1378 4582 1685 4649 negabant;
1717 4586 1811 4639 sed

239 4655 423 4712 .lcsum
471 4674 501 4712 a
537 4660 756 4716 Christo
793 4662 957 4735 impie
1006 4666 1331 4735 dividentes,
1364 4670 1456 4724 alii
1513 4673 1662 4729 illum
1696 4692 1810 4731 me-

240 4763 357 4800 ram
379 4750 617 4805 hominis
648 4752 853 4806 larvam
880 4755 1321 4827 exstitisse,qua3
1340 4778 1435 4830 per
1457 4763 1702 4831 Mariam,
1728 4785 1814 4823 ve-

239 4840 318 4892 lut
345 4857 439 4908 per
465 4845 712 4899 canalem
751 4851 1081 4915 transierat;
1143 4853 1257 4918 alii,
1287 4871 1435 4911 more
1480 4870 1807 4916 cancrorum

237 4931 542 4998 hominum,
573 4951 636 4989 ex
665 4937 883 5009 Josephi
926 4953 979 4996 et
1012 4942 1194 4999 Mariae
1221 4957 1336 5000 satu
1368 4950 1607 5017 genitum
1642 4968 1760 5009 esse
1790 4972 1804 5009 :

1922 3762 2060 3829 apud
2102 3759 2292 3823 Deum,
2351 3774 2446 3828 per
2487 3772 2648 3826 quem
2688 3759 2867 3811 omnia
2919 3757 3059 3813 facta
3108 3769 3256 3825 sunt,
3288 3762 3378 3829 qui
3431 3771 3487 3816 et

1920 3863 2129 3917 semper
2155 3848 2345 3902 aderat
2385 3849 2573 3917 generi
2619 3849 2878 3914 humano,
2925 3868 2944 3901 ι
2990 3850 3191 3921 quique
3224 3869 3243 3902 ί
3292 3851 3346 3906 in
3391 3869 3486 3908 no.

1895 3939 2160 3993 ‘vissimis
2190 3937 2546 4007 temporibus,
2578 3939 2875 3994 secundum
2918 3940 3241 4010 praefinitum
3276 3953 3485 4011 tempus

1921 4047 1949 4084 a
1975 4029 2154 4095 Patre,
2187 4030 2369 4085 unitus
2396 4023 2496 4086 s'no
2517 4030 2794 4099 plasmati,
2823 4033 3099 4100 passibilis
3122 4033 3282 4088 hoino
3307 4033 3484 4089 factus

1919 4121 2083 4176 fuerit
2118 4139 2132 4174 :
2184 4139 2202 4174 ι
2232 4123 2367 4175 adeo
2397 4131 2454 4175 ut
2487 4141 2505 4174 ι
2537 4122 2758 4177 exclusa
2791 4123 2864 4178 sit
2906 4124 3089 4178 omnis
3123 4126 3485 4182 contradictio

1917 4213 2211 4267 dicentium
2265 4230 2278 4264 :
2315 4214 2370 4267 Si
2398 4229 2527 4282 ergo
2558 4225 2683 4269 tunc
2725 4225 2884 4270 natus
2931 4225 3037 4281 est,
3071 4232 3176 4271 non
3205 4227 3323 4271 erat
3352 4234 3484 4288 ergo

1917 4312 2046 4358 ante
2093 4303 2383 4372 Christus;
2437 4320 2542 4359 non
2596 4324 2614 4357 ι
2660 4306 2804 4360 enim
2855 4325 2874 4358 ι
2927 4317 3052 4362 tunc
3099 4310 3265 4378 cepit
3310 4309 3484 4366 Filius

1920 4396 2014 4451 Dei
2046 4395 2317 4451 exsistens
2343 4413 2553 4466 semper
2575 4400 2716 4466 apud
2756 4397 3010 4464 Patrem;
3042 4401 3134 4455 sed
3157 4403 3372 4470 quando
3401 4402 3482 4456 itt-

1915 4496 2177 4541 carnatus
2209 4497 2312 4553 est,
2344 4496 2396 4543 et
2427 4490 2586 4542 homo
2613 4489 2810 4556 factus,
2841 4489 3054 4559 longam
3083 4492 3359 4546 hominum
3387 4510 3480 4548 ex-

1915 4578 2238 4646 positionem
2292 4579 2346 4632 itt
2393 4593 2450 4632 se
2482 4579 2598 4647 ipso
2650 4579 3050 4648 recapitulavit,
3078 4581 3130 4634 in
3162 4583 3482 4660 compendio

1917 4670 2072 4725 nobis
2103 4670 2332 4725 salutem
2390 4679 2677 4739 praestans,
2709 4666 2765 4724 ul
2797 4672 2938 4739 quod
2971 4673 3378 4741 perdideramus
3423 4675 3481 4728 in.

1913 4764 2106 4828 Adam,
2138 4763 2189 4817 id
2215 4773 2298 4817 est
2321 4761 2615 4816 secundum
2654 4765 2946 4833 imaginem
2984 4774 3039 4824 et
3070 4765 3476 4821 similitudinem

1910 4870 2031 4910 esse
2060 4855 2174 4915 Dei,
2199 4855 2301 4909 hoc
2331 4855 2381 4909 itt
2407 4853 2626 4908 Christo
2649 4854 2771 4910 Jesu
2804 4856 3192 4924 reciperemus.
3224 4877 3242 4909 ι
3277 4857 3475 4913 Verum

1913 4949 2079 5001 Deum
2111 4965 2128 4996 ε
2165 4946 2212 4979 ⁸⁸
2236 4945 2510 5000 Christum
2535 4946 2729 5000 Filium
2754 4948 2844 5001 Dei
2874 4948 3005 5012 vivi,
3043 4968 3060 5000 ι
3083 4951 3331 5004 eumdem
3358 4966 3476 5006 esse

236 5022 380 5076 hunc
430 5038 560 5078 vero
596 5028 647 5079 in
679 5045 824 5097 eum,
879 5043 989 5087 tum
1022 5050 1143 5089 cum
1192 5039 1469 5107 baptismo
1516 5043 1801 5114 tingendus
1839 5013 1886 5070 D
1918 5062 1936 5093 ι
1974 5053 2028 5098 et
2058 5044 2224 5096 filium
2253 5042 2514 5096 hominis.
2547 5041 2811 5108 Quoniam
2848 5042 2993 5096 enim
3029 5057 3186 5096 nemo
3223 5043 3278 5096 iti
3306 5054 3471 5098 totum

235 5123 407 5174 esset.
465 5116 771 5184 devolasse,
823 5140 947 5178 mox
1001 5127 1392 5197 revolaturum,
1427 5147 1547 5186 cum
1579 5138 1791 5190 cruciﬁ-

235 5207 445 5270 gendus
473 5219 639 5272 esset,
673 5210 1142 5281 blasphemabant.
1202 5219 1332 5275 Haec
1372 5237 1620 5278 errorum
1657 5243 1809 5281 mon-

235 5305 350 5347 stra
391 5297 581 5352 citatis
622 5301 891 5369 capitibus
936 5316 994 5359 ut
1048 5308 1298 5381 proﬂiget
1349 5313 1608 5381 lrenaausv,
1657 5328 1807 5374 totus

235 5392 343 5447 est,
375 5394 432 5437 ut
466 5391 655 5456 probet
705 5410 869 5447 untttn
900 5407 955 5450 et
990 5402 1236 5455 eumdem
1270 5420 1390 5459 esse
1423 5405 1609 5466 .lesum
1647 5410 1809 5465 Chri-

233 5485 404 5536 stum,
437 5477 672 5533 Verbum
710 5482 1007 5545 Dei,Deum
1034 5504 1195 5556 super
1223 5492 1429 5556 omnia,
1467 5492 1806 5563 Unigenitum

235 5566 328 5618 ιιι,ςί
360 5565 588 5631 Filium,
620 5586 804 5624 verunt
840 5574 1000 5630 Deum
1033 5594 1096 5632 ac
1127 5595 1310 5636 verum
1361 5583 1632 5640 hominem
1659 5603 1671 5638 :
1720 5603 1810 5641 vc-

307 5747 347 5776 ⁸²
390 5752 518 5819 (ζειν.
557 5753 641 5816 42,

815 5757 856 5785 ⁵⁸
886 5759 1010 5826 Cap.
1046 5759 1132 5824 57,
1169 5762 1251 5815 16.

1339 5762 1382 5793 ⁸³
1414 5763 1542 5833 Cap.
1578 5767 1664 5831 18,
1701 5784 1750 5820 ll.
1791 5769 1836 5822 l.

1912 5150 1978 5189 ex
2010 5134 2136 5187 [iliis
2172 5133 2323 5198 Δάτι),
2357 5132 2500 5187 Deus
2523 5133 2826 5203 appellatur
2870 5134 3166 5188 secundum
3203 5149 3350 5199 eum,
3380 5146 3474 5190 aut

1906 5225 2170 5278 Dominus
2217 5223 2548 5286 nominatur,
2603 5239 2668 5277 ex
2718 5223 3019 5293 Scripturis
3076 5227 3473 5280 demonstravi-

1906 5330 2046 5369 mus.
2073 5314 2337 5381 Quoniam
2372 5324 2549 5368 autem
2599 5315 2716 5383 ipse
2770 5317 2988 5385 pr0prie
3026 5329 3227 5385 prater
3253 5332 3466 5378 onmes.

1905 5409 1997 5475 qtti
2053 5405 2274 5460 fuerunt
2306 5415 2433 5460 tunc
2467 5407 2740 5483 homines,
2791 5406 2954 5471 Deus,
3004 5418 3058 5462 ct
3108 5407 3385 5474 Dominus,
3418 5420 3472 5463 et

1907 5497 2020 5551 Rex
2047 5505 2303 5561 aeternus,
2334 5506 2388 5549 ct
2416 5497 2744 5566 unigenitus,
2775 5507 2828 5552 et
2857 5499 3091 5553 Verbum
3124 5499 3466 5554 incarnatutn

1915 5589 2240 5658 [medicatur
2269 5596 2324 5640 et
2354 5604 2383 5640 a
2439 5590 2740 5659 prepltcus,
2770 5600 2823 5646 et
2861 5592 3140 5659 apostolis,
3178 5602 3232 5647 ct
3258 5593 3323 5646 ab
3351 5594 3468 5662 ipso

1913 5770 1956 5801 ⁵⁸
1988 5771 2118 5838 (lup.
2153 5773 2232 5838 l9,
2275 5790 2326 5827 η.
2363 5774 2414 5827 2.
