4196 6330
758 423 864 479 515

1579 422 2171 481 DISSERTATIONES
2208 421 2508 479 PRAEVl/E
2542 421 2609 476 IN
2646 420 2900 476 IRENEI
2942 420 3201 477 LIBROS.

3891 427 3990 482 5H3

754 543 981 612 Spiritu,
1020 545 1176 600 adest
1203 545 1394 600 videre
1425 544 1702 611 omnibus,
1727 548 1818 616 qui
1851 550 1932 601 vel
1963 546 2236 601 modicum
2263 548 2330 600 de
2356 549 2403 604 Α
2428 559 2526 614 per
2579 543 2757 612 angeli
2819 557 3135 598 sermonem
3185 540 3402 596 seducta
3460 549 3576 605 est,
3629 549 3686 594 ut
3735 539 3991 610 eﬁ'ugeret

753 629 990 690 veritate
1013 636 1317 706 attigerint.
1347 634 1473 691 Habe
1515 648 1696 691 autem
1745 654 1862 693 non
1897 637 2323 692 testiﬁca‘rentur

753 722 1138 794 Scriptumde
1165 741 1254 792 eo,
1295 728 1363 792 si,
1400 727 1656 784 similiter
1679 738 1736 781 ut
1760 742 1970 794 omnes,
2006 729 2167 784 homo
2201 737 2321 781 tan-

754 823 867 869 tum
903 815 1117 872 fuisset.
1147 817 1256 874 Sed
1306 820 1564 888 quoniam
1617 822 1936 890 przeclaram
1978 831 2176 890 praeter
2201 835 2319 875 om-

751 924 848 964 nes
881 911 1073 989 habuit
1108 912 1160 967 in
1192 927 1252 967 se
1284 928 1426 978 eam,
1471 931 1588 985 quae
1619 926 1701 972 est
1729 917 1796 970 ab
1825 915 2097 974 altissimo
2137 914 2318 980 Patre,

751 1001 1082 1065 Renituram,
1111 1005 1375 1073 praclara
1406 1018 1586 1062 autem
1615 1007 1840 1066 functus
1883 1018 1967 1063 est
1996 1019 2049 1063 et
2078 1025 2164 1073 ea,
2197 1024 2317 1077 quae

747 1103 834 1150 est
883 1110 950 1150 ex
1005 1097 1249 1176 Virgine,
1306 1103 1682 1169 generatione,
1736 1115 1967 1173 utraque
2018 1104 2316 1176 Scriptura:

747 1185 945 1240 divinae
974 1186 1042 1242 de
1069 1203 1136 1243 eo
1166 1191 1565 1258 testiﬁcantur;
1606 1203 1660 1248 et
1689 1197 1942 1265 quoniam
1975 1198 2132 1252 homo
2163 1200 2314 1255 inde-

745 1289 934 1342 corus,
970 1286 1024 1333 et
1069 1280 1363 1350 passibilis,
1391 1291 1445 1337 et
1477 1299 1640 1355 super
1667 1286 1869 1354 pullum
1901 1289 2065 1342 asinae
2096 1289 2310 1355 sedens,

747 1377 904 1424 aceto
934 1378 987 1426 et
1017 1371 1144 1427 felle
1172 1382 1419 1443 potatur,
1443 1384 1498 1430 et
1537 1378 1896 1446 spernebatur
1920 1380 1972 1434 in
2003 1380 2221 1451 p0pulo,
2256 1391 2312 1436 et

744 1451 918 1527 usque
947 1462 1015 1516 ad
1049 1473 1278 1519 mortem
1323 1465 1602 1522 descendit
1633 1486 1646 1522 :
1678 1481 1732 1523 et
1761 1472 2019 1540 quoniam
2048 1473 2310 1530 Dominus

742 1558 984 1617 sanctus,
1011 1560 1068 1606 et
1101 1553 1368 1610 mirabilis
1391 1556 1831 1624 consiliarius,et
1858 1566 2085 1618 decorus
2102 1563 2306 1632 specie,

741 1645 798 1690 et
826 1639 969 1693 Deus
1020 1640 1202 1708 fortis,
1235 1658 1397 1712 super
1446 1642 1619 1701 riubes
1655 1649 1875 1704 veniens
1923 1653 2304 1708 universorum

735 1729 926 1797 judex,
959 1735 1137 1786 omnia
1169 1736 1233 1789 de
1260 1751 1326 1791 eo
1357 1737 1656 1808 Scriptura:
1682 1744 2153 1811 prophetabant...
2203 1747 2306 1801 Hic

739 1823 905 1894 igitur
925 1823 1093 1880 Filius
1121 1827 1210 1881 Dei
1246 1829 1504 1887 Dominus
1529 1843 1729 1901 noster,
1755 1838 2028 1892 exsistens
2057 1836 2289 1895 Verbum

735 1912 936 1980 l’atris,
969 1926 1024 1971 et
1054 1918 1194 1973 filius
1225 1920 1459 1977 hominis
1488 1938 1502 1975 :
1533 1927 1789 1993 quoniam
1821 1944 1886 1982 ex
1925 1928 2121 1999 Maria,
2174 1947 2292 2001 quae

733 2021 801 2059 ex
855 2009 1163 2068 hominibus
1196 2014 1431 2070 habebat
1485 2033 1673 2086 genus,
1732 2035 1851 2091 quae
1905 2029 1960 2075 et
2011 2025 2124 2094 ipsa
2183 2037 2300 2092 erat

734 2098 917 2166 homo,
951 2103 1139 2158 habuit
1192 2110 1490 2164 secundum
1543 2112 1817 2167 hominem
1862 2115 2296 2184 generationem,

733 2189 912 2246 factus
939 2204 1022 2248 est
1056 2194 1197 2253 ﬁlius
1234 2200 1490 2256 hominis.
1534 2223 1553 2257 θ
1583 2204 1740 2259 Clara
1777 2208 2065 2274 sunthaec,
2109 2210 2297 2266 nullis-

729 2298 838 2352 que
862 2287 1015 2340 vanis
1045 2287 1427 2346 haereticorum
1456 2296 1700 2366 suffragiis
1730 2299 2019 2353 eludenda.
2045 2303 2294 2358 Christus

727 2385 785 2428 et
807 2391 968 2430 verus
998 2379 1090 2434 Dei
1123 2380 1314 2448 Filius,
1356 2393 1409 2438 et
1443 2401 1602 2442 verus
1653 2389 1888 2445 hominis
1919 2393 2059 2447 illius
2087 2412 2101 2447 :
2133 2405 2293 2450 verus

727 2465 898 2536 Deus,
936 2482 1159 2543 propter
1187 2483 1444 2530 aeternam
1484 2495 1503 2528 ‹
1537 2481 1604 2534 ab
1639 2480 1905 2537 altissimo
1929 2482 2094 2539 Patre
2134 2487 2287 2556 geni-

727 2567 947 2624 turam,
1009 2580 1028 2613 »
1065 2577 1224 2617 verus
1274 2566 1454 2632 homo,
1502 2579 1724 2638 propter
1770 2575 2143 2644 temporalem,
2196 2576 2288 2631 sed

729 2667 749 2698 α
784 2651 1100 2719 praeclaram
1131 2671 1195 2711 ex
1226 2654 1448 2729 Virgine
1475 2663 2289 2736 genituram;iinqu0proinde

723 2742 919 2812 duplex
952 2757 1146 2801 natura
1178 2748 1365 2818 fuerit,
1394 2753 1591 2822 duplici
1631 2758 1884 2824 genitura:
1932 2761 2286 2830 respondens,

724 2834 885 2889 unica
915 2850 1046 2890 vero
1074 2854 1305 2905 persona
1339 2853 1627 2913 utramque
1663 2857 1912 2902 naturam
1942 2853 2021 2904 sic
2045 2851 2284 2908 alliciens

721 2936 776 2980 et
802 2929 1088 2997 copulans,
1119 2941 1178 2986 ut
1216 2949 1354 2990 unus
1382 2944 1434 2990 et
1459 2937 1602 2999 idem
1639 2938 1710 2992 sit
1739 2939 1908 2996 Filius
1943 2941 2034 2996 Dei
2058 2953 2112 2998 et
2142 2944 2285 2999 ﬁlius

721 3016 982 3085 hominis,
1013 3037 1178 3076 unum
1215 3024 1448 3080 Verbum
1477 3029 1838 3084 incarnatum.
1895 3031 2031 3088 Hinc
2058 3045 2284 3091 natura-

721 3124 839 3164 rum
875 3111 1130 3167 unionem
1163 3115 1300 3170 adeo
1340 3127 1497 3186 urget
1526 3132 1714 3174 contra
1744 3122 2053 3191 haereticos,
2086 3137 2143 3180 ut
2195 3129 2282 3182 in-

721 3204 932 3258 terdum
969 3217 1176 3262 aSSerat
1207 3211 1273 3276 ",
1309 3230 1326 3262 ι
1379 3211 1640 3279 Verbum,
1669 3217 1760 3286 qui
1803 3232 2016 3287 semper
2046 3221 2282 3276 humano
2312 3251 2352 3307 ο

718 3297 903 3362 generi
963 3300 1142 3364 adest,
1198 3303 1406 3357 unitum
1450 3305 1624 3361 fuisse
1681 3317 1734 3362 et
1782 3323 2134 3380 consparsum
2181 3330 2281 3368 suo

716 3387 992 3454 plasmati,
1025 3403 1078 3444 et
1109 3409 1332 3447 carnem
1369 3395 1609 3461 factum;
1649 3399 1925 3454 hominem
1967 3417 2100 3457 vero
2133 3419 2282 3459 com-

716 3480 934 3536 mistum
987 3482 1164 3539 Verbo
1213 3485 1329 3541 Dei.
1394 3507 1413 3540 ι
1457 3488 1586 3556 Qua;
1649 3499 1826 3546 tamen
1882 3494 2175 3564 catholice,
2229 3507 2283 3551 et

717 3575 866 3628 salva
910 3590 1134 3644 semper
1184 3587 1502 3654 naturarum
1552 3582 1925 3651 distinctione,
1975 3586 2120 3642 dicta
2160 3605 2285 3645 esse

714 3665 953 3734 propriis
978 3665 1110 3722 locis
1137 3671 1494 3724 ostendimus.

757 3749 761 3753 ’
790 3759 880 3812 65.
911 3760 977 3815 Et
1005 3762 1130 3825 hirto
1162 3763 1326 3818 etiam
1354 3764 1537 3819 Mariae
1580 3765 1902 3836 dignitatem
1934 3771 2280 3825 commendat

713 3850 949 3905 Irenaaus
981 3853 1047 3915 ",
1081 3855 1224 3923 quod
1262 3855 1420 3924 virgo
1449 3870 1801 3926 permanens,
1831 3874 2019 3913 verum
2062 3861 2280 3916 Emma-

709 3939 858 4006 nuel,
891 3942 982 4009 qui
1006 3943 1304 3997 substantia
1333 3945 1473 4000 Deus
1503 3950 1914 4017 est,peperorit,
1934 3959 1986 4003 et
2011 3959 2066 4004 ut
2093 3966 2278 4006 verum

710 4033 1010 4098 hominem,
1040 4037 1120 4089 sic
1145 4045 1199 4089 et
1224 4051 1409 4090 verum
1461 4036 1628 4094 Deum
1679 4042 1962 4111 genuerit;
2001 4058 2277 4113 vanosque

711 4124 1131 4191 'I‘heodotionis,
1158 4128 1390 4198 Aquilae,
1423 4130 1761 4202 aliorumque
1799 4134 2088 4204 impiorum
2116 4151 2279 4190 cona-

711 4226 801 4270 tus
834 4217 1085 4288 dissipat,
1113 4221 1204 4290 qui
1252 4225 1434 4290 pravis
1489 4225 1892 4294 Scripturarum
1944 4227 2277 4297 interpreta-

711 4311 950 4365 tionibus
986 4311 1168 4367 Maria:
1208 4317 1576 4385 virginitatem
1623 4321 2033 4388 oppugnabant.
2079 4320 2215 4376 llinc
2246 4339 2273 4376 a

711 4403 987 4473 praecipuo
1012 4404 1107 4459 illo
1151 4407 1334 4461 Mariae
1366 4409 1560 4463 decore
1591 4419 1646 4464 et
1686 4409 1814 4465 illud
1843 4414 2092 4478 accersit,
2129 4414 2273 4483 quod

710 4493 882 4548 Mater
909 4496 1003 4551 Dei
1039 4497 1206 4562 facta,
1242 4509 1443 4554 nostra:
1489 4501 1678 4557 salutis
1713 4504 1888 4572 prima
1924 4518 2047 4573 post
2077 4504 2272 4559 Filium

2427 634 2620 700 Deum,
2652 633 3022 706 praevaricata
3059 632 3282 688 verbum
3320 633 3480 702 ejus:
3513 633 3586 687 ita
3627 633 3741 687 haec
3779 632 3987 702 (Maria)

2421 740 2522 796 per
2564 725 2869 796 angelicum
2894 739 3201 781 sermonem
3242 724 3609 800 evangelizata
3639 735 3744 791 est,
3776 733 3836 779 nt
3859 739 3987 794 por-

2423 824 2570 870 taret
2615 818 2807 880 Deum,
2843 815 3102 871 obediens
3150 816 3265 883 ejus
3300 818 3486 872 Verbo.
3534 815 3596 872 Et
3631 818 3673 870 si
3700 832 3763 872 ea
3802 817 3987 872 inobe-

2420 909 2594 964 dierat
2645 910 2789 974 Deo;
2819 910 2915 964 sed
2959 910 3072 964 hazc
3120 924 3289 964 suasa
3328 919 3411 965 est
3450 911 3670 966 obedire
3720 913 3853 976 Deo,
3910 913 3982 965 uti

2417 1001 2647 1072 virginis
2677 1001 2803 1056 Eva;
2831 1001 2982 1071 virgo
3009 1002 3172 1056 Maria
3201 1003 3353 1057 ﬁeret
3375 1003 3658 1057 advocata.
3692 1004 3754 1058 Et
3788 1018 3984 1072 quem-

2418 1095 2706 1148 admodum
2765 1095 3050 1148 astrictum
3099 1094 3258 1149 morti
3315 1108 3489 1164 genus
3537 1093 3826 1150 humanum
3890 1108 3985 1163 per

2417 1186 2703 1253 virginem,
2770 1185 3012 1241 salvatur
3077 1202 3175 1256 per
3239 1187 3503 1256 virginem
3551 1203 3568 1239 :
3619 1203 3770 1257 aequa
3829 1189 3984 1243 lance

2419 1275 2732 1349 [CXXXVI]
2785 1279 3086 1346 disposita,
3138 1279 3423 1348 virginalis
3476 1279 3838 1334 inobedientia
3885 1294 3981 1348 per

2412 1369 2734 1439 virginalem
2783 1369 3169 1426 obedientiam.
3227 1371 3421 1426 Adhuc
3462 1373 3605 1426 enim
3663 1372 3979 1441 protoplasti

2410 1469 2693 1529 peccatum
2742 1477 2838 1532 per
2888 1462 3281 1530 correptionem
3346 1463 3690 1534 primogeniti
3723 1465 3978 1519 emenda-

2411 1549 2616 1605 tionem
2673 1551 2968 1622 accipiens,
3001 1563 3057 1606 et
3109 1553 3379 1623 serpentis
3430 1555 3716 1622 prudentia
3760 1556 3974 1609 devicta

2409 1642 2465 1696 in
2505 1642 2772 1699 columbae
2820 1643 3192 1714 simplicitate,
3223 1647 3458 1702 vinculis
3510 1657 3694 1702 autem
3724 1649 3830 1702 illis
3889 1664 3974 1702 re-

2407 1733 2624 1802 solutis,
2691 1751 2790 1805 per
2837 1752 2959 1806 qua:
3010 1737 3215 1809 alligati
3279 1753 3500 1795 eramus
3540 1740 3734 1794 .morti.
3791 1759 3809 1791 ›
3843 1740 3972 1807 Qua:

2407 1828 2710 1896 posteriora
2734 1830 2921 1893 verba,
2953 1846 2973 1880 ι
3006 1840 3060 1884 et
3091 1831 3548 1900 quemadmodum
3579 1832 3865 1886 astrictum
3889 1841 3972 1886 est

2405 1909 2585 1984 morti,
2611 1940 2630 1970 ι
2665 1929 2792 1986 ete.,
2820 1920 3107 1990 descripsit
3142 1922 3480 1992 Augustinus
3513 1922 3608 1978 lib.
3639 1939 3654 1977 ι
3698 1932 3837 1977 cont.
3878 1923 3972 1976 Ju-

2403 2008 2535 2062 lian.
2569 2025 2688 2079 cap.
2727 2009 2784 2064 3.

2470 2099 2558 2156 66.
2596 2099 2722 2156 Ilaec
2769 2101 2908 2157 male
2946 2102 3147 2158 habent
3188 2103 3583 2174 hagiomachos
3614 2120 3825 2160 omnes.
3877 2104 3966 2158 ln-

2401 2195 2682 2248 commode
2713 2194 2859 2248 dicta
2900 2181 3091 2262 putant
3123 2195 3713 2266 Magdeburgenses“.
3747 2198 3841 2252 His
3871 2215 3962 2268 pe-

2400 2271 2660 2340 tulantior
2697 2284 2992 2350 Gallasius,
3052 2286 3104 2340 in
3149 2289 3262 2341 suis
3308 2289 3375 2342 ad
3411 2298 3743 2357 postremum
3777 2289 3962 2344 Irenzei

2395 2374 2574 2430 locum
2605 2375 3072 2440 adnotationibus,
3104 2377 3158 2431 in
3183 2377 3445 2432 Irenaeum
3473 2379 3651 2447 ipsum
3705 2388 3761 2433 et
3800 2388 3962 2433 caete-

2396 2482 2487 2522 ros
2527 2466 2738 2534 Patres,
2785 2477 3061 2536 totamque
3114 2469 3412 2524 Ecclesiam
3449 2471 3773 2525 catholicam
3809 2471 3959 2524 iurit.

2396 2559 2728 2615 Moderatior
2755 2559 2827 2615 cl.
2852 2559 3084 2614 Grabius
3110 2559 3294 2614 Irenaai
3325 2563 3538 2630 quidem
3570 2577 3812 2631 persona:
3835 2579 3960 2634 par-

2393 2654 2489 2716 cit,
2521 2653 2702 2706 verbis
2734 2653 2995 2706 duntaxat
3024 2653 3129 2706 vim
3160 2654 3361 2707 inl'erre
3412 2655 3618 2709 nititur.
3690 2671 3709 2703 ς
3769 2653 3952 2716 Licet,

2393 2745 2597 2815 inquit,
2633 2745 2896 2799 advocata
2998 2745 3085 2800 hic
3177 2754 3486 2814 patronam,
3525 2763 3542 2796 ‹
3583 2761 3704 2815 quae
3751 2761 3847 2815 pro
3884 2747 3959 2798 al-

2395 2845 2507 2891 tera
2565 2839 2886 2902 intercedat,
2940 2839 3297 2907 signiﬁcaret,
3349 2838 3484 2891 nil-ll
3545 2846 3724 2892 tamen
3777 2839 3844 2892 de
3897 2837 3959 2891 Β.

2393 2928 2558 2983 Maria
2626 2929 2736 2997 jam
2803 2930 3055 2984 defuncta
3123 2945 3238 2983 eam
3315 2931 3562 2998 accipere
3634 2939 3872 2999 cogeret.
3936 2950 3953 2982 ι

2389 3020 2627 3086 Quidni?
2659 3022 2714 3076 Si
2750 3021 2915 3076 Maria
2969 3022 3020 3075 in
3051 3022 3214 3076 terris
3260 3023 3481 3090 degens,
3514 3036 3613 3090 pro
3655 3037 3718 3075 ea
3770 3037 3875 3091 qua
3905 3024 3957 3074 in

2389 3113 2684 3168 humanum
2741 3128 2912 3183 genus
2959 3114 3222 3168 charitate
3277 3114 3562 3183 ﬂagrabat,
3615 3114 3953 3168 mediatricis

2389 3217 2467 3257 ac
2500 3214 2745 3272 patrona:
2781 3219 3005 3257 munere
3031 3203 3216 3258 functa
3251 3215 3353 3271 est,
3393 3220 3455 3257 ac
3489 3220 3588 3274 pro
3637 3204 3956 3258 hominibus

2389 3295 2731 3358 intercessit;
2783 3310 2848 3348 an
2893 3307 3189 3360 mortuam,
3229 3297 3324 3350 sed
3362 3297 3470 3350 Deo
3503 3296 3800 3362 viventem,
3833 3312 3953 3348 cum

2388 3387 2501 3443 Deo
2549 3397 2889 3458 regnantem,
2944 3388 3059 3443 Deo
3116 3389 3217 3456 ipsi
3274 3388 3559 3443 charitatis
3602 3388 3735 3443 fonti
3792 3390 3955 3444 altius

2387 3480 2535 3534 velut
2588 3481 2921 3544 immersam,
2980 3481 3243 3546 charitas,
3303 3496 3447 3548 quae,
3481 3480 3737 3549 Apostolo
3797 3490 3956 3546 teste,

2387 3586 2659 3639 nunquam
2699 3572 2924 3636 excidit,
2952 3572 3031 3626 sic
3086 3571 3310 3637 defecit,
3359 3582 3416 3626 ut
3461 3587 3672 3638 eorum,
3723 3587 3957 3639 quorum

2385 3671 2543 3716 antea
2577 3663 2969 3730 miserebatur,
2998 3678 3224 3732 prorsus
3255 3662 3451 3729 oblita,
3491 3664 3663 3718 null-as
3693 3680 3796 3734 pro
3824 3667 3955 3735 ipsis

2384 3769 2574 3822 preces
2623 3756 2850 3810 fundere
2883 3757 3179 3825 dignetur?
3220 3756 3379 3812 Certe
3427 3774 3583 3813 secus
3621 3759 3781 3828 longe
3829 3774 3956 3813 sen-

2383 3851 2520 3903 sisse
2551 3858 2764 3903 veteres
2782 3865 2970 3904 omnes
2993 3849 3203 3914 Patres,
3234 3862 3287 3906 et
3321 3852 3618 3918 Ecelesias,
3649 3855 3871 3920 probat,
3899 3863 3952 3907 ut

2385 3941 2488 3994 alia
2514 3951 2744 4003 taceam,
2770 3940 3135 4012 Liturgiarum
3162 3945 3407 3996 omnium
3441 3943 3953 4010 antiquissimarum

2383 4031 2721 4095 Graecarum,
2747 4031 3194 4102 Latinarumque,
3220 4049 3354 4101 quas
3389 4035 3501 4104 ipse
3531 4036 3763 4106 Grabius
3798 4053 3956 4092 vene-

2384 4122 2592 4175 ratione
2623 4124 2811 4190 dignas
2841 4122 3145 4187 existimat,
3195 4139 3527 4191 consensus;
3564 4127 3615 4178 in
3647 4129 3852 4195 quibus
3892 4129 3948 4182 Β.

2383 4213 2564 4268 Maria:
2585 4216 2844 4269 auxilium
2877 4215 3145 4283 exposcit,
3179 4215 3402 4284 ejusque
3441 4218 3647 4272 meritis
3675 4233 3739 4272 ac
3776 4221 3952 4289 preci-

2382 4306 2480 4360 bus
2509 4306 2722 4360 veniam
2747 4310 3121 4374 peccatorum,
3158 4318 3214 4363 et
3246 4309 3506 4363 beneﬁcia
3532 4321 3731 4364 cmtera
3779 4312 3948 4381 impe-

2382 4409 2529 4452 trare
2553 4398 2733 4452 studet
2761 4397 3026 4452 Ecclesia.
3056 4398 3235 4464 Quare
3270 4401 3497 4470 hujusce
3523 4402 3842 4458 ratiunculae
3863 4418 3950 4457 va-

2379 4491 2606 4544 nitatem
2634 4491 2876 4545 sentiens
2903 4493 2986 4544 vir
3023 4491 3236 4547 clariss.
3268 4494 3416 4546 addit
3451 4511 3463 4545 :
3505 4512 3520 4544 ι
3547 4495 3655 4551 Etsi
3685 4499 3945 4552 conceda-

704 4590 995 4643 mediamx
1028 4591 1264 4645 evaserit
1295 4610 1308 4646 ς
1339 4608 1402 4646 ac
1435 4608 1531 4660 per
1558 4595 1673 4662 ejus
1711 4595 1871 4648 ﬁdem
1915 4607 1969 4650 οι
2013 4597 2271 4651 obedien-
2303 4591 2347 4646 1)
2381 4593 2490 4647 tur,
2527 4581 2674 4636 illam
2706 4599 2852 4637 nunc
2897 4597 2994 4652 pro
3035 4584 3280 4640 ﬁdelibus
3310 4585 3445 4639 vivis
3487 4587 3740 4640 universe
3767 4583 3948 4642 consi-

708 4681 860 4746 tiam,
903 4682 1132 4737 salutem
1182 4699 1244 4737 ac
1295 4686 1720 4753 redemptionem
1765 4689 1994 4758 adeptos
2018 4704 2116 4743 nos
2149 4703 2267 4743 esse

706 4783 940 4841 asserit;
998 4789 1118 4842 quae
1165 4777 1501 4833 mediatricis
1591 4778 2092 4848 conciliatricisque
2142 4795 2266 4834 eum

706 4850 816 4923 Deo
867 4875 1050 4935 partes
1107 4879 1253 4923 sunt.
1311 4887 1329 4919 ι
1388 4870 1431 4900 ⁸⁷
1483 4869 1946 4936 Quemadmodum
1976 4871 2063 4924 illa
2111 4870 2268 4941 (Eva)

702 4959 878 5014 virum
924 4960 1142 5030 quidem
1195 4960 1400 5014 habens
1433 4961 1626 5027 Adam,
1661 4962 1816 5032 virgo
1862 4972 2042 5017 tamen
2093 4963 2269 5016 adhuc

701 5051 1094 5106 exsistens.....
1125 5050 1447 5106 inobediens
1496 5050 1661 5117 facta,
1698 5062 1752 5106 et
1779 5052 1907 5116 sibi,
1934 5061 1988 5107 et
2015 5052 2268 5106 universo

698 5144 881 5212 generi
915 5145 1151 5198 humano
1183 5160 1344 5199 causa
1392 5143 1537 5200 facta
1562 5157 1645 5200 est
1673 5146 1869 5201 mortis
1903 5163 1916 5198 :
1951 5145 2031 5199 sic
2061 5155 2115 5198 et
2143 5145 2259 5200 Inta-

695 5236 779 5290 ria
829 5237 1270 5304 praadestinatum
1327 5239 1534 5294 habens
1562 5240 1763 5304 virum,
1791 5249 1848 5293 et
1886 5249 2063 5292 tamen
2089 5239 2262 5308 virgo,

693 5328 980 5392 obediens,
1009 5339 1062 5382 et
1090 5328 1212 5395 sibi,
1247 5339 1300 5385 et
1335 5334 1586 5385 universo
1613 5332 1800 5401 generi
1834 5332 2073 5385 humano
2099 5345 2261 5384 causa

692 5419 834 5476 facta
859 5431 942 5475 est
967 5422 1177 5476 salutis.
1211 5442 1228 5473 ι
1253 5423 1315 5476 Ει
1346 5432 1531 5490 postea
1563 5442 1577 5478 :
1617 5444 1634 5476 ι
1674 5425 1824 5490 Quod
1846 5424 2087 5493 alligavit
2114 5424 2268 5492 virgo

643 5566 646 5567 ν
693 5512 801 5566 Eva
829 5527 926 5581 per
954 5514 1418 5579 incredulitatem,
1450 5519 1550 5572 hoc
1581 5518 1743 5573 solvit
1788 5517 1939 5588 virgo
1967 5517 2136 5570 Maria
2169 5530 2267 5585 per

693 5605 876 5660 tidem.
919 5622 939 5657 ›
976 5605 1041 5659 Ει
1071 5607 1234 5675 lih.v,
1256 5624 1305 5664 c.
1331 5610 1428 5666 19:
1454 5608 1956 5675 «Quemadmodum
1987 5607 2074 5662 illa
2106 5605 2262 5676 (Eva)

764 5767 808 5796 "
833 5765 962 5842 (lup.
1001 5771 1085 5835 16,
1122 5793 1170 5826 n.
1205 5773 1266 5827 6:
1303 5789 1418 5842 cap.
1464 5776 1546 5838 lt),
1588 5790 1639 5828 n.
1692 5774 1744 5830 2.

697 5855 820 5903 cap.
866 5839 916 5891 4.

1823 5775 1865 5802 ""
1907 5773 2034 5842 (lup.
2070 5773 2159 5837 2|,
2211 5788 2260 5824 n.
2302 5772 2350 5836 4,
2396 5780 2445 5825 et
2502 5765 2623 5821 alibi
2685 5766 2901 5833 passim.

2383 4675 2587 4730 deratis
2616 4676 2978 4742 intercedere,
3015 4675 3070 4730 id
3118 4676 3263 4745 quod
3318 4677 3710 4732 moderatiores
3751 4677 3945 4733 Prote-

2381 4766 2645 4822 stantium
2695 4769 2944 4822 doctores
2985 4768 3183 4823 merito
3221 4771 3540 4834 admittunt,
3569 4784 3636 4822 ne
3668 4769 3796 4825 inde
3823 4772 3942 4840 qui-

2371 4860 2496 4915 dem
2536 4860 2655 4931 ejus
2685 4863 2960 4918 invocatio
2982 4880 3012 4916 a
3048 4863 3273 4933 singulis
3307 4863 3449 4917 facta
3485 4865 3705 4932 probari
3726 4879 3936 4933 posset;

2373 4955 2517 5026 quod
2575 4955 2863 5020 incertum,
2898 4970 2964 5008 ne
3012 4956 3210 5021 dicam,
3250 4957 3449 5009 falsum
3489 4959 3579 5023 sit,
3616 4960 3828 5023 audiat,
3861 4961 3939 5013 vel

2369 5046 2616 5114 possitne
2643 5048 2838 5101 audire
2868 5048 3024 5101 simul
3078 5056 3156 5102 tot
3206 5048 3354 5101 mille
3382 5049 3662 5103 hominum
3697 5052 3939 5122 compel-

2368 5136 2620 5191 lationes.
2663 5157 2682 5190 υ
2713 5137 2819 5192 Sed
2865 5138 2910 5191 si
2952 5137 3350 5192 moderatiores
3381 5139 3814 5196 Protestantium
3849 5145 3938 5198 do-

2365 5237 2570 5291 ctores,
2629 5239 2764 5284 teste
2808 5228 3033 5294 Grabio,
3083 5233 3279 5286 merito
3308 5233 3627 5297 admittunt,
3683 5234 3934 5302 Mariam,

2365 5333 2705 5391 ceterosque
2755 5331 2972 5376 sanctos
3027 5339 3172 5377 nunc
3204 5339 3302 5392 pro
3347 5324 3600 5381 ﬁdelibus
3630 5330 3772 5383 vivis
3810 5331 3926 5385 uni-

2363 5428 2522 5466 verse
2547 5413 2908 5469 consideratis
2951 5415 3324 5480 intercedere;
3378 5417 3674 5470 admittant
3708 5421 3933 5487 proinde

2362 5520 2585 5560 necesse
2637 5515 2739 5568 ρει,
2767 5505 2912 5559 nulla
2943 5507 3032 5559 uni
3066 5505 3156 5560 Dei
3206 5516 3261 5562 et
3313 5507 3594 5561 hominum
3639 5511 3930 5564 mediatori

2362 5597 2498 5652 facta
2552 5596 2773 5665 injuria.
2812 5597 2947 5655 alios
2989 5608 3186 5668 praeter
3229 5597 3506 5654 Christum
3548 5602 3931 5669 secundarios,

2982 5766 3022 5796 ⁵⁷
3064 5774 3191 5835 Cap.
3228 5766 3315 5830 “2:2,
3354 5783 3403 5819 n.
3460 5767 3506 5820 4.
3596 5767 3639 5798 ⁸¹ῖ
3670 5768 3830 5824 Ceut.
3870 5787 3925 5830 tl,
