4196 6330
263 439 364 496 317

1194 421 1652 482 DISSERTATIO
1684 419 1774 486 lll,
1811 418 1900 475 DE
1931 415 2188 474 IRENA‘JI
2225 412 2591 472 DOCTRlNA.

3406 402 3509 459 3lit

269 558 480 628 ipsique
525 557 811 626 subjectos
859 551 1187 608 mediatorcs
1222 564 1344 604 esse
1388 563 1567 617 posse,
1604 559 1832 614 quorum
1865 547 1914 604 Α
1947 543 2296 612 sbyterorum
2323 543 2595 608 arguunt;
2649 547 2754 587 non
2805 526 3260 597 contemplantes,
3309 531 3512 592 quanto

268 652 498 719 proinde
544 651 613 705 de
660 647 840 703 salute
877 654 1064 722 nostra
1113 641 1473 698 sollicitorum
1520 639 1832 708 prtesidium

269 749 564 815 implorare
597 743 784 804 liceat,
815 750 876 796 ut
905 754 1002 809 per
1033 752 1128 794 eos
1151 737 1216 792 ad
1250 733 1606 807 principalem
1634 731 1831 787 Media-

271 850 440 893 torem
476 845 664 905 pateat
691 848 970 888 accessus.

334 929 424 984 6'7.
468 927 604 989 Sed.
653 927 730 979 ait
785 923 1046 987 Grabius,
1092 921 1246 976 beata
1275 920 1443 991 Virgo
1493 918 1684 974 audire
1727 932 1838 972 non

269 1033 447 1092 potest
498 1021 662 1077 simul
720 1029 799 1074 tot
840 1018 987 1073 mille
1031 1016 1313 1071 hominum
1369 1012 1839 1083 compellationcs.

269 1115 535 1185 Sagacem
567 1115 768 1178 virum,
801 1111 958 1179 cuius
986 1125 1048 1164 ea
1081 1110 1154 1164 sit
1182 1108 1379 1162 mentis
1405 1107 1574 1170 acies,
1610 1114 1675 1160 ‘ut
1716 1105 1841 1160 bea-

269 1217 449 1262 torum
484 1206 710 1260 intimos
754 1202 922 1257 animi
973 1214 1167 1255 sensus
1209 1199 1472 1253 altissime
1514 1199 1839 1268 pervadens,

268 1309 450 1354 certos
481 1297 691 1351 limites
716 1307 905 1349 eorum
960 1289 1218 1344 audiendi
1269 1304 1332 1342 ac
1370 1289 1733 1358 cognoscendi
1765 1289 1842 1343 fa-

268 1389 455 1444 cultati
489 1386 763 1457 prtellnire
811 1382 1019 1437 valeat!
1050 1380 1226 1442 Tanta
1279 1397 1389 1436 non
1440 1380 1543 1433 fuit
1585 1379 1842 1436 Ecclesiae

270 1499 364 1553 per
397 1493 573 1538 totum
619 1481 830 1544 orbem,
861 1493 1068 1549 perque
1106 1479 1290 1534 omnia
1335 1485 1581 1547 tempora
1629 1475 1842 1531 diﬂ'usre

269 1577 562 1647 sagacitas,
599 1589 720 1642 quae
747 1582 965 1629 sanctos
991 1582 1048 1628 et
1071 1586 1168 1627 ora
1181 1586 1236 1626 re
1263 1585 1360 1640 pro
1388 1570 1565 1637 nobis,
1597 1578 1651 1624 et
1687 1583 1717 1624 a
1744 1585 1842 1623 no-

267 1670 350 1724 bis
400 1669 647 1723 invocari
714 1659 1106 1737 posse'duxit;
1170 1673 1290 1718 rata
1345 1663 1601 1718 videlicet
1651 1674 1843 1732 preces

269 1770 492 1817 nostras
543 1762 612 1815 ab
666 1760 734 1814 iis
766 1759 939 1814 audiri
991 1767 1046 1814 et
1099 1756 1331 1825 percipi.
1366 1755 1605 1810 Tantum
1635 1754 1839 1824 ingenii

267 1855 524 1910 acumine
547 1870 653 1907 non
685 1853 974 1907 valuerunt
999 1862 1217 1907 veteres
1240 1849 1450 1913 Patres,
1481 1847 1574 1918 qui
1607 1847 1837 1918 plurima
1871 1893 1912 1948 Β

268 1962 384 2017 quae
420 1947 514 2001 hic
539 1944 827 2017 geruntur,
857 1946 1034 2001 beatis
1060 1943 1346 2014 explorata
1393 1955 1516 1996 esse
1555 1938 1838 1996 conliden-

270 2050 350 2096 ter
387 2053 768 2097 asseruerunt.
801 2040 964 2096 Certe
992 2053 1190 2094 recens
1215 2053 1320 2092 non
1362 2047 1447 2092 est
1487 2035 1701 2102 Grabii,
1733 2034 1842 2088 imo

266 2134 480 2190 Calvini
509 2145 564 2190 et
597 2133 744 2189 Petri
773 2132 1003 2187 Molinzci
1032 2130 1288 2201 obiectio.
1327 2129 1487 2195 Hanc
1506 2128 1707 2182 dudum
1733 2124 1839 2180 sibi

269 2228 577 2298 proposuit.
626 2225 896 2296 solvitque
951 2223 1284 2280 Severianus
1331 2221 1708 2284 Gabalitanus,
1774 2220 1830 2274 in

269 2334 434 2374 serm.
473 2319 505 2372 6
538 2317 616 2373 De
644 2319 826 2370 mundi
869 2317 1100 2384 api/icio,
1135 2323 1263 2367 tom.
1296 2312 1364 2365 Vl
1404 2311 1640 2382 Operum
1667 2311 1845 2382 Chry-

269 2422 432 2479 sost.,
459 2428 514 2481 p.
542 2412 670 2466 659.
710 2409 914 2479 Nempe
941 2427 1063 2466 cum
1097 2410 1341 2473 dixisset,
1371 2407 1659 2463 verissime
1694 2407 1746 2460 id
1775 2408 1842 2461 de

269 2522 324 2561 se
357 2505 666 2561 aﬂirmasse
695 2505 753 2559 S.
783 2503 1028 2566 Mariam,
1079 2500 1301 2556 Beatam
1341 2517 1420 2553 me
1455 2501 1628 2553 dicent
1662 2515 1841 2553 omnes

273 2597 661 2665 generationes,
690 2596 920 2651 subinde
945 2595 1048 2648 hoc
1075 2594 1298 2664 opponit
1328 2592 1429 2647 sibi
1490 2607 1504 2643 :
1556 2610 1572 2642 ι
1611 2590 1677 2644 Ει
1707 2590 1840 2660 quid

273 2691 418 2744 illam
448 2688 604 2757 juvat
639 2689 803 2754 istud,
851 2687 1085 2756 inquies,
1121 2701 1240 2740 cum
1277 2701 1383 2741 non
1423 2685 1648 2738 audiat?
1691 2705 1708 2735 ι
1741 2685 1842 2740 Cui

270 2781 347 2836 sic
378 2781 672 2852 respondet
715 2797 728 2832 :
763 2798 781 2831 ι
814 2777 926 2832 lmo
950 2794 1077 2832 vero
1107 2778 1340 2832 maxime
1371 2776 1541 2838 audit,
1596 2792 1661 2831 eo
1700 2777 1844 2846 quod

276 2877 328 2930 in
352 2874 476 2928 loco
517 2881 602 2928 est
632 2871 917 2947 Splendido
968 2869 1137 2925 Mater
1161 2870 1375 2933 salutis,
1430 2868 1549 2923 fons
1572 2869 1844 2924 sensibilis

271 2971 426 3026 lucis.
477 2989 495 3023 ι
547 2968 781 3025 Basilius
836 2967 930 3022 lib.
977 2967 1052 3022 De
1104 2985 1224 3023 vera
1285 2968 1520 3038 virginit.
1575 2967 1842 3034 virginem

275 3067 380 3120 Deo
407 3071 788 3121 consecratam
831 3059 1110 3126 admonet,
1145 3070 1203 3115 ut
1234 3076 1340 3116 non
1373 3069 1583 3116 tantum
1622 3061 1846 3131 angelos

273 3170 547 3224 vereatur,
584 3157 680 3212 sed
731 3155 894 3211 etiam
949 3154 1226 3210 hominum
1280 3163 1616 3216 sanctorum,
1647 3170 1712 3210 ac
1743 3153 1845 3208 Pa-

274 3267 412 3308 trum
439 3252 687 3322 spiritus.
723 3269 741 3302 ι
773 3253 837 3306 Et
863 3251 991 3321 quid
1035 3249 1244 3314 singula
1272 3261 1663 3303 commemoro.

272 3353 420 3417 quit,
570 3345 884 3415 angelorum
957 3341 1381 3398 innumerabiles
1438 3340 1844 3404 multitudines,

271 3456 504 3510 cumque
532 3441 598 3494 iis
633 3449 848 3494 sanctos
894 3438 1114 3492 Patrum
1164 3435 1430 3506 spiritus?
1463 3433 1655 3488 Nullus
1702 3434 1844 3486 enim

271 3553 458 3591 eorum
507 3542 612 3594 est.
671 3535 762 3597 qui
789 3549 893 3588 non
941 3533 1138 3602 ubique
1194 3531 1532 3602 prospiciat:
1571 3544 1692 3582 cum
1734 3528 1847 3596 ipse

272 3629 492 3699 quidem
524 3627 772 3697 corporis
798 3624 975 3680 oculis
1004 3640 1110 3680 non
1138 3632 1485 3692 conspectus,
1517 3622 1844 3691 incorporeo

274 3732 453 3774 tamen
504 3719 624 3771 visu
681 3717 746 3770 ad
805 3717 1053 3770 notitiam
1110 3725 1302 3769 cuncta
1363 3714 1780 3783 complectatur.
1824 3732 1843 3764 ›

272 3812 610 3880 Augustinus
633 3823 799 3864 serm.
832 3808 957 3873 '5l6,
983 3809 1056 3862 al.
1088 3809 1177 3872 94,
1218 3808 1295 3862 De
1337 3808 1583 3871 diversis,
1625 3808 1851 3878 loquens

272 3905 336 3957 de
361 3902 535 3955 Paulo
571 3910 620 3953 et
649 3899 967 3967 Stephano:
1004 3919 1020 3950 ι
1051 3899 1246 3966 Ambo,
1340 3900 1439 3964 ait,
1528 3899 1599 3955 ibi
1628 3914 1722 3954 vos
1763 3899 1846 3954 vi-

273 3997 437 4058 detis,
496 3994 657 4048 ambo
711 3993 871 4046 modo
928 4007 1237 4048 sermonem
1317 4003 1563 4048 nostrum
1621 3993 1846 4057 auditis,

275 4091 435 4144 ambo
486 4105 589 4157 pro
633 4090 788 4143 nobis
815 4098 990 4144 orate.
1025 4107 1041 4138 ι
1072 4088 1447 4141 Tlieodoretus
1494 4087 1588 4140 lib.
1619 4100 1739 4148 vut,
1772 4085 1847 4140 De

273 4184 526 4240 curandis
556 4181 859 4236 Cm’corum
911 4182 1299 4250 affectionibus,
1341 4181 1430 4233 ubi
1473 4181 1539 4234 de
1589 4180 1847 4249 martyri-

276 4274 368 4325 Iuts
395 4275 531 4344 agit,
561 4290 748 4327 eorum
787 4273 991 4327 refellit
1020 4288 1285 4332 errorem,
1310 4273 1399 4341 qui
1437 4283 1702 4341 martyres
1729 4287 1848 4327 cre-

273 4365 494 4428 debant,
530 4384 549 4416 ι
603 4366 807 4420 nullum
852 4380 1070 4419 sensum
1123 4380 1310 4418 eorum
1365 4362 1590 4426 habere‘,
1622 4379 1740 4432 qua:
1792 4364 1844 4418 in

277 4459 436 4513 terris
491 4467 790 4528 geruntur;
830 4477 847 4509 ι
876 4456 1020 4525 quod
1053 4471 1118 4510 ex
1162 4471 1226 4510 eo
1267 4455 1485 4518 refutat,
1524 4475 1542 4506 ι
1581 4457 1723 4522 quod
1765 4457 1846 4510 di-

274 4553 392 4605 vina
418 4551 654 4618 quadam
687 4560 742 4603 et
770 4550 1082 4602 beatissima
1118 4549 1169 4601 in
1197 4557 1342 4603 sorte
1373 4548 1656 4602 constituti
1676 4549 1838 4602 sint.»
1880 4587 1924 4642 Β

276 4643 537 4712 Denique,
583 4651 640 4695 ut
669 4640 906 4695 oitandis
944 4639 1197 4693 Patribus
1224 4639 1384 4692 linem
1421 4639 1643 4704 faciam,
1693 4655 1847 4695 eum-

275 4737 393 4790 dem
418 4749 663 4789 errorem
701 4731 955 4787 refellens
977 4732 1271 4800 Gregorius
1304 4731 1482 4801 Magn.
1507 4731 1600 4786 lib.
1625 4748 1696 4786 xtl
1728 4733 1842 4786 Μο-

277 4827 370 4881 ται.
402 4842 526 4895 cap.
562 4825 650 4888 l9,
688 4826 876 4878 eodem
912 4833 1233 4893 argumento
1277 4822 1493 4890 probat,
1523 4825 1732 4878 animas
1762 4825 1842 4876 dio

278 4922 409 4976 vina;
434 4919 571 4971 lucis
596 4932 662 4971 ac
693 4917 971 4970 felicitatis
1006 4927 1301 4984 compotes,
1351 4931 1530 4969 rerum
1581 4917 1845 4969 humana-

277 5028 413 5074 rum,
476 5026 614 5080 quas
662 5010 803 5064 scire
832 5010 1068 5078 ipsarum
1114 5010 1364 5074 interest,
1423 5009 1708 5062 scientiam
1744 5025 1845 5064 non

280 5105 490 5174 iugere;
533 5121 550 5154 ι
588 5103 714 5170 quia
748 5119 867 5173 quae
897 5103 1045 5156 intus
1076 5101 1466 5170 omnipotentis
1494 5100 1583 5154 Dei
1620 5101 1845 5154 clarita-

281 5197 620 5257 temvvident,
658 5195 804 5263 nullo
847 5195 1004 5247 modo
1035 5194 1368 5247 credendum
1416 5201 1520 5255 est,
1554 5191 1676 5259 quia
1713 5190 1839 5246 foris

278 5287 343 5339 sit
371 5286 576 5353 aliquid
606 5285 746 5354 quod
803 5284 1068 5351 ignorent.
1129 5302 1148 5335 ι
1199 5282 1290 5337 Sic
1340 5282 1661 5336 sentiebant
1698 5281 1825 5336 boni

283 5375 348 5427 illi
399 5376 603 5437 idiotas,
634 5375 946 5428 Christiana
1008 5372 1365 5442 simplicitate
1423 5381 1480 5426 et
1530 5371 1847 5426 humilitate

283 5468 456 5528 rudes,
485 5467 570 5520 sic
595 5465 915 5529 credebant,
951 5463 1034 5518 sic
1078 5464 1201 5519 aliis
1223 5465 1557 5534 persuadere
1588 5464 1845 5518 niteban-

281 5571 383 5615 tur.
430 5559 489 5614 Si
532 5575 664 5612 vero
705 5558 1035 5628 imperitiam
1089 5574 1278 5614 eorum
1334 5570 1525 5628 arguat
1582 5559 1845 5625 Grabius,

282 5651 586 5706 meminerit
611 5651 680 5704 ab
711 5649 914 5716 Irenaeo
937 5651 981 5686 ⁸³
1013 5651 1217 5712 dictum
1259 5670 1271 5704 :
1316 5671 1334 5703 ‹
1371 5652 1474 5719 Qui
1527 5651 1847 5721 relinquunt

283 5745 606 5813 praeconium
641 5745 916 5811 Ecclesiae,
969 5745 1297 5814 imperitiam
1353 5754 1665 5803 sanctorum
1721 5761 1842 5814 prc-

346 5902 389 5938 u-
429 5899 595 5963 trcn.,
627 5899 719 5956 lib.
752 5916 803 5963 v,
833 5917 881 5953 ς.
924 5899 1014 5966 20,
1058 5915 1112 5953 ll.
1148 5901 1197 5956 ‘2.

1942 632 2114 704 pluris
2137 633 2207 686 sit
2228 630 2391 686 idiota
2420 628 2709 699 religiosus
2734 639 2765 678 a
2792 621 3106 693 blaspbemo
3124 629 3180 676 et
3199 617 3512 687 impudente

1943 727 2218 800 sophista.
2251 723 2410 778 Tales
2456 728 2587 776 sunt
2618 727 2797 773 autem
2832 730 3020 770 omnes
3043 711 3303 776 haeretici,
3335 721 3389 765 et
3419 725 3508 778 qut

1942 835 2002 876 se
2029 817 2155 889 plus
2183 813 2387 884 aliquid
2419 817 2618 880 praeter
2643 808 2928 862 veritatem
2959 803 3206 860 invenire
3246 809 3484 870 putant..

1939 911 2154 980 semper
2168 912 2495 978 quaerentes,
2521 910 2575 957 et
2600 913 2875 971 nunquam
2908 912 3092 952 verum
3110 893 3470 951 invenientes.
3486 910 3504 941 ι

1949 1005 2144 1060 Tutius
2173 1001 2339 1071 igitur
2368 1013 2492 1053 cum
2544 993 2814 1064 religiosis
2845 992 2956 1047 illis
2986 989 3168 1052 idiotis
3198 986 3509 1057 imperitum

1944 1111 2089 1161 esse,
2120 1104 2225 1151 nec
2258 1091 2533 1149 curiosius
2562 1087 2865 1156 inquirere,
2900 1073 3354 1154 quemadmodum
3397 1079 3510 1140 ﬁat,

1942 1191 2020 1246 uti
2053 1203 2248 1260 preces
2283 1194 2503 1242 nostras
2538 1183 2769 1238 audiant
2797 1177 3012 1245 sancti;
3058 1190 3218 1247 quam
3252 1186 3374 1228 eum
3416 1187 3514 1225 va-

1941 1281 2027 1336 nis
2055 1277 2320 1350 snphistis
2343 1289 2558 1344 semper
2579 1270 2972 1343 quaerentibus,
3019 1277 3073 1322 et
3116 1279 3392 1334 nunquam
3421 1279 3513 1317 ve-

1943 1389 2062 1427 rum
2115 1368 2520 1426 invenientibus
2563 1365 2777 1436 sapere.
2833 1359 3080 1416 Sulllciat
3133 1373 3248 1412 rem
3303 1364 3513 1411 certam

1941 1479 2085 1530 esse,
2113 1475 2168 1519 et
2202 1463 2253 1518 in
2281 1461 2523 1516 Ecclesia
2556 1471 2773 1528 semper
2811 1452 3164 1511 constitisse;
3207 1448 3513 1518 explicandi

1945 1564 2137 1618 modus
2167 1561 2275 1616 Deo
2306 1555 2764 1614 committendus:
2817 1563 3128 1622 quanquam
3178 1555 3356 1600 tamen
3386 1558 3517 1598 con-

1943 1654 2045 1712 suli
2079 1669 2142 1708 ea
2181 1654 2248 1708 de
2301 1665 2361 1706 re
2416 1649 2590 1719 possit
2620 1645 2956 1716 Augustinus
3002 1641 3098 1696 lib.
3133 1639 3209 1694 De
3252 1653 3381 1692 cura
3421 1652 3516 1705 pro

1942 1747 2164 1803 mortuis
2193 1744 2440 1814 gerenda,
2475 1757 2596 1811 cap.
2628 1737 2696 1793 15
2723 1745 2778 1792 et
2808 1735 2895 1800 l6,
2925 1733 3083 1802 cujus
3111 1729 3429 1785 modestiam
3462 1728 3516 1780 in

1944 1840 2223 1898 solvendis
2250 1835 2518 1906 ejusmodi
2548 1829 2946 1903 quaestionibus
2975 1823 3216 1880 laudabit
3248 1831 3303 1877 et
3333 1820 3514 1877 imita—

1943 1935 2091 1992 bitur
2121 1936 2326 2005 probus
2351 1939 2406 1986 et
2433 1930 2676 2000 prudens
2695 1925 2951 1996 quisque.

2015 2031 2107 2086 68.
2142 2030 2316 2097 Quam
2345 2043 2536 2099 parum
2571 2033 2685 2081 tuta
2715 2023 2827 2079 sint
2851 2035 2937 2085 ea,
2968 2032 3091 2089 quae
3121 2032 3246 2071 mox
3285 2013 3514 2084 praecluo

1945 2129 2119 2186 simus
2145 2125 2370 2197 eﬂugia,
2388 2125 2558 2194 probe
2579 2121 2818 2179 sentiens
2846 2119 2916 2175 cl.
2943 2115 3207 2178 Grabius,
3234 2112 3381 2167 aliud
3415 2111 3527 2166 sibi

1947 2237 2144 2293 parare
2171 2219 2402 2283 studuit,
2453 2210 2668 2273 caeteris
2701 2224 2882 2268 tamen
2919 2227 3020 2266 nec
3059 2209 3272 2270 melius,
3305 2220 3402 2260 nec
3429 2213 3518 2257 tu-

1948 2291 2079 2369 tius.
2129 2314 2418 2373 Advocato,
2453 2309 2548 2372 ait,
2597 2322 2660 2362 ex
2712 2306 2903 2361 Graeco
2936 2291 3307 2373 πὰράκλητοζ,
3337 2309 3522 2349 conso-

1947 2409 2127 2472 landi,‘
2171 2421 2279 2460 non
2335 2401 2695 2458 intercedendi
2745 2395 3197 2467 signiﬁcationem
3251 2394 3351 2443 hoc
3401 2388 3520 2442 loco

1948 2498 2234 2555 manifeste
2263 2497 2470 2560 habet;
2517 2493 2661 2564 quod
2690 2508 2756 2547 ex
2791 2488 3144 2560 quibusdam.
3182 2489 3287 2536 non
3330 2479 3518 2534 Irenaei

1947 2595 2137 2662 ipsius,
2172 2590 2265 2645 sed
2294 2586 2619 2643 Tertulliani
2653 2581 2976 2640 testimoniis
3014 2577 3248 2648 probare
3299 2572 3520 2627 nititur.

1948 2661 2106 2742 Unde
2151 2681 2449 2744 concludit,
2504 2678 2840 2738 advocatam,
2871 2661 2925 2727 id
2970 2681 3056 2725 est
3101 2666 3525 2724 consolatricem

1948 2778 2073 2833 Eva
2125 2785 2180 2830 et
2230 2773 2392 2828 totius
2427 2769 2649 2826 humani
2695 2765 2911 2838 generis
2943 2762 3023 2827 ab
3079 2759 3283 2815 Irenaeo
3324 2757 3427 2812 dici
3459 2755 3520 2808 Β.

1947 2868 2248 2940 Virginem,
2312 2863 2466 2940 quia
2513 2862 2627 2916 haec
2698 2860 2810 2915 Deo
2869 2853 3155 2918 obediens,
3221 2847 3520 2906 secundum

1947 2938 2150 3022 Adam,
2181 2938 2527 3010 Salvatorem
2581 2949 2784 3005 mundo
2808 2945 3054 3016 peperit;
3106 2943 3246 2998 sicut
3281 2940 3371 2994 illa
3402 2939 3522 2992 dia-

1949 3047 2076 3104 bolo
2114 3061 2273 3101 aures
2305 3045 2574 3115 praabens,
2607 3041 2839 3111 prinutm
2873 3037 3140 3093 Adamum
3173 3032 3415 3094 seduxit,
3446 3029 3522 3082 in-

1949 3144 2126 3210 deque
2160 3138 2393 3210 posteris
2423 3136 2574 3191 exitii
2613 3147 2782 3187 causa
2813 3130 2932 3185 fuit.
2985 3129 3092 3183 Sed
3129 3127 3260 3194 quid
3318 3133 3426 3179 tant
3463 3122 3523 3176 ti-

1765 3246 1847 3300 in-
1875 3239 1917 3297 Ο
1949 3235 2143 3290 denter
2193 3233 2450 3302 supponit
2509 3229 2763 3287 Grabius,
2831 3225 3092 3278 Irenaeum
3129 3219 3321 3276 Graece
3350 3219 3522 3284 scrip-

1951 3330 2110 3391 sisse,
2139 3323 2530 3397 παράκλητοςῖ
2564 3321 2943 3392 Παράκλητος,
2975 3316 3170 3385 inquit,
3190 3310 3523 3372 consolandi,

1951 3439 2058 3478 non
2105 3419 2465 3476 intercedendi
2523 3415 2976 3488 signiﬁcationem
3034 3410 3136 3464 hoc
3191 3408 3309 3461 loco
3339 3403 3516 3458 mani-

1950 3521 2090 3573 feste
2119 3516 2302 3571 habet.
2332 3512 2573 3578 Diceres,
2613 3509 2888 3564 hominem
2929 3505 3116 3559 Graeca
3168 3497 3358 3553 lrentci
3413 3511 3517 3565 pra:

1951 3611 2125 3667 oculis
2155 3607 2439 3663 habuisse.
2489 3602 2639 3679 Quid,
2668 3601 2713 3656 si
2744 3599 3091 3660 contendam,
3130 3591 3277 3648 aliud
3306 3585 3525 3671 quidvis

1951 3703 2241 3774 scripsisse
2273 3700 2560 3762 Irenaeum,
2590 3695 2734 3764 quod
2781 3687 3212 3759 deprecatricem,
3243 3679 3521 3736 mediatri-

1953 3815 2060 3852 cem
2087 3814 2150 3850 ac
2184 3803 2495 3865 sequestrem
2545 3785 2847 3859 signiﬁcet?
2897 3782 3016 3849 Quo
3046 3783 3367 3848 argumento
3395 3787 3519 3826 con-

1946 3892 2216 3960 jecturam
2247 3888 2390 3941 hanc
2417 3878 2767 3956 [CXXXVII]
2800 3875 3107 3932 confutabit
3135 3866 3408 3926 Grabius?
3450 3867 3521 3918 At

1950 3958 2239 4051 scripserit
2289 3979 2544 4041 lreuaeus,
2591 3971 2962 4043 παράκλητος,
2999 3967 3140 4031 haud
3185 3958 3518 4034 repugnabo.

1952 4074 2058 4131 Sed
2088 4089 2191 4129 cur
2231 4071 2376 4126 vocis
2402 4068 2562 4135 huius
2590 4064 3048 4134 signiﬁcationem
3091 4074 3120 4113 a
3165 4055 3519 4113 Tertulliano,

1948 4180 2002 4224 et
2029 4185 2135 4222 non
2163 4167 2344 4236 potius
2369 4163 2437 4218 ab
2467 4161 2672 4216 lrenaeo
2696 4160 2814 4230 ipso
2842 4157 3019 4228 petit?
3067 4156 3123 4210 Si
3169 4152 3389 4225 quidem
3438 4169 3522 4208 sc-

1950 4261 2055 4316 mel
2082 4261 2348 4314 duntaxat
2378 4270 2440 4311 ea
2469 4268 2600 4308 voce
2647 4269 2778 4308 usus
2814 4250 2958 4308 céset
3003 4258 3210 4319 martyr
3236 4246 3523 4314 sanctissi-

1949 4371 2092 4420 mus,
2132 4351 2257 4406 ferri
2288 4359 2562 4418 utcunque
2610 4356 2811 4416 posset.
2840 4347 2910 4402 At
2951 4360 3074 4399 cum
3123 4342 3371 4397 eamdem
3398 4337 3522 4394 aliis

1949 4452 2000 4506 in
2031 4450 2164 4504 locis
2217 4443 2586 4515 usurpaverit,
2621 4457 2722 4496 cur
2772 4454 2835 4495 ea
2885 4454 2993 4493 non
3035 4433 3355 4492 conferebat
3403 4432 3521 4500 eius

1952 4546 2150 4606 editor,
2183 4550 2238 4594 ut
2269 4538 2560 4608 genuinum
2597 4536 2748 4588 vocis
2777 4545 3000 4593 sensum
3049 4529 3116 4581 ab
3168 4527 3372 4579 Irenaeo
3404 4525 3522 4592 ipso

1957 4642 2186 4704 peteret,
2240 4630 2612 4695 lrenmumque
2662 4640 2724 4677 ex
2768 4622 2971 4676 lrenaao
3001 4615 3346 4686 explicaret?
3399 4613 3517 4667 Lib.

1956 4742 2042 4790 ιιι,
2077 4741 2126 4780 c.
2163 4724 2252 4784 18.
2277 4739 2332 4778 n.
2363 4723 2417 4784 ’1,
2445 4718 2635 4774 scribit
2665 4713 2950 4769 Gnosticos
2973 4710 3348 4766 existimantes
3367 4704 3522 4759 Chri-

1944 4833 2092 4876 stum
2145 4819 2326 4887 specie
2365 4826 2525 4874 tenus
2557 4811 2830 4866 hominem
2865 4805 3167 4868 exstitisse,
3199 4801 3376 4857 adhuc
3401 4815 3522 4855 esse

1949 4920 2049 4968 sub
2083 4911 2252 4966 veteri
2290 4906 2656 4966 damnatione,
2708 4923 2726 4956 ς
2767 4899 3180 4957 advocationem
3212 4894 3520 4965 prasbentes

1949 5014 2196 5072 peccato,
2233 5021 2250 5053 ι
2286 5003 2337 5055 id
2365 5009 2448 5054 est
2483 5016 2502 5050 ι
2547 4997 2795 5073 tutelam,
2832 4991 3215 5064 patrocinium,
3248 4985 3514 5041 defensio-

1947 5114 2096 5153 nem.
2139 5117 2156 5150 ι
2195 5095 2396 5150 Eodem
2437 5107 2601 5146 sensu
2638 5092 2714 5142 ait
2741 5088 2834 5142 lib.
2866 5101 2938 5150 tv,
2988 5100 3036 5138 c.
3082 5082 3171 5143 34,
3199 5097 3251 5135 n.
3282 5082 3355 5134 δε
3393 5095 3412 5128 ι
3461 5076 3520 5130 Si

1947 5191 2148 5260 aliquis
2175 5188 2380 5244 Judaeis
2401 5183 2808 5240 advocationem
2840 5189 3135 5247 praestans.
3188 5172 3518 5227 erectionem

1947 5280 2156 5341 templi,
2183 5293 2304 5346 quae
2334 5284 2694 5346 posteaquam
2721 5270 2774 5322 in
2803 5267 3133 5338 Babylonem
3164 5262 3520 5330 transmigra-

1951 5373 2156 5435 verint,
2191 5372 2333 5423 facta
2379 5376 2464 5422 est
2511 5366 2612 5420 sub
2644 5361 2962 5426 Zorobabel,
3017 5368 3071 5412 et
3126 5355 3515 5410 discessionem

1948 5463 2161 5533 populi,
2187 5474 2309 5528 quae
2344 5457 2485 5512 facta
2513 5465 2598 5511 est
2621 5462 2740 5524 post
2765 5451 3108 5520 septuaginta
3144 5460 3334 5510 annos,
3370 5445 3516 5496 dicat

1946 5557 2054 5609 hoc
2107 5569 2229 5607 esse
2277 5566 2474 5605 novum
2520 5548 2947 5608 Testamentum,
3001 5549 3312 5610 cognoscat,
3346 5557 3364 5590 ι
3404 5547 3513 5591 etc.

1945 5649 2036 5704 Sic
2065 5659 2120 5701 et
2156 5648 2252 5702 lib.
2292 5664 2375 5711 ιιι,
2411 5661 2461 5701 c.
2497 5645 2591 5708 25.,
2623 5659 2676 5697 ιι.
2701 5646 2776 5699 8:
2815 5659 2833 5692 ι
2859 5640 2961 5706 Qui
2999 5636 3379 5692 contradicunt
3423 5647 3510 5684 sa-

1944 5743 2035 5797 luti
2063 5741 2264 5797 Adtn...
2300 5741 2593 5796 advocatos
2627 5750 2685 5791 sc
2724 5732 2990 5804 serpentis
3021 5737 3082 5810 et
3115 5726 3304 5783 mortis
3329 5734 3507 5780 osten-
