4196 6330
638 401 741 455 319

637 608 779 675 quod
811 609 952 663 idem
975 620 1082 674 est,
1117 612 1345 678 alicujus
1360 616 1670 671 advocatum
1712 636 1844 684 esse,
1881 620 2082 677 Irenaeo
2108 632 2190 679 est

637 701 863 771 alicujus
896 720 1000 760 non
1057 715 1262 762 tantum
1294 710 1688 767 consolatorem
1734 728 1876 780 esse,
1905 726 1961 769 ut
1997 733 2186 787 perpe-

638 810 752 847 ram
803 795 1197 864 interpretatur
1246 799 1500 868 Grabius,
1540 805 1633 858 sed
1665 805 1783 874 ejus
1827 810 2186 874 patrocinium

632 898 698 937 ac
735 886 1097 943 defensionem
1121 891 1418 961 suscipere,
1447 894 1591 950 hunc
1628 897 1678 951 in
1709 897 2013 955 clientelam
2045 903 2188 957 acci-

633 992 782 1046 pere,
821 980 946 1035 huic
1000 983 1254 1050 praesidio
1312 1000 1435 1040 esse
1490 997 1653 1057 atque
1712 990 1993 1056 Opitulari.
2056 993 2187 1059 Quae

631 1069 855 1136 proinde
899 1071 957 1125 Β.
1007 1071 1173 1143 Virgo
1205 1075 1326 1129 Evae
1373 1092 1438 1130 ac
1489 1079 1654 1134 totius
1700 1080 1921 1135 humani
1971 1087 2187 1153 generis

629 1161 892 1217 advocata
941 1167 1080 1234 apud
1105 1167 1269 1221 Deum
1303 1170 1381 1224 .ab
1426 1171 1616 1225 eodem
1643 1172 1872 1241 dicitur;
1906 1191 2010 1230 non
2047 1178 2185 1234 alias

627 1269 694 1309 co
723 1269 948 1310 munere
978 1255 1243 1327 fungitur,
1274 1276 1438 1329 quam
1466 1262 1630 1317 Deum
1665 1262 1768 1318 ﬁde
1787 1274 1844 1320 et
1873 1266 2181 1323 obedientia

627 1343 922 1411 placando,
977 1345 1270 1402 humanum
1314 1365 1486 1418 genus
1527 1352 1580 1406 in
1633 1355 1861 1422 gratiam
1909 1372 2030 1413 cum
2074 1358 2185 1414 Deo

629 1434 957 1502 reducendo,
989 1435 1133 1493 hunc
1163 1441 1413 1509 precibus
1447 1442 1814 1510 sollicitando,
1840 1461 1936 1516 pro
1961 1463 2182 1520 suscep-

627 1522 699 1578 tis
723 1523 776 1577 in
806 1525 1026 1581 tutelam
1063 1528 1352 1585 clientibus
1376 1530 1791 1601 interpellando.
1820 1539 2180 1607 deprecando,

625 1626 812 1680 preces
848 1613 1145 1683 fundendo,
1173 1631 1227 1673 ut
1256 1620 1347 1677 Dei
1394 1635 1638 1679 accersat
1683 1641 1861 1695 Opem,
1911 1645 1976 1684 ac
2007 1631 2177 1688 bene-

626 1706 900 1762 ﬁcentiam
927 1708 1128 1766 eliciat.
1156 1710 1250 1768 Ha:
1274 1714 1437 1781 illius,
1469 1717 1560 1786 qui
1583 1719 1724 1787 apud
1749 1719 1915 1776 Deum
1939 1738 2037 1792 pro
2060 1725 2180 1781 aliis

623 1803 946 1854 advocatum
979 1803 1107 1872 agit,
1147 1817 1353 1873 partes,
1376 1807 1475 1862 hoc
1499 1825 1728 1878 munus;
1760 1815 1901 1882 quod
1933 1815 2179 1883 pluribus

1470 407 2053 468 DISSERTATIONES
2089 411 2385 468 PRAEVIIE
2422 413 2487 467 IN
2519 415 2771 473 ΙΒΕΝᾸΞΙ
2809 418 3070 477 LIBROS.

639 519 796 571 dunt.
828 538 846 570 ι
874 517 1039 588 Igitur
1087 523 1479 578 advocationem
1535 526 1693 582 alicui
1746 543 2020 596 praestare,
2078 549 2194 596 seu,
2225 534 2270 589 Α

3747 429 3855 483 320

2370 534 2458 588 70.
2525 536 2630 590 Sed
2692 540 2736 592 si
2790 538 3056 594 hactenus
3109 542 3415 620 probandus
3471 545 3540 598 sit
3582 545 3851 611 lrenmus,

2297 627 2442 680 haud
2486 637 2635 681 certe
2667 631 3009 686 excusandus
3044 631 3253 686 videtur
3286 634 3338 687 in
3382 649 3446 689 eo
3485 637 3630 704 quod
3657 639 3853 691 scribit

2294 711 2367 768 lib
2397 729 2455 777 u,
2490 729 2542 772 c.
2570 713 2661 779 22,
2691 715 2970 771 Christum
2995 718 3104 788 jam
3134 721 3424 785 seniorem,
3459 723 3510 777 id
3541 733 3622 778 est
3651 735 3707 778 ut
3735 727 3851 794 ipse

2291 803 2548 871 explicat,
2580 807 3013 876 quadragenario
3046 812 3326 878 majorem,
3360 813 3466 868 imo
3495 830 3659 884 prope
3687 817 3846 884 quiu-

2293 895 2678 964 quagenarium
2706 913 2920 964 passum
2954 916 3018 954 ac
3055 911 3330 957 mortuum
3357 903 3544 959 fuisse.
3593 906 3751 975 quue
3774 924 3846 966 eo

2290 984 2463 1055 magis
2491 986 2727 1050 mireris,
2761 990 2908 1058 quod
2942 1006 2972 1047 e
3011 993 3288 1049 veteribus
3321 995 3567 1064 plerique
3595 997 3855 1052 Salvato-a

2289 1089 2402 1130 rem
2439 1077 2594 1147 longe
2622 1078 2918 1147 juniorem,
2952 1098 3113 1154 quam
3157 1101 3343 1141 revera
3375 1087 3561 1152 fuerit,
3590 1099 3645 1143 et
3686 1091 3847 1144 exhi-

2287 1165 2412 1222 beat
2440 1168 2806 1239 Evangelium,
2841 1175 3120 1230 exstitisse
3145 1176 3335 1241 velint,
3368 1194 3494 1233 cum
3519 1195 3706 1249 passus
3733 1190 3840 1236 est.

2288 1257 2510 1313 Plurimi
2551 1261 2695 1315 enim
2733 1263 2799 1322 ad
2826 1263 3152 1334 baptismum
3181 1269 3396 1324 venisse
3422 1280 3671 1327 statuunt
3699 1289 3846 1328 anno

2285 1349 2463 1404 aetatis
2513 1350 2734 1406 circiter
2790 1351 2889 1418 29,
2951 1364 3062 1409 tum
3113 1371 3258 1411 anno
3311 1361 3556 1428 sequenti
3611 1372 3842 1416 mortem

2283 1439 2485 1496 obiisse
2517 1462 2528 1496 :
2563 1442 2698 1497 adeo
2744 1453 2800 1497 ut
2835 1446 2975 1501 inter
3007 1448 3332 1518 baptismum
3383 1465 3438 1506 et
3488 1463 3718 1508 mortem
3749 1456 3842 1510 vix

2283 1529 2405 1597 plus
2451 1545 2611 1600 quam
2657 1534 2782 1586 anni
2813 1535 2972 1591 unius
3012 1539 3247 1607 spatium
3291 1541 3684 1611 interponant:
3716 1561 3843 1600 cum

2285 1626 2465 1674 tamen
2489 1636 2555 1675 ex
2581 1620 2870 1693 Evangelia
2894 1627 2995 1681 tria
3021 1627 3208 1683 saltem
3237 1645 3267 1685 a
3296 1631 3562 1701 baptismo
3582 1633 3846 1688 Paschata

2282 1712 2587 1769 celebrasse
2634 1715 2939 1783 Christum,
2995 1733 3168 1789 eaque
3220 1723 3455 1789 gessisse
3504 1736 3842 1794 compertum

2281 1805 2371 1868 sit,
2404 1821 2522 1874 quae
2567 1806 2726 1862 trium
2759 1808 2947 1864 saltem
2999 1825 3268 1866 annorum
3317 1813 3666 1868 intervallum
3716 1831 3845 1885 pro-

631 1888 948 1946 conﬁrmari
978 1903 1180 1964 posset,
1213 1898 1258 1951 si
1308 1914 1528 1955 necesse
1561 1903 1870 1969 videretur;
1908 1907 2001 1961 sed
2034 1909 2176 1963 dicta
2211 1894 2252 1950 Β
2282 1897 2431 1952 bem-
2478 1897 2538 1955 δε

2227 1894 2431 1952 Bbent.
2478 1897 2584 1955 Sed
2635 1899 2833 1955 multos
2860 1901 2960 1957 hac
3011 1902 3065 1957 in
3102 1906 3390 1960 occasione
3427 1909 3627 1969 minus,
3676 1923 3839 1974 quam

624 1976 900 2034 suiliciunt
929 1983 994 2035 ad
1028 1981 1313 2043 Crabianai
1344 1987 1714 2046 aduotationis
1743 1995 2040 2051 vanitatem
2079 1998 2176 2052 de-

620 2074 1054 2132 monstrandam.

689 2163 779 2218 69.
835 2165 1137 2239 Antequam
1189 2179 1369 2226 tamen
1420 2187 1449 2226 a
1503 2174 1565 2229 B.
1612 2175 1834 2249 Virgine
1877 2181 2174 2248 discedam,

616 2263 794 2321 Opera:
820 2256 1052 2325 pretium
1089 2270 1172 2316 est
1205 2271 1258 2315 et
1287 2263 1373 2316 hic
1414 2262 1652 2334 iniquam
1685 2267 1871 2323 Grabii
1911 2272 2175 2325 crimina-

620 2341 819 2398 tionem
845 2347 1266 2421 confutem,qua
1291 2363 1346 2408 et
1377 2353 1556 2411 Mariae
1583 2360 1879 2426 sanctitati,
1906 2372 1961 2418 et
1986 2361 2172 2420 lreuaei

613 2429 874 2490 doctrinae
925 2438 1099 2495 labem
1152 2443 1477 2516 adspergere
1519 2450 1760 2506 molitur.
1800 2451 1906 2509 Iste
1947 2455 2040 2511 lib.
2083 2473 2171 2523 ut,

613 2537 663 2576 e.
699 2525 786 2592 16,
838 2542 892 2581 ιι.
941 2530 971 2582 7
1003 2533 1316 2599 ostendens,
1367 2536 1640 2595 Christum
1686 2545 1865 2600 omnia
1900 2562 2001 2603 suo
2037 2559 2174 2604 tem-

614 2629 768 2680 pore,
799 2626 857 2670 ut
885 2633 915 2672 a
944 2617 1106 2674 Patre
1131 2623 1396 2691 prazﬁnita
1424 2637 1599 2702 erant,
1627 2633 1922 2702 peregisse,
1954 2636 2170 2692 subdit:

625 2723 641 2753 ι
668 2703 894 2775 Propter
925 2705 1028 2763 hoc
1057 2719 1380 2779 properante
1412 2697 1578 2769 Maria
1611 2697 1677 2770 ad
1712 2697 2030 2778 admirabile
2063 2725 2176 2779 vini

619 2796 832 2866 signum
879 2798 955 2870 (in
1005 2801 1203 2869 nuptiis
1241 2802 1391 2858 Cana
1433 2804 1693 2880 Galiltete)
1726 2820 1779 2865 et
1814 2823 1939 2868 ante
1978 2823 2189 2886 tempus

616 2889 831 2944 volente
885 2892 1210 2961 particiuare
1267 2901 1575 2968 compendii
1633 2905 1823 2973 poculo
1846 2906 1879 2978 ,|
1925 2906 2187 2967 Dominus

615 2979 881 3046 repellens
905 2982 1024 3052 ejus
1055 2985 1488 3058 intempestivam
1530 2992 1957 3064 festinationem,
1999 3001 2135 3056 dixit
2170 3020 2182 3058 :

615 3065 757 3132 Quid
793 3071 921 3124 mihi
964 3083 1012 3127 et
1063 3075 1160 3130 tibi
1198 3088 1296 3145 est,
1334 3081 1567 3138 mulier?
1606 3086 1838 3141 nondum
1875 3091 2010 3145 venit
2053 3092 2184 3148 liora

612 3174 763 3223 mea;
792 3173 1115 3233 exspectans
1138 3183 1259 3223 eam
1285 3171 1499 3239 horam,
1527 3191 1649 3245 quae
1670 3192 1700 3231 a
1724 3176 1882 3236 Patre
1903 3192 2020 3237 erat
2045 3199 2182 3254 pra:-

609 3252 848 3320 cOgnita.
877 3272 896 3307 ι
926 3254 1063 3312 iiinc
1085 3259 1397 3318 avidissime
1418 3266 1628 3334 captata
1647 3271 1935 3328 occasione
1961 3252 2181 3332 conclu-

609 3337 692 3394 dit
744 3339 1017 3408 Grabius,
1087 3344 1551 3414 imperfectionem
1611 3352 1858 3410 humanae
1917 3369 2164 3428 naturae,

609 3439 954 3500 peccatorum
980 3436 1267 3492 venialium
1298 3451 1543 3505 matrem,
1579 3442 1632 3498 in
1663 3444 1722 3497 Β.
1751 3446 1971 3517 Virgine
1997 3449 2163 3506 Maria

605 3524 893 3590 agnovisse
925 3527 1203 3585 Irenaeum.
1251 3531 1436 3604 Iniqua
1479 3550 1545 3590 ex
1579 3539 1727 3594 omni
1779 3554 1933 3610 parte
1971 3546 2164 3601 obser-

609 3617 776 3676 vatio.
833 3618 1092 3689 Quisquis
1143 3639 1328 3692 tequus
1386 3616 1567 3682 rerum
1621 3633 1921 3690 aestimator
1970 3647 2071 3702 est,
2111 3641 2163 3694 id

606 3722 772 3762 unum
818 3724 883 3764 ex
910 3701 911 3704 “
934 3710 1119 3766 irentei
1151 3717 1327 3770 verbis
1351 3721 1730 3789 exsculpserit,
1765 3722 1826 3778 Β.
1874 3726 2154 3797 Virginem

605 3795 755 3850 horae
801 3813 830 3851 a
881 3798 1041 3857 Patre
1082 3806 1425 3876 praecognita:
1470 3819 1523 3863 et
1579 3795 2005 3882 prtedestinatre‘,
2054 3838 2159 3891 qua

603 3887 856 3944 Christus
881 3892 1138 3948 miracula
1163 3896 1339 3965 palam
1368 3909 1420 3952 et
1444 3902 1656 3968 publice
1679 3916 1997 3972 patraturus
2018 3887 2157 3976 erat,

605 3976 874 4046 ignaram,
924 3999 1087 4038 unum
1132 4002 1162 4040 a
1214 3988 1356 4044 Filio
1385 3999 1506 4046 ante
1533 4003 1738 4061 tempus
1773 3997 2020 4056 oblinere
2067 4019 2161 4058 vo-

603 4068 790 4125 luisse.
845 4071 1064 4129 Sciebat
1093 4077 1311 4145 quidem
1361 4079 1556 4136 Filium
1605 4087 1819 4140 tandem
1869 4091 2159 4161 aliquando

600 4158 777 4227 palam
811 4163 1185 4233 prodeuntem,
1215 4167 1336 4222 vita:
1368 4173 1674 4241 sanctitate,
1705 4158 2028 4237 doctrinavet
2058 4186 2154 4238 tui-

598 4249 803 4306 raculis
838 4252 1024 4308 orbem
1057 4255 1451 4314 illustraturutn
1484 4282 1498 4318 ε
1527 4263 1640 4331 jam
1671 4267 1885 4335 publico
1926 4287 2155 4329 munere

601 4339 783 4409 iungi,
840 4343 1237 4419 discipulosque
1294 4350 1554 4422 colligere
1605 4356 1838 4424 coepisse
1905 4360 2150 4429 viderat;

598 4446 768 4498 quare
792 4443 846 4488 et
867 4435 1203 4504 publicorum
1232 4441 1614 4498 miraculorum
1645 4458 1853 4518 tempus
1885 4461 1938 4505 et
1961 4453 2152 4509 horam

599 4527 880 4584 advenisse
910 4541 1128 4598 putans,
1159 4535 1223 4589 de
1272 4537 1380 4590 vini
1416 4541 1638 4606 penuria
1673 4553 1879 4607 monet,
1920 4555 1976 4598 ut
2001 4546 2151 4603 labo-
2183 4568 2226 4623 ι)
2257 4580 2275 4612 ε

599 4621 843 4675 rantibus
881 4623 1138 4679 divinitus
1166 4629 1433 4682 consulat.
1482 4630 1546 4684 Et
1581 4633 1684 4687 hoc
1720 4645 1803 4689 est
1846 4639 1988 4706 quod
2033 4639 2140 4694 Ire-

597 4727 746 4767 naeus
773 4714 1176 4784 intempestivam
1221 4720 1600 4788 festinationem
1623 4739 1819 4792 vocat;
1851 4746 1954 4784 non
2006 4733 2148 4802 quod

597 4803 781 4858 Maria:
815 4807 1026 4862 animus
1072 4798 1326 4880 praeceps,
1365 4823 1458 4868 aut
1506 4817 1650 4873 inani
1683 4819 1854 4889 gloria
1895 4798 2148 4878 stimula-

596 4906 682 4950 tus
709 4896 870 4950 fuerit
900 4916 914 4952 :
948 4901 1039 4954 sed
1073 4903 1214 4969 quod
1251 4905 1420 4972 ipsam
1452 4907 1637 4963 horam
1671 4926 1700 4964 a
1727 4913 1885 4967 Patre
1914 4916 2152 4982 prteﬁui-

595 4997 701 5042 tant
731 4991 995 5057 nesciens,
1033 4994 1318 5051 advenisse
1359 5008 1539 5053 tamen
1571 5002 1907 5067 existimans,
1945 5020 2148 5075 paupe-

593 5094 712 5133 rum
770 5092 1007 5151 egestate
1060 5100 1364 5154 commota,
1414 5092 1731 5148 miraculum
1803 5113 1868 5152 eo
1925 5099 2042 5154 loco
2096 5111 2150 5155 et

594 5181 835 5242 tetupore
872 5175 988 5231 ﬁeri
1034 5180 1284 5250 cupierit.
1327 5185 1523 5252 quibus
1571 5189 1784 5256 publica
1813 5200 1870 5245 et
1895 5193 2149 5250 omnibus

592 5268 879 5322 manifesta
907 5273 1315 5342 omnipotentiae
1341 5293 1454 5331 sua:
1489 5280 1640 5349 signa
1672 5283 1831 5337 edere
1874 5283 2146 5340 Christum

588 5355 805 5410 sinebat
841 5357 1014 5415 Patris
1043 5363 1312 5420 voluntas.
1349 5367 1524 5433 Quare
1552 5371 1868 5427 miraculum
1902 5373 2147 5432 absolute

588 5461 696 5499 uou
738 5448 999 5505 detrectat
1027 5454 1299 5521 Christus,
1332 5462 1425 5514 sed
1458 5462 1622 5516 veluti
1659 5463 1797 5518 clam
1842 5476 1898 5519 et
1927 5469 2143 5523 occulte

591 5544 791 5602 patrat.
810 5541 1120 5600 Divinorum
1151 5548 1674 5616 igiturdecretorum
1701 5557 1890 5623 ignara
1911 5559 1954 5611 si
1981 5558 2144 5613 luerit

592 5627 782 5698 Maria,
820 5650 924 5690 non
950 5649 1102 5695 certe
1140 5644 1299 5699 ullius
1329 5646 1752 5715 impcrl‘ectionis
1779 5652 1996 5706 moralis
2027 5669 2145 5708 rea.

671 5821 712 5851 δ’
753 5824 881 5893 Cap.
929 5827 1014 5894 (51,
1046 5827 1100 5883 2.
1181 5831 1220 5860 “
1251 5830 1414 5896 ircn.,
1449 5831 1482 5886 Ι.
1515 5848 1574 5900 tt,
1607 5848 1656 5888 c.
1683 5833 1774 5902 εἰ,
1807 5852 1860 5890 n.
1900 5836 1949 5891 1.

2027 5837 2070 5869 ⁸³
2101 5840 2225 5896 Luc.
2257 5854 2326 5905 tv,
2366 5841 2445 5896 l‘J.

2277 2005 2378 2059 par
2410 2002 2577 2056 esset,
2614 2002 2855 2048 attentos
2885 1993 3192 2064 Evangeliis
3224 1997 3464 2051 fecerant
3510 2013 3571 2051 ea
3616 1997 3764 2052 Isaiae
3794 2000 3842 2030 “

2279 2082 2490 2136 verba:
2523 2081 2734 2138 Annum
2777 2095 3050 2154 acceptum
3100 2086 3327 2159 Domino
3366 2089 3653 2166 pra’dicare
3698 2092 3840 2144 misit

2275 2187 2377 2238 me,
2407 2182 2536 2234 etc.,
2567 2174 2632 2228 de
2679 2174 2898 2230 Christo
2946 2183 3093 2238 recte
3140 2177 3356 2246 quidem
3399 2179 3668 2235 intellecta
3693 2222 3710 2246 ,
3743 2184 3840 2236 sed

2277 2261 2453 2316 minus
2487 2261 2719 2318 leliciter
2746 2265 3039 2335 explicata,
3066 2269 3221 2336 quasi
3255 2269 3376 2324 inde
3400 2280 3832 2341 consequeretur

2275 2350 2393 2408 fore
2442 2363 2500 2407 ut
2546 2353 2800 2412 Christus
2851 2373 2960 2413 uno
2993 2359 3256 2412 duntaxat
3305 2374 3446 2413 anno
3488 2362 3826 2430 praidicaret.

2276 2440 2426 2497 Unus
2450 2441 2867 2516 Chrysostomus
2893 2447 3080 2504 homil.
3107 2448 3198 2513 54,
3222 2449 3274 2502 in
3297 2465 3415 2517 cap.
3441 2465 3495 2503 ix
3517 2450 3835 2517 S.Joaunis,

2273 2533 2496 2600 propius
2543 2536 2608 2588 ad
2645 2535 2828 2590 lrenaai
2876 2539 3198 2591 sententiam
3242 2540 3540 2594 accessisse
3591 2541 3827 2596 videtur.

2273 2624 2476 2695 Nempe
2504 2628 2556 2681 in
2601 2628 2667 2683 iis
2695 2627 3004 2684 Judaeorum
3036 2631 3101 2683 ad
3154 2628 3428 2684 Christum
3468 2633 3667 2698 verbis,
3711 2648 3836 2701 quae

2274 2718 2439 2771 etiam
2491 2720 2559 2773 ad
2593 2721 3021 2776 conﬁrmandam
3069 2725 3382 2792 opinionem
3415 2740 3568 2778 suam
3618 2727 3836 2780 trahere

2273 2805 2464 2859 nititur
2508 2805 2743 2862 lrenarus
2784 2826 2797 2863 :
2851 2827 2870 2860 ι
2924 2811 3325 2882 Quinquaginta
3380 2828 3548 2868 annos
3594 2815 3833 2868 nondum

2270 2894 3052 2969 babes,ietc.,tquadraginta
3096 2920 3114 2952 ι
3149 2916 3247 2969 pro
3279 2920 3297 2952 t
3336 2903 3763 2972 quinquaginta,
3807 2923 3824 2954 ι

2271 2985 2554 3056 legendum
2576 3002 2694 3043 esse
2724 2999 2938 3058 putans,
2961 2992 3256 3060 concludit,
3294 3011 3313 3045 t
3350 3008 3515 3063 prope
3542 2992 3651 3062 jam
3670 2995 3833 3047 Chri-

2270 3086 2414 3133 stum
2463 3080 2821 3150 quadraginta
2856 3096 3122 3137 annorum
3162 3084 3348 3140 fuisse.
3387 3103 3404 3134 ι

2341 3188 2428 3242 71.
2471 3189 2622 3255 Quod
2659 3204 2787 3244 vero
2813 3200 3029 3248 veteres
3062 3208 3166 3248 non
3211 3209 3411 3264 paucos
3449 3195 3502 3249 in
3552 3204 3828 3251 transver-

2269 3294 2386 3333 sum
2417 3281 2527 3350 egit
2559 3295 2839 3350 perperam
2865 3283 3191 3351 explicatum
3224 3285 3377 3341 Isaiae
3423 3287 3824 3349 testimonium,

2267 3366 2408 3420 idem
2449 3378 2504 3422 et
2543 3367 2812 3425 Gnosticis
2859 3371 3112 3436 errandi,
3145 3389 3241 3428 seu
3291 3374 3472 3442 potius
3517 3391 3826 3445 przeconce-

2267 3469 2414 3528 ptum
2473 3476 2715 3515 errorem
2778 3463 3137 3518 conﬁrmandi
3191 3480 3380 3520 ansam
3437 3470 3687 3537 przebuit.
3753 3468 3826 3525 Ut

2263 3552 2406 3605 enim
2457 3551 2693 3606 Eanum
2742 3568 2964 3610 suorum
3009 3567 3319 3611 commenta
3382 3573 3600 3628 quoquo
3657 3561 3822 3616 modo

2263 3639 2537 3707 l‘ulcirent,
2569 3642 2840 3710 ﬁngebant
2864 3646 2931 3712 εί,
2955 3665 2974 3698 t
3001 3648 3070 3702 ob
3100 3648 3202 3702 hoc
3227 3647 3564 3704 Salvatorem
3599 3651 3819 3720 triginta

2263 3750 2527 3789 annorum
2570 3737 2924 3791 exsistentem
2973 3739 3186 3794 venisse
3235 3739 3301 3794 ad
3349 3741 3711 3809 baptismum,
3761 3755 3819 3797 ut

2261 3826 2570 3881 ostenderet
2607 3829 2802 3882 tacitos
2833 3827 3036 3883 Aiones
3063 3844 3253 3884 eorum
3303 3832 3644 3900 triginta.....
3677 3834 3821 3888 Duo-

2263 3918 2472 3972 decimo
2519 3929 2697 3974 autem
2753 3936 2938 3976 mense
2985 3921 3239 3977 dicebant
3286 3938 3408 3978 eum
3464 3941 3718 3993 passum,
3761 3938 3817 3982 ut

2261 4006 2424 4063 fuerit
2454 4024 2599 4065 anno
2627 4026 2734 4066 uno
2765 4021 2886 4082 post
2921 4013 3244 4082 baptismum
3283 4016 3583 4085 praedicans
3615 4035 3628 4071 :
3665 4026 3721 4072 et
3749 4033 3819 4073 ex

2260 4098 2527 4170 Propheta
2578 4104 2862 4157 tentabant
2900 4104 3001 4158 hoc
3050 4104 3224 4172 ipsum
3276 4107 3638 4173 conﬁrmare;
3684 4110 3820 4164 scri-

2256 4204 2406 4265 ptum
2437 4203 2518 4248 est
2543 4194 2684 4248 enim
2709 4195 2753 4226 ⁶²
2781 4213 2795 4250 :
2830 4193 3029 4250 Vocare
3060 4211 3255 4250 annum
3287 4197 3495 4252 Domini
3525 4212 3817 4270 acceptum,

2253 4296 2301 4341 et
2334 4286 2471 4339 diem
2502 4286 2885 4340 retributionis.
2928 4306 2947 4338 ι
2983 4287 3138 4342 llunc
3174 4303 3416 4344 errorem
3440 4293 3817 4350 conl'utaturus

2255 4386 2446 4430 auctor
2491 4385 2672 4430 noster
2721 4384 2866 4430 recte
2898 4378 3114 4445 quidem
3147 4382 3360 4452 probat,
3394 4398 3516 4436 eum
3561 4400 3665 4438 non
3697 4401 3816 4441 esse

2253 4467 2541 4521 verborum
2587 4466 2738 4522 lsaia:
2792 4484 3038 4526 sensum.
3092 4470 3225 4525 Tum
3275 4477 3492 4540 statuit,
3540 4478 3812 4533 Christum

2323 4562 2542 4630 triginta
2579 4575 2848 4615 annorum
2877 4562 3230 4618 exsistentem
3259 4567 3476 4621 venisse
3511 4570 3578 4622 ad
3610 4570 3814 4638 baptis-

2255 4668 2401 4706 mum
2432 4652 2509 4719 °’;
2547 4672 2565 4704 ι
2599 4668 2664 4708 ac
2694 4654 2907 4707 demum
2931 4659 3068 4709 ter't
3106 4657 3399 4710 secundum
3446 4668 3655 4728 tempus
3682 4660 3814 4716 Pas-

2253 4742 2369 4796 cha:
2403 4743 2683 4798 Dominum
2713 4753 2832 4811 post
2859 4743 3122 4814 baptisma
3157 4747 3464 4802 ascendisse
3511 4750 3562 4802 in
3613 4749 3807 4804 Hieru-

2247 4833 2434 4898 salem,
2458 4844 2511 4889 et
2538 4835 2648 4890 illic
2679 4836 2821 4890 diem
2855 4835 3050 4890 festum
3084 4837 3303 4894 Pascha:
3335 4840 3638 4898 celebrasse
3672 4844 3734 4897 ⁸⁸.
3785 4865 3802 4896 ι

2231 4918 2478 4985 Quilibet
2512 4938 2574 4976 ex
2610 4923 2678 4978 iis
2704 4926 3015 4991 conﬁceret,
3042 4925 3319 4982 Christum
3346 4943 3490 4982 anno
3519 4929 3691 4983 aetatis
3711 4928 3802 4991 55,

2230 5023 2325 5066 aut
2361 5013 2429 5067 54
2453 5030 2675 5083 passum
2714 5032 2855 5073 esse.
2893 5016 3039 5073 Nihil
3071 5028 3250 5074 tamen
3287 5020 3467 5075 minus
3498 5021 3659 5076 infert
3691 5022 3803 5077 Ire-

2231 5121 2412 5171 naeus;
2440 5107 2532 5160 sed
2552 5107 2799 5176 pluribus
2817 5112 3174 5179 argumentis,
3198 5128 3319 5181 quae
3340 5113 3479 5181 apud
3497 5115 3671 5182 ipsum
3696 5113 3798 5183 legi

2227 5207 2477 5267 possunt,
2495 5199 2659 5268 proba
2669 5216 2725 5255 re
2741 5201 2930 5255 nititur
2945 5201 3278 5257 Salvatorem
3288 5203 3399 5272 jam
3421 5205 3472 5258 in
3488 5206 3697 5260 senium
3711 5206 3803 5262 de-

2229 5289 2520 5345 clinantem
2554 5302 2829 5347 mortuum
2853 5293 3044 5358 fuisse,
3076 5304 3128 5349 et
3157 5296 3291 5350 ultra
3320 5296 3796 5367 quadragesimum

2227 5396 2429 5435 annum
2461 5398 2524 5438 ac
2547 5384 2998 5453 quinquagesimo
3023 5389 3332 5456 proximum
3365 5388 3635 5444 docuisse.
3665 5388 3800 5454 Qua:

2230 5474 2447 5543 quidem
2477 5488 2795 5546 argumenta
2823 5480 3036 5535 inﬁrma
3067 5497 3207 5548 esse,
3225 5483 3421 5553 legenti
3445 5483 3625 5538 statim
3644 5493 3801 5552 pate-

2232 5567 2322 5621 bit.
2343 5565 2451 5623 Ncc
2467 5568 2600 5622 illud
2618 5573 2829 5628 caeteris
2848 5573 3100 5640 validius,
3121 5577 3262 5647 quod
3284 5579 3350 5631 ab
3370 5579 3688 5634 auctoritate
3705 5596 3798 5635 se-

2234 5660 2468 5728 niorum,
2494 5663 2587 5732 qui
2634 5667 2910 5734 apostolos
2945 5668 3211 5735 viderant,
3244 5672 3454 5741 repetit.
3485 5670 3617 5727 Nam
3651 5689 3799 5742 prac-

2526 5842 2570 5873 ⁸³
2596 5841 2658 5895 Ν.
2693 5844 2743 5897 4.

2827 5845 2869 5875 ⁵⁸
2905 5845 2966 5900 Ν.
2996 5847 3044 5900 5.
