4196 6330
241 315 335 370 δν
1196 350 1650 407 DlSSERTATtO
1676 349 1763 415 ιιι,
1801 351 1888 405 ne
1926 349 2181 405 meum
2218 348 2586 405 DOCTRINA.

3395 348 3498 404 59.2

276 483 525 544 terquam
559 474 703 544 quod
731 474 797 528 de
843 475 1060 529 nomine
1101 485 1152 530 et
1197 479 1524 530 auctoritate
1557 477 1830 530 seniorum
1862 481 1906 532 Α
1935 477 2076 543 gisse
2105 475 2296 542 probat
2346 489 2412 527 ex
2461 473 2791 542 Evztngcliis,
2828 490 2932 528 non
2977 474 3044 527 ab
3077 473 3196 543 ipso
3228 475 3498 542 baptismo

271 561 482 616 illorum
513 579 618 616 non
644 575 884 627 constat,
907 574 962 618 et
990 566 1063 631 ab,
1082 580 1187 617 tttto
1215 566 1354 620 forte
1379 567 1564 631 Papia,
1592 566 1828 626 homine,

272 663 329 706 ut
361 655 436 707 ait
463 654 756 720 Eusebius,
789 657 1067 724 pertenuis
1098 656 1320 724 ingenii,
1357 655 1708 728 [CXXXVIII]
1735 673 1832 710 nec

267 758 448 799 eorun‘.
515 761 633 815 quae
667 751 735 802 ab
770 749 1026 818 apostolis
1062 750 1331 813 audierat,
1361 765 1580 803 sensum
1615 764 1832 817 semper

266 837 528 901 assecuti,
577 838 730 908 cujus
780 850 958 894 tamen
1004 839 1129 894 Iidei
1176 840 1296 909 plus
1349 856 1504 910 a:quo
1554 841 1830 896 tribuebat

266 925 521 993 Irenaaus,
581 929 631 983 id
686 933 936 1000 accipere
985 932 1180 1001 potuit,
1230 933 1372 1001 quod
1423 942 1645 999 narrat;
1701 932 1829 986 illud

268 1028 473 1072 tantum
508 1036 538 1074 a
586 1023 894 1078 senioribus
922 1024 1048 1088 illis,
1089 1025 1399 1093 quicunque
1433 1025 1651 1078 tandem
1697 1027 1828 1090 sint,

266 1111 535 1176 audierat,
565 1129 672 1168 non
701 1114 974 1169 Christum
1016 1130 1155 1169 anno
1190 1117 1368 1170 aetatis
1411 1115 1524 1169 fere
1557 1117 1826 1185 quinqua-

265 1204 477 1271 gesimo
503 1220 724 1273 passum
747 1221 888 1270 esse,
919 1209 1011 1262 sed
1043 1207 1400 1261 declinantem
1426 1207 1538 1275 jam
1568 1207 1618 1260 iu
1646 1206 1829 1260 senio-

265 1305 379 1345 rem
407 1303 622 1349 aatatetn
655 1303 926 1348 mortuum
959 1310 1114 1353 esse:
1145 1311 1308 1365 quam
1348 1295 1571 1348 senilem
1613 1304 1825 1346 aetatem

259 1399 326 1437 ex
373 1386 622 1449 arbitrio,
668 1397 723 1440 et
763 1386 1154 1457 disputationis
1204 1395 1337 1439 aestu
1389 1386 1552 1455 paulo
1596 1385 1825 1454 longius,

258 1491 423 1544 quam
456 1493 552 1546 par
587 1476 796 1538 fuisset,
832 1479 902 1532 ab
946 1479 1322 1532 haereticorum
1351 1478 1618 1531 sententia
1647 1477 1824 1531 disce-

260 1568 421 1631 dens,
463 1572 804 1637 postmodum
838 1572 1223 1642 interpretatus
1249 1583 1354 1629 est.

332 1660 420 1713 72.
466 1660 520 1715 ld
554 1678 686 1732 ergo
719 1665 1087 1729 verissimum,
1120 1667 1263 1735 quod
1294 1668 1550 1720 observat
1577 1665 1826 1734 Angusti-

254 1767 360 1805 nus
401 1752 493 1808 lib.
555 1769 592 1807 Il
644 1757 721 1810 De
755 1759 894 1810 doct.
929 1757 1124 1813 Christ.
1163 1775 1283 1827 cap.
1327 1759 1415 1824 28,
1451 1759 1592 1814 forte
1616 1761 1668 1813 in
1718 1759 1824 1813 Ire-

1934 575 2184 619 numerat
2233 564 2489 631 Irenaaus,
2539 565 2632 620 sed
2684 565 2752 617 ab
2803 581 2866 619 eo
2913 567 3176 620 duntaxat
3227 575 3494 633 tempore,

1933 673 2038 725 quo
2068 657 2315 727 magistri
2364 671 2585 710 munere
2619 655 2763 726 fungi
2802 656 2985 726 C(Bpit.
3035 656 3174 722 Quid
3217 669 3350 710 vero
3381 655 3496 709 Ire-

1933 763 2106 801 naeum
2142 747 2195 801 in
2240 755 2347 801 tam
2395 747 2691 812 insolitam,
2718 757 2920 802 etcum
2971 747 3288 814 Evangeliis
3324 762 3355 800 e
3382 747 3496 801 dia-

1932 850 2106 892 metro
2135 849 2460 910 pugnautem
2497 839 2805 909 Opinionem
2854 840 3159 905 adduxerit,
3197 848 3254 892 ut
3291 837 3494 894 Christi

1930 931 2332 999 praedicationis
2385 940 2596 1001 tempus
2644 946 2670 984 a
2711 931 2984 999 baptismo
3029 939 3180 984 tanto
3225 946 3494 984 annorum

1929 1021 2103 1090 spatio
2130 1019 2430 1088 dirimeret,
2473 1039 2579 1076 non
2613 1016 2796 1086 video,
2828 1037 2929 1076 nec
2961 1023 3258 1091 quidquam
3302 1036 3497 1075 occur-

1930 1111 2036 1178 rit,
2074 1128 2181 1181 quo
2245 1113 2513 1168 sententia
2571 1126 2678 1166 tam
2734 1113 2924 1182 procul
2983 1115 3243 1167 aberrans
3293 1128 3322 1166 a
3367 1128 3497 1165 vero

1928 1204 2159 1259 emolliri
2193 1205 2382 1273 possit.
2421 1203 2627 1258 Nodum
2670 1207 2814 1259 hunc
2846 1205 3115 1271 scindere,
3150 1219 3254 1257 non
3286 1203 3497 1257 solvere

1928 1298 2156 1351 tentavit
2194 1298 2541 1353 doctissimus
2590 1299 2859 1353 Antonius
2908 1297 3132 1367 Pagius,
3163 1307 3202 1351 t.
3235 1295 3254 1348 I
3287 1296 3498 1349 Critica?

1928 1387 2627 1458 Ηᾰειογίεο-σιιιυιιοιοςὶοαξ
2656 1391 2707 1444 in
2748 1390 2983 1443 Annales
3025 1389 3266 1454 Baronii,
3317 1403 3369 1457 p.
3400 1388 3496 1452 24,

1927 1483 2060 1537 edit.
2115 1484 2378 1551 Antuerp.
2444 1483 2612 1547 I705,
2668 1485 2762 1538 sed
2831 1483 3144 1537 infeliciter.
3207 1482 3495 1536 Existlmat

1926 1573 2092 1636 enim,
2144 1588 2206 1628 ea
2261 1574 2445 1627 omnia
2485 1589 2608 1643 quae
2655 1577 2794 1644 apud
2847 1576 3107 1630 Irenaeum
3165 1575 3231 1629 de
3291 1574 3495 1627 seniori

1926 1663 2131 1718 Christi
2181 1674 2337 1720 a-tate
2391 1666 2668 1736 leguntur,
2705 1676 2951 1736 corrupta
2998 1681 3118 1722 esse
3165 1677 3212 1720 et
3247 1667 3489 1723 insititia.

1904 1757 2033 1809 'Sed
2070 1759 2120 1810 id
2166 1757 2288 1812 aliis
2332 1761 2690 1828 argumentis,
2726 1775 2889 1829 quam
2939 1760 3105 1814 meris
3141 1759 3489 1826 conjecturi~,

255 1860 433 1898 meum
482 1857 725 1901 nostrum
772 1851 998 1920 digitum
1037 1852 1349 1915 intendens,
1390 1870 1409 1902 ι
1454 1852 1816 1922 ignorantiam
1857 1843 1900 1902 Β
1929 1847 2100 1915 iisque
2145 1849 2433 1904 admodum
2485 1850 2717 1903 infirmis
2756 1851 3091 1919 probandum
3138 1861 3304 1905 esset.
3357 1849 3489 1902 Nam

255 1936 580 1994 consulatus
607 1955 713 2009 quo
748 1954 907 1996 natus
950 1952 1031 1997 est
1079 1943 1361 2011 Dominus,
1401 1953 1458 1998 et
1488 1959 1596 2013 quo
1627 1960 1822 2014 passus

249 2038 358 2094 est,
405 2033 698 2088 nonnullos
743 2035 994 2104 coegisse
1029 2050 1238 2100 errare,
1273 2045 1332 2089 ut
1381 2045 1639 2104 putarent
1684 2052 1821 2106 qua-

251 2124 502 2192 draginta
552 2141 646 2180 sex
693 2142 957 2181 annorum
1008 2137 1165 2183 aetate
1211 2144 1429 2198 passum
1475 2145 1595 2184 esse
1644 2131 1826 2184 Domi-

253 2233 404 2270 num.
453 2236 473 2268 ι
514 2218 699 2272 Mirari
750 2229 927 2273 tamen
955 2221 1117 2282 subit,
1150 2221 1237 2288 qui
1281 2221 1536 2288 Irenaeus,
1569 2225 1654 2278 cui
1695 2241 1824 2280 con-

253 2312 395 2364 stitit
433 2311 712 2365 Christum
757 2329 900 2367 anno
934 2315 1110 2367 astatis
1158 2314 1227 2368 30
1267 2315 1595 2384 baptismum
1637 2330 1824 2372 susce-

251 2404 418 2470 pisse,
445 2413 500 2480 (ξι
522 2420 585 2457 ex
611 2405 913 2475 Evangeliis
940 2418 1276 2476 compertum
1305 2407 1404 2460 fuit
1428 2409 1530 2461 tria
1559 2409 1823 2463 duntaxat

253 2509 284 2542 a
315 2493 591 2561 baptismo
617 2492 875 2547 Paschata
913 2494 1190 2548 celebrata
1219 2496 1286 2548 ab
1328 2496 1516 2548 eodem
1547 2494 1736 2559 fuisse,
1769 2498 1820 2550 id

251 2584 354 2637 sibi
389 2586 438 2636 in
472 2585 712 2638 animum
752 2585 1006 2640 inducere
1056 2588 1249 2654 potuit,
1277 2601 1399 2640 eum
1452 2596 1562 2640 tum
1602 2603 1818 2656 passum

255 2677 446 2739 fuisse,
485 2691 610 2730 cum
648 2677 760 2746 jam
795 2692 998 2730 annum
1025 2678 1495 2748 quadragesimum
1546 2681 1819 2734 excessis-

253 2779 378 2830 set,
432 2778 488 2821 et
538 2769 1043 2836 quinquagesimum
1091 2783 1260 2838 prope
1311 2770 1626 2839 attingeret.
1685 2769 1818 2822 Illud

254 2861 400 2912 enim
434 2862 478 2912 si
511 2875 725 2923 verum,
761 2875 982 2915 necesse
1010 2871 1094 2915 est
1119 2862 1513 2916 existimaverit
1544 2861 1818 2915 Christum

251 2966 360 3002 non
404 2959 490 3003 ter
535 2963 764 3017 tantum,
815 2953 907 3006 sed
945 2953 1062 3020 plus
1098 2967 1258 3020 quam
1315 2953 1604 3006 duodecies
1649 2970 1676 3005 a
1727 2953 1821 3006 ba-

252 3046 457 3110 ptismo
483 3042 686 3097 Pascha
719 3045 1014 3113 peregisse.
1046 3046 1101 3099 Id
1129 3060 1293 3098 unum
1321 3046 1632 3114 responderi
1663 3061 1820 3115 posse

253 3135 492 3199 videtur,
536 3135 793 3189 Irenaeum
827 3137 1146 3203 credidisse,
1177 3135 1455 3189 Christum
1487 3153 1591 3189 non
1636 3137 1817 3189 statim

249 3243 279 3277 a
315 3228 586 3295 baptismo
626 3229 854 3282 docendi
893 3244 1093 3282 munus
1122 3230 1451 3298 suscepisse,
1485 3230 1581 3283 sed
1631 3229 1816 3282 tanditt

247 3320 611 3379 delitescere.
676 3321 1054 3388 privatamque
1108 3321 1274 3374 vitam
1324 3322 1522 3390 degere
1571 3335 1820 3388 perseve-

251 3425 427 3474 rasse,
470 3415 642 3466 donec
687 3414 930 3480 magistri
963 3423 1175 3466 aetatem
1211 3414 1502 3480 perlectam
1535 3422 1819 3467 assecutus

245 3517 430 3571 esset;
476 3517 586 3561 tum
619 3523 748 3562 vero
778 3509 954 3578 palam
981 3509 1198 3578 prodire
1225 3525 1288 3563 ac
1320 3510 1634 3576 magistrum
1661 3524 1820 3578 agere

247 3601 506 3666 εωρὶδεε,
549 3615 670 3654 cum
713 3615 914 3654 annum
961 3603 1135 3655 artatis
1184 3602 1654 3669 quadragesimum
1711 3613 1820 3654 ter-

254 3694 390 3744 tium
427 3700 521 3743 aut
549 3703 798 3761 quartum
830 3694 1121 3762 attigisset.
1159 3695 1204 3747 Is
1231 3709 1350 3748 esse
1380 3695 1596 3748 videtur
1627 3700 1819 3748 verbo-

254 3800 374 3837 rum
412 3784 637 3839 istorum
686 3800 920 3839 sensus:
958 3805 974 3836 ι
1016 3785 1258 3856 Triginta
1293 3788 1507 3857 quidem
1552 3802 1816 3842 annorum

247 3878 546 3944 exsistens,
586 3894 710 3932 cum
750 3880 960 3932 veniret
988 3882 1052 3934 ad
1099 3881 1445 3949 baptismum,
1475 3881 1666 3935 deinde
1700 3898 1817 3934 ma-

245 3972 408 4040 gistri
437 3981 651 4025 aetatem
685 3972 980 4040 perlectam
1028 3974 1236 4026 habens
1261 3974 1410 4028 venit
1452 3972 1814 4040 Ilierusaletn,

247 4068 321 4118 ita
378 4074 435 4118 ut
483 4066 551 4117 ab
599 4066 852 4119 ontnibus
894 4065 1039 4132 juste
1085 4066 1298 4118 audiret
1351 4066 1630 4134 magister.
1681 4084 1699 4115 ι
1742 4064 1816 4118 lbi

244 4160 449 4226 quippe
474 4159 617 4211 inter
641 4159 889 4227 baptismi
920 4169 972 4212 et
997 4157 1220 4211 dOt-endi
1253 4169 1462 4225 tempus
1488 4159 1818 4227 distinguere

247 4254 504 4314 \idclur,
546 4250 885 4319 alterumque
932 4252 999 4305 ab
1045 4251 1221 4304 altero
1261 4265 1363 4303 non
1399 4265 1690 4316 paucorum
1721 4265 1817 4302 an-

247 4363 448 4399 norum
500 4349 676 4417 spatio
730 4349 1011 4402 dirimere.
1069 4347 1226 4401 Venit
1282 4348 1498 4417 quidem
1548 4344 1704 4399 Jesus
1750 4347 1816 4399 ad

244 4441 580 4509 baptismum
657 4441 875 4506 triginta
936 4456 1200 4492 annorum
1251 4441 1548 4504 exsistens,
1603 4439 1653 4492 id
1709 4448 1814 4503 est,

1926 1950 2289 2012 praeterquam
2319 1943 2464 2011 quod
2501 1952 2609 1996 tota
2635 1943 2810 1997 oratio
2838 1944 2974 1997 adeo
3010 1944 3113 1998 sibi
3143 1944 3399 2006 cohzeret,
3435 1955 3490 1995 ut

1925 2032 2068 2084 nulla
2108 2049 2233 2100 pars
2276 2035 2433 2089 avelli
2467 2037 2654 2102 possit,
2695 2037 2822 2105 quin
2876 2045 2985 2090 tota
3028 2037 3391 2100 dissolvatur;
3438 2046 3492 2088 et

1926 2126 2117 2194 stylus,
2150 2127 2240 2194 qui
2294 2138 2440 2182 certe
2482 2129 2665 2183 Irenwi
2699 2139 2804 2193 est,
2855 2139 2910 2182 et
2941 2129 3104 2182 verba
3152 2143 3271 2198 qua:
3308 2143 3373 2180 ex
3428 2145 3492 2182 eo

1924 2218 2094 2270 refert
2140 2219 2400 2274 Eusebius
2429 2220 2523 2277 lib.
2569 2235 2628 2275 ιιι
2668 2220 2806 2274 Hist.
2841 2236 2964 2286 cap.
2991 2221 3062 2274 25
3093 2223 3176 2288 (ea
3211 2219 3487 2284 nimirum,

1924 2310 2120 2377 quibus
2147 2316 2473 2366 sententiam
2509 2317 2661 2366 suam
2703 2328 2732 2366 a
2766 2312 2992 2368 Joannis
3024 2312 3308 2380 discipulis
3343 2328 3491 2364 acce-

1925 2403 2069 2472 pisse
2098 2418 2168 2459 se.
2191 2406 2478 2475 proﬁtetur
2509 2407 2766 2479 lrenaaus)
2796 2422 3012 2463 omnem
3047 2407 3490 2477 interpolationis

1923 2495 2287 2564 suspicionem
2314 2499 2580 2554 eximunt.

1995 2587 2084 2640 75.
2125 2588 2362 2643 Laudem
2411 2605 2541 2644 vero
2596 2598 2839 2644 meretur
2881 2591 3022 2660 quod
3067 2591 3261 2646 scribit
3303 2601 3490 2643 auctor

1925 2685 2136 2740 noster,
2169 2677 2262 2731 lib.
2301 2695 2351 2741 ν,
2401 2694 2452 2734 c.
2483 2681 2570 2741 SI,
2612 2697 2666 2736 ιι.
2704 2682 2758 2745 I,
2795 2679 3071 2736 Christum
3105 2690 3221 2751 post
3260 2696 3490 2735 mortem

1923 2783 2078 2822 suam
2126 2772 2296 2825 tribus
2336 2772 2527 2826 diebus
2574 2783 2954 2827 conversatum
3005 2789 3124 2826 esse
3157 2792 3174 2824 ι
3216 2773 3304 2827 ubi
3337 2786 3490 2826 erant

1923 2865 2151 2927 mortui,
2185 2864 2668 2932 quemadmodum,
2724 2866 2922 2935 inquit,
2984 2864 3253 2933 Propheta
3314 2866 3390 2918 ait
3425 2868 3490 2919 de

1923 2970 1987 3008 eo
2023 2973 2034 3008 :
2070 2953 2538 3010 Commemoratus
2573 2966 2660 3010 est
2695 2957 2954 3010 Dominus
3001 2967 3313 3010 sanctorum
3352 2974 3487 3010 tuor~

1926 3056 2141 3102 tuorum
2187 3063 2434 3115 suorum,
2476 3062 2660 3102 eorum
2709 3049 2798 3117 qui
2852 3059 2980 3103 ante
3037 3049 3380 3102 dormierunt
3433 3051 3485 3102 in

1925 3150 2066 3194 terra
2118 3141 2468 3208 sepelitiouis,
2507 3151 2561 3194 et
2591 3142 2868 3196 descendit
2920 3143 2984 3195 ad
3036 3156 3150 3204 eos,
3203 3142 3490 3195 extrahere

1921 3248 2014 3286 eos
2051 3245 2105 3287 et
2145 3234 2360 3292 salvare
2400 3248 2513 3290 eos.
2552 3253 2570 3285 ι
2609 3231 2720 3288 Nec
2770 3233 2948 3286 minus
2977 3233 3118 3286 clare
3147 3234 3182 3286 l.
3213 3249 3285 3298 tv,
3319 3249 3365 3287 c.
3397 3233 3487 3296 27,

1924 3341 1980 3378 ιι.
2025 3327 2098 3378 2:
2161 3347 2179 3376 ιι
2240 3325 2528 3378 Dominum
2575 3326 2625 3378 in
2674 3341 2770 3388 ea,
2821 3340 2942 3394 qua:
2988 3333 3112 3382 sunt
3162 3325 3262 3378 sub
3307 3335 3487 3389 terra,

1921 3417 2290 3478 descendisse,
2327 3416 2788 3486 evangelizantem
2817 3427 2874 3468 et
2923 3416 3029 3470 illis
3114 3435 3131 3467 ι
3169 3418 3488 3486 (veteribus,

1921 3512 2011 3578 qui
2047 3509 2157 3575 jam
2201 3524 2230 3562 e
2268 3510 2404 3563 vivis
2456 3512 2827 3578 excesserant)
2887 3526 2904 3558 ι
2955 3511 3243 3563 adventum
3295 3526 3488 3575 suum;

1924 3602 2248 3655 remissione
2285 3612 2629 3670 peccatorum
2673 3602 2969 3654 exsistente
3009 3602 3090 3654 his
3135 3601 3224 3670 qui
3260 3603 3493 3656 credunt

1923 3694 1974 3747 in
2011 3710 2160 3757 eum,
2186 3693 2235 3747 id
2271 3704 2354 3747 est
2383 3695 2471 3762 qui
2499 3693 2787 3746 adventum
2819 3693 2932 3760 ejus
2962 3694 3487 3770 praenuntiaverunt,

1920 3794 1974 3838 et
2017 3784 2467 3854 diSpositionibus
2517 3783 2633 3851 ejus
2683 3786 3024 3849 servierunt,
3080 3786 3210 3853 justi
3257 3796 3312 3841 et
3361 3803 3487 3854 pro-7

1921 3879 2123 3944 pltette,
2179 3886 2235 3930 et
2278 3876 2643 3945 patriarchae:
2680 3877 2880 3943 quibus
2936 3877 3190 3931 similiter
3227 3888 3283 3930 ut
3333 3879 3492 3931 nobis

1921 3968 2128 4022 remisit
2153 3979 2394 4038 peccata,
2421 3985 2540 4038 quae
2571 3985 2673 4022 non
2705 3978 2923 4036 Oportet
2955 3985 3050 4022 nos
3080 3971 3349 4038 imputare
3380 3973 3486 4034 his,

1920 4061 1964 4114 si
2000 4063 2290 4129 quominus
2328 4060 2726 4115 contemnimus
2756 4065 2982 4129 gratiam
3019 4061 3140 4115 Dei.
3191 4082 3208 4114 ι
3244 4063 3487 4133 Denique

1921 4152 2160 4217 ejusdem
2214 4152 2334 4204 libri
2382 4165 2433 4204 c.
2480 4150 2572 4214 22,
2627 4166 2684 4203 ιι.
2730 4150 2798 4203 I:
2852 4169 2868 4200 ι
2921 4152 3227 4228 passionem
3283 4152 3486 4206 Christi

1919 4244 2448 4312 expergefactionem
2490 4257 2614 4296 esse
2649 4242 3038 4295 dormientium
3072 4244 3484 4312 discipulorum,

1920 4345 2141 4403 propter
2188 4351 2322 4403 quos
2372 4344 2424 4388 et
2474 4334 2754 4388 descendit
2798 4333 2850 4387 in
2896 4333 3150 4388 inferiora
3199 4345 3380 4399 terr-.e,
3431 4339 3482 4390 id

1919 4427 2062 4494 quod
2111 4437 2230 4480 erat
2274 4429 2610 4496 inoperatum
2643 4425 2969 4480 conditionis
3001 4427 3239 4479 visurum
3288 4428 3483 4491 oculis,

242 4533 438 4587 Irenaai
471 4547 654 4596 sensu,
690 4535 864 4586 adhuc
891 4531 1137 4599 juvenis;
1169 4547 1293 4585 nam
1335 4549 1352 4582 ι
1390 4531 1607 4599 triginta
1645 4546 1814 4583 anno-
1848 4543 1892 4594 ι)
1922 4521 1986 4573 de
2023 4521 2220 4589 (Ιιιίιδυε
2257 4531 2310 4572 0'-
2339 4521 2550 4574 dicebal
2585 4517 2864 4588 diSCiP'lliS
2894 4537 2907 4572 ε
2945 4519 3097 4573 mum
3133 4523 3404 4589 ιποριιειευ
3430 4532 3485 4574 ει

245 4635 573 4689 Γυιινιὲιίιδ,
614 4643 632 4675 ι
677 4634 734 4677 ιιι
773 4624 887 4692 ipse
918 4625 1013 4685 ait,
1051 4640 1068 4670 ι
1108 4623 1284 4692 prima
1331 4622 1526 4676 indolis
1558 4623 1819 4689 estjuve-

244 4719 331 4771 nis
379 4735 393 4770 :
447 4735 465 4767 ι
526 4719 676 4786 prius
733 4727 911 4769 autem
969 4729 1072 4768 non
1126 4714 1273 4767 venit
1322 4712 1699 4778 Hierusalem,
1746 4713 1816 4766 ibi

241 4809 457 4864 Pascha
486 4808 741 4876 prinmtn,
773 4821 876 4860 non
905 4821 966 4858 ex
997 4822 1103 4873 quo
1125 4804 1447 4872 baptismum
1481 4813 1818 4870 susceperat,

241 4899 340 4950 sed
384 4913 449 4951 ex
488 4912 595 4966 quo
635 4895 810 4964 palam
864 4897 1057 4948 docere
1101 4904 1378 4962 eruperat,
1419 4891 1813 4951 celebraturns,

237 5004 409 5056 quam
462 4988 707 5057 magistri
755 4994 970 5039 :etatem
1019 4985 1315 5052 perlectam
1363 4984 1618 5046 haberet,
1655 4990 1709 5033 et
1760 4981 1813 5033 itt

239 5082 456 5136 senium
486 5082 598 5150 jam
632 5078 953 5141 declinaret,
993 5078 1042 5128 id
1080 5087 1186 5136 est.
1231 5085 1288 5128 ut
1321 5085 1506 5142 postea
1553 5072 1813 5140 explicat,

240 5189 450 5226 annum
523 5171 702 5224 aetatis
763 5171 1236 5239 quadragesimmu
1301 5166 1609 5219 excederet.
1684 5162 1812 5214 Tria

236 5266 500 5340 proinde,
531 5280 650 5334 qua":
676 5263 954 5319 Christum
986 5263 1320 5329 baptizatum
1354 5258 1620 5311 Paschata
1655 5268 1812 5322 pere-

1917 4613 2048 4679 justi
2082 4612 2372 4679 cupierunt
2403 4610 2585 4664 videre
2609 4619 2661 4663 et
2693 4611 2898 4672 audire,
2932 4626 3050 4679 qua:
3077 4627 3171 4663 vos
3206 4612 3400 4664 videtis
3432 4621 3485 4665 et

1920 4703 2139 4756 auditis.
2197 4722 2215 4754 ι
2272 4701 2374 4757 Ubi
2399 4703 2603 4756 diserte
2645 4703 2801 4755 docet
2847 4701 3122 4756 Christum
3165 4703 3229 4754 ad
3275 4703 3482 4755 inferna

1921 4795 2291 4860 descendisse,
2327 4807 2383 4848 ut
2429 4802 2741 4847 sanctorum
2767 4807 2831 4845 ac
2879 4793 3147 4860 justorum
3194 4793 3485 4846 animabus

1923 4886 2203 4954 agentibus
2253 4888 2304 4939 in
2344 4887 2720 4940 subterraneis
2766 4886 2920 4950 locis,
2954 4884 3127 4940 donec
3163 4903 3258 4954 per
3294 4887 3480 4939 Salva-

1922 4978 2054 5030 toris
2102 4986 2329 5030 mortem
2381 4989 2716 5031 reseraretur
2749 4977 2967 5043 coelum,
3003 4981 3353 5031 annuntiat-et
3384 4981 3481 5031 atl~

1923 5079 2144 5122 ventum
2166 5086 2347 5136 suum,
2375 5081 2429 5124 et
2453 5070 2686 5123 solutum
2721 5086 2749 5121 a
2787 5086 2844 5124 se
2878 5071 3262 5138 redemptionis
3289 5081 3484 5123 nostra:

1921 5161 2178 5226 pretium,
2226 5175 2433 5230 easque
2481 5161 2628 5216 illinc
2660 5163 2996 5225 extraheret,
3043 5177 3105 5214 ac
3149 5163 3482 5230 sempiterna

1920 5251 2182 5307 felicitate
2211 5252 2438 5307 donaret

1390 5461 2054 5553 ARTICULUS
2129 5460 2350 5550 VII.

1073 5605 1160 5663 De
1206 5599 1601 5662 Ptenitentite
1645 5607 1706 5658 et
1753 5593 2168 5657 Eucharistim
2209 5597 2618 5653 sacramentis

325 5811 426 5862 η.
469 5803 921 5874 Atit'tqttiSsitnUtn
952 5814 1069 5853 esse
1101 5799 1152 5852 in
1187 5797 1426 5854 Ecclesia
1462 5796 1820 5852 confessionis

1933 5797 2075 5850 illius
2109 5810 2279 5856 nsum,
2313 5808 2415 5862 qua
2447 5791 2564 5860 quis
2593 5788 2771 5843 omnia
2803 5795 2857 5840 et
2889 5780 3096 5852 singula
3131 5791 3251 5850 post
3285 5779 3483 5848 baptis-
