4196 6330
716 284 818 339 5‘25

1521 277 2108 335 DISSERTATIONES
2139 277 2445 334 PREVDE
2481 276 2547 332 IN
2589 276 2844 333 IRENIEI
2880 277 3148 334 LIBROS.

3855 287 3958 341 3‘34

717 419 864 458 mum
896 402 1133 458 admissa
1157 410 1378 472 peccata
1399 401 1616 456 lethalia
1647 402 1900 458 distincte
1924 409 1980 456 et
2004 400 2280 470 sigillatim
2314 404 2360 459 A
2388 399 2513 455 dum
2542 415 2742 470 corpus
2780 402 3174 457 exterminatas
3202 417 3258 457 se
3288 405 3356 456 ab
3382 418 3467 472 eo,
3501 404 3649 460 velut
3681 408 3955 476 cupidine,

711 513 894 553 coram
927 497 1029 562 eis,
1058 497 1148 564 qui
1191 494 1450 550 Ecclesia:
1497 505 1761 563 praesunt,
1791 495 2066 558 enuntiat,
2114 495 2277 550 fateri

709 597 980 658 coguntur
1027 585 1127 655 ipsi
1164 585 1560 650 Protestantes,
1608 585 1813 641 fatetur
1856 596 1910 641 et
1942 585 2015 640 cl.
2045 584 2280 641 Grabius

713 683 763 737 in
800 685 915 738 suis
946 686 1000 736 in
1035 697 1155 752 cap.
1184 681 1271 747 l5,
1322 682 1390 735 al.
1424 681 1480 746 9,
1516 681 1608 736 lib.
1645 697 1686 747 ι,
1712 682 1900 738 Irenrei
1936 683 2281 738 observatio-

712 779 890 834 nibus.
927 777 994 832 Et
1023 778 1069 832 si
1102 781 1224 846 quis
1246 788 1493 850 negaret,
1524 789 1769 831 errorem
1801 774 1948 830 illico
1971 775 2281 832 revinceret

711 873 970 940 fremens,
1003 875 1224 943 suisque
1269 873 1452 928 verbis
1497 872 1918 935 demonstraret,
1966 879 2021 926 et
2061 870 2277 927 confes-

708 966 918 1019 sionem
964 961 1441 1028 sacramentalem,
1482 970 1538 1015 et
1586 962 1889 1031 piaeulares
1931 976 2144 1030 paruas,
2182 977 2279 1033 pro

708 1054 1026 1109 delictorum
1062 1054 1330 1125 gravitate
1383 1053 1616 1122 majores
1665 1061 1760 1107 aut
1809 1053 2067 1121 minores,
2101 1054 2279 1124 publi-

707 1163 801 1201 cas
822 1155 911 1199 aut
937 1145 1197 1215 privatas,
1229 1163 1258 1200 a
1285 1145 1725 1213 delinquentibus
1748 1147 2031 1215 repetitas,
2069 1147 2179 1216 jam
2209 1145 2277 1201 ab

708 1235 827 1305 ipso
855 1251 968 1290 :evo
1017 1236 1337 1306 apostolico,
1379 1253 1443 1290 ex
1475 1235 1678 1291 Christi
1712 1237 1941 1308 proinde
1967 1237 2082 1308 lege
2111 1247 2277 1307 atque

710 1331 982 1398 instituto,
1016 1341 1271 1399 tanquam
1314 1330 1624 1384 necessaria
1662 1331 1730 1384 ad
1772 1329 2006 1385 eluenda
2048 1340 2276 1400 peccata

707 1423 946 1479 remedia
977 1421 1172 1477 usitari
1204 1422 1454 1490 cmpisse.
1491 1422 1611 1476 Lib.
1654 1437 1693 1486 ι,
1737 1438 1787 1480 c.
1829 1421 1881 1486 6,
1917 1440 1971 1478 n.
2005 1423 2039 1478 5
2082 1425 2269 1492 refert,

707 1516 971 1585 quosdam
1004 1533 1034 1571 e
1063 1515 1466 1571 Vaicntinianis
1502 1534 1521 1566 α
1555 1513 1695 1569 clam
1719 1531 1813 1572 eas
1844 1516 2119 1583 mulieres,
2148 1532 2272 1587 quae

705 1605 921 1662 discunt
982 1609 1052 1662 ab
1111 1607 1192 1662 eis
1251 1607 1559 1664 doctrinam
1624 1610 1804 1675 hanc,
1862 1621 2270 1678 corrumpere:

707 1700 1188 1771 quemadmodum,
1218 1702 1314 1770 ait,
1346 1704 1527 1759 multae
1551 1720 1695 1775 saepe
1726 1704 1792 1758 ab
1821 1703 1902 1758 eis
1929 1718 2122 1771 suasa,
2152 1713 2274 1774 post

705 1806 979 1847 conversa:
1014 1794 1271 1850 mulieres
1305 1798 1372 1850 ad
1417 1795 1723 1852 Ecclesiam
1755 1796 1871 1863 Dei,
1901 1812 2026 1852 cum
2060 1797 2271 1868 reliquo

703 1898 895 1938 errore
923 1894 979 1939 et
1020 1885 1123 1940 hoc
1153 1886 1418 1942 confessa:
1445 1897 1590 1942 sunt.
1641 1906 1661 1940 ι
1707 1887 1871 1952 Ecce,
1900 1888 2156 1945 mulieres
2203 1889 2271 1944 ab

705 1972 996 2042 haereticis,
1027 1990 1133 2029 non
1175 1975 1373 2046 palam,
1406 1977 1502 2032 sed
1538 1977 1697 2043 clam,
1728 1977 1996 2048 nullisque
2025 1976 2269 2034 mortali-

704 2064 827 2128 bus,
864 2066 966 2120 nisi
1009 2067 1114 2121 reis
1139 2067 1291 2132 solis,
1321 2067 1550 2123 testibus
1579 2079 1634 2124 et
1675 2069 1932 2135 consciis,
1962 2079 2269 2140 corruptas,

702 2171 930 2225 quarum
966 2159 1196 2226 proinde
1238 2160 1469 2226 crimen,
1519 2158 1566 2213 si
1604 2160 1747 2230 quod
1787 2159 1955 2226 aliud,
1996 2160 2269 2215 occultum

701 2262 861 2306 erat:
893 2253 996 2307 hoc
1029 2265 1207 2307 tamen
1235 2254 1299 2308 ad
1327 2253 1624 2309 Ecclesiam
1657 2270 1948 2321 conversa,
1980 2271 2100 2310 cum
2146 2256 2271 2310 reli-

699 2361 810 2417 quo
837 2359 1021 2401 errore
1047 2346 1395 2402 confitentur.
1443 2347 1553 2402 Cur
1593 2347 1851 2415 ita?lNisi
1893 2348 2016 2418 quia
2054 2362 2120 2403 ex
2169 2347 2270 2404 Ec-

700 2439 879 2495 clesiae
910 2439 1015 2495 ﬁde
1063 2441 1224 2505 atque
1263 2441 1512 2495 doctrina
1563 2439 1955 2510 intelligebant,
2003 2442 2267 2512 ejusmodi

699 2530 1098 2586 confessionem
1142 2531 1245 2604 sibi
1295 2531 1663 2586 necessariam
1715 2547 1836 2587 esse
1864 2534 1931 2587 ad
1981 2534 2266 2589 eluendam

696 2630 1047 2692 peccatorum
1087 2623 1398 2678 maculam?
1426 2622 1498 2681 Id.
1523 2626 1742 2693 quidem
1770 2641 1834 2680 ex
1870 2626 2056 2681 lrenaei
2086 2627 2268 2681 verbis

698 2711 880 2781 colligi
911 2727 1071 2782 posse
1105 2723 1266 2776 negat
1297 2713 1556 2778 Grabius,
1588 2716 1683 2771 sed
1712 2731 1997 2785 perperam
2023 2728 2076 2772 et
2097 2720 2268 2787 gratis

698 2806 923 2861 omnino
954 2815 1135 2875 negat.
1180 2805 1317 2871 Quid
1342 2809 1487 2861 enim
1520 2808 1664 2862 aliud
1692 2809 1970 2874 mulieres,
1999 2825 2134 2880 quas
2155 2827 2266 2881 prae

697 2900 912 2954 caeteris
956 2899 1118 2954 aliicit
1172 2902 1536 2967 verecundia,
1588 2903 1655 2956 ad
1709 2904 2001 2974 retegeuda
2056 2906 2264 2959 occulta

697 2990 926 3043 crimina
979 2988 1293 3063 [CXXXIX]
1353 3000 1502 3046 tanto
1547 3007 1668 3047 cum
1719 2992 1878 3048 famae
1930 3004 1984 3049 et
2039 2996 2264 3051 honoris

2384 502 2442 548 et
2469 491 2834 549 inﬂammatas
2867 494 3022 549 valde
3057 493 3208 547 illum
3251 509 3309 550 se
3341 495 3624 564 dilexisse;
3655 507 3715 551 ut
3744 509 3800 552 et
3831 498 3956 553 dia-

2382 601 2551 642 conus
2567 586 2788 656 quidam
2813 600 3022 652 eorum,
3048 587 3140 656 qui
3169 598 3297 642 sunt
3323 588 3373 641 in
3402 589 3529 644 Asia
3559 590 3756 655 nostri,
3785 592 3954 645 susci-

2382 676 2538 745 piens
2566 689 2688 731 eum
2722 678 2774 731 in
2810 677 3028 732 domum
3061 693 3242 744 suam,
3272 678 3522 736 inciderit
3551 682 3606 737 in
3644 682 3952 750 hujusmodi

2380 769 2772 825 calamitatem.
2804 767 2938 824 Nam
2987 785 3108 825 cum
3153 787 3291 825 uxor
3342 774 3458 844 ejus
3506 785 3652 830 esset
3677 779 3954 845 speciosa,

2380 871 2437 917 et
2464 864 2740 917 sententia
2769 871 2823 915 et
2851 877 3084 932 corpore
3113 875 3368 936 corrupta
3400 878 3544 923 esset
3578 884 3608 923 a
3639 885 3795 940 mago
3825 869 3953 936 isto,

2379 965 2438 1009 et
2473 964 2658 1010 secuta
2703 969 2826 1009 eum
2868 965 3014 1010 esset
3064 959 3234 1012 multo
3287 969 3548 1028 tempore,
3601 971 3721 1032 post
3758 963 3955 1018 deinde

2379 1063 2502 1102 cum
2534 1065 2730 1120 magno
2762 1049 2947 1104 labore
2976 1050 3180 1106 fratres
3207 1066 3325 1108 eam
3351 1055 3765 1124 convertissent,
3791 1072 3954 1111 omne

2383 1151 2595 1213 tempus
2625 1144 2676 1198 in
2709 1143 3114 1214 exhomologesi
3158 1150 3575 1208 consummavit,
3605 1148 3863 1216 plangens
3897 1159 3954 1203 et

2377 1232 2686 1290 lamentans
2717 1237 2786 1291 ob
2819 1238 2978 1303 banc,
3010 1252 3170 1307 quam
3213 1251 3373 1306 passa
3405 1247 3487 1292 est
3517 1240 3586 1295 ab
3632 1240 3734 1296 hoc
3769 1257 3954 1313 mago,

2377 1327 2761 1396 corruptelam.
2791 1345 2810 1378 ι
2856 1327 3112 1383 Mulieres
3154 1328 3258 1383 illae
3299 1344 3408 1384 non
3457 1339 3666 1385 tantum
3707 1331 3954 1387 abditum

2375 1419 2583 1473 crimen
2631 1420 2982 1487 confitentur,
3027 1419 3122 1474 sed
3166 1418 3223 1474 e't
3264 1421 3668 1476 occultissimas
3706 1421 3952 1492 ejusdem

2375 1511 2623 1566 criminis
2684 1512 3133 1566 circumstantias
3187 1513 3469 1581 aperiunt,
3537 1513 3748 1570 scilicet
3807 1519 3955 1584 quod

2375 1601 2617 1658 Marcum
2661 1604 3043 1673 deperiissent,
3081 1603 3324 1675 illudque
3367 1606 3682 1676 paenitentia
3733 1608 3951 1677 publica

2374 1693 2474 1750 sibi
2521 1709 2550 1747 a
2588 1693 2966 1749 sacerdotibus
3002 1695 3253 1765 imposita
3298 1696 3480 1751 eluere
3522 1706 3794 1768 satagunt.
3834 1699 3953 1755 Hoc

2373 1786 2550 1856 ipsum
2576 1786 2932 1841 confirmatur
2961 1802 3030 1841 ex
3062 1788 3148 1854 iis,
3183 1801 3302 1856 quae
3327 1789 3478 1842 addit
3524 1788 3757 1846 lrenzeus
3797 1808 3850 1846 η.
3893 1793 3951 1858 7,

2372 1877 2540 1933 Marci
2584 1879 2877 1947 discipulos
2915 1896 2934 1930 α
2961 1879 3161 1934 multas
3186 1901 3204 1932 ι
3246 1881 3299 1936 in
3339 1881 3559 1949 regione
3599 1881 3954 1953 Lugdunensi

2377 1990 2397 2025 ι
2421 1972 2706 2027 seduxisse
2737 1970 3018 2038 mulieres,
3050 1988 3170 2041 qua:
3199 1975 3560 2029 cauterizalas
3585 1978 3954 2033 conscientias

2371 2067 2653 2136 habentes,
2689 2067 2935 2137 qutedam
2967 2065 3189 2135 quidem
3212 2066 3280 2120 in
3314 2068 3604 2121 manifesto
3673 2070 3949 2125 exomolo-

2371 2158 2522 2229 gesin
2549 2157 2790 2226 faciunt,
2819 2159 3062 2228 quaedam
3098 2174 3229 2214 vero
3268 2169 3587 2214 reverentes
3616 2158 3720 2214 hoc
3746 2161 3954 2228 ipsum,

2371 2252 2424 2306 in
2484 2251 2701 2306 silentio
2758 2252 2959 2306 sensim
3015 2251 3337 2320 semetipsas
3389 2251 3693 2317 retrahunt,
3749 2252 3952 2320 despe~

2370 2355 2558 2401 rantes
2588 2360 2619 2399 a
2648 2346 2758 2400 vita
2790 2344 2911 2411 Dei;
2942 2345 3186 2414 quaedam
3218 2345 3434 2414 quidem
3466 2345 3519 2399 in
3554 2353 3724 2398 totum
3755 2346 3956 2400 abces-

2370 2446 2591 2504 serunt;
2620 2436 2864 2506 quaedam
2897 2448 3080 2489 autem
3109 2435 3253 2489 inter
3279 2445 3570 2505 utrumque
3595 2435 3862 2502 dubitant,
3889 2447 3959 2492 et

2370 2532 2515 2600 quod
2561 2540 2644 2584 est
2689 2527 2963 2600 proverbii
2999 2542 3172 2598 passm
3201 2538 3351 2594 sunt,
3378 2544 3552 2598 neque
3578 2530 3745 2594 intus,
3772 2544 3959 2600 neque

2370 2622 2502 2678 foris
2538 2623 2892 2688 exsistentes,
2938 2622 3083 2676 hunc
3125 2619 3360 2675 fructum
3414 2623 3679 2677 habentes
3718 2624 3956 2678 seminis

2368 2714 2604 2768 filiorum
2645 2713 2958 2783 agnitionis.
2983 2731 3001 2764 ι
3033 2711 3111 2767 Ex
3145 2713 3249 2768 hoc
3287 2713 3405 2769 loco
3437 2708 3808 2784 pmnitentiam
3837 2731 3956 2784 pu-

2368 2808 2563 2864 blicam
2601 2806 2655 2860 in
2695 2807 2872 2875 prisca
2917 2803 3162 2860 Ecclesia
3206 2807 3459 2862 usitatam
3505 2807 3697 2872 fuisse,
3750 2811 3959 2864 merito

2367 2898 2630 2968 colligunt
2649 2898 2955 2954 doctissimi
2982 2914 3046 2954 ac
3074 2901 3229 2955 bonae
3253 2900 3529 2954 memorias
3553 2901 3656 2954 viri
3683 2898 3868 2955 Dillius
3890 2914 3961 2957 et

2368 2992 2790 3048 Feuardentius.
2827 2992 2939 3061 Ego
2969 3007 3123 3059 vero,
3155 2992 3230 3046 ait
3261 2991 3332 3046 cl.
3369 2990 3625 3058 Crabius,
3657 3001 3711 3046 et
3737 2991 3960 3047 confes-

697 3081 1002 3149 dispendio,
1037 3081 1376 3150 impulisset?
1399 3083 1479 3136 An
1506 3082 1617 3138 sola
1649 3084 2008 3141 confessionis
2024 3087 2261 3143 utilitas?
2286 3094 2333 3155 ο
2364 3087 2569 3141 sionem
2604 3085 2878 3155 publicam
2911 3087 3238 3155 quandoque
3268 3083 3468 3138 factam
3497 3085 3695 3139 exinde
3719 3085 3960 3140 demon-

695 3175 765 3224 At
816 3182 966 3227 certe
1023 3172 1194 3228 levius
1249 3174 1659 3229 incitamentum
1711 3184 1826 3241 est,
1878 3192 2039 3246 quam
2093 3187 2152 3232 ut
2199 3193 2264 3233 eo

697 3261 873 3330 rumpi
901 3261 1110 3328 possint
1147 3263 1243 3330 illi,
1293 3278 1429 3332 quos
1473 3268 1698 3335 opponit
1748 3266 1941 3322 insitus
1988 3283 2019 3322 a
2070 3277 2262 3323 natura

697 3354 892 3422 pudor,
940 3356 1158 3420 obices;
1194 3357 1237 3411 si
1293 3358 1530 3412 maxime
1583 3358 1762 3427 aliqua
1817 3360 1922 3414 alia
1976 3362 2264 3431 minusque

697 3445 925 3499 molesta
969 3445 1177 3500 ratione
1215 3446 1320 3501 elui
1357 3448 1740 3505 criminatqu
1781 3452 2014 3520 possint.
2047 3453 2264 3509 Testem

695 3537 873 3606 ipsum
916 3537 1126 3607 appello
1172 3521 1455 3604 Grabium,
1500 3540 1565 3595 iis
1614 3541 1665 3596 in
1709 3544 2021 3613 regionibus
2059 3546 2262 3613 degen-

697 3639 828 3695 tem,
861 3629 913 3682 in
955 3631 1155 3698 quibus
1185 3645 1412 3686 excusso
1460 3635 1637 3702 gravi,
1681 3643 1739 3688 ut
1783 3645 1999 3701 vocant,
2045 3637 2263 3693 confes-

692 3722 863 3777 sionis
899 3708 1052 3794 ju'go,
1088 3723 1234 3778 illius
1277 3725 1539 3781 duntaxat
1585 3728 1792 3782 utilitas
1823 3731 2258 3797 commendatur,

691 3817 990 3870 necessitas
1027 3831 1154 3870 vero
1202 3829 1426 3887 negatur
1476 3838 1490 3873 :
1520 3835 1586 3874 an
1623 3836 1856 3890 unquam
1892 3823 2119 3890 audivit,
2159 3825 2261 3878 ali-

691 3923 829 3976 quas
874 3923 988 3961 sure
1047 3921 1210 3964 sectae
1263 3912 1523 3967 mulieres
1585 3912 1893 3967 clanculum
1943 3925 2258 3985 corruptas,

691 4001 888 4055 adiisse
927 4002 1224 4067 ministros,
1253 4013 1308 4056 ut
1333 4019 1517 4058 coram
1553 4005 1631 4060 eis
1661 4005 1933 4060 occultum
1965 4006 2096 4062 illud
2138 4023 2259 4063 sce-

689 4091 774 4146 lus
801 4093 1041 4162 nullique
1064 4104 1266 4160 notum,
1295 4105 1604 4167 retegerent
1631 4111 1695 4152 ac
1725 4097 2120 4153 confiterentur
2140 4101 2162 4154 ?
2183 4099 2259 4156 Ne

690 4205 854 4241 Illllllli
884 4189 1126 4255 quidem,
1154 4191 1198 4244 si
1229 4193 1372 4260 quod
1421 4207 1506 4246 res
1537 4202 1618 4247 est
1648 4194 1875 4248 candide
1907 4193 2068 4248 fateri
2101 4196 2255 4261 velit,

689 4281 996 4348 exemplum
1055 4282 1299 4350 proferre
1344 4285 1564 4351 poterit.
1644 4285 1956 4340 Breviorem
2014 4286 2152 4340 forte
2203 4297 2257 4341 et

688 4373 1080 4440 expeditiorem
1113 4375 1252 4428 viam
1276 4375 1416 4430 hanc
1449 4378 1628 4431 dicant
1653 4380 1884 4433 ministri
1916 4382 1980 4434 ad
2011 4382 2256 4436 obtinen-

687 4463 811 4514 dam
841 4478 1110 4517 noxarum
1140 4466 1390 4533 veniam;
1444 4483 1510 4523 ex
1563 4484 1672 4537 quo
1700 4471 1866 4524 semel
1916 4472 2074 4526 aliam
2125 4488 2252 4540 ape-

692 4555 855 4619 riunt,
891 4571 991 4622 qua
1022 4558 1142 4624 quis
1171 4560 1328 4613 fama:
1358 4561 1518 4614 simul
1555 4573 1610 4616 et
1644 4562 1804 4615 saluti
1848 4573 1960 4617 tuto
1982 4565 2250 4632 consulat,

689 4649 822 4713 hac,
872 4662 928 4703 ut
979 4664 1106 4704 sunt
1165 4653 1450 4718 homines,
1497 4655 1750 4711 incedent
1796 4659 2039 4728 quique,
2084 4661 2250 4729 priori

686 4741 838 4794 nulli.

759 4835 842 4886 75.
882 4834 1034 4900 Quod
1072 4846 1248 4890 autem
1291 4838 1517 4893 forsitan
1551 4854 1617 4894 ne
1651 4840 1818 4896 semel
1864 4841 2078 4910 quidem
2111 4844 2249 4912 apud

687 4927 1054 4984 Protestantes
1086 4931 1283 4986 factmu
1315 4943 1418 5000 est,
1463 4916 1650 4990 lreiizei
1682 4935 2015 5004 temporibus
2050 4937 2248 5004 passim

686 5022 738 5075 in
800 5021 1039 5077 Ecclesia
1087 5022 1272 5078 fiebat.
1322 5023 1584 5079 Invictum
1640 5034 1788 5077 certe
1842 5035 2245 5090 argumentum,

683 5113 847 5166 aliam
897 5115 1065 5168 fuisse
1123 5131 1362 5181 causam,
1412 5132 1534 5187 quae
1587 5117 1831 5172 homines
1889 5118 1953 5169 ad
2009 5119 2249 5172 occulto-

684 5222 801 5258 rum
843 5207 1134 5262 criminum
1165 5209 1562 5262 confessiOnem
1599 5210 1921 5277 impelleret,
1955 5224 2118 5277 quam
2161 5226 2250 5264 so-

682 5297 784 5352 lam
832 5299 976 5352 illius
1023 5299 1332 5353 utilitatem.
1376 5301 1570 5354 Narrat
1613 5303 1876 5370 siquidem
1921 5303 2110 5356 eodem
2150 5304 2242 5362 lib.

677 5405 728 5443 c.
762 5389 848 5454 15,
876 5407 930 5443 n.
953 5390 1006 5453 5,
1037 5402 1258 5444 sanctus
1293 5392 1502 5457 doctor,
1527 5391 1764 5445 Marcum
1788 5392 2241 5461 prmStigiatorem

679 5483 918 5550 philtris,
978 5487 1204 5552 aliisque
1251 5486 1597 5540 veteratoriis
1643 5486 1870 5551 artibus,
1925 5488 2244 5543 mulieribus

679 5578 902 5630 insidias
931 5580 1218 5642 struxisse,
1253 5579 1601 5647 pluriuniquc
1628 5580 1840 5633 demum
1879 5599 1898 5630 ί
1924 5584 2242 5648 corporibus

677 5669 1056 5721 contumeliam
1106 5671 1397 5738 irrogassc.
1459 5669 1549 5722 Ha:
1600 5685 1724 5724 vero
1767 5673 2061 5741 saepissime
2107 5690 2238 5728 con-

677 5772 846 5816 Versie
885 5763 950 5816 ad
990 5763 1286 5819 Ecclesium
1320 5764 1433 5829 Dei,
1470 5767 1731 5821 confessa:
1761 5776 1906 5831 sunt,
1954 5778 2006 5821 et
2041 5779 2238 5821 secun-

2367 3179 2527 3234 strari
2564 3188 2717 3248 puto.
2769 3179 3103 3234 Putaverant
3147 3187 3200 3232 et
3247 3177 3359 3242 alii,
3404 3186 3458 3233 et
3499 3187 3645 3232 recte
3685 3179 3954 3247 quidem;

2367 3273 2483 3328 haec
2512 3274 2658 3326 enim
2693 3272 2758 3326 ad
2793 3272 2940 3326 illam
2983 3270 3350 3336 referebatur,
3394 3278 3452 3324 ut
3487 3280 3685 3324 norunt
3721 3285 3956 3338 omnes;

2368 3365 2464 3420 sed
2492 3364 2711 3432 utrique
2740 3363 2966 3432 praeibat
2997 3362 3267 3417 confessio
3299 3362 3530 3428 privata,
3567 3377 3669 3430 qua
3702 3362 3824 3431 quis
3847 3379 3950 3417 co-

2367 3471 2480 3510 ram
2517 3455 2760 3527 legitimo
2808 3465 3028 3523 pastore
3076 3453 3163 3508 vel
3217 3455 3501 3509 sacerdOte
3550 3455 3676 3508 huic
3727 3458 3953 3510 muneri

2363 3546 2644 3618 praefecto,
2678 3557 3030 3617 peccatorum
3074 3556 3185 3599 tum
3216 3545 3574 3608 occultorum,
3611 3557 3721 3599 tum
3755 3547 3954 3614 publi-

2365 3655 2572 3706 corum,
2639 3638 2686 3694 si
2755 3654 2877 3709 quae
2940 3647 3126 3701 erant,
3185 3636 3596 3692 enumeratione
3655 3637 3819 3702 facta,
3880 3653 3955 3693 ea

2364 3731 2707 3802 postmodum
2749 3731 2965 3799 publice
2999 3732 3390 3793 confitebatur,
3430 3745 3549 3798 qua:
3583 3729 3759 3799 palam
3791 3731 3959 3784 evul-

2364 3821 2478 3892 gari
2522 3834 2682 3890 posse
2725 3835 2787 3876 ac
2827 3819 3048 3887 debere,
3083 3821 3227 3875 nullo
3256 3835 3378 3874 cum
3410 3818 3720 3873 confitentis
3749 3819 3958 3874 discri—

2365 3913 2534 3981 mine,
2568 3914 2912 3983 servatisque
2939 3913 3237 3982 prudentia:
3281 3928 3344 3967 ac
3389 3911 3679 3965 charitatis
3707 3911 3952 3979 legibus,

2363 4015 2655 4059 censuerat
2700 4006 2980 4061 sacerdos.
3029 4004 3271 4074 Utraque
3317 4019 3444 4057 vero
3491 4002 3787 4069 confessio,
3842 4019 3956 4058 seu

2361 4100 2594 4169 privata,
2620 4113 2713 4152 seu
2743 4099 2978 4169 publica,
3012 4098 3426 4153 sacramentalis
3462 4105 3580 4150 erat
3609 4115 3622 4151 :
3649 4106 3956 4166 utramque

2360 4191 2946 4260 cxcipiebatimposita
2986 4190 3426 4259 delinquentibus
3457 4190 3720 4244 canonica
3763 4193 3958 4258 poeni-

2363 4284 2551 4346 tentia,
2583 4285 2721 4336 hanc
2747 4283 3018 4337 absolutio
3043 4300 3070 4335 a
3103 4285 3361 4352 peccatis,
3389 4295 3440 4336 et
3464 4284 3708 4349 corporis
3728 4282 3954 4338 Christi

2360 4376 2692 4445 suscipiendi
2736 4376 2988 4430 facultas.
3030 4376 3154 4431 llaec
3197 4377 3396 4431 leviter
3434 4379 3766 4447 perstringo,
3808 4378 3954 4444 quia

2364 4467 2491 4520 trita
2523 4480 2578 4522 et
2608 4469 2862 4523 omnibus
2900 4480 3200 4538 perspecta.
3235 4468 3338 4523 Sed
3384 4470 3516 4522 adeo
3553 4470 3781 4523 liberum
3824 4484 3951 4524 non

2362 4560 2882 4628 eratpeccatoribus
2905 4575 2997 4614 seu
3019 4561 3296 4628 privatim,
3312 4575 3405 4614 seu
3430 4560 3642 4628 publice
3659 4559 3950 4625 confiteri,

2365 4661 2446 4717 ut,
2481 4653 2685 4708 lrenaeo
2730 4664 2883 4719 teste,
2927 4669 2957 4707 e
3007 4654 3326 4708 mulieribus
3369 4654 3472 4708 illis
3517 4654 3952 4710 reauterizatas

2357 4745 2692 4798 habentibus
2749 4745 3154 4798 conscientias:
3210 4747 3483 4816 quaedam,
3533 4762 3658 4801 cum
3702 4747 3954 4814 puderet

2360 4839 2537 4892 latens
2572 4837 2724 4891 ulcus
2757 4847 3022 4906 relegere,
3084 4849 3420 4906 terreretque
3465 4840 3800 4903 paenitentia:
3833 4856 3950 4896 seu

2354 4931 2839 5000 exhomologeseos
2865 4933 3186 4997 remedium,
3208 4933 3444 4983 animum
3478 4933 3674 4985 misere
3700 4931 3952 5000 despon-

2353 5023 2551 5077 dentes
2611 5024 2680 5075 ab
2730 5021 2974 5075 Erclesia
3014 5022 3327 5086 deficerent,
3363 5022 3442 5074 vel
3487 5021 3625 5074 inter
3671 5039 3822 5090 spem
3885 5039 3955 5082 et

2354 5126 2558 5168 metum
2590 5116 2771 5167 animo
2802 5114 3126 5181 pendentes,
3173 5131 3345 5182 neque
3374 5117 3538 5177 intus,
3572 5130 3747 5183 neque
3792 5115 3953 5173 foris

2350 5211 2705 5262 exsisterent.
2723 5209 2886 5262 Certe
2904 5211 2947 5260 si
2966 5225 3070 5276 quo
3090 5210 3196 5263 alio
3219 5210 3317 5262 sibi
3342 5209 3468 5276 ipste
3487 5208 3742 5277 opitulari
3765 5225 3953 5278 posse

2351 5302 2594 5354 remedio
2615 5304 3118 5356 existimasscntea:
3141 5302 3422 5366 mulieres;
3457 5304 3498 5355 si
3535 5304 3621 5354 uni
3650 5302 3758 5355 Deo
3778 5301 3951 5360 facta

2348 5393 2643 5458 confessio,
2695 5397 3014 5464 privataque
3057 5402 3250 5462 sponte
3301 5404 3548 5461 suscepta
3599 5395 3947 5464 poenitentia

2348 5487 2644 5540 sceleribus
2673 5487 2954 5554 expiandis
2982 5487 3114 5539 satis
3144 5486 3356 5550 fuisset,
3385 5487 3513 5554 quid
3541 5489 3952 5555 ambigebant?

2346 5580 2473 5646 quid
2504 5580 2572 5632 ab
2606 5580 2843 5632 Ecclesia
2877 5580 3219 5641 deliciebant,
3255 5578 3334 5632 \‘ci
3365 5581 3544 5632 animo
3578 5580 3750 5633 dubia:
3778 5581 3952 5639 inter

2345 5672 2700 5725 deiectionem
2753 5682 2807 5723 et
2851 5670 3356 5725 reconciliationem
3413 5673 3725 5726 luerebaul?
3777 5673 3945 5739 Quin

2345 5766 2523 5832 potius
2577 5775 2681 5818 tam
2737 5765 2883 5820 facili
2917 5763 3156 5821 remedio
3202 5766 3303 5818 sibi
3359 5766 3483 5832 ipsa:
3526 5764 3950 5823 consulelmttt‘!
