4196 6330
190 322 283 377 3‘25

1095 318 1552 381 DlSSERTATlO
1587 318 1673 386 111,
1710 319 1798 374 DE
1833 319 2091 376 lR‘ENEl
2132 320 2497 378 DOC'l‘RlNA.

3311 318 3415 375 526

191 426 387 494 Nodum
416 440 564 494 hunc
610 439 810 505 solvat,
847 438 895 492 si
933 438 1123 508 possit,
1167 438 1424 503 Grabins,
1458 441 1748 508 videatque
1776 446 1819 497 Α
1851 455 2002 494 nova:
2047 439 2178 511 legi,
2220 454 2474 510 veraeque
2507 438 2804 504 sanctitati,
2851 453 3013 508 quam
3060 453 3155 508 per
3197 452 3258 493 se
3299 441 3416 509 ipsa

189 549 308 589 num
343 533 483 602 apud
513 547 647 589 suos
675 532 942 603 ejusmodi
971 532 1160 602 pudor,
1191 542 1284 587 aut
1319 533 1588 596 anxietas,
1621 546 1747 601 pec-

189 633 422 680 catorum
449 633 671 680 mentes
695 639 927 695 usquam
956 624 1196 680 torserit.
1225 625 1308 679 Ne
1337 623 1600 693 ejusmodi
1630 639 1747 676 am-

189 716 405 786 bagibus
463 732 700 786 unquam
754 717 1217 786 'implicarentur,
1289 715 1528 771 abscissa
1597 715 1747 782 peni-

190 816 373 875 tusque
402 816 610 862 resecta
645 816 725 862 tot
761 806 1133 862 molestiarum
1173 820 1361 874 causa,
1392 805 1746 860 sollicite‘ca-

186 907 393 953 verunt.
444 899 549 954 Sed
593 908 702 956 tam
749 901 1065 971 expeditum
1119 900 1313 955 salutis
1358 899 1465 954 iter
1515 899 1746 954 necdum

183 987 362 1044 lrenzei
392 1000 550 1046 aetate
582 1000 766 1048 notum
799 1004 940 1049 erat.

251 1082 338 1138 76.
400 1083 477 1138 De
526 1084 884 1142 Eucharistiae
939 1093 1287 1141 sacramento
1336 1084 1466 1154 quid
1514 1082 1748 1138 senserit

181 1174 434 1244 lrenreus,
483 1178 733 1246 pluribus
761 1179 813 1232 in
855 1178 988 1234 locis
1022 1194 1151 1233 mox
1193 1176 1564 1233 memorandis
1609 1175 1749 1230 dilu-

182 1270 298 1324 cide
344 1273 541 1339 aperit.
589 1271 669 1326 Ac
709 1271 888 1341 primo
931 1271 1152 1341 quidem
1203 1271 1333 1326 illud
1371 1267 1745 1330 recolendum,

181 1362 318 1430 quod
369 1363 420 1416 in
475 1363 695 1417 dissert.
754 1364 780 1417 l
834 1363 901 1420 de
954 1360 1123 1418 Marci
1170 1361 1457 1434 praestigiis
1527 1370 1748 1430 agentes

180 1456 530 1520 ostendimus,
562 1464 668 1510 tam
698 1455 806 1512 alte
835 1469 1021 1512 eorum
1049 1453 1292 1509 omnium
1315 1454 1406 1524 qui
1434 1451 1749 1509 Christiano

183 1546 396 1604 nomine
427 1557 706 1615 utcunque
739 1546 1121 1618 gloriarentur,
1166 1545 1476 1617 pectoribus
1523 1544 1748 1600 inﬁxum

182 1635 366 1701 fuisse,
397 1637 798 1692 Eucharistiam
837 1652 1026 1692 verum
1058 1650 1178 1691 esse
1208 1650 1408 1705 corpus
1441 1644 1496 1689 et
1532 1633 1751 1703 sangui-

181 1744 298 1782 nem
330 1728 562 1795 Christi,
590 1738 645 1784 et
676 1744 872 1799 panem
901 1743 962 1784 ac
993 1729 1176 1784 vinum
1218 1742 1315 1797 per
1352 1724 1748 1780 invocationem

181 1821 417 1892 Spiritus
461 1821 662 1887 sancti,
704 1833 762 1876 et
804 1836 957 1878 sacra
1003 1820 1170 1876 verba
1215 1833 1340 1873 vere
1373 1817 1645 1881 converti,
1686 1831 1752 1871 eo

179 1915 555 1970 conversionis
578 1914 954 1985 genere,quod
983 1913 1505 1968 transsubstantiau'o
1531 1910 1753 1974 dicitur,

179 2008 232 2063 in
263 2009 436 2078 ipsum
462 2006 666 2062 Christi
701 2021 898 2077 corpus
933 2015 988 2060 et
1021 2004 1362 2075 sang‘uinem,
1402 2011 1478 2057 ut
1502 2001 1756 2071 proﬂiga-

178 2102 378 2156 tissimi
413 2100 658 2154 omnium
693 2100 1077 2154 haereticorum
1113 2096 1366 2152 Marcosii
1409 2095 1551 2150 hanc
1581 2093 1754 2150 oculis

179 2197 311 2266 ipsis
372 2194 635 2249 exhibere
691 2191 985 2264 praestigiis
1042 2192 1158 2246 suis
1205 2200 1561 2246 conarentur.
1615 2188 1752 2243 Cum

177 2289 323 2344 enim
353 2286 520 2358 probe
549 2285 803 2340 conscius
828 2291 971 2338 esset
997 2282 1233 2348 Marcus,
1264 2280 1464 2336 nullam
1492 2279 1596 2336 sibi
1622 2278 1754 2332 olfe-

181 2381 336 2436 rendi
420 2377 680 2433 sacriﬁcii
766 2376 1124 2430 Eucharistici
1207 2382 1533 2445 potestatem
1613 2384 1753 2436 esse,

179 2477 430 2541 hancque
459 2469 528 2523 ad
565 2482 661 2523 eos
706 2466 964 2521 duntaxat
993 2467 1288 2536 pertinere,
1317 2466 1408 2535 qui
1453 2478 1548 2534 per
1579 2463 1756 2532 legiti-

180 2581 326 2620 mam
360 2579 616 2618 manuum
647 2564 1048 2633 impOsitionem
1079 2558 1385 2615 consecrati
1422 2563 1544 2612 sunt
1574 2569 1759 2610 sacer-

180 2661 362 2720 dotes;
399 2667 455 2710 ut
488 2664 671 2710 tamen
704 2670 767 2710 ea
811 2669 871 2710 se
900 2653 1162 2708 divinitus
1201 2651 1268 2705 ab
1301 2646 1632 2711 Acbamoth,
1670 2660 1758 2700 se-

178 2751 389 2805 minum
419 2747 703 2804 electionis
726 2756 925 2808 matre,
955 2745 1213 2799 donatum
1237 2758 1358 2798 esse
1394 2744 1504 2798 suis
1532 2756 1760 2811 persua-

176 2846 354 2908 deret,
410 2842 462 2896 id
507 2838 722 2894 el‘ﬁcere
776 2853 836 2893 se
883 2838 1112 2909 magicis
1155 2837 1385 2902 artibus,
1441 2850 1504 2890 ac
1555 2832 1755 2888 visibili

173 2937 395 2991 ratione
426 2944 539 2988 tam
586 2933 751 3002 impie
787 2947 950 3005 quam
988 2931 1216 2986 ridicule
1259 2927 1571 2991 simulabat,
1616 2928 1758 2997 quod

174 3044 238 3084 re
267 3038 324 3082 et
351 3042 502 3092 vere,
545 3025 810 3080 invisibili
850 3034 1032 3079 tamen
1085 3023 1245 3078 modo
1275 3019 1607 3092 peragebant
1642 3019 1755 3073 veri

1847 541 2108 602 praestare
2140 549 2246 585 non
2279 539 2525 601 poterat;
2578 540 2686 584 tum
2719 533 2935 584 demum
2973 546 3108 600 cap.
3137 531 3207 598 Π
3230 540 3288 586 et
3327 531 3416 596 l8,

1846 622 2106 688 ostendit,
2131 624 2298 677 Deum
2320 633 2508 677 vetera
2535 623 2804 677 sacriﬁcia
2830 623 3012 678 oﬂ'erri
3039 623 3146 677 sibi
3171 637 3198 675 a
3222 621 3420 676 Judaeis

1847 719 2195 787 praecepisse,
2223 731 2329 772 non
2356 719 2498 785 quod
2531 717 2596 770 iis
2627 715 2912 785 indigeret,
2937 715 3030 768 sed
3057 701 3211 783 quod
3231 726 3419 766 eorum

1850 808 2160 863 inﬁrmitati
2205 809 2319 865 haec
2362 808 2688 877 indulgentia
2735 795 2855 860 esse
2896 807 3219 872 censuisset,
3264 820 3331 859 ne
3370 806 3422 858 in

1839 901 2215 957 'itlololatriam
2260 901 2634 964 declinarent;
2674 915 2775 952 non
2806 898 2950 968 quod
2997 912 3093 966 per
3127 912 3190 950 ea
3238 913 3422 951 veram

1843 993 2116 1062 justitiam
2149 992 2505 1048 offerentibus
2554 991 2844 1062 impertiri,
2891 990 2986 1043 sed
3027 987 3171 1058 quod
3216 985 3422 1040 Novum

1850 1071 2285 1149 Testamentum,
2317 1098 2613 1153 verumque
2638 1098 2701 1137 ac
2728 1096 2920 1152 purum
2954 1079 3198 1148 ejusdem
3229 1077 3423 1132 Testa-

1851 1179 2019 1234 menti
2062 1176 2392 1232 sacriﬁcium
2436 1183 2491 1230 et
2537 1174 2864 1229 oblationem
2911 1170 3218 1238 significari.
3243 1167 3419 1224 vellet.

1851 1270 1944 1328 Sic
1993 1270 2159 1341 igitur
2203 1268 2516 1340 abroganda
2563 1267 2730 1320 fuisse
2783 1277 2974 1319 vetera
3027 1263 3319 1324 sacriﬁcia,
3369 1271 3426 1313 ut

1850 1377 2026 1435 genus
2050 1364 2322 1432 integrum
2348 1369 2682 1421 servaretur,
2711 1356 2918 1426 species
2942 1356 3208 1409 duntaxat
3233 1354 3424 1408 immu-

1853 1465 2089 1512 taretur.‘
2113 1452 2220 1510 Sua
2245 1451 2515 1521 siquidem
2544 1451 2761 1519 utrique
2784 1447 3135 1502 Testamento
3153 1445 3421 1500 sacrificia

1851 1562 1973 1603 esse
2008 1546 2333 1610 debuerunt,
2369 1543 2464 1598 sed
2497 1541 2603 1596 alia
2634 1543 2840 1595 umbra:
2866 1551 2922 1594 et
2950 1539 3153 1607 figuris,
3179 1539 3282 1591 alia
3310 1537 3422 1606 ipsa

1852 1639 2086 1705 veritas;
2115 1637 2218 1691 alia
2246 1650 2556 1700 servorum,
2581 1633 2683 1687 alia
2715 1633 3011 1687 liberorum
3040 1633 3289 1699 prapria;
3317 1630 3424 1682 alia

1854 1746 2058 1798 crassa,
2103 1738 2158 1785 et
2208 1743 2338 1783 vera
2393 1726 2687 1783 sanctitate
2736 1739 2924 1787 vacua,
2976 1722 3080 1790 alia
3128 1723 3322 1775 munda
3372 1730 3429 1775 et

1855 1844 2012 1897 pura,
2063 1826 2265 1896 quibus
2310 1825 2362 1878 in
2421 1822 2619 1892 spiritu
2663 1829 2718 1875 et
2763 1819 2994 1874 veritate
3037 1817 3233 1872 colitur
3262 1817 3423 1878 Deus,

1853 1932 2152 1988 veramque
2177 1915 2450 1987 justitiam
2480 1913 2835 1982 consequitur
2864 1913 3046 1966 homo.
3078 1909 3211 1964 Cum
3248 1908 3430 1979 itaque

1850 2012 1962 2082 jam
1993 2013 2134 2066 Deus
2155 2025 2250 2080 per
2276 2007 2555 2063 Malacbiae
2583 2006 2950 2076 prophetiam,
2978 2018 3104 2072 cap.
3142 2023 3189 2068 ι,
3223 2001 3311 2064 10,
3339 1999 3428 2067 ll,

1859 2101 2357 2158 «manifestissime
2400 2098 2788 2168 significasset,
2833 2097 3088 2166 quoniam
3133 2095 3282 2160 prior
3309 2093 3430 2162 quio

1856 2198 1980 2252 dem
2009 2195 2237 2264 populus
2269 2193 2513 2249 cessabit
2534 2191 2732 2247 olferre
2761 2191 2892 2254 Deo,
2928 2189 3076 2242 omni
3106 2197 3282 2240 autem
3314 2185 3431 2240 loro

1854 2288 2191 2344 sacriﬁcium
2217 2284 2481 2341 offeretur
2509 2285 2580 2348 ei,
2611 2292 2664 2336 et
2690 2283 2793 2335 hoc
2823 2295 3016 2349 purum
3033 2280 3112 2344 ‘5;
3138 2298 3156 2329 ι
3201 2277 3432 2347 implens

1857 2382 1994 2436 hanc
2025 2379 2364 2449 prophetiam
2395 2377 2666 2438 Christus,
2695 2373 2827 2428 Novi
2857 2374 3197 2427 Testamenti
3231 2387 3428 2426 novam

1856 2473 2039 2529 docuit
2095 2471 2449 2534 oblationem,
2512 2483 2673 2536 quam
2735 2466 2983 2521 Ecclesia
3041 2466 3108 2519 ab
3169 2464 3430 2534 apostolis

1856 2566 2150 2635 accipiens,
2180 2565 2231 2616 in
2263 2561 2518 2616 universo
2545 2559 2746 2613 mundo
2769 2557 2928 2612 offert
2955 2558 3086 2612 Deo.
3112 2575 3132 2609 ι
3163 2557 3430 2611 Nimirum

1863 2661 2022 2716 «suis
2077 2657 2362 2728 discipulis
2422 2659 2560 2711 dans
2619 2654 2928 2717 consilium,
2986 2653 3255 2723 primitias
3324 2653 3435 2708 Deo

1857 2753 2055 2810 oﬁ‘erre
2088 2768 2156 2808 ex
2200 2753 2316 2806 suis
2356 2751 2648 2814 creaturis,
2684 2764 2789 2803 non
2829 2748 2980 2817 quasi
3022 2746 3304 2817 indigenti,
3335 2749 3430 2799 sed

1859 2857 1919 2901 ut
1949 2846 2050 2915 ipsi
2079 2859 2177 2899 nec
2213 2841 2554 2903 infructuosi,
2585 2857 2684 2896 nec
2712 2842 2906 2910 ingrati
2937 2842 3066 2907 sint,
3093 2855 3215 2893 eum
3243 2838 3334 2908 qui
3362 2854 3431 2893 ex

1859 2948 2111 2994 creatura
2149 2937 2306 3006 panis
2333 2945 2437 3001 est,
2469 2936 2701 3002 accepit,
2727 2942 2780 2987 et
2809 2933 3012 3003 gratias
3041 2932 3170 3003 egit,
3198 2932 3386 2987 dicens
3415 2948 3431 2985 :

1863 3030 1978 3084 Hoc
2011 3038 2088 3082 est
2117 3044 2306 3096 corpus
2338 3043 2531 3080 meum.
2570 3026 2632 3079 Et
2667 3026 2895 3080 calicem
2927 3025 3198 3086 sin-.ilitcr,
3232 3024 3322 3092 qtti
3352 3033 3435 3077 est

173 3121 383 3175 Christi
432 3119 769 3175 sacerdotes.
821 3117 956 3170 Nam
1010 3116 1198 3184 pocula
1253 3114 1374 3168 albo
1422 3113 1548 3166 vino
1594 3111 1754 3167 mista

1861 3141 1924 3179 ex
1961 3140 2024 3178 ea
2049 3133 2328 3184 creatura,
2362 3137 2482 3190 qua:
2521 3126 2604 3172 est
2635 3118 2932 3172 secundum
2970 3131 3088 3182 nos,
3117 3130 3272 3197 suum
3305 3129 3436 3168 san-

173 3209 316 3263 fusis
350 3208 605 3279 precibus
637 3221 966 3263 consecrare
996 3220 1056 3262 se
1087 3205 1318 3276 ﬁngens,
1349 3205 1402 3258 in
1435 3219 1755 3273 purpureum

173 3312 226 3355 et
261 3302 618 3355 rubicundum
646 3301 869 3353 colorem
899 3299 978 3354 sic
1012 3297 1433 3359 transmutabat,
1461 3305 1519 3350 ut
1539 3296 1759 3364 sangui-

177 3408 308 3447 nem
339 3392 513 3445 oculis
543 3391 849 3456 exhiberet,
884 3404 1046 3460 quem
1077 3404 1346 3460 supremae
1379 3390 1598 3443 virtutis
1629 3404 1757 3443 san-

173 3486 404 3554 guinem
463 3499 585 3539 esse
631 3483 908 3552 jactabat;
964 3498 1234 3552 quemque
1290 3484 1411 3537 ideo
1465 3484 1759 3552 degustare

174 3587 426 3633 astantes
456 3593 486 3630 a
519 3585 828 3630 veteratore
862 3576 1035 3630 delusi
1074 3575 1399 3643 gestiebant.
1438 3573 1649 3629 Marcus
1691 3573 1758 3627 ab

175 3667 482 3737 apostolica
514 3665 920 3722 Eucharistiam
959 3667 1281 3721 conficiendi
1324 3667 1556 3721 formula
1604 3666 1760 3736 longe

173 3761 410 3827 abierit,
440 3770 494 3814 et
538 3762 759 3830 propria
806 3760 1095 3829 protulerit
1129 3760 1341 3822 deliria,
1393 3767 1449 3812 ut
1481 3759 1593 3812 vult
1624 3758 1762 3813 Gra-

173 3849 326 3912 bius,
386 3849 516 3916 quid
567 3850 693 3902 inde
747 3849 926 3918 colligi
987 3851 1157 3918 possit
1209 3849 1596 3918 prmsentiens,
1651 3864 1758 3902 non

175 3943 400 4006 abnuo;
476 3943 528 3995 id
601 3952 782 3994 tamen
854 3941 1218 3995 certissimum
1298 3955 1417 3995 esse
1479 3939 1758 4005 fatebitur,

171 4033 437 4103 quisquis
467 4033 719 4101 sepositis
757 4032 1021 4100 tantisper
1055 4028 1384 4098 pracjudiciis
1424 4030 1607 4084 omnia
1650 4029 1762 4082 cir-

173 4126 575 4195 cumspexerit,
617 4123 824 4178 nullum
862 4125 1138 4179 hominem
1188 4127 1237 4178 id
1282 4125 1385 4179 sibi
1419 4125 1470 4178 in
1523 4125 1760 4178 animum

173 4219 448 4272 inducere
493 4232 730 4286 unquam
782 4217 1043 4287 potuisse,
1078 4227 1133 4271 ut
1187 4229 1291 4271 tam
1335 4217 1588 4272 insolenti
1633 4232 1762 4286 por-

177 4320 339 4364 tento
372 4309 491 4363 aliis
526 4308 705 4361 fucum
732 4307 957 4374 faceret,
993 4310 1096 4364 nisi
1130 4326 1195 4363 cx
1225 4322 1597 4380 prmcoucepta
1629 4325 1764 4378 prte-

171 4404 376 4457 sentize
430 4401 593 4454 realis
643 4408 699 4454 et
745 4401 1350 4455 transubstantiationis
1391 4402 1660 4464 doctrina,
1707 4409 1762 4453 ut

170 4496 304 4550 loco
339 4495 510 4549 citato
554 4493 923 4563 probavimus.

246 4589 345 4643 77.
381 4586 494 4644 Nec
522 4587 917 4642 Marcosiorum
951 4587 1236 4650 duntaxat,
1270 4586 1362 4641 sed
1394 4593 1448 4639 et
1471 4583 1753 4639 Gnostico-

171 4697 306 4735 rum
357 4681 608 4736 omnium
663 4695 784 4735 eam
842 4679 1010 4734 fuisse
1062 4677 1410 4744 sententiam,
1467 4692 1762 4745 omnesque

169 4788 312 4826 cum
343 4771 643 4827 Catholicis
686 4774 787 4825 hac
819 4771 870 4824 in
911 4780 1065 4839 parte
1107 4771 1470 4832 consensisse,
1509 4770 1772 4824 Euchari-

170 4867 349 4919 stiani
387 4880 574 4918 verum
611 4879 733 4920 esse
763 4879 962 4933 corpus
987 4874 1043 4917 et
1067 4864 1382 4934 sanguinein
1409 4863 1632 4929 Christi,
1665 4861 1771 4915 nisi

171 4955 373 5029 [CXL]
405 4958 550 5025 quod
577 4971 640 5010 ea
670 4972 789 5025 qua:
816 4956 1060 5010 hteretici
1087 4970 1183 5010 ore
1208 4955 1546 5020 astruebant,
1574 4954 1770 5008 exitio-

168 5055 258 5104 sis
312 5049 460 5112 aliis,
510 5064 631 5117 qua:
675 5049 1006 5111 statuebant,
1059 5046 1339 5116 principiis
1400 5046 1771 5114 imprudentes

168 5150 525 5205 everterent,
568 5142 852 5210 perspicue
902 5155 967 5194 ex
999 5140 1201 5194 lrenazo
1246 5139 1436 5207 liquet.
1482 5136 1580 5191 llic
1625 5139 1767 5192 enim

165 5249 310 5286 cum
345 5232 442 5286 lib.
475 5248 551 5298 iv,
580 5249 629 5285 c.
657 5233 689 5287 9
717 5243 768 5286 et
799 5247 974 5301 seqq.,
1005 5233 1270 5286 latissime
1301 5232 1582 5301 probasset
1607 5249 1770 5286 unum

165 5339 226 5380 et
288 5328 552 5379 eumdem
617 5325 785 5379 Deum
840 5327 1128 5395 utriusque
1183 5325 1354 5395 legis,
1415 5325 1667 5379 Mosaicae
1723 5334 1777 5379 et

174 5419 556 5488 evangelicae,
614 5429 897 5473 auctorem
948 5418 1136 5485 fuisse,
1197 5435 1296 5474 nec
1357 5430 1592 5481 veterem
1654 5420 1777 5473 ideo

161 5515 515 5582 abrogatam
563 5513 752 5578 fuisse,
801 5515 944 5581 quod
995 5513 1133 5566 mala
1171 5525 1335 5579 esset,
1384 5513 1476 5568 sed
1527 5514 1667 5580 quod
1709 5514 1775 5567 ad

159 5621 405 5676 terripus
459 5607 726 5658 duntaxat
776 5607 900 5659 data
950 5606 1162 5673 fuisset,
1218 5616 1276 5661 ut
1318 5607 1460 5660 viam
1508 5615 1779 5661 sterneret

237 5793 292 5821 ⁸⁵
323 5793 498 5851 lrc‘n.,
537 5789 631 5842 lil).
668 5802 738 5850 Iv,
775 5801 820 5840 c.
864 5787 955 5852 l7,
992 5805 1044 5840 n.
1078 5787 1127 5840 '3.

1860 3219 2075 3290 guinem
2111 3216 2392 3272 confessus
2421 3221 2526 3267 est.
2552 3230 2568 3263 ι
2610 3213 2673 3265 Et
2705 3213 2819 3264 lucc
2851 3228 2868 3261 ι
2899 3211 3151 3264 Ecclesiae
3187 3189 3389 3264 oblatio
3410 3228 3431 3261 ρ

1859 3321 1945 3366 εει
2001 3323 2208 3377 «quam
2267 3305 2530 3360 Dominus
2583 3304 2769 3358 docuit
2821 3301 3004 3357 oﬁerri
3067 3304 3120 3366 in
3183 3303 3438 3356 universo

1862 3401 2192 3467 mundo“;i
2241 3409 2343 3454 hoc
2392 3414 2586 3469 purum
2632 3397 3025 3458 sacrificium,»
3081 3396 3220 3465 quod
3274 3410 3437 3450 «cum

1861 3491 2206 3561 simplicitate
2239 3489 2481 3544 Ecclesia
2510 3489 2688 3544 offert.
2727 3489 2956 3557 Oportet
2985 3488 3130 3541 enim
3162 3502 3258 3541 nos
3288 3485 3439 3540 ohla-

1863 3585 2068 3639 tionem
2112 3582 2221 3637 Deo
2262 3581 2468 3646 facere,
2508 3590 2562 3635 et
2603 3582 2654 3634 in
2700 3582 2952 3634 omnibus
2987 3591 3172 3650 gratos
3205 3581 3437 3634 inveniri

1863 3677 2181 3730 fabricatori
2234 3674 2366 3737 Deo,
2422 3674 2484 3728 in
2519 3675 2784 3727 sententia
2844 3688 3000 3741 pura,
3057 3681 3111 3726 et
3169 3673 3273 3727 fide
3320 3676 3439 3727 sine

1825 3832 1828 3834 γ
1864 3768 2163 3840 hypocrisi,
2199 3768 2249 3820 in
2289 3781 2384 3834 spe
2412 3766 2596 3829 ﬁrma,
2631 3765 2681 3818 in
2715 3764 3007 3819 dilectione
3039 3765 3290 3831 ferventi,
3328 3780 3439 3833 pr.-

1864 3863 2043 3915 mitias
2089 3874 2302 3924 earum,
2347 3874 2467 3928 quae
2513 3868 2636 3912 sunt
2687 3855 2827 3926 ejus,
2876 3869 3252 3911 creaturarum
3302 3857 3439 3910 offc-

1863 3963 2067 4006 reutes.
2096 3970 2114 4002 ›
2156 3951 2332 4020 Ipsum
2376 3964 2507 4017 ergo
2551 3949 2692 4017 quod
2740 3949 2913 4016 pridie
2959 3964 3118 4017 quam
3161 3959 3441 4016 pateretur

1861 4041 2111 4096 Christus
2157 4041 2268 4093 Deo
2314 4039 2460 4093 Patri
2502 4038 2828 4092 sacrificium
2877 4037 3099 4100 obtulit,
3142 4053 3334 4106 panem
3386 4049 3438 4094 rt

1865 4135 2049 4187 viuum
2081 4130 2481 4194 consecrando,
2515 4131 2745 4183 alterum
2777 4146 2932 4182 suum
2966 4145 3085 4183 esse
3123 4131 3437 4197 sanguinem

1863 4222 2202 4286 confitendo;
2236 4220 2366 4274 illud
2403 4221 2542 4274 idem
2575 4219 2815 4273 Ecclesia
2851 4222 2901 4273 iu
2933 4223 3189 4275 universo
3217 4223 3436 4283 mund-1,

1862 4315 2068 4371 Christi
2144 4313 2391 4384 magistri
2452 4314 2534 4366 sui
2601 4315 2872 4381 exetnplo,
2946 4313 3260 4368 fahricatori
3333 4313 3440 4366 Dio

1864 4406 2044 4463 oﬁ‘ert.
2070 4408 2183 4462 lloc
2205 4409 2325 4476 ejus
2350 4408 2700 4470 sacrificium,
2727 4408 2838 4461 haec
2861 4406 3087 4470 oblatio,
3110 4403 3438 4459 sacrificium

1794 4496 1836 4551 D
1868 4515 2084 4569 purum,
2116 4499 2318 4553 oblatio
2354 4499 2551 4551 munda
2581 4506 2635 4550 et
2668 4499 2892 4554 illibata.
2930 4497 3019 4552 Sic
3060 4497 3247 4550 Irentei
3283 4504 3442 4549 actate

1869 4593 2139 4646 sentiebat
2167 4592 2429 4658 Ecclesia,
2457 4591 2535 4645 sic
2561 4593 2778 4660 agebat,
2807 4592 2885 4644 sic
2913 4591 3168 4644 credebat
3199 4607 3212 4642 :
3246 4601 3437 4656 panem

1867 4694 1924 4740 et
1971 4686 2180 4749 vinum,
2231 4685 2392 4739 veluti
2439 4685 2709 4754 primitias
2746 4698 2960 4747 earum,
3006 4697 3130 4751 qua:
3172 4692 3293 4734 sunt
3323 4679 3441 4744 Dei,

1865 4782 2244 4828 creaturarum
2303 4774 2584 4837 offerebat,
2637 4774 2992 4828 benedicebat
3047 4783 3099 4824 et
3147 4785 3439 4826 consecra-

1867 4866 1993 4930 bat;
2023 4868 2436 4920 consecratione
2465 4881 2592 4920 vero
2623 4865 2788 4930 faeta,
2816 4865 2928 4935 jam
2960 4881 3064 4918 non
3097 4879 3437 4918 communem

1865 4975 1989 5015 esse
2039 4974 2233 5028 panem
2288 4969 2340 5014 et
2387 4975 2675 5015 commune
2727 4961 2907 5012 vinum
2955 4959 3328 5025 existimabat,
3385 4970 3440 5011 ut

1868 5070 1990 5115 mox
2029 5054 2324 5123 explicabit
2366 5052 2623 5119 fremens,
2653 5059 2746 5110 sed
2781 5057 2953 5123 ips-int
2996 5053 3195 5106 Christi
3240 5068 3438 5122 corpus

1867 5157 1921 5201 et
1949 5149 2267 5216 sanguinem
2306 5162 2426 5202 esse
2458 5149 2842 5202 confitebatur.
2882 5147 3026 5211 Hinc,
3058 5148 3301 5215 inquam,
3332 5146 3439 5200 Ec-

1871 5240 2049 5294 clesia:
2079 5240 2364 5294 catholicae
2391 5242 2615 5296 secundi
2659 5242 2839 5295 saeculi
2880 5250 2990 5294 toto
3029 5243 3161 5294 orbe
3201 5241 3354 5294 fides.

1943 5332 2030 5385 78.
2074 5333 2201 5399 Quae
2235 5348 2364 5387 vero
2406 5334 2640 5388 hostium
2682 5333 2800 5397 ejus
2848 5343 2975 5385 tunc
3017 5333 3276 5398 temporis
3314 5347 3441 5384 sen-

1873 5425 2074 5477 tentia?
2098 5429 2178 5479 An
2213 5426 2329 5492 ejus
2359 5427 2424 5480 de
2454 5427 2722 5480 sacrificio
2753 5426 3109 5480 Encharistia:
3152 5424 3307 5477 ﬁdem
3339 5426 3410 5476 im

1873 5519 2204 5586 pugnabant,
2233 5519 2316 5573 vel
2343 5534 2408 5572 eo
2434 5520 2703 5573 contineri
2731 5530 2783 5572 et
2813 5518 2998 5572 offerri
3027 5536 3210 5572 verum
3236 5518 3439 5573 Christi

1877 5623 2072 5680 corpus
2104 5623 2156 5667 ct
2187 5614 2508 5683 sanguinein
2553 5614 2855 5684 negabant?
2879 5611 3046 5668 Judaei
3086 5612 3332 5681 quidem,
3370 5624 3442 5664 ait

1210 5788 1253 5817 ⁵³
1289 5789 1412 5858 Cap.
1449 5789 1528 5852 18,
1581 5808 1631 5843 ιι.
1681 5791 1694 5841 l
1745 5800 1796 5843 ιιι
1831 5790 1882 5845 Α.
