4196 6330
781 286 884 341 527

1619 291 2209 348 Dl-SSERTATIONES
2242 291 2544 346 PR/EVMC
2585 291 2646 344 IN
2687 291 2942 345 ΙΠΕΝΑΞΙ
2982 291 3240 348 LIBROS.

3928 298 4028 355 3‘38

786 413 1098 478 Irenzeus",
1149 414 1508 469 Eucharistim
1549 417 1880 469 sacriﬁcium
1927 425 2212 484 spernunt,
2263 428 2360 466 nec
2389 420 2434 474 Α
2466 423 2574 466 ttun
2609 414 2707 468 lib.
2737 431 2788 475 v,
2825 415 2918 468 cit.
2965 414 3218 482 lrenazus,
3261 428 3314 470 et
3346 432 3465 471 cum
3498 418 3858 472 Eucharistim
3901 417 4024 478 ﬁde,

776 522 966 573 puram
998 509 1326 562 oblationem
1361 508 1597 563 oﬂ'ertmt
1625 529 1636 563 :
1673 528 1690 559 ι
1721 509 1910 561 Manus
1937 509 2080 560 enim
2111 523 2300 562 eorum
2331 526 2349 558 ι

778 599 946 652 divini
1009 599 1166 653 Verbi
1237 616 1405 654 carne
1471 602 1667 664 induti,
1733 602 1874 668 quod
1943 600 2354 665 cruciﬁxerunt,

783 709 800 738 ι
829 690 1094 759 sanguine
1125 690 1300 758 plena:
1324 702 1471 746 sunt.
1502 711 1520 743 ι
1552 693 1682 746 (Iuni
1712 709 1842 758 ergo
1876 712 1892 742 ε
1917 708 2022 744 non
2049 693 2357 761 receperint

784 781 1018 834 Verbum
1049 800 1068 833 ›
1121 783 1487 847 incarnatum,
1536 785 1718 853 «quod
1759 783 1986 837 ullertur
2027 784 2173 836 Deo»
2210 784 2354 839 Patri

778 874 831 926 in
873 873 1145 928 sacriﬁcio
1191 875 1573 939 Eucharistize;
1621 877 1752 943 quid
1795 892 1857 930 ea
1905 877 2181 945 repudiata
2232 891 2355 931 vera

775 981 926 1018 novae
969 966 1102 1036 legis
1155 967 1330 1021 hostia
1381 967 1592 1022 miseris
1642 968 1755 1034 jam
1819 984 2103 1033 superesse
2159 978 2351 1036 potest,

774 1066 974 1125 praeter
1008 1073 1204 1111 vanam
1237 1061 1587 1128 etrimpuraui
1619 1062 1875 1114 sacriﬁcii
1908 1061 2192 1114 umbram?
2231 1045 2352 1115 lla:-

775 1149 928 1204 retici
984 1165 1114 1204 vero
1157 1151 1462 1205 oﬁ'erehant
1514 1153 1731 1220 quidem
1774 1153 2210 1216 Eueharistiam;
2262 1154 2355 1207 sed

774 1243 901 1310 quia
951 1258 1054 1296 non
1108 1262 1124 1294 ‹
1154 1244 1204 1296 itt
1242 1245 1515 1297 sententia
1565 1262 1718 1313 pura,
1760 1255 1816 1299 et
1871 1246 1975 1299 ﬁde
2017 1247 2135 1300 sine
2183 1246 2354 1316 hypo-

774 1333 926 1395 crisi,
950 1353 966 1384 ι
1001 1349 1191 1389 eorum
1221 1335 1425 1389 oblatio
1449 1351 1583 1405 pura
1616 1354 1736 1391 esse
1768 1355 1876 1392 non
1910 1347 2159 1408 poterat:
2198 1357 2216 1390 t
2247 1339 2358 1394 Nec

772 1428 916 1480 enim
952 1446 970 1478 ι
1035 1429 1135 1496 ipsi
1207 1447 1224 1478 ι
1258 1442 1576 1499 receperunt
1632 1431 1864 1486 Verbum
1927 1434 2069 1502 quod
2128 1431 2356 1486 offertur

776 1521 905 1573 Deo.
938 1538 956 1570 ι
998 1519 1063 1574 Ει
1099 1524 1349 1591 quamvis
1376 1522 1779 1577 Eueharistiam
1818 1544 1834 1576 ι
1865 1540 2062 1592 corpus
2098 1542 2219 1580 esse
2253 1525 2358 1580 Do-

772 1613 905 1666 mini
955 1615 1062 1676 sui,
1111 1626 1165 1668 et
1210 1614 1432 1669 calicem
1478 1619 1755 1683 sanguinis
1787 1616 1923 1682 ejus,
1957 1637 1975 1669 ι
2027 1633 2120 1671 ore
2163 1620 2355 1687 praedi-

770 1717 987 1771 carent,
1034 1706 1086 1759 id
1133 1716 1313 1760 tamen
1352 1709 1432 1762 eis
1473 1719 1721 1762 conSIare
1758 1726 1861 1763 non
1913 1718 2182 1776 poteram
2210 1710 2358 1776 Quo-

771 1799 953 1862 modo,
982 1816 998 1848 i
1035 1800 1109 1850 ait
1142 1799 1396 1858 lrenxus,
1436 1818 1454 1849 σ
1483 1802 1757 1854 constabit
1781 1802 1880 1864 eis,
1912 1817 2036 1856 eum
2070 1818 2265 1872 panem
2305 1805 2355 1859 iu

773 1909 878 1962 quo
907 1896 1095 1965 gratia:
1124 1906 1256 1948 aeta
1278 1908 1427 1956 sunt,
1457 1912 1653 1965 corpus
1677 1913 1797 1952 esse
1829 1899 2037 1952 Domini
2063 1900 2166 1963 sui,
2193 1909 2244 1954 et
2269 1917 2355 1954 ca-

774 1985 932 2039 licem
965 1989 1254 2056 sanguinis
1296 1989 1520 2058 eju's?...
1571 1989 1710 2058 Ergo
1754 1999 1847 2043 aut
1878 1993 2204 2044 sententiam
2242 2009 2356 2045 mu-

776 2087 916 2140 tent,
995 2089 1088 2130 aut
1161 2079 1470 2132 abstineant
1539 2079 1819 2133 offerendo
1895 2097 2015 2149 qua:
2100 2085 2356 2150 prtedicta

773 2178 921 2221 sunt.
950 2185 968 2218 ι
1009 2165 1321 2221 Oﬂereliattt
1362 2169 1524 2237 igitur
1551 2168 1794 2222 hacretici
1833 2186 2022 2239 panem
2061 2181 2115 2224 et
2153 2174 2355 2237 vinum,

776 2268 1067 2326 utrumque
1097 2259 1516 2322 consecrabant,
1548 2268 1600 2311 et
1631 2275 1828 2328 corpus
1857 2275 1978 2314 esse
2009 2260 2219 2315 Domini
2250 2265 2354 2327 sui,

773 2355 827 2399 ct
857 2347 1083 2402 calicem
1132 2350 1416 2416 sanguinis
1459 2349 1578 2416 ejus
1623 2348 1959 2404 fatebantur.
2007 2349 2116 2405 Nec
2158 2352 2208 2404 in
2255 2352 2356 2406 huc

773 2439 913 2492 male
957 2439 1287 2493 sentiebant.
1339 2436 1444 2492 Sed
1480 2439 1531 2491 in
1577 2439 1680 2492 huc
1728 2441 1989 2492 duntaxat
2035 2441 2355 2508 peccahant,

773 2529 916 2598 quod
958 2543 1145 2582 secum
1189 2530 1287 2595 ipsi
1324 2542 1650 2597 pugnantes,
1689 2529 1739 2580 id
1786 2531 1850 2582 de
1886 2529 2066 2582 Verbo
2109 2529 2198 2583 Dei
2235 2546 2357 2584 sen-

777 2621 966 2683 tirent,
1002 2623 1145 2689 quod
1183 2621 1544 2674 Eucharistia:
1578 2619 1737 2672 ﬁdent
1780 2620 2021 2675 funditus
2055 2623 2354 2676 evertebat.

774 2712 851 2766 Ex
899 2728 1007 2782 quo
1051 2713 1232 2775 ﬁebat,
1289 2723 1343 2766 ut
1388 2717 1641 2783 quamvis
1693 2733 1861 2771 «eum
1909 2734 2100 2786 panem
2153 2719 2204 2771 in
2250 2735 2358 2786 quo

776 2806 963 2873 gratia:
992 2813 1126 2856 act-.e
1172 2816 1318 2867 sunt,
1352 2822 1551 2875 corpus
1592 2823 1711 2861 esse
1747 2809 1960 2863 Domini
2001 2810 2082 2862 sui
2119 2828 2136 2860 ι
2176 2808 2354 2875 palam

774 2906 1104 2962 assereremt,
1138 2897 1190 2950 id
1235 2906 1414 2950 tamen
1453 2901 1532 2953 eis
1579 2922 1594 2952 ι
1621 2914 1872 2956 constare
1896 2921 1912 2953 ι
1964 2903 2108 2955 nulla
2147 2903 2357 2956 ratione

773 3001 1006 3060 poterat.

2459 523 2623 575 quam
2656 509 3070 576 prolitebantur,
3104 526 3348 578 pugnare.
3375 514 3639 567 ostendit.

2528 599 2617 653 80.
2648 601 2725 653 Ac
2752 601 2932 669 primo
2971 602 3185 667 quidem
3218 602 3267 654 id
3301 603 3549 671 principii
3579 604 3698 657 loco
3729 603 3938 666 statuit,
3971 603 4026 656 in

2463 710 2482 743 ι
2506 692 2618 745 sola
2651 691 2891 745 Ecclesia
2923 711 2940 743 ι
2981 693 3252 746 catholica
3284 695 3706 749 eucharistieam
3753 714 3770 746 ι
3798 695 4031 748 oblatio—

2459 799 2580 836 nem
2611 800 2798 850 puram
2827 783 3010 837 offerri
3038 785 3392 849 fabricatori;
3421 807 3437 838 ι
3475 788 3597 855 quia
3628 787 3739 842 sola
3779 807 3796 838 ι
3826 791 3875 841 in
3904 804 4029 839 sen-

2461 878 2622 930 tentia
2651 892 2808 945 pura,
2837 890 2889 931 et
2917 880 3019 932 ﬁde
3045 879 3163 933 sine
3194 881 3462 949 hypocrisi
3499 882 3655 934 oll'ert
3681 883 3728 936 ei
3754 898 3877 935 cum
3904 899 4029 951 gra-

2460 971 2656 1021 tiarum
2692 972 2907 1024 actione
2933 986 2996 1024 ex
3027 981 3280 1026 creatura
3311 973 3455 1039 ejus;
3485 992 3502 1024 ι
3532 974 3584 1027 id
3609 984 3687 1027 est
3720 975 3831 1028 sola
3860 975 4026 1028 Deum

2458 1059 2672 1114 Patrem
2717 1062 2902 1115 mundi
2953 1061 3111 1132 hujus
3155 1064 3402 1133 Opiﬁcem
3437 1046 3567 1117 esse
3607 1067 3858 1132 credens,
3909 1084 4031 1120 niu-

2457 1166 2582 1204 ncra
2603 1167 2722 1220 quae
2741 1167 2863 1205 vere
2878 1160 3004 1204 sunt
3019 1151 3137 1219 ejus
3153 1161 3204 1204 et
3223 1152 3287 1204 ad
3305 1167 3426 1204 eum
3441 1152 3563 1220 jure
3581 1155 3873 1207 creatiouis
3899 1169 4025 1222 per-

2457 1242 2648 1304 tinent,
2666 1257 2859 1312 panem
2876 1241 3121 1296 videlicet
3139 1244 3411 1305 etvinum,
3429 1257 3492 1296 ex
3512 1244 3674 1296 rebus
3705 1245 3900 1296 creatis
3931 1245 4022 1296 de-

2453 1344 2691 1402 sumpta,
2715 1333 2761 1388 ei
2778 1349 2900 1388 cum
2926 1335 3220 1402 gratiarum
3244 1335 3472 1399 actione,
3495 1343 3546 1387 et
3579 1343 3922 1403 acceptorum
3952 1335 4023 1388 ab

2452 1443 2518 1482 eo
2543 1427 2926 1480 benelieiorum
2950 1441 3159 1480 memor
3180 1426 3334 1480 oﬁ‘ert
3359 1437 3411 1479 et
3439 1438 3740 1480 consecrat.
3769 1425 3905 1480 Tum
3942 1428 4028 1479 in-

2453 1518 2578 1585 fert,
2605 1520 2807 1572 nullam
2832 1535 2860 1572 a
2881 1517 3080 1573 JudzL-is
3098 1533 3288 1588 puram
3311 1519 3637 1573 oblationem
3659 1519 3871 1585 oll'erri;
3906 1529 4025 1572 tum

2455 1611 2599 1681 quod
2626 1629 2642 1662 t
2668 1626 2858 1664 manus
2871 1625 3062 1664 eorum
3081 1610 3342 1680 sanguine
3356 1611 3526 1680 plenae
3540 1610 3677 1676 sint;
3701 1629 3720 1661 ι
3743 1619 3855 1663 tum
3875 1611 4028 1679 quod

2459 1724 2477 1756 ι
2500 1721 2606 1758 non
2637 1704 2938 1774 receperint
2966 1702 3199 1758 Verbum
3223 1723 3241 1755 ι
3270 1705 3632 1770 incarnatum,
3662 1721 3680 1753 ε
3699 1703 3844 1772 quod
3867 1703 4030 1756 oﬂer-

2389 1770 2430 1825 B
2456 1803 2542 1848 tur
2561 1793 2671 1848 Deo
2694 1814 2712 1846 ι
2735 1770 2787 1848 in
2806 1793 3244 1848 Christianorum
3264 1793 3568 1857 sacriﬁciis,
3586 1770 3839 1862 quodque
3855 1794 3994 1845 abro
4008 1824 4027 1831 --

2457 1890 2594 1959 gatis
2613 1887 2818 1962 [CXLI]
2839 1889 3035 1944 veteris
3054 1889 3186 1958 legis
3211 1888 3514 1954 sacriﬁciis,
3534 1888 3771 1956 solajam
3791 1899 3840 1941 et
3859 1887 4025 1940 unica

2449 1981 2749 2050 novaelegis
2772 1981 2947 2035 hostia
2967 1989 3068 2035 est.
3088 1978 3273 2042 Addit,
3297 1997 3315 2028 ι
3341 1993 3515 2048 neque
3527 1994 3715 2032 omnes
3739 1978 4028 2031 haeretico-

2450 2088 2570 2125 rum
2599 2087 2902 2142 synagogas
2928 2091 2946 2123 ι
2978 2087 3170 2140 puram
3189 2069 3514 2125 oblationem
3531 2070 3741 2124 offerre.
3759 2069 4028 2134 Quamvis

2448 2165 2592 2218 enim
2618 2163 3014 2218 Eucharistiam
3034 2179 3095 2218 ex
3115 2179 3252 2232 pane
3269 2173 3324 2218 et
3340 2165 3464 2217 vino
3481 2163 3789 2226 conﬁciant,
3807 2161 4026 2230 impura

2451 2267 2628 2309 tamen
2664 2272 2851 2311 eorum
2896 2255 3099 2309 oblatio
3137 2263 3239 2321 est,
3281 2255 3560 2325 Deumque
3590 2255 3787 2323 probro
3822 2256 4023 2324 magis,

2449 2366 2614 2420 quam
2639 2351 2846 2404 honore
2872 2348 3051 2402 allicit.
3080 2349 3235 2414 Quod
3255 2348 3452 2415 duplici
3470 2346 4023 2417 probatarguniento,

2450 2460 2548 2513 pro
2567 2444 2768 2513 duplici
2787 2443 3164 2497 haereticorum
3189 2458 3395 2505 errore,
3419 2457 3577 2512 quem
3598 2442 3861 2497 cunfutat.
3893 2439 4025 2495 Pri-

2451 2555 2600 2592 mum
2627 2555 2690 2592 ex
2721 2553 2786 2592 eo
2812 2535 3136 2598 desumitur,
3170 2536 3312 2605 quod
3345 2537 3580 2589 haeretici
3607 2535 3774 2588 Deum
3798 2534 4021 2587 Patrem

2450 2634 2637 2687 mundi
2659 2632 2822 2702 hujus
2844 2632 3090 2699 opiﬁcem
3109 2645 3229 2684 esse
3252 2639 3528 2699 negantes,
3558 2650 3574 2677 ‹
3594 2644 3796 2698 eaquae
3818 2645 4025 2682 secun-

2447 2730 2574 2782 dum
2612 2743 2710 2781 nos
2739 2737 2916 2780 creata
2947 2734 3094 2787 sunt,
3133 2724 3421 2779 offerentes
3444 2725 3515 2786 ei,
3545 2744 3561 2774 i
3599 2724 3678 2776 vel
3717 2743 3734 2774 ‹
3758 2725 4023 2792 cupidum

2448 2820 2605 2874 alieni
2624 2817 2916 2872 ostendunt
2933 2833 3076 2879 eum,
3095 2825 3147 2869 et
3170 2816 3344 2869 aliena
3363 2818 3866 2884 concupiscentem;
3894 2834 3911 2864 ›
3939 2818 4025 2866 vel

2453 2931 2470 2962 ‹
2495 2910 2832 2980 ignorantiw,
2859 2909 3128 2977 passionis
3146 2916 3199 2961 et
3217 2905 3536 2961 defectionis
3553 2905 3764 2959 fructus
3781 2905 4024 2958 offeren-

2447 3014 2548 3064 tes,
2575 3012 2797 3071 peccant
2819 3002 2871 3052 in
2909 3015 3054 3063 eum,
3086 3019 3102 3048 ι
3130 3014 3190 3052 ac
3212 2999 3438 3067 proinde
3456 2997 3842 3052 contumeliam
3863 2997 3913 3049 ei
3938 2998 4026 3049 iti-

811 3081 933 3140 ,79.
995 3082 1047 3135 Id
1110 3093 1168 3137 ut
1225 3085 1439 3140 facilius
1500 3088 1771 3157 percipiat
1826 3089 2020 3152 lector,
2090 3091 2356 3154 advertat,
2385 3105 2428 3164 ο
2451 3097 2650 3149 ferunt.
2679 3094 2942 3162 Quisquis
2975 3092 3118 3146 enim
3148 3091 3319 3158 ﬁngit,
3350 3090 3518 3144 Deum
3547 3090 3782 3151 Patrem,
3810 3104 3872 3142 ea
3898 3105 4029 3158 qua:

772 3190 978 3241 qumsu,
1017 3175 1367 3234 Marcionitas
1404 3191 1456 3232 et
1497 3179 1908 3235 Valentinianus
1938 3184 2045 3244 hic,
2077 3191 2131 3236 et
2168 3195 2356 3251 postea

771 3265 945 3320 fusius
991 3269 1084 3322 lib.
1136 3286 1186 3334 v,
1227 3287 1346 3340 cap.
1387 3273 1473 3336 11,
1511 3275 1844 3340 argumentis
1892 3275 1960 3327 ab
2004 3275 2358 3329 Eucharistiae

775 3360 1037 3426 mysterio
1079 3362 1264 3429 petitis
1302 3365 1368 3415 ah
1419 3363 1619 3443 [renato
1656 3365 1948 3420 confutari.
1993 3365 2167 3420 Porro
2211 3376 2358 3418 utru-

776 3465 1005 3517 rninque
1033 3453 1079 3504 is
1115 3468 1272 3507 error
1296 3465 1439 3520 erat,
1477 3467 1533 3510 ut
1559 3458 1922 3526 explicuimus
1953 3459 2172 3512 dissert.
2213 3460 2262 3522 l,
2293 3461 2357 3512 de

773 3556 964 3594 eorum
996 3543 1185 3597 haeresi
1215 3557 1464 3614 agentes,
1502 3551 1760 3602 mundum
1795 3550 1936 3602 hunc
1968 3551 2354 3619 aspectabilem

775 3651 804 3684 a
842 3649 1100 3702 supremo
1145 3638 1252 3691 Deo
1297 3649 1345 3692 et
1397 3640 1558 3694 Patre
1603 3643 1876 3695 eonditmn
1909 3658 2014 3694 non
2061 3658 2213 3706 esse;
2261 3644 2353 3696 sed

773 3725 854 3778 vel
893 3729 958 3779 ab
1004 3728 1176 3781 altera
1229 3732 1463 3798 quadam
1517 3743 1810 3801 potestate,
1858 3744 1916 3786 ut
1949 3735 2355 3802 blaspln-uiabat

776 3817 1052 3881 Marcion;
1111 3821 1196 3873 vel
1261 3821 1397 3876 labis
1462 3806 1528 3875 et.
1580 3825 1900 3893 ignorantiae
1958 3828 2101 3894 passi
2163 3825 2355 3881 {Bonis

775 3912 1010 3964 fructum
1052 3927 1192 3975 esse,
1229 3926 1284 3966 ut
1313 3915 1630 3970 delirabant
1663 3916 2043 3972 Valentiniani.
2085 3920 2220 3973 llinc
2255 3922 2353 3973 du-

775 4003 894 4070 plex
954 4005 1093 4058 alter
1145 4009 1406 4060 manabat
1455 4025 1631 4074 error,
1688 4011 1742 4061 1ο
1796 4027 2040 4073 carnem,
2098 4011 2178 4064 vel
2230 4011 2352 4064 mali

777 4098 1029 4165 principii
1063 4113 1221 4166 opus,
1255 4101 1338 4150 vel
1367 4099 1686 4167 ignorantia:
1716 4104 1974 4166 fructum,
2007 4104 2245 4156 interitui
2276 4105 2354 4156 sic

773 4191 1066 4243 obnoxiam
1099 4207 1242 4257 esse,
1282 4202 1340 4244 ιιι
1369 4194 1537 4246 semel
1567 4194 1829 4248 dissoluta
1857 4211 2130 4264 nunquam
2174 4213 2354 4250 resur-

774 4291 898 4346 gat;
929 4288 986 4331 2°
1019 4284 1293 4336 Christum
1327 4282 1508 4337 Jesutn
1545 4301 1727 4338 veram
1753 4303 1970 4340 carnem
2001 4305 2028 4339 a
2055 4288 2218 4340 Maria
2247 4305 2350 4340 non

774 4373 1083 4440 accepisse;
1142 4391 1201 4427 ea
1261 4377 1404 4428 enim
1459 4379 1721 4429 duntaxat
1775 4378 1875 4430 sibi
1929 4379 2178 4447 sumpsit,
2234 4395 2351 4446 qua:

773 4477 1091 4519 servaturos
1139 4477 1257 4519 erat

773 4570 882 4607 tton
932 4565 1171 4623 poterat.
1222 4556 1290 4611 Ut
1335 4573 1464 4626 ergo
1513 4561 1793 4613 tuatet'iale
1840 4562 2108 4628 quoddam
2155 4579 2348 4630 corpus

775 4651 1093 4717 gestat/erit,
1142 4667 1248 4704 non
1294 4653 1587 4706 humanum
1635 4664 1784 4707 certe
1819 4671 1878 4708 ac
1924 4671 2204 4719 corneum,
2255 4657 2349 4710 sed

779 4742 854 4794 ita
889 4742 957 4795 ab
987 4742 1138 4795 omni
1176 4743 1433 4795 crassiori
1466 4745 1690 4796 materia
1719 4745 2036 4798 def-.ccatum
2064 4758 2114 4800 et
2137 4763 2354 4815 purum,

778 4849 842 4886 ac
879 4843 988 4886 tant
1032 4833 1220 4887 solerti
1261 4846 1380 4886 arte
1413 4837 1818 4900 concinnatum,
1856 4848 1911 4890 ut
1949 4838 2081 4891 nihil
2112 4855 2230 4892 cum
2265 4840 2352 4895 illa

776 4942 1066 4980 commune
1105 4929 1358 4991 haberet,
1393 4931 1485 4982 sed
1537 4929 1782 4996 Spit-italo
1817 4931 2214 4998 quodammodo
2247 4948 2355 5001 prae

779 5035 838 5070 ea
872 5028 1030 5072 esset.
1068 5020 1130 5072 Et
1163 5020 1288 5073 hinc
1318 5021 1481 5072 etiam
1515 5018 1668 5073 fluxit
1700 5022 1864 5074 altera
1897 5039 2081 5076 eorum
2115 5024 2357 5093 blasphe-

779 5109 908 5173 tnia,
956 5111 1192 5164 Verbum
1247 5112 1487 5164 divinum
1542 5127 1641 5165 nec
1689 5116 1872 5166 mundi
1915 5117 2125 5183 opificis
2179 5117 2347 5169 lilium

777 5205 971 5266 fuisse,
997 5220 1093 5257 nec
1118 5220 1243 5258 vere
1269 5205 1539 5259 hominem
1566 5207 1768 5260 factum
1799 5208 1985 5269 fuisse,
2013 5210 2103 5260 sed
2131 5211 2350 5263 Christo

775 5293 901 5350 Jcsu
936 5297 1002 5350 ad
1036 5307 1248 5366 tempus
1283 5301 1550 5353 duntaxat
1591 5303 1800 5354 unitum
1832 5303 2018 5367 fuisse,
2058 5304 2210 5369 idque
2236 5305 2348 5355 clli—

779 5389 981 5440 cientia
1049 5399 1226 5454 tenus,
1281 5401 1337 5443 et
1385 5407 1450 5445 eo
1492 5393 1751 5445 unitionis
1808 5409 2026 5462 genere,
2087 5395 2224 5461 quod
2283 5395 2348 5446 ab

782 5481 1124 5549 bypostatico
1177 5494 1232 5536 et
1297 5486 1634 5539 substanivo
1690 5486 1874 5554 procul
1928 5488 2163 5541 abesset.
2222 5485 2347 5540 ll:rc

779 5585 902 5627 sunt
945 5589 1263 5630 vesanurum
1317 5577 1590 5632 hominum
1647 5580 1862 5644 deliria,
1911 5595 2028 5648 qtltB
2083 5590 2189 5632 tum
2240 5581 2345 5643 hic,

851 5749 892 5779 ⁸⁷
937 5745 998 5799 Ν.
1031 5747 1084 5802 4.

2450 3189 2565 3255 ipse
2592 3199 2698 3238 non
2736 3184 2999 3246 condidit,
3028 3198 3125 3236 nec
3158 3183 3221 3235 ad
3253 3199 3376 3236 eum
3405 3181 3835 3249 crcationisjure
3857 3183 4028 3248 perti-

2461 3288 2609 3344 nent,
2629 3277 2812 3332 oflerri
2835 3277 2937 3330 sibi
2954 3277 3110 3341 velle,
3136 3277 3182 3328 is
3202 3275 3415 3328 Patrem
3441 3275 3600 3328 alicui
3619 3275 3876 3343 cupidum
3900 3292 4030 3328 estsi:

2457 3368 2696 3419 ostendit
2730 3384 2742 3418 :
2772 3377 2823 3420 et
2855 3366 3100 3434 qu'squis
3135 3365 3245 3417 Deo
3274 3365 3420 3418 Patri
3455 3363 3590 3417 labis
3618 3374 3671 3417 et
3703 3363 4034 3431 ignorantiae

2459 3462 2670 3514 fructus
2696 3459 2890 3513 olferre
2917 3463 3113 3522 audet,
3166 3459 3212 3511 is
3248 3457 3466 3526 pollutis
3511 3467 3566 3510 et
3613 3456 3843 3524 impuris
3876 3457 4036 3508 hisce

2458 3553 2776 3606 muneribus
2819 3570 2836 3601 ι
2887 3550 3271 3605 contumeliam
3325 3549 3454 3602 facit
3499 3550 3547 3602 ei
3603 3548 3813 3616 magis,
3859 3564 4033 3616 quam

2458 3645 2663 3712 gratias
2701 3645 2834 3713 agit.
2876 3663 2894 3695 ι
2925 3644 3167 3696 Alterum
3195 3654 3575 3712 argumentum
3618 3657 3684 3694 ex
3724 3655 3789 3694 eo
3821 3644 4034 3708 repeti.

2459 3744 2568 3797 tur,
2605 3735 2746 3801 quod
2781 3735 3052 3788 haereticis
3091 3735 3417 3803 negantibus
3441 3733 3730 3787 Dominqu
3774 3741 4032 3784 nostrum

2456 3826 2638 3880 Jesuui
2685 3827 2964 3880 Christum
3011 3841 3131 3880 esse
3171 3826 3338 3894 ipsius
3372 3843 3390 3874 ε
3448 3825 3632 3878 mundi
3670 3824 4034 3877 fabriCanris

2461 3920 2628 3972 ﬁlium
2657 3960 2670 3983 ,
2700 3920 2750 3972 id
2777 3928 2860 3972 est
2890 3919 3124 3973 Verbum
3159 3917 3274 3985 ejus
3309 3937 3326 3969 ι
3365 3918 3738 3986 unigenitum,
3767 3928 4034 3968 constare

2458 4027 2560 4063 non
2585 4021 2822 4079 poterat,
2853 4031 2871 4060 ‹
2911 4025 3034 4063 eum
3068 4025 3258 4079 panem
3284 4010 3335 4062 in
3367 4025 3472 4076 quo
3507 4011 3692 4076 gratia:
3713 4018 3848 4061 acta:
3875 4020 4033 4072 sunt,

2455 4121 2650 4172 corpus
2683 4119 2802 4159 esse
2851 4105 3060 4158 Domini
3111 4105 3229 4164 sui.
3267 4114 3319 4156 et
3360 4103 3582 4155 calicem
3631 4116 3749 4154 esse
3795 4100 4033 4154 Calicem

2455 4199 2740 4267 sanguinis
2771 4198 2910 4266 ejus.
2953 4217 2970 4247 ι
3007 4198 3107 4264 Qui
3150 4199 3292 4252 enim
3338 4196 3574 4251 hzcretici
3621 4194 3892 4263 negabant
3926 4195 4031 4246 Do-

2457 4290 2658 4341 niiuum
2697 4299 2941 4342 nostrum
2977 4303 3097 4342 esse
3136 4288 3317 4340 mundi
3353 4287 3696 4339 l'ahricatoris
3731 4285 3901 4337 ﬁlium
3929 4326 3942 4345 .
3977 4300 4034 4340 et

2459 4380 2690 4434 Verbum
2729 4381 2907 4434 Patris
2943 4383 3308 4449 unigenitum.
3358 4381 3392 4432 ii
3431 4389 3828 4447 consequenter
3859 4395 4034 4448 nega-

1303 4484 1317 4521 :
1368 4469 1517 4520 carni
1574 4479 1752 4521 autem
1800 4469 2027 4523 salutem
2069 4472 2348 4539 impertire
2381 4441 2426 4498 D
2453 4473 2582 4525 baut
2614 4472 2844 4524 Verbum
2874 4475 3207 4525 incarnatum
3228 4489 3286 4524 ac
3308 4488 3492 4524 verum
3517 4472 3785 4525 hominem
3817 4470 4033 4524 factum

2458 4563 2626 4618 fuisse
2648 4604 2662 4627 ,
2694 4575 2745 4616 et
2792 4564 3076 4618 Dominum
3110 4573 3348 4617 nustrutn
3383 4581 3563 4618 verant
3593 4579 3813 4618 carnem
3851 4574 3906 4617 et
3936 4581 4032 4617 ve.-

2460 4673 2579 4710 rum
2607 4672 2809 4725 corpus
2837 4657 3216 4723 assumpsisse.
3247 4657 3315 4708 At
3359 4657 3406 4709 ei
3448 4657 3539 4723 qui
3575 4663 3735 4724 negat
3785 4654 4032 4708 Verbum

2457 4750 2820 4818 assumpsisse
2854 4764 3040 4802 verum
3086 4764 3283 4815 corpus
3305 4787 3319 4811 ,
3353 4747 3462 4816 jam
3503 4755 3755 4800 constare
3788 4761 3896 4798 non
3928 4763 4030 4814 po-

2457 4851 2565 4898 test
2595 4841 2998 4896 Eucharistiam
3028 4855 3148 4894 esse
3182 4853 3375 4907 corpus
3413 4837 3622 4891 Domini
3655 4836 3847 4890 nostri.
3882 4835 4030 4902 Quia

2455 4935 2545 5003 qui
2577 4945 2737 5002 negat
2768 4934 3054 4986 Dominum
3090 4943 3339 4985 nostrum
3375 4933 3631 4984 habuisse
3665 4945 3856 4983 verum
3899 4949 4028 4986 cor-

2454 5038 2553 5091 pus
2589 5024 2908 5086 humanutn,
2941 5032 3123 5076 nostro
3156 5022 3640 5085 consubstantiale,
3667 5033 3722 5074 et
3748 5037 3812 5074 ex
3847 5034 4030 5076 mate-

2455 5117 2534 5169 ria
2576 5129 2607 5168 a
2642 5116 2824 5170 mundi
2855 5116 3045 5184 opilice
3075 5114 3291 5168 condita
3344 5111 3670 5176 conflatum;
3709 5113 3751 5166 is
3785 5117 4028 5181 proinde

2448 5220 2604 5277 neget
2630 5223 2851 5263 necesse
2878 5218 2980 5273 est,
3007 5208 3293 5260 Dominutn
3321 5219 3568 5259 nostrum
3592 5207 3641 5258 in
3672 5205 4029 5259 Eucharistia

2448 5319 2632 5355 verum
2669 5303 2871 5355 habere
2891 5314 2940 5354 et
2972 5304 3242 5355 conﬁcere
3277 5301 3376 5354 sibi
3407 5316 3625 5368 corpus.
3657 5301 3704 5353 Is
3736 5300 4029 5368 siquidem

2447 5410 2639 5460 panetn
2667 5405 2720 5446 et
2757 5395 2963 5456 vinum,
2997 5409 3082 5446 res
3112 5408 3140 5445 a
3174 5394 3357 5471 mundi
3401 5393 3596 5460 opiﬁce
3626 5390 3881 5444 conditas
3907 5431 3922 5450 ,
3967 5392 4026 5444 in

2449 5502 2626 5538 vcratn
2657 5501 2718 5539 ac
2751 5486 3023 5554 propriam
3071 5485 3315 5553 corporis
3358 5485 3439 5537 sui
3478 5483 3848 5538 substantiam
3890 5499 4026 5536 cou-

2448 5589 2656 5634 vertere
2688 5595 2789 5632 non
2818 5589 3032 5647 potest,
3080 5581 3171 5647 qui
3225 5578 3423 5631 nullum
3459 5593 3522 5630 ex
3560 5576 3835 5630 niateriali
3874 5580 4017 5634 sub-
