4196 6330
176 416 258 472 329

1059 404 1510 463 DISSERTATIU
1551 403 1638 467 ιιι,
1673 403 1757 457 DE
1796 400 2050 457 lRENASl
2095 397 2459 455 DOCTRINA.

3256 396 3358 449 330

174 536 357 595 stantia.
393 550 423 589 a
456 536 645 590 mundi
677 535 1005 590 fabricatore
1035 544 1257 597 creata,
1302 546 1501 601 corpus
1545 544 1698 583 assu-
1734 529 1774 583 A
1805 543 1867 579 ex
1904 526 2145 581 inferiori
2179 524 2405 579 materia
2431 520 2718 577 conﬂatum
2747 534 2944 589 corpus
2970 522 3355 588 assumpsisse;

176 643 296 681 mere
324 626 424 681 sibi
456 626 668 695 potuit,
706 641 775 681 ue
808 625 1086 681 materiam
1125 623 1208 679 vel
1234 632 1427 678 natura
1462 636 1559 677 sua
1592 637 1700 674 ma-

174 716 295 781 lam,
342 717 423 771 vel
462 734 491 771 a
545 716 686 772 malo
724 718 920 787 opiﬁce
960 725 1198 772 creatam
1241 716 1344 771 sibi
1380 713 1699 770 aseisceret.

176 828 190 859 ι
215 808 472 874 Quomodo
501 828 519 860 ι
547 809 710 872 enim,
732 808 807 861 ait
834 806 1061 862 inferius
1082 815 1273 861 auctor
1297 814 1503 870 noster,
1537 820 1588 859 c.
1609 804 1700 868 55,

173 916 217 951 n.
246 898 293 963 2,
320 917 336 949 t
362 898 511 965 jnste
544 899 802 954 Dominus
824 938 839 963 ,
888 899 932 953 si
974 897 1195 953 alterius
1230 897 1410 953 Patris
1452 896 1701 961 exsistit,

174 990 314 1061 hujus
342 994 697 1059 conditionis,
720 1009 840 1063 quas
863 1002 947 1049 est
966 994 1258 1048 secundum
1291 1006 1411 1056 nos,
1434 989 1702 1058 accipiens

170 1098 362 1151 panem,
388 1098 546 1137 suum
575 1099 771 1153 corpus
799 1098 920 1139 esse
951 1083 1326 1146 conﬁtebatur,
1359 1093 1411 1135 et
1437 1092 1706 1151 tempera-

170 1181 386 1225 mentum
429 1173 617 1228 calicis
668 1189 826 1228 suum
878 1174 1199 1241 sanguinem
1246 1172 1625 1228 confirmavit?
1681 1189 1699 1223 ο

169 1262 230 1319 lis
252 1265 425 1334 igitur,
451 1265 541 1334 qui
566 1275 764 1335 negant
789 1265 1073 1319 Dominum
1104 1274 1349 1319 nostrtIm
1379 1279 1498 1320 esse
1521 1264 1703 1319 mundi

172 1354 495 1409 fabricatoris
519 1354 737 1419 Filium,
773 1364 827 1409 et
864 1356 1091 1409 Verbum
1121 1355 1298 1409 Patris
1335 1354 1704 1425 unigenitum,

169 1457 407 1501 constare
439 1462 541 1502 non
566 1458 777 1517 potest,
826 1447 1221 1501 Eucharistiam
1266 1461 1389 1501 esse.
1420 1462 1620 1517 corpus
1653 1448 1707 1498 et

168 1541 467 1609 sanguinem
497 1540 708 1595 Domini
742 1541 933 1594 nostri.
982 1540 1146 1609 Ecqui
1194 1541 1244 1594 id
1290 1542 1369 1595 eis
1398 1550 1704 1604 constaret,

168 1633 250 1699 qui
272 1631 495 1686 Domino
526 1641 711 1686 nostro
740 1647 924 1688 verum
949 1648 1146 1702 corpus
1170 1643 1223 1688 et
1252 1633 1569 1702 sanguinem
1595 1633 1712 1686 adi-

167 1725 339 1779 munt?

226 1813 310 1868 81.
350 1815 440 1869 Sic
471 1816 730 1870 adversus
763 1812 1065 1877 haereticos,
1095 1812 1266 1866 velint
1306 1813 1481 1866 nolint
1522 1826 1710 1866 recen-

167 1906 319 1959 tiores
351 1906 585 1962 haaretici
612 1948 626 1968 ,
679 1918 1086 1978 argumentatur
1118 1903 1385 1967 lrenacus,
1435 1903 1517 1957 vel
1562 1914 1712 1958 certe

166 1998 288 2052 nihil
322 2013 544 2066 prorsus
567 1996 749 2052 efﬁcit.
782 1998 964 2068 itaque
994 2004 1107 2051 tum
1139 1994 1405 2051 haereticis
1433 1996 1715 2065 impugna-

168 2091 252 2151 tis,
287 2100 391 2141 tum
421 2090 623 2144 Irenaeo
650 2088 1003 2159 impugnanti,
1046 2088 1300 2155 utrinque
1331 2092 1537 2140 certum
1567 2093 1711 2149 erat,

167 2178 217 2233 in
248 2179 585 2233 Eucharistia
610 2178 876 2234 contineri
912 2192 1096 2232 verum
1126 2191 1187 2231 ac
1218 2173 1571 2230 substantiale
1596 2190 1716 2231 cor-

166 2280 257 2332 pus
282 2276 332 2318 et
358 2266 680 2333 sanguinem
702 2265 909 2319 Domini
938 2265 1130 2328 nostri,
1158 2271 1211 2317 et
1237 2277 1426 2330 panem
1452 2278 1513 2316 ac
1531 2262 1714 2315 vinum

166 2355 213 2409 in
242 2368 300 2406 ea
337 2370 459 2408 vere
506 2355 747 2409 converti
796 2365 849 2409 et
897 2354 1270 2409 transmutari.
1313 2352 1425 2408 Nisi
1471 2354 1613 2407 enim
1664 2353 1717 2407 id

166 2457 363 2500 certum
397 2457 448 2499 et
482 2447 821 2516 exploratum
849 2446 1067 2513 utrique
1096 2445 1233 2513 parti
1275 2443 1487 2508 fuisset,
1516 2443 1716 2497 frustra

165 2547 215 2591 et
268 2538 495 2593 ridicule
542 2545 917 2607 argumentum
971 2537 1039 2589 ab
1081 2536 1422 2591 Eucharistia
1476 2533 1721 2602 petiisset

164 2628 415 2695 lrenteus,
440 2644 614 2698 eoque
641 2627 1053 2699 argumentandi
1080 2642 1281 2696 genere
1306 2626 1560 2681 insulsius
1584 2624 1720 2679 nihil

164 2720 375 2776 fuisset.
421 2720 557 2775 Nam
595 2722 640 2775 si
688 2730 798 2775 tum
835 2717 1071 2780 Irenaaus
1096 2759 1111 2783 ,
1149 2728 1259 2772 tum
1292 2717 1624 2771 Marcionita:
1666 2725 1721 2770 et

166 2809 535 2866 Valentiniani
569 2811 703 2865 nihil
730 2810 874 2864 aliud
915 2808 1346 2864 iu‘Eucltaristia
1380 2808 1719 2878 agnoverint,

166 2913 355 2974 praeter
382 2920 589 2959 meram
615 2905 856 2972 corporis
873 2913 924 2957 et
946 2902 1221 2971 sanguinis
1246 2900 1443 2956 Christi
1472 2899 1720 2969 ﬁguram,

164 3007 248 3050 aut
284 2994 554 3051 eﬁic‘acem
581 2996 747 3059 illam,
781 3011 940 3065 qnam
970 2995 1261 3049 commenti
1294 3004 1419 3046 sunt
1455 2993 1721 3046 recentio-

163 3103 248 3143 res
272 3088 531 3147 miuistri.
560 3088 814 3141 virtutem
842 3100 871 3140 e
897 3101 1124 3156 corpore
1153 3096 1209 3138 et
1239 3085 1499 3153 sanguine
1520 3083 1725 3141 Christi

1802 619 1860 672 2°
1887 618 2161 674 Christum
2195 626 2372 672 tamen
2400 628 2595 685 panem
2619 622 2675 668 et
2697 613 2898 671 vinum.
2930 625 3125 680 corpus
3148 620 3202 665 et
3226 626 3357 666 san-

1804 711 2017 779 guinem
2046 725 2199 765 suum
2225 723 2344 766 esse
2368 707 2597 770 dixisse;
2634 705 2822 760 iisdem
2848 703 2988 759 illico
3019 702 3178 757 veluti
3205 701 3359 774 quid-

1804 804 1924 859 dam
1949 819 2017 858 ex
2039 803 2298 857 ambobus
2322 798 2633 855 necessario
2653 810 2986 867 consequens
3007 794 3356 853 constitisset.

1808 910 1998 967 panem
2032 905 2086 950 et
2115 894 2300 948 vinum
2341 908 2448 947 non
2477 892 2578 945 alia
2614 892 2824 945 ratione
2860 889 3060 945 Christi
3084 902 3279 956 corpus
3306 896 3359 940 et

1805 988 2123 1059 sanguinem
2151 999 2270 1042 esse
2304 999 2491 1054 posse,
2531 1000 2689 1054 quam
2722 983 2845 1052 quia
2879 979 3079 1036 Christi
3120 980 3362 1048 corporis

1805 1089 1860 1134 et
1890 1078 2166 1147 sanguinis
2192 1086 2284 1131 aut
2314 1076 2480 1146 figura
2502 1084 2645 1139 sunt,
2668 1086 2753 1129 aut
2782 1075 3034 1128 virtutem
3061 1074 3361 1143 continent.

1809 1171 2138 1239 Frustraque
2171 1171 2220 1223 id
2246 1167 2789 1239 negasset‘lrenmus;
2840 1180 2961 1218 nam
2990 1162 3172 1218 statim
3208 1175 3366 1239 repo—

1809 1261 2043 1316 suissent
2071 1260 2389 1325 adversarii,
2417 1258 2549 1313 nihil
2583 1272 2881 1327 repugnare
2902 1297 2917 1320 ,
2949 1270 3071 1311 eum
3116 1254 3207 1325 qui
3248 1252 3367 1307 nul-

1808 1355 1915 1410 lum
1943 1355 2044 1409 sibi
2066 1369 2132 1408 ex
2157 1353 2314 1407 rebus
2340 1351 2685 1407 inferioribus
2710 1351 2906 1404 creatis
2932 1363 3128 1418 corpus
3153 1346 3366 1408 ascivit.

1811 1447 1861 1500 in
1889 1446 2076 1501 iisdem
2108 1443 2451 1514 spiritalioris
2479 1442 2641 1507 illius,
2672 1442 2813 1512 quod
2840 1440 3093 1511 gestavit,
3126 1438 3369 1510 corporis

1812 1538 2033 1607 figuram
2082 1545 2138 1591 et
2184 1537 2438 1589 virtutem
2491 1543 2901 1600 repraesentare.
2960 1531 3111 1588 Unde
3160 1539 3368 1584 tantum

1812 1630 1959 1683 abest
1987 1624 2165 1689 utboc
2179 1628 2494 1697 argumento
2512 1623 2579 1676 ab
2593 1620 2929 1677 Eucharistia
2948 1622 3114 1692 petito
3142 1622 3372 1678 catholi-
3393 1655 3399 1662 ι

1812 1735 1929 1773 cam
1954 1733 2171 1774 causam
2206 1716 2452 1784 juvasset
2483 1717 2543 1771 S.
2581 1718 2801 1781 doctor,
2841 1716 2968 1786 quin
3008 1715 3187 1787 potius
3219 1731 3371 1769 arma

1814 1810 2079 1865 haereticis
2107 1811 2485 1874 ministrasset,
2525 1811 2718 1875 quibus
2746 1809 3036 1864 catholicos
3068 1809 3213 1875 ipsos
3243 1822 3371 1862 con-

1814 1899 2100 1953 fodissent.
2141 1898 2527 1968 Argumentum
2573 1900 2718 1953 enim
2767 1899 2962 1953 inviCte
2998 1905 3375 1967 retorquentes

1814 1991 2112 2047 dixissent:
2150 1991 2206 2045 Si
2252 1992 2393 2059 quod
2423 2006 2617 2058 corpus
2659 1992 2949 2045 humanum
2994 1999 3049 2044 et
3094 1988 3375 2042 materiale

1814 2094 1878 2133 ex
1916 2081 2077 2134 rebus
2111 2081 2456 2137 inferioribus
2481 2082 2683 2135 creatis
2713 2093 2989 2135 assumere
3021 2078 3121 2134 sibi
3164 2088 3375 2147 potuis-

1819 2180 1903 2225 set
1927 2172 2017 2226 Dei
2044 2171 2231 2233 Filius,
2262 2173 2418 2226 exiis
2462 2172 2694 2228 maxime
2734 2172 2833 2226 sibi
2867 2170 3222 2232 confecisset,
3258 2183 3376 2237 quas

1817 2264 1930 2331 ipse
1962 2277 2158 2332 corpus
2204 2273 2258 2317 et
2288 2265 2602 2338 sanguinem
2640 2256 2798 2317 situm
2835 2277 2957 2317 esse
3001 2262 3137 2316 dixit
3169 2280 3181 2314 :
3227 2261 3375 2329 atqui

1820 2362 2021 2416 tamen,
2057 2354 2183 2423 ipsis
2212 2353 2505 2408 fatentibus
2536 2353 2843 2417 catholicis,
2877 2370 2937 2409 ea
2965 2355 3080 2422 ipsa
3105 2368 3222 2422 quae
3243 2367 3380 2407 con-

1818 2445 2077 2497 secrando
2104 2459 2298 2512 corpus
2324 2452 2379 2498 et
2412 2445 2726 2513 sanguinem
2750 2459 2905 2497 suum
2938 2458 3056 2499 esse
3087 2444 3240 2505 dixit,
3282 2456 3379 2509 pa-

1820 2532 1903 2587 nis
1943 2532 2193 2588 videlicet
2239 2544 2295 2589 et
2336 2536 2551 2599 vinum,
2602 2550 2708 2590 non
2758 2535 2893 2589 ﬁunt
2924 2550 3108 2591 verum
3141 2536 3379 2605 ejusdem

1821 2640 2332 2696 corpusgverusque
2374 2630 2628 2698 sanguis,
2682 2630 2774 2683 sed
2809 2643 3013 2682 meram
3054 2628 3298 2697 corporis
3327 2636 3383 2683 et

1822 2717 2098 2787 sanguinis
2150 2717 2375 2788 ﬁguram
2418 2728 2474 2774 et
2520 2720 2773 2774 virtutem
2823 2721 3079 2775 exhibent
3113 2730 3165 2775 et
3207 2721 3383 2774 conti-

1824 2819 1996 2864 nent:
2024 2814 2154 2879 ergo
2184 2808 2433 2865 Christus
2463 2824 2650 2865 verum
2690 2826 2888 2878 corpus
2930 2813 3224 2865 humanum
3274 2828 3380 2866 non

1824 2903 2152 2971 assumpsit,
2185 2905 2278 2957 sed
2312 2918 2514 2958 meram
2545 2904 2791 2974 corporis
2828 2904 3043 2958 humani
3076 2903 3298 2975 ﬁguram
3330 2914 3383 2958 et

1826 2994 2113 3061 virtutem,
2147 3011 2251 3065 qua
2295 2998 2347 3051 in
2386 2997 2663 3053 hominum
2697 3012 2889 3052 sensus
2947 3009 3173 3069 ageret,
3223 2998 3385 3066 idque

1825 3086 2081 3153 efficeret,
2114 3089 2253 3158 quod
2281 3105 2470 3143 verum
2497 3105 2689 3158 corpus
2729 3091 3021 3145 bumanunt
3050 3090 3261 3146 efficere
3293 3104 3387 3158 po-

162 3191 511 3241 manantem;
556 3178 633 3231 sic
665 3177 925 3245 procedat
959 3190 1183 3232 necesse
1218 3187 1301 3231 est
1333 3177 1516 3231 frenati
1560 3191 1722 3249 argu-
1743 3194 1796 3259 ο
1827 3180 2037 3235 fuisset.
2070 3179 2391 3238 Econtrario
2417 3196 2548 3235 vero
2578 3183 2622 3236 si
2666 3197 3066 3252 supponamus,
3110 3184 3253 3252 quod
3291 3198 3388 3237 vc-

164 3281 438 3325 mentum:
465 3268 795 3338 Negantibus
831 3268 1107 3323 haereticis
1147 3266 1433 3323 Dominum
1479 3277 1720 3323 nostrum

160 3379 279 3418 esse
306 3362 492 3416 mundi
533 3360 877 3416 fabricatoris
903 3360 1127 3428 Filium,
1156 3361 1206 3415 id
1230 3370 1311 3415 est
1345 3359 1575 3415 Verbum
1607 3358 1726 3431 ejus

160 3456 528 3525 unigenitum,
560 3464 815 3511 constare
842 3470 945 3508 non
978 3465 1153 3524 patest
1180 3454 1573 3509 Eucharistiam
1602 3469 1724 3510 esse

158 3547 415 3617 ﬁguram,
446 3557 539 3599 aut
572 3546 834 3602 virtutem
878 3547 1121 3616 corporis
1163 3546 1279 3615 ejus
1318 3558 1371 3600 et
1419 3547 1720 3616 sanguinis.

159 3642 215 3693 Si
248 3641 400 3694 enim
435 3639 526 3693 Dei
560 3638 728 3694 Filius
760 3655 943 3693 veram
984 3654 1245 3703 carnem,
1288 3653 1585 3709 verumque
1628 3639 1727 3692 itu-

160 3750 383 3787 manum
425 3748 617 3802 corpus
640 3748 706 3787 ex
739 3733 964 3787 materia
991 3748 1019 3784 a
1061 3732 1242 3787 mundi
1289 3731 1479 3801 opifire
1509 3732 1725 3787 condita

156 3825 454 3881 conflatum
487 3841 590 3880 non
620 3826 881 3895 suscepit,
912 3840 1011 3878 nec
1038 3824 1275 3896 hylicum
1299 3824 1591 3894 quidquam
1624 3823 1724 3877 sibi

158 3918 399 3981 ascivit,
452 3919 547 3971 sed
594 3937 611 3969 ι
674 3933 702 3969 a
759 3917 1111 3987 dispositione
1152 3916 1507 3970 circumdedit
1558 3934 1578 3967 ›
1624 3916 1725 3969 sibi

163 4029 180 4059 ι
227 4025 435 4078 corpus
470 4029 489 4060 ι
526 4010 797 4079 quoddam
838 4026 855 4057 ι
888 4016 1137 4077 paratum
1163 4007 1513 4061 inenarrabili
1542 4019 1673 4070 arte,
1702 4025 1720 4058 ι

159 4114 218 4157 ut
250 4103 578 4158 asserebant
607 4101 976 4157 Valentiniani
1006 4101 1083 4163 ⁶⁸;
1126 4100 1324 4153 nullam
1353 4101 1437 4151 sui
1482 4099 1727 4166 corporis

159 4198 398 4263 figuram
433 4208 526 4247 aut
558 4194 816 4246 virtutem
851 4192 905 4245 in
948 4191 1287 4247 Eucharistia
1334 4190 1594 4245 exhibere
1631 4205 1728 4259 po-

160 4296 289 4340 test.
321 4285 606 4339 Haercticis
634 4286 799 4354 igitur
824 4284 1041 4338 Christo
1069 4282 1347 4338 materiale
1383 4297 1580 4351 corpus
1613 4282 1728 4337 adi-

159 4378 447 4433 tnentibus
491 4388 745 4431 constare
785 4393 888 4430 non
929 4385 1137 4443 potest,
1181 4375 1574 4429 Eucharistiam
1607 4389 1728 4430 esse

159 4471 403 4541 ﬁguram
433 4480 527 4525 aut
559 4471 813 4525 virtutem
858 4470 1104 4539 corporis
1133 4469 1269 4539 ejus.
1316 4469 1405 4523 Sic
1446 4484 1728 4539 argumen-

162 4574 340 4616 tatum
387 4561 558 4616 fuisse
587 4561 851 4616 Irenaeum
898 4562 1102 4631 ﬁngant
1141 4576 1365 4617 necesse
1411 4571 1496 4615 est
1540 4561 1729 4616 Prote-

159 4664 400 4711 stantes.
472 4655 633 4723 Atqui
688 4654 951 4722 ejusmodi
1010 4666 1387 4724 argumentum
1451 4653 1730 4708 delirantis

162 4750 418 4805 hominis
441 4764 582 4815 esse,
617 4763 715 4801 nec
747 4748 974 4817 proinde
1005 4747 1225 4811 Irenaeo,
1258 4748 1375 4802 sine
1413 4749 1563 4817 gravi
1599 4747 1729 4815 inju-

162 4842 267 4904 ria,
313 4841 477 4894 tribui
509 4855 687 4908 posse,
734 4840 947 4893 sobrius
986 4840 1216 4909 quisque
1261 4837 1534 4894 fatebitur.
1566 4841 1727 4907 Quasi

160 4948 322 4997 vero,
357 4933 502 5002 quod
538 4930 787 4986 Christus
827 4931 1061 5001 hylicum
1112 4930 1245 4985 nihil
1291 4933 1623 5000 susceperit,
1674 4945 1730 4988 et

162 5025 454 5079 materiale
482 5039 674 5091 corpus
699 5038 800 5076 non
832 5019 1199 5092 assumpsef’it,
1232 5024 1353 5088 inde
1375 5036 1731 5092 consequatur

161 5117 377 5169 nullam
405 5115 752 5186 spiritalioris
792 5115 934 5171 illius
960 5118 1222 5185 corporis,
1260 5135 1276 5166 ‹
1313 5118 1481 5185 parati
1517 5119 1730 5173 inenar-

160 5206 329 5260 rabili
364 5214 503 5269 arte,
536 5225 553 5258 ι
599 5207 739 5275 quod
764 5206 864 5261 sibi
894 5207 1732 5278 circumdedit,ﬁguramautvir-

158 5310 343 5353 tutem
373 5300 427 5352 in
467 5300 820 5355 Eucharistia:
849 5302 1103 5371 mysterio
1133 5302 1384 5358 exhibere
1408 5304 1598 5372 posse?
1622 5305 1731 5358 lmo

156 5394 353 5457 potius
385 5392 653 5447 hxreticis
682 5393 806 5447 hinc
847 5395 1080 5447 maxime
1122 5394 1483 5459 constitisset,
1514 5395 1727 5449 Euchao

158 5485 386 5538 rtstiam
420 5500 538 5539 esse
567 5483 790 5555 ﬁguram
822 5497 911 5541 aut
948 5488 1205 5542 virtutem
1231 5488 1473 5557 corporis
1517 5489 1727 5543 Domini

154 5577 274 5632 sul.
308 5576 382 5631 Ex
418 5593 521 5647 quo
548 5578 693 5633 enim
725 5578 882 5640 ambo
908 5578 1021 5634 haec
1049 5582 1313 5635 haereticis
1342 5583 1728 5647 constitissent,

154 5680 218 5723 ut
260 5682 521 5726 constare
557 5672 656 5727 sibi
687 5674 1108 5729 contendebant:
1132 5675 1181 5727 1ο
1208 5676 1497 5735 Christum.
1528 5676 1726 5730 nullum

236 5824 291 5857 “
320 5823 487 5889 lren.,
515 5825 608 5879 lib.
635 5840 672 5882 t.
710 5840 757 5877 (ε.
792 5825 843 5887 (ἶ,
874 5842 927 5879 n.
970 5825 1008 5879 l.

495 5920 763 5983 Punoc.
811 5920 925 5982 Gn.
980 5921 1109 5985 νυ.

1828 3276 2099 3329 rissimum
2133 3282 2213 3328 est
2234 3314 2250 3340 ,
2284 3282 2337 3328 et
2366 3272 2569 3330 lrenmo
2599 3283 2654 3329 et
2680 3275 3007 3331 adversariis
3032 3277 3147 3346 ejus
3175 3289 3385 3333 certum

1825 3377 1879 3420 et
1906 3365 2264 3420 indubitatum
2300 3365 2499 3429 fuisse,
2526 3382 2719 3435 panem
2744 3377 2796 3421 et
2828 3368 3009 3423 vinum
3040 3370 3091 3422 in
3126 3368 3388 3425 Euchari~

1827 3459 1928 3512 stia
1964 3460 2204 3512 converti
2230 3458 2282 3511 in
2310 3473 2495 3512 verum
2521 3459 2732 3513 Domini
2768 3460 2934 3513 nostri
2960 3475 3157 3530 carpus
3186 3470 3240 3516 et
3263 3477 3389 3515 san-

1826 3548 2078 3616 guinem;
2117 3557 2433 3616 argutnento
2465 3548 2531 3601 ab
2558 3549 2897 3603 Eucltaristia
2926 3552 3097 3620 petito
3141 3551 3274 3605 nihil
3318 3552 3387 3606 ad

1826 3640 2204 3717 Opprim_endos
2269 3641 2555 3717 litareticos
2598 3642 2826 3696 validius
2878 3645 3003 3701 erit.
3053 3642 3153 3711 Qui
3200 3645 3342 3699 enim
3371 3684 3385 3709 ,

1828 3712 2318 3799 dixeriflrenteus,
2358 3750 2547 3803 panem
2593 3744 2647 3790 et
2684 3736 2863 3788 vinum
2892 3772 2910 3801 ,
2950 3751 3039 3791 res
3076 3737 3387 3791 materiales

1827 3836 2074 3893 creatas,
2126 3828 2177 3880 in
2232 3841 2415 3881 veram
2470 3827 2672 3895 proprii
2723 3828 2964 3897 corporis
3012 3837 3065 3882 et
3108 3828 3390 3898 sanguinis

1828 3919 2184 3973 substantiam
2216 3920 2515 3984 convertit,
2541 3930 2595 3973 et
2619 3934 2803 3975 verum
2846 3935 3041 3991 corpus
3073 3931 3129 3976 et
3164 3924 3390 3993 sangui-

1829 4024 1949 4063 nem
1980 4024 2133 4063 suum
2177 4024 2294 4064 esse
2324 4010 2501 4078 palam
2538 4011 2802 4074 asseruit;
2829 4012 2892 4075 is,
2929 4012 2974 4068 si
3004 4027 3168 4066 verax
3199 4024 3302 4080 est,
3338 4024 3392 4068 et

1829 4118 1953 4156 vera
1997 4102 2254 4172 loquitur,
2284 4118 2470 4157 verum
2491 4118 2689 4173 corpus
2712 4106 3023 4169 humanum,
3051 4118 3115 4158 ex
3148 4104 3389 4159 inferiori

1831 4195 2055 4269 [CXLII]
2096 4197 2319 4251 materia
2343 4239 2357 4264 ,
2392 4198 2615 4265 perinde
2652 4207 2815 4265 atque
2851 4206 3093 4251 nostrum
3116 4237 3129 4259 ,
3166 4212 3389 4267 compo-

1830 4289 1992 4342 situm
2039 4288 2286 4343 habuerit
2342 4302 2566 4342 necesse
2607 4299 2717 4352 est;
2757 4306 2775 4338 ‹
2816 4287 3034 4357 sanguis
3058 4287 3237 4347 enim.
3277 4306 3296 4338 ο
3332 4295 3392 4341 ut

1832 4394 1977 4437 recte
2019 4381 2251 4434 advertit
2297 4379 2390 4433 lib.
2425 4394 2475 4446 v,
2506 4376 2693 4443 απ
2724 4379 2855 4442 η.2,
2896 4398 2914 4430 ε
2953 4396 3057 4432 non
3100 4392 3180 4432 est
3231 4381 3329 4434 nisi
3358 4395 3390 4435 a

1830 4474 1985 4529 venis
2014 4482 2065 4526 et
2093 4472 2370 4537 carnibus,
2403 4477 2459 4524 et
2494 4486 2520 4523 a
2557 4470 2797 4537 reliqua,
2828 4484 2946 4538 qua:
2984 4477 3064 4523 est
3096 4471 3391 4523 secundum

1760 4534 1804 4588 Β
1837 4567 2131 4629 hominem,
2163 4564 2482 4618 substantia.
2533 4582 2551 4614 ι
2578 4563 2773 4633 Atqui,
2804 4573 2863 4616 ut
2910 4562 3123 4631 ipsimet
3156 4564 3392 4616 fatentur

1837 4658 2153 4721 adversarii,
2190 4655 2447 4710 Dominus
2478 4665 2681 4719 noster,
2726 4655 2837 4723 ipsa
2863 4656 3086 4719 veritas,
3115 4670 3307 4723 panem
3339 4660 3394 4707 et

1836 4750 2049 4812 vinum,
2105 4764 2194 4803 res
2243 4747 2549 4802 materiales
2589 4755 2836 4813 creatas,
2875 4745 2927 4801 in
2970 4760 3153 4799 veram
3188 4744 3389 4813 pr0prii

1838 4844 2082 4912 corporis
2125 4851 2179 4896 et
2222 4840 2502 4909 sanguinis
2550 4840 2908 4895 substantiam
2971 4840 3274 4902 convertit,
3329 4853 3389 4891 ac

1835 4935 2165 4992 convertisse
2200 4948 2258 4988 se
2288 4933 2458 4987 dixit:
2488 4948 2619 5001 crgo
2648 4946 2831 4985 verum
2867 4944 3064 4999 corpus
3098 4929 3388 4982 humanum

1839 5052 1903 5089 ex
1942 5033 2189 5089 inferiori
2227 5032 2452 5086 materia
2483 5030 2839 5099 compositum
2867 5069 2882 5092 ,
2934 5036 3225 5094 nostroque
3257 5041 3387 5080 con-

1836 5126 2190 5183 substantiale
2207 5124 2395 5179 habuit
2424 5140 2437 5177 :
2462 5138 2591 5193 ergo
2617 5122 2796 5175 mundi
2821 5118 3265 5179 creatorisFilius
3286 5126 3387 5181 est,

1837 5224 1889 5268 et
1912 5212 2144 5268 Verbum
2176 5212 2312 5280 ejus.

1907 5307 1995 5363 82.
2028 5306 2144 5359 Erit
2172 5306 2307 5359 forte
2330 5302 2711 5359 eCalvinianis
2732 5302 3025 5371 quispiam,
3051 5301 3139 5370 qui
3171 5316 3391 5371 respon-

1836 5399 1979 5461 deat,
2011 5398 2209 5451 Irenaeo
2237 5394 2371 5449 satis
2394 5395 2559 5449 fuisse
2587 5396 2817 5461 probare
2848 5380 3246 5449 Eucharistiam
3271 5407 3391 5447 esse

1835 5490 2076 5558 corporis
2115 5499 2169 5542 et
2202 5489 2479 5559 sanguinis
2513 5487 2711 5543 Christi
2742 5489 2990 5557 ﬁguram,
3020 5496 3077 5541 ut
3102 5486 3227 5541 inde
3255 5501 3386 5541 enn-

1836 5582 2019 5636 ﬁceret
2055 5581 2343 5637 Dominum
2372 5578 2619 5636 hostrum
2650 5595 2834 5634 verum
2869 5594 3064 5649 corpus
3094 5587 3148 5633 et
3170 5576 3389 5646 sangui-

1837 5691 1959 5731 nem
2002 5675 2399 5747 assumpsisse:
2424 5689 2569 5741 nam,
2606 5683 2661 5727 ut
2699 5674 2773 5726 ait
2799 5672 3187 5736 Tertullianus,
3216 5672 3308 5726 lib.
3335 5679 3387 5721 tv

2955 5922 3024 5982 11
