4196 6330
849 361 945 415 551

1654 355 2241 415 DISSERTATIONES
2279 354 2579 413 PRAEVLE
2622 356 2685 412 ΙΝ
2721 356 2975 415 ΙΒΕΝίΕΙ
3013 359 3276 416 LlBllOS.

3946 366 4043 421 339.

846 487 984 531 cont.
1026 476 1291 532 Marcion.
1324 494 1372 532 c.
1400 478 1452 541 4,
1488 496 1506 530 ι
1548 493 1716 533 vacua
1764 492 1885 547 res,
1917 482 2058 550 quod
2098 491 2179 536 est
2225 482 2397 550 phan-
2423 484 2470 538 A
2496 482 2725 550 percipit
2765 483 2964 549 vitam,
3007 492 3127 553 (tua:
3169 498 3398 553 corpore
3436 495 3489 539 et
3528 486 3793 557 sanguine
3840 487 4045 541 Domini

847 580 1041 635 tasma,
1077 572 1301 641 ﬁguram
1333 588 1530 643 capere
1568 590 1673 629 non
1712 588 1912 643 posset.
1974 597 1993 631 ι
2029 579 2133 633 Sed
2170 579 2395 633 vanissi-

845 679 989 718 mam
1025 666 1434 733 responsionem
1479 666 1590 734 jam
1636 672 2041 740 occupavimus.
2094 672 2200 727 Nec
2248 676 2391 728 enim

842 757 1046 812 lrenaeo
1068 758 1402 827 probandum
1432 762 1691 817 duntaxat
1723 771 1872 829 erat,
1901 765 2172 820 Christum
2204 780 2392 819 verum

842 848 1098 904 habuisse
1127 865 1360 918 corpus;
1391 850 1441 905 id
1473 854 1669 921 quippe
1702 867 1807 908 non
1854 854 2094 910 absolute
2128 856 2395 925 negabant

842 941 899 1005 ii,
930 957 1068 1009 quos
1097 942 1182 996 hic
1204 943 1416 1009 refellit,
1452 944 1727 1009 haeretici;
1765 949 1858 1002 sed
1889 949 1939 1000 id
1969 950 2266 1017 priesertim
2297 952 2393 1005 de-

840 1036 1249 1089 monstrandum
1279 1046 1394 1090 erat
1416 1076 1430 1097 .
1462 1038 1746 1092 Dominum
1778 1050 2021 1094 nostrum
2059 1056 2257 1112 corpus
2287 1043 2391 1098 sibi

837 1140 904 1180 ex
933 1127 1179 1181 inferiori
1227 1130 1453 1183 materia
1497 1146 1526 1185 a
1570 1133 1754 1187 mundi
1797 1134 2128 1201 fabricatore
2175 1136 2388 1190 condita

838 1220 1152 1290 sumpsisse,
1206 1231 1397 1277 nostro
1448 1224 1931 1279 consubstantiale.
1971 1228 2128 1296 Atqui
2160 1230 2209 1281 id
2240 1239 2389 1285 certe

836 1309 944 1365 hoc
988 1322 1311 1382 argumento
1364 1331 1467 1370 non
1512 1316 1963 1372 demonstrasset.
2007 1320 2199 1374 Statim
2244 1323 2386 1377 enim

834 1404 1155 1472 regessisset
1197 1402 1646 1472 Valentinianus,
1693 1409 1813 1463 ideo
1860 1410 2132 1465 Christum
2173 1426 2385 1466 assum-

833 1495 1004 1562 psisse
1032 1512 1223 1564 panem
1250 1507 1304 1551 et
1332 1500 1539 1566 vinum,
1567 1510 1623 1554 ut
1650 1501 1716 1555 iis
1736 1504 1981 1573 corporis
2009 1516 2061 1560 et
2086 1508 2383 1575 sanguinis,

832 1600 952 1654 qua:
977 1587 1282 1643 mortalium
1312 1590 1562 1645 sensibus
1590 1591 1897 1662 objecerat,
1926 1594 2145 1665 ﬁguram
2185 1600 2387 1652 consti-

834 1688 1038 1743 tueret;
1068 1695 1131 1735 ac
1161 1682 1389 1751 proinde
1426 1682 1585 1738 sicuti
1619 1700 1683 1739 eo
1724 1700 1953 1755 corpore
1984 1689 2154 1757 quod,
2189 1690 2240 1744 iu
2281 1700 2387 1745 ter-

831 1769 907 1823 ris
934 1785 1133 1840 agens,
1168 1772 1444 1827 hominum
1473 1789 1664 1829 sensus
1697 1775 1988 1845 allecerat,
2030 1796 2231 1834 meram
2266 1798 2385 1837 cor-

830 1862 977 1933 poris
994 1864 1212 1917 humani
1243 1867 1501 1934 Speciem,
1533 1882 1639 1921 non
1659 1883 1844 1922 verum
1868 1885 2064 1940 corpus
2092 1872 2383 1927 humanum

828 1954 1141 2024 objecerat;
1171 1957 1251 2011 sic
1283 1972 1421 2026 pane
1447 1967 1501 2012 et
1530 1962 1657 2014 vino
1697 1976 1803 2015 non
1839 1976 2021 2016 verum
2045 1978 2264 2034 corpus,
2290 1966 2385 2019 sed

828 2047 1070 2117 corporis
1098 2049 1401 2104 materialis
1423 2053 1748 2119 phantasma
1774 2053 2083 2124 signiﬁcare
2114 2057 2343 2113 voluisse
2368 2073 2381 2109 :

826 2140 938 2196 imo
966 2157 1031 2197 eo
1063 2142 1441 2199 demonstrare
1484 2144 1754 2213 voluisse,
1806 2147 2011 2202 nullam
2058 2151 2156 2205 sibi
2202 2165 2381 2206 veram

816 2235 1071 2304 corporis
1098 2235 1317 2291 humani
1352 2237 1636 2293 materiam
1663 2249 1719 2293 et
1739 2239 2118 2308 substantiam,
2144 2245 2236 2299 sed
2265 2260 2384 2314 spe-

817 2326 963 2381 ciem
994 2326 1264 2382 duntaxat
1307 2328 1505 2385 inesse.
1532 2329 1684 2396 Quod
1714 2342 1894 2387 autem
1935 2335 2229 2391 addidisset
2270 2336 2379 2389 lre-

829 2434 999 2483 natus,
1029 2420 1175 2475 omni
1209 2420 1392 2492 ﬁgurae
1436 2423 1721 2477 veritatem
1773 2425 2003 2493 aliquam
2055 2430 2381 2498 respondere

782 2510 1044 2578 \dehere,
1076 2511 1219 2567 illico
1249 2513 1582 2570 dissolvisset
1611 2515 2043 2587 Valentinianus,
2079 2536 2375 2590 reponens,

822 2599 1046 2671 utrique
1074 2600 1290 2671 ﬁgurae,
1343 2604 1577 2659 naturali
1617 2605 1827 2659 scilicet
1857 2615 1913 2659 et
1960 2606 2378 2672 Eucharisticar,

827 2691 1155 2762 respondere
1182 2707 1370 2747 verum
1416 2692 1545 2748 illud
1579 2709 1775 2764 corpus
1808 2706 2053 2765 paratum
2096 2698 2380 2751 inenarra-

824 2784 918 2839 bili
953 2794 1092 2849 arte,
1118 2786 1260 2856 quod
1285 2801 1314 2839 a
1338 2785 1690 2855 dispositione
1714 2788 1815 2841 sibi
1839 2790 2194 2844 circumdedit
2222 2790 2381 2846 Chri-

823 2885 977 2941 stus,
1025 2877 1118 2931 sed
1175 2878 1316 2946 quod
1372 2893 1439 2933 ex
1499 2878 1742 2935 inferiori
1792 2883 2021 2936 materia
2059 2895 2375 2940 concretum

823 2984 927 3021 non
973 2970 1063 3023 sit.
1096 2968 1293 3039 Sicque
1337 2971 1446 3026 cito
1493 2974 1693 3028 ruisset
1732 2983 1840 3029 tota
1872 2975 2057 3031 lrenaei
2094 2992 2377 3048 argumen-

823 3062 978 3119 tatio.

2498 574 2680 630 alitur.
2719 572 2853 630 Nam
2880 576 3056 631 addita
3093 577 3260 631 altera
3301 579 3879 651 propositione:Atqui
3922 598 4045 637 caro

2496 676 2683 722 nostra
2712 683 2941 739 corpore
2964 678 3020 725 et
3052 670 3309 740 sanguine
3338 672 3542 725 Domini
3568 670 3754 737 alitur,
3786 673 3897 727 ﬁuit
3927 676 4045 730 hinc

2492 776 2557 816 ex
2584 776 2642 816 se
2670 760 2941 817 conclusio
2976 782 2988 818 :
3024 777 3151 832 ergo
3188 778 3313 817 caro
3352 772 3535 819 nostra
3567 766 3619 818 in
3651 765 4043 835 corruptionem

2496 852 2756 908 devenire
2786 869 2889 908 non
2923 864 3119 923 potest.
3152 853 3367 910 Priores
3392 850 3785 925 propositiones
3818 861 4045 925 probare

2491 960 2945 1015 supervacaneum
2979 947 3199 1012 fuisset;
3226 957 3407 1018 patent
3428 949 3620 1018 quippe
3640 963 3703 1002 ex
3738 949 3866 1018 ipsis
3896 949 4047 1004 Chri-

2491 1037 2558 1090 sti
2582 1036 2762 1093 verbis
2788 1036 2945 1093 JOan.
2972 1053 3042 1104 Vl,
3074 1039 3162 1104 55,
3194 1040 3294 1094 5‘5:
3323 1040 3441 1094 Nisi
3471 1042 3910 1094 ntanducaveritis
3925 1058 4045 1095 car—

2491 1145 2603 1182 nem
2638 1126 2765 1183 Filii
2804 1131 3049 1197 hominis,
3083 1144 3131 1185 et
3163 1132 3391 1187 biberitis
3419 1133 3531 1201 ejus
3555 1122 3894 1203 sanguinem,
3939 1150 4045 1187 non

2489 1219 2741 1273 habebitis
2771 1222 2932 1274 vitam
2966 1222 3018 1275 in
3044 1222 3210 1280 vobis.
3251 1222 3355 1287 Qui
3391 1226 3679 1277 manducat
3710 1240 3874 1277 meam
3922 1242 4044 1277 rar-

2490 1327 2605 1365 nem
2632 1323 2677 1365 et
2700 1312 2827 1365 bibit
2847 1329 3015 1367 meum
3043 1316 3370 1384 sanguinem,
3395 1314 3548 1369 habet
3578 1317 3733 1369 vitam
3768 1324 4040 1378 (δίει-ηοω,

2487 1409 2533 1453 ct
2568 1417 2658 1470 ego
2691 1403 3012 1456 resuscitabo
3038 1419 3153 1456 eum
3176 1404 3231 1455 in
3255 1404 3531 1457 novissimo
3562 1406 3664 1458 die.
3699 1406 4041 1473 Assumptio—

2490 1504 2608 1545 nem
2645 1506 2786 1560 vero,
2813 1493 3056 1562 quamvis
3084 1503 3137 1548 et
3157 1494 3267 1563 ipsa
3292 1496 3425 1549 satis
3445 1505 3626 1565 aperte
3650 1512 3713 1550 ex
3738 1496 3801 1550 iis
3830 1497 4040 1550 Domini

2487 1584 2705 1638 verbis:
2740 1585 2875 1639 Caro
2924 1601 3037 1639 mea
3077 1602 3191 1641 vere
3232 1598 3306 1641 est
3352 1587 3528 1652 cibus,
3559 1599 3606 1644 et
3651 1591 3862 1658 sanguis
3896 1606 4043 1643 meus

2488 1692 2600 1729 vere
2622 1687 2695 1729 est
2716 1687 2869 1745 potus
2889 1719 2904 1744 ,
2931 1679 3430 1745 demonstraretur,
3468 1679 3591 1750 expl
3615 1688 3698 1736 cat
3720 1721 3733 1745 ,
3766 1682 3961 1750 prohat
3993 1692 4046 1736 et

2488 1768 2772 1821 coutirmat
2803 1770 3049 1823 Irenzeus.
3085 1768 3162 1824 Ac
3192 1771 3367 1838 primo
3393 1772 3605 1840 quidem
3628 1772 3901 1836 observat,
3936 1774 4047 1827 ha:-

2490 1860 2777 1914 reticorum
2814 1861 3134 1914 sententiam
3176 1875 3299 1917 cum
3334 1863 3448 1932 ipsa
3498 1863 3746 1918 sacriﬁcii
3789 1864 4047 1919 euchari-

2485 1951 2605 2006 stici
2638 1950 2764 2017 ﬁde,
2790 1967 2949 2021 quam
2981 1962 3158 2009 tamen
3182 1956 3422 2011 eamdem
3452 1973 3571 2013 cum
3604 1959 3882 2015 catholicis
3909 1975 4046 2026 pro-

2486 2044 2799 2112 ﬁtebantur,
2831 2048 2909 2102 sic
2934 2063 3252 2119 repugnare,
3283 2061 3338 2105 ut
3367 2053 3434 2107 ab
3463 2051 3733 2107 offerendo
3768 2052 4045 2107 sacriﬁcio

2484 2139 2859 2195 abstinendum
2889 2142 2970 2197 eis
3005 2153 3172 2209 esset,
3196 2154 3290 2198 aut
3324 2148 3575 2200 mutanda
3605 2147 3866 2203 sententia
3894 2164 3907 2200 :
3944 2162 4043 2201 ca-

2487 2227 2803 2283 tholicorum
2838 2245 2963 2285 vero
2992 2234 3313 2288 sententiam
3362 2248 3482 2289 cum
3520 2232 3855 2288 Eucharistia
3900 2235 4045 2288 mire

2482 2322 2616 2375 adeo
2642 2324 2974 2389 consentire,
3012 2332 3069 2378 ut
3094 2325 3221 2380 hinc
3246 2340 3443 2382 novum
3474 2327 3522 2381 ei
3550 2328 3713 2381 robur
3733 2326 4041 2381 accederet.

2481 2414 2769 2471 Oll‘erimus
2792 2419 2957 2483 enim,
2990 2418 3183 2487 inquit,
3214 2416 3322 2473 Deo
3346 2434 3466 2489 qua:
3494 2429 3617 2475 sunt
3651 2420 3786 2488 ejus.
3817 2420 4047 2487 propria

2482 2506 2652 2576 ipsius
2685 2510 2844 2574 bona,
2871 2511 2937 2564 ab
2966 2525 3030 2564 eo
3056 2510 3268 2564 condita
3298 2520 3352 2564 et
3382 2520 3583 2572 creata,
3615 2524 3805 2580 panem
3839 2510 4045 2566 videli-

2482 2608 2567 2651 cet
2599 2607 2655 2651 et
2688 2599 2901 2663 vinum,
2947 2616 3069 2669 quae
3110 2604 3520 2657 consecratione
3560 2618 3622 2656 ac
3663 2602 4049 2657 benedictione

2483 2691 2849 2747 ministrorum
2876 2692 3128 2749 Ecclesia:
3155 2694 3289 2749 ﬁunt
3312 2694 3509 2752 Christi
3539 2694 3767 2762 Domini,
3795 2693 3916 2748 Filii
3950 2694 4048 2749 Dei

2482 2784 2740 2853 unigeniti
2775 2800 2838 2839 ac
2866 2783 3027 2841 Verbi
3063 2802 3259 2855 corpus
3291 2796 3346 2843 et
3366 2788 3601 2857 sanguis,
3628 2785 3876 2858 ἐμμελῶς
3921 2804 4048 2840 κοι-

2478 2876 2669 2929 νωνίαν
2703 2876 2795 2929 καὶ
2823 2877 3012 2930 ἕνωσιν
3042 2877 3500 2947 ἀπαγγέλλοντες,
3531 2879 3792 2933 concinne
3835 2879 4049 2947 pradi-

2481 2976 2668 3019 cantes
2694 2968 3124 3023 communionem
3149 2979 3203 3022 et
3226 2969 3474 3023 unionem
3500 2987 3515 3035 ;
3556 2984 3784 3038 quarum
3811 2984 4005 3024 rerum
4030 3010 4046 3033 ,

2478 3058 2581 3111 nisi
2622 3072 2807 3113 earum
2828 3100 2843 3125 ,
2871 3060 2937 3114 de
2964 3061 3162 3129 quibus
3198 3060 3354 3129 paulo
3394 3071 3516 3117 ante
3542 3076 3843 3117 sermonem
3867 3061 4009 3117 fecit
4030 3104 4046 3127 ,

889 3152 979 3207 85.
1020 3152 1161 3208 Idem
1207 3163 1583 3225 argumentum
1634 3158 1704 3211 ab
1750 3156 2088 3212 Eucharistia
2145 3159 2374 3227 petitum
2408 3170 2445 3225 ε
2487 3151 2641 3206 Verbi
2668 3152 2872 3207 scilicet
2911 3152 3079 3209 divini
3120 3169 3242 3209 cum
3286 3154 3519 3209 buruano
3557 3153 3775 3208 Christi
3803 3168 4052 3223 corpore

820 3244 1111 3299 conﬁrmat
1142 3255 1195 3301 et
1237 3247 1506 3302 instaurat
1536 3247 1791 3313 Irenazus,
1828 3260 1886 3302 ut
1917 3249 2145 3305 alterum
2171 3252 2376 3307 hereti-

808 3351 1035 3400 corum,
1067 3338 1249 3391 carnis
1277 3339 1729 3393 resurrectionem
1761 3342 2102 3410 negantium,
2137 3357 2373 3399 errorem

816 3427 1072 3500 conﬁgat.
1123 3428 1298 3485 Verba
1342 3429 1533 3488 Latine
1581 3431 1866 3500 recitabo,
1909 3435 1976 3490 iis
2009 3436 2271 3491 duntaxat
2309 3454 2374 3493 ex

811 3524 1011 3581 Graeco
1066 3524 1316 3590 additis,
1378 3539 1498 3594 qum
1561 3526 1615 3579 in
1678 3526 2125 3597 interpretatione
2178 3529 2373 3585 Latina

819 3621 1021 3674 omissa
1058 3628 1185 3673 sunt
1232 3619 1296 3673 ⁶⁹.
1329 3637 1348 3670 r
1390 3619 1668 3687 Quomodo
1721 3614 1901 3675 autem
1952 3638 2141 3679 rursus
2192 3626 2374 3680 dicunt

804 3725 1032 3766 carnem
1067 3712 1120 3766 in
1147 3713 1552 3782 corruptionem
1578 3713 1852 3781 devenire,
1875 3724 1928 3770 et
1956 3732 2060 3771 non
2093 3722 2372 3788 percipere

815 3802 1003 3867 vitam,
1041 3818 1161 3872 quae
1214 3819 1443 3874 corpore
1497 3805 1709 3861 Domini
1760 3817 1815 3861 et
1869 3809 2131 3879 sanguine
2169 3810 2397 3865 alitur?

812 3890 957 3960 Ergo
986 3903 1076 3946 aut
1104 3896 1432 3950 sententiam
1462 3905 1711 3963 mutent,
1757 3909 1851 3953 aut
1894 3900 2207 3956 abstineant
2239 3902 2368 3956 offe-

813 3983 985 4040 rendo
1014 4000 1134 4055 quae
1162 3987 1419 4057 praedicta
1459 3998 1606 4044 sunt.
1638 3988 1836 4045 Nostra
1870 4000 2045 4047 autem
2069 4007 2371 4048 consonans

810 4085 894 4132 est
939 4079 1205 4135 sententia
1252 4079 1647 4146 Eucharisliae,
1702 4092 1757 4137 et
1800 4082 2138 4139 Eucharistia
2186 4101 2370 4140 rursus

810 4170 1100 4225 conﬁrmat
1150 4175 1474 4229 sententiam
1517 4158 1779 4231 nostram;
1826 4176 2110 4234 Oﬁ‘erimus
2149 4181 2289 4235 enim
2320 4180 2368 4236 ei

810 4274 929 4330 qua:
969 4269 1098 4315 sunt
1142 4262 1288 4333 ejus,
1336 4273 1695 4333 congruenter
1732 4267 2271 4322 communicationem
2315 4276 2370 4321 et

810 4352 1067 4407 unitatem
1102 4354 1307 4424 (Graece
1342 4356 1620 4410 κοινωνίαν
1654 4358 1747 4410 καὶ
1784 4358 1996 4421 ἕνωσιν,
2032 4360 2369 4415 communio-

808 4457 929 4497 nem
961 4454 1016 4499 et
1044 4447 1317 4518 unionem)
1347 4448 1699 4517 praedicantes
1783 4449 1976 4518 (suppl.
2010 4450 2167 4505 Verbi
2200 4453 2362 4506 divini

2476 3252 2529 3298 et
2561 3246 2854 3314 sanguine,
2894 3256 3001 3299 tum
3035 3249 3291 3310 naturali,
3321 3258 3433 3303 tum
3483 3248 3902 3303 sacramentali?
3947 3251 4048 3303 καὶ

2472 3335 2857 3406 ὁμολογοῦντες
2881 3339 3078 3409 σαρκὸς
3094 3341 3186 3393 καὶ
3211 3339 3514 3410 πνεῦματος
3534 3340 3769 3412 ἔγερσιν,
3793 3351 3846 3394 et
3864 3342 4051 3395 conﬁ-

2477 3435 2652 3481 tentes
2683 3430 3133 3486 resurrectionem
3161 3432 3340 3487 carnis
3382 3442 3435 3486 et
3472 3434 3706 3501 spiritus.
3754 3432 3892 3487 Tum
3942 3435 4045 3489 de-

2474 3536 2618 3575 mum
2645 3523 2711 3576 ad
2735 3536 2950 3577 causam
2990 3524 3214 3595 propius
3245 3526 3527 3591 accedens,
3554 3528 3701 3581 addit
3729 3545 3742 3580 :
3775 3547 3792 3579 ι
3832 3530 4049 3596 Quem-

2473 3615 2757 3670 admodum
2813 3618 2955 3672 enim
2995 3617 3085 3687 qui
3132 3627 3215 3675 est
3254 3632 3284 3671 a
3326 3628 3467 3672 terra
3510 3622 3695 3686 panis,
3723 3623 4048 3689 percipiens

2472 3704 2868 3761 invocationem
2906 3706 3022 3771 Dei,
3064 3726 3084 3761 ι
3122 3718 3226 3764 etc.
3253 3748 3270 3775 ,
3308 3708 3504 3778 quibus
3532 3712 3817 3767 manifeste
3846 3713 4051 3768 alludit

2471 3797 2596 3867 (nec
2633 3797 2887 3854 diﬁitetur
2925 3799 3192 3873 Grabius)
3231 3802 3297 3856 ad
3341 3800 3633 3857 solemnem
3664 3803 3809 3858 illam
3840 3807 4050 3860 verbo-

2473 3905 2589 3945 rum
2619 3890 2941 3960 formulam,
2974 3908 3092 3963 qute
3125 3894 3179 3948 in
3223 3894 3461 3965 antiquis
3496 3896 3747 3951 omnibus
3792 3895 4049 3968 liturgiis

2470 3981 2840 4038 Orientalibus
2868 3985 3137 4051 occurrit,
3174 4000 3444 4057 quamque
3473 3985 3644 4042 Grieci
3672 4002 3794 4043 cum
3820 3987 4046 4043 Irenaeo

2470 4077 2589 4129 κατ’
2624 4076 2811 4146 ἐξοχὴν
2846 4088 3039 4131 vocant
3060 4062 3342 4149 ἐπίκλησίν
3362 4118 3376 4142 ,
3412 4080 3809 4133 invocationem.
3842 4081 3925 4136 Ea
3957 4088 4051 4137 est

2470 4182 2574 4236 qua
2604 4167 2745 4223 Deus
2772 4176 2959 4223 oratur
2990 4181 3048 4223 ut
3090 4170 3267 4223 mittat
3306 4168 3567 4239 Spiritum
3621 4182 3909 4238 sanctum,
3945 4174 4047 4243 qui

2468 4274 2566 4313 suo
2598 4259 2649 4313 in
2677 4260 2813 4314 dona
2845 4261 3119 4327 proposita
3150 4260 3363 4330 illapsu,
3394 4261 3879 4333 eliicacissimaque
3904 4281 4048 4335 ope—

2470 4349 2674 4404 ratione
2704 4349 2868 4404 faciat
2891 4364 2954 4405 ea
2986 4363 3181 4419 corpus
3226 4360 3280 4404 et
3320 4354 3630 4423 sanguinem
3663 4353 3866 4410 Christi
3894 4372 3911 4421 ;
3960 4358 4046 4413 si—

2470 4439 2687 4509 mulque
2717 4439 2962 4494 ﬁdelibus
2995 4454 3057 4495 ea
3102 4440 3520 4509 suscipientibus
3558 4443 3630 4496 ita
3662 4458 3757 4512 per
3786 4445 4045 4513 gratiam

806 4548 929 4587 cum
984 4550 1209 4606 θοι-ροτε
1256 4548 1313 4593 ει
1367 4542 1629 4609 sanguine
1686 4539 1896 4594 Domini
1930 4558 1944 4606 ς
2018 4552 2128 4597 tum
2183 4544 2319 4598 adde
2344 4583 2358 4608 ,
2395 4519 2438 4573 D
2470 4546 2621 4584 suam
2645 4531 3013 4600 superveniat,
3046 4541 3101 4588 et
3136 4532 3384 4588 illabatur
3413 4546 3601 4587 eorum
3636 4534 3940 4604 cordibus,
3982 4549 4049 4593 ut

805 4624 956 4693 juxta
984 4626 1246 4703 Graecum,
1272 4629 1363 4684 καὶ
1388 4631 1769 4701 ὁμολογοῦντες
1791 4634 1988 4705 σαρκὸς
2008 4634 2100 4687 καὶ
2119 4635 2358 4707 πνεύμα-

810 4735 901 4781 τος
944 4716 1187 4791 ἔγερσιν,
1221 4733 1277 4776 ct
1318 4725 1632 4779 conﬁtentes
1672 4726 2120 4782 resurrectionem
2180 4730 2359 4783 carnis

804 4821 859 4866 et
886 4812 1613 4886 spiritus).Quemadmodum
1641 4818 1780 4873 enim
1805 4823 1895 4889 qui
1928 4829 2009 4875 est
2033 4838 2060 4873 a
2088 4831 2226 4876 terra
2263 4838 2359 4891 pa-

807 4904 914 4969 nis,
938 4906 1238 4975 percipiens
1267 4908 1658 4965 invocationem
1694 4913 1809 4977 Dei,
1841 4912 1951 4981 jam
1986 4930 2089 4968 non
2121 4928 2362 4969 commu-

805 4994 889 5065 nis
947 4997 1101 5063 panis
1149 5006 1267 5062 est,
1309 4998 1402 5052 sed
1448 4999 1818 5065 Eucharistia,
1849 5018 1913 5056 ex
1954 5005 2158 5058 duabus
2202 5004 2361 5059 rebus

805 5098 1077 5150 constans,
1112 5098 1320 5144 terrena
1352 5103 1407 5146 et
1446 5093 1654 5148 ctelesti
1686 5112 1700 5146 :
1733 5092 1808 5147 sic
1841 5105 1892 5148 et
1920 5111 2141 5163 corpora
2176 5104 2355 5150 nostra

804 5181 1149 5251 percipientia
1178 5182 1569 5239 Eucharistiam
1596 5226 1610 5250 ,
1636 5188 1749 5257 jam
1786 5205 1891 5243 non
1935 5200 2059 5242 sunt
2093 5190 2358 5257 corrupti-

802 5275 963 5341 bilia,
999 5291 1148 5345 spem
1186 5279 1610 5335 resurrectionis
1652 5280 1929 5336 habentia.
1971 5300 1989 5333 ι
2033 5280 2129 5335 Hic
2179 5283 2356 5336 carnis

801 5378 1002 5424 nostra:
1052 5372 1494 5427 resurrectionem
1527 5390 1590 5427 ex
1623 5373 1818 5444 duplici
1872 5377 2237 5444 pr0positione
2270 5377 2353 5428 in-

805 5459 911 5516 fert
958 5460 1221 5527 Irenaeus,
1273 5467 1649 5521 nimirutn:Ea
1682 5483 1809 5523 caro
1857 5469 1908 5521 iu
1956 5476 2352 5537 corruptionem

805 5557 1052 5611 devenire
1083 5573 1185 5611 non
1214 5569 1417 5627 potest,
1472 5573 1594 5627 qum
1638 5560 1864 5629 percipit
1898 5560 2095 5627 vitam;
2129 5576 2190 5615 ea
2224 5574 2351 5613 caro

872 5809 917 5841 "
946 5809 1111 5882 item,
1141 5805 1231 5866 lib.
1262 5826 1333 5870 tv.
1362 5833 1408 5877 c.
1448 5809 1525 5879 1,3,
1556 5828 1610 5867 II.
1647 5811 1697 5866 5.

2466 4624 2652 4677 eadem
2689 4624 2941 4693 mysteria
2972 4624 3179 4693 prosint
3207 4624 3309 4679 illis
3330 4623 3393 4677 ad
3424 4625 3791 4679 remissionem
3822 4642 4047 4696 pecca-

2470 4725 2672 4780 torum,
2699 4716 2886 4787 gratia:
2913 4725 3255 4783 augmentum
3280 4754 3297 4780 ,
3344 4726 3398 4771 et
3427 4718 3589 4770 vitam
3622 4726 3915 4777 aeternam.
3955 4723 4045 4776 Ad

2459 4810 2700 4865 eamdem
2730 4807 3041 4878 ἐπίκλησιν,
3072 4807 3440 4862 invocationem
3463 4848 3479 4870 ,
3513 4824 3626 4879 ipso
3649 4809 3856 4865 fatente
3881 4813 4045 4867 Gra-

2460 4909 2547 4962 bio
2575 4907 2642 4974 7°,
2675 4906 2875 4975 pariter
2918 4905 3241 4975 respiciebat
3289 4901 3517 4973 Cyrillus
3568 4903 4042 4976 Hierosolymita-

2461 5015 2584 5065 nus,
2614 5008 2672 5052 ut
2695 4997 2877 5069 plures
2908 4996 3043 5052 alios
3096 4996 3338 5052 omittam
3371 4997 3586 5055 Graecos
3610 4998 3793 5053 Patres
3815 5041 3831 5065 ,
3885 5002 4039 5054 scri-

2458 5094 2591 5147 bens
2634 5092 2854 5148 Catech.
2888 5091 2951 5157 i,
3012 5112 3030 5145 ι
3066 5094 3399 5165 ἐπικλήσεως
3428 5085 3752 5163 γενομένης,
3790 5089 4039 5145 invoca-

2459 5188 2605 5241 tione
2644 5185 2806 5249 facta,
2837 5199 3029 5255 panem
3078 5183 3195 5237 ﬁeri
3236 5196 3432 5250 corpus
3464 5181 3685 5240 Christi.
3733 5201 3753 5236 ι
3790 5180 3863 5235 Ει
3919 5184 4041 5239 Ca-

2457 5280 2599 5335 tech.
2628 5280 2660 5334 5
2693 5298 2706 5333 :
2749 5297 2766 5330 ι
2802 5277 3096 5348 Rogamus,
3129 5275 3336 5346 inquit,
3371 5275 3535 5329 Deum
3566 5274 3995 5330 misericordem
4022 5319 4041 5342 ,

2455 5388 2512 5426 ut
2556 5382 2798 5426 sanctum
2845 5370 3104 5433 Spiritum
3158 5367 3337 5421 mittat
3383 5381 3547 5435 super
3596 5365 3882 5435 proposita
3914 5407 3934 5432 ,
3980 5380 4043 5439 et

2450 5466 2614 5521 faciat
2639 5479 2829 5535 panem
2860 5463 3075 5531 quidem
3108 5473 3304 5529 corpus
3330 5456 3572 5519 Christi,
3607 5457 3793 5509 viuum
3826 5468 4035 5513 autem

2451 5558 2765 5625 sanguinem
2796 5554 3026 5611 Christi.
3062 5572 3080 5606 ι
3117 5550 3208 5609 Sic
3254 5560 3436 5608 autem
3486 5549 3552 5605 ad
3599 5563 3714 5602 cam
3752 5546 4041 5605 allusisse

1795 5813 1837 5843 ⁷ο
1866 5810 1984 5866 Νοι.
2018 5813 2067 5867 in
2099 5812 2192 5868 lib.
2224 5827 2273 5878 v,
2307 5825 2422 5881 cap.
2455 5809 2509 5863 9..
