4196 6330
193 403 299 458 555

1117 407 1571 465 DISSIZIITATIO
1614 412 1701 479 Ill,
1743 412 1828 466 DE
1865 412 2116 467 IllENjEl
2161 412 2521 470 DOCTRINA.

3315 411 3421 467 357i

193 521 480 593 Cyrillum,
512 532 572 575 ut
600 525 873 594 proposita
904 530 1042 580 dona
1080 527 1312 596 Spiritus
1337 533 1516 586 sancti
1551 533 1762 602 illapsu,
1795 538 1839 592 A
1871 547 2044 601 ipsum
2087 544 2171 588 est
2203 535 2345 603 quod
2396 534 2554 602 paulo
2600 531 2938 588 enucleatius
2979 530 3254 599 explicare
3294 533 3427 593 vult,

192 625 249 667 et
291 611 670 669 elIicacissima
701 619 1019 686 operatione
1053 625 1402 676 transmutari
1437 623 1624 689 vellet,
1657 641 1762 679 non

193 705 474 760 moraliter
505 715 735 769 tantum,
768 711 860 764 sed
897 726 1045 774 vere,
1075 713 1296 768 realiter
1331 724 1384 768 ct.
1426 718 1760 772 substantia-

192 797 318 850 liter
353 798 405 850 in
435 798 612 866 ipsum
644 799 845 856 Christi
876 818 1072 872 corpus
1096 813 1149 856 et
1187 809 1506 875 sanguinem
1529 849 1543 875 ,
1576 822 1762 880 aperte

190 889 488 944 conﬁtetur
515 890 751 947 Grabius
776 936 789 958 ,
847 904 904 947 ut
952 906 1136 963 postea
1167 901 1439 962 dicemus;
1477 903 1760 959 conﬁtebi—

189 991 278 1034 tur
298 990 352 1034 et
382 982 524 1037 alius
549 986 797 1054 quisquis
819 1003 887 1041 ex
922 1005 1079 1059 aequo
1123 1002 1177 1046 et
1218 993 1362 1047 hono
1390 1011 1550 1064 agere
1579 997 1759 1051 volue-

185 1071 279 1124 rit.
338 1072 544 1128 Eodem
605 1077 832 1145 proinde
880 1093 1130 1149 spectare
1194 1085 1380 1140 lrenaei
1439 1088 1758 1143 allusionem

183 1161 421 1218 fateatur
450 1181 677 1223 necesse
725 1178 829 1223 est.
873 1171 938 1225 Et
978 1185 1125 1230 certe
1166 1192 1226 1231 ea
1265 1180 1522 1234 invocatio
1596 1181 1757 1236 litur-

181 1255 330 1324 gica,
363 1273 526 1326 quam
560 1269 670 1314 tum
721 1260 954 1320 Irenazus
982 1306 997 1332 ,
1043 1276 1154 1322 tum
1191 1269 1426 1341 Cyrillus
1453 1312 1467 1337 ,
1523 1280 1631 1327 tum
1666 1275 1755 1330 alii

181 1345 376 1403 Patres
418 1361 527 1405 tam
570 1371 709 1425 sazpe
752 1373 1089 1427 memorant,
1133 1361 1502 1433 cujuscunque
1533 1366 1754 1421 alterius

183 1454 465 1496 sacrorum
515 1445 783 1503 donorum
839 1457 1344 1522 transmutationis,
1388 1475 1546 1527 quam
1596 1463 1755 1517 realis

183 1530 435 1606 [CXLIII]
462 1548 519 1590 et
541 1539 916 1596 substantialis
951 1544 1002 1598 in
1036 1545 1211 1614 ipsum
1236 1548 1442 1602 Christi
1475 1566 1670 1620 corpus
1699 1563 1752 1606 et

181 1628 527 1695 sanguinem,
565 1647 782 1689 sensum
823 1641 1010 1707 procul
1040 1642 1300 1698 excludit.
1334 1645 1574 1714 Rogatur
1603 1649 1752 1716 quip-

179 1733 244 1787 pe
286 1719 525 1789 Spiritus
564 1739 787 1784 sanctus
819 1741 877 1783 ut
917 1734 1240 1799 descendat,
1297 1752 1401 1790 non
1459 1748 1665 1793 tantum
1697 1742 1748 1794 in

178 1809 419 1868 lidelium
445 1818 633 1883 corda,
661 1835 724 1873 ea
755 1824 1227 1892 sanctiﬁcaturus;
1286 1831 1382 1882 sed
1431 1841 1485 1884 et
1534 1833 1584 1885 in
1635 1833 1748 1901 ipsa

1865 639 1988 677 cum
2019 626 2201 677 statim
2231 626 2402 689 addit,
2438 643 2454 675 ι
2497 624 2887 678 Eucharistiam
2925 638 2990 677 cx
3021 624 3231 677 duabus
3264 625 3427 678 rebus

1864 725 2142 779 censtare,
2177 726 2393 771 terrena
2434 727 2487 770 et
2531 717 2756 771 caelesti.
2797 737 2814 768 ι
2865 717 3155 784 Perspicua
3207 717 3425 784 quidem

1864 808 2048 870 verba,
2084 808 2185 861 nisi
2216 809 2367 863 tricis
2396 809 2511 863 suis
2539 810 2828 879 caliginem
2895 810 2962 863 iis
3001 809 3282 862 ollundere
3312 819 3423 861 stu-

1862 899 2106 951 duissent
2133 898 2455 952 Calviniani.

1932 989 2019 1044 84.
2053 989 2205 1044 Hanc
2231 999 2408 1046 tamen
2438 991 2596 1045 facile
2633 991 2889 1046 discutiet
2911 992 3000 1060 qui
3027 1001 3137 1044 tum
3162 991 3227 1045 ad
3257 991 3429 1044 hazre-

1861 1083 2108 1148 tieorum,
2143 1083 2231 1150 qui
2272 1084 2357 1139 hic
2408 1083 2748 1150 refelluntur,
2800 1083 3161 1153 hypothesim,
3204 1091 3314 1136 tum
3359 1083 3426 1134 ad

1861 1176 2025 1227 totius
2059 1178 2548 1243 argumentationis
2571 1177 2757 1231 lrenazi
2783 1178 2978 1231 seriem
3010 1177 3296 1231 attendere
3323 1191 3419 1228 vo—

1858 1266 2038 1322 luerit.
2071 1267 2377 1322 Pauloante
2406 1271 2541 1323 dixit
2572 1269 2630 1324 S.
2690 1271 2920 1332 dortor,‘
2951 1270 3117 1324 alium
3169 1284 3311 1334 esse,
3357 1283 3425 1322 ex

1857 1358 2236 1413 haereticorum
2283 1363 2572 1426 sententia,
2608 1378 2636 1415 a
2693 1378 2950 1432 supremo
2998 1361 3159 1415 Patre
3193 1361 3425 1414 fabrica-

1863 1458 2032 1502 torem
2085 1451 2266 1506 mundi
2305 1468 2318 1516 ;
2357 1452 2641 1507 Dominum
2685 1468 2814 1509 vero
2857 1463 3101 1508 nostrum
3157 1469 3261 1506 non
3300 1466 3422 1506 esse

1853 1540 2071 1608 Filium,
2099 1559 2196 1598 nec
2230 1545 2460 1598 Verbum
2499 1547 2614 1615 ejus
2640 1588 2654 1611 ,
2690 1548 2811 1616 quia
2859 1563 3046 1601 verum
3077 1562 3275 1616 corpus
3324 1547 3422 1600 hu-

1853 1648 2070 1687 manum
2104 1652 2170 1689 ex
2203 1646 2418 1690 terrena
2447 1639 2745 1692 substantia
2775 1655 2801 1692 a
2832 1639 3014 1693 mundi
3041 1640 3235 1708 Opiﬁce
3262 1653 3420 1692 crea-

1853 1733 1906 1780 ta
1935 1725 2223 1782 conﬂatum
2257 1745 2362 1784 non
2388 1732 2707 1801 assumpsit,
2743 1747 2840 1786 nec
2862 1733 2963 1788 sibi
2986 1733 3158 1788 univit
3182 1729 3418 1786 Verbum

1852 1821 2123 1877 divinum.
2172 1823 2434 1879 Eumdem
2487 1839 2616 1878 vero
2667 1841 2909 1881 errorem
2965 1826 3053 1881 hic
3103 1826 3418 1881 summatim

177 1915 334 1956 sacra
366 1906 529 1968 dona,
565 1909 744 1965 divina
773 1929 869 1968 sua
909 1925 962 1969 et
1017 1916 1392 1974 eﬂicacissima
1437 1925 1752 1991 operatione
1782 1911 1824 1965 Β

1782 1911 1824 1965 Β
1854 1917 2252 1985 perstringens,
2287 1931 2351 1972 ac
2389 1918 2550 1972 simul
2592 1919 3044 1973 resurrectionem
3079 1918 3262 1973 carnis
3297 1933 3423 1986 pro-

177 1992 232 2046 in
260 2009 322 2047 ea
351 1995 667 2055 immediate
688 2016 928 2072 acturus,
954 2018 1008 2061 et
1035 2008 1247 2080 insigne
1277 2012 1492 2082 aliquod
1517 2016 1749 2072 miracu-

176 2084 285 2137 lum
310 2088 581 2145 editurus.
617 2093 757 2159 Quid
790 2112 920 2152 vero
944 2098 1087 2153 aliud
1133 2104 1380 2157 miraculi
1431 2106 1645 2174 plenum
1692 2110 1745 2166 in

177 2175 292 2245 ipsa
320 2192 480 2234 sacra
513 2180 651 2236 dona
686 2200 846 2253 agere
877 2200 1051 2256 potest
1093 2190 1327 2261 Spiritus
1367 2210 1610 2264 sanctus,
1644 2203 1743 2256 nisi

175 2280 308 2320 vera
341 2275 804 2331 transmutatione
850 2278 1062 2334 cllicere
1111 2298 1170 2337 ea
1219 2285 1424 2354 aliquid
1452 2305 1570 2344 esse
1601 2294 1742 2359 quod

175 2360 331 2428 prius
370 2376 478 2417 non
537 2379 714 2434 erant,
767 2386 963 2442 corpus
1016 2375 1265 2431 videlicet
1327 2388 1380 2433 et
1421 2384 1740 2453 sanguinem

173 2450 403 2519 Christi,
439 2467 498 2512 ut
529 2459 580 2512 in
609 2462 858 2518 omnibus
891 2464 1151 2537 Liturgiis
1181 2469 1396 2540 legitur,
1428 2450 1741 2544 μετξιὸαλὼν

172 2544 251 2614 τῷ
282 2547 562 2618 Πνεύματι
600 2551 678 2623 τῷ
712 2554 867 2622 ἁγίῳ,
923 2570 979 2614 ut
1019 2563 1220 2618 habent
1269 2565 1447 2621 Basilii
1488 2581 1541 2623 et
1569 2569 1740 2641 Chry-

175 2641 403 2694 sostomi
439 2641 743 2717 Liturgiaz?
779 2649 1008 2720 Tropos,
1038 2656 1304 2725 Iiguraset
1328 2661 1605 2728 virtutem,
1643 2682 1737 2719 ne-

173 2730 290 2782 scio
317 2747 505 2802 quam,
538 2736 624 2790 hic
651 2744 1139 2802 comminiscantur
1171 2750 1583 2809 Proles-tantes:
1619 2772 1740 2824 per—

172 2822 422 2890 spicuam
448 2827 739 2885 verborum
777 2840 1102 2893 sententiam
1149 2841 1300 2898 falsis
1333 2845 1739 2917 interpretatio-

173 2919 335 2974 nibus
397 2922 802 2983 circumvenire
860 2947 1133 3002 nunquam
1192 2949 1468 3007 poteruut.
1533 2943 1737 3014 Duplex

171 3010 318 3064 enim
366 3024 559 3080 aperte
604 3016 958 3089 distinguitur
1001 3024 1239 3095 Spiritus
1281 3033 1454 3103 sancti
1492 3010 1735 3106 illapsus,

171 3101 486 3174 duplexque
509 3109 788 3178 utriusque
820 3112 962 3180 linis,
987 3116 1124 3171 alter
1155 3118 1222 3172 ab
1250 3101 1421 3175 altero
1448 3101 1734 3183 diversus:

167 3189 308 3252 alter
335 3194 391 3248 in
419 3197 592 3266 ipsam
637 3203 942 3268 materiam,
985 3207 1036 3260 id
1066 3219 1148 3264 est
1191 3210 1244 3266 in
1288 3229 1443 3270 sacra
1474 3217 1637 3284 dona,
1679 3228 1736 3272 ut

167 3288 298 3340 fiant
333 3287 561 3359 aliquid,
594 3296 738 3361 quod
780 3297 928 3364 prius
957 3318 1060 3355 non
1096 3315 1272 3369 erant,
1326 3309 1582 3364 nimirum
1614 3327 1735 3366 cor-

167 3392 266 3446 pus
295 3390 353 3433 et
379 3386 603 3450 sanguis
627 3387 862 3455 Christi;
909 3392 1045 3447 alter
1090 3396 1141 3449 in
1186 3401 1352 3453 corda
1386 3404 1647 3471 lidelium,
1676 3416 1735 3459 ut

166 3485 356 3525 omnes
381 3475 477 3541 qui
507 3492 910 3537 sacramentum
947 3492 1252 3559 percepturi
1302 3503 1448 3557 sunt,
1498 3494 1730 3552 fructum

166 3567 509 3623 remissionis
579 3584 944 3642 peccatorum,
1016 3584 1310 3653 gratiaeque
1385 3599 1730 3657 augmentum

164 3661 735 3728 consequantur.Curn
768 3667 1143 3741 igiturnegant
1172 3674 1543 3734 Protestantes
1569 3682 1730 3737 aliam

166 3755 686 3810 transmutationem
730 3759 1073 3819 invocatione
1106 3768 1388 3836 postulari,
1419 3787 1579 3840 quam
1612 3793 1728 3830 mo-

164 3843 330 3899 ralem
361 3862 375 3897 :
403 3845 507 3900 hoc
534 3857 640 3913 est,
675 3859 732 3904 ut
763 3852 814 3904 in
859 3854 976 3924 ipsa
1017 3863 1345 3915 sacramenti
1379 3868 1728 3936 perceptione

163 3934 412 3990 ﬁdelibus
445 3953 605 3994 sacra
634 3945 774 3996 dona
800 3960 922 3999 cum
980 3950 1079 4004 lide
1110 3934 1558 4023 percipientibusi
1598 3959 1731 4016 liant

162 4038 359 4095 corpus
402 4038 456 4081 et
502 4031 727 4100 sanguis
783 4032 1027 4102 Christi,
1085 4053 1284 4109 negent
1330 4059 1730 4118 consequenter

159 4114 324 4169 alium
361 4118 524 4190 longe
555 4132 682 4177 ante
714 4130 1150 4184 communionem
1187 4141 1445 4201 postulari
1489 4114 1726 4209 Spiritus

158 4211 328 4264 sancti
355 4211 606 4280 illapsum
639 4215 690 4268 in
727 4216 841 4286 ipsa
869 4235 1027 4276 sacra
1090 4227 1252 4291 dona,
1312 4240 1371 4282 ut
1427 4246 1487 4286 ea
1534 4231 1727 4289 eiliciat

157 4314 360 4372 corpus
390 4313 445 4358 et
471 4308 787 4375 sanguinein
811 4311 1011 4368 Christi
1040 4357 1055 4380 ,
1088 4319 1275 4387 sicque
1303 4323 1571 4391 duplicem
1597 4342 1721 4382 eum

156 4392 408 4463 illapsum
440 4398 798 4466 confundant,
828 4407 1126 4474 perspicuis
1144 4412 1320 4467 verbis
1348 4416 1450 4469 vim
1479 4429 1723 4485 apertam

155 4482 483 4552 inferentes,
515 4505 741 4548 necesse
772 4506 875 4551 est.
905 4496 992 4563 Et,
1017 4513 1223 4567 quasso,
1258 4506 1306 4557 si
1335 4506 1381 4559 is
1405 4508 1476 4561 sit
1507 4509 1725 4564 invoca-

1856 2005 2012 2072 bans,
2045 2008 2283 2062 ostendit
2315 2017 2590 2063 terrenum
2619 2026 2812 2079 panem
2843 2010 2986 2074 ideo,
3020 2019 3141 2078 post
3200 2012 3419 2063 invoca-

1851 2098 2049 2153 tionem
2082 2100 2196 2164 Dei,
2223 2115 2563 2157 communem
2590 2118 2784 2172 panem
2821 2117 2939 2156 esse
2991 2102 3261 2176 desinere,
3288 2104 3415 2171 quia

1849 2190 1905 2243 fit
1945 2211 1963 2240 ι
2001 2191 2366 2257 Eucharistia,
2389 2209 2454 2248 ex
2489 2196 2697 2250 duabus
2732 2196 2894 2250 rebus
2926 2207 3208 2260 constans,
3240 2206 3416 2248 term-

1851 2295 1914 2333 na
1945 2293 1996 2334 et
2027 2282 2254 2337 cutlesti.
2291 2302 2313 2336 ι
2346 2284 2475 2350 Quae
2502 2296 2684 2340 autem
2716 2303 2802 2341 res
2828 2287 2920 2342 illa
2946 2297 3182 2352 terrena,
3210 2302 3278 2342 ex
3312 2302 3417 2355 qua

1850 2382 2068 2426 censtat
2094 2375 2458 2440 Eucharistia,
2496 2379 2598 2431 nisi
2630 2394 2828 2449 corpus
2845 2388 2898 2434 et
2928 2381 3150 2449 sanguis
3175 2381 3411 2442 Domini,

1847 2467 2041 2533 quibus
2069 2468 2141 2522 ali
2168 2483 2389 2523 carnem
2440 2481 2682 2525 nostram
2732 2488 2856 2528 mox
2897 2473 3110 2528 dixerat
3146 2474 3415 2528 Irenaeus?

1847 2560 1917 2612 Ea
1946 2575 2074 2614 vero
2103 2575 2216 2615 rem
2248 2573 2516 2616 terrenam
2539 2573 2707 2625 vocat,
2733 2577 2790 2618 ut
2818 2568 2943 2620 hinc
2973 2568 3258 2622 haereticos
3282 2583 3414 2621 con-

1847 2649 2006 2712 futet,
2049 2663 2309 2722 negantes
2363 2654 2642 2711 Christum
2703 2658 2994 2726 quidquam
3049 2658 3151 2712 sibi
3207 2661 3408 2714 terreni

1845 2743 2090 2811 corporis
2141 2746 2401 2799 ascivisse
2441 2765 2452 2798 :
2514 2755 2810 2811 terrenam,
2860 2748 3105 2817 inquam,
3169 2751 3295 2819 quia
3342 2767 3409 2804 ex

1845 2844 2061 2887 terreno
2088 2850 2227 2903 pane
2259 2847 2312 2890 et
2338 2837 2486 2902 vino,
2517 2837 2570 2890 in
2603 2837 2805 2893 Christi
2836 2842 3080 2908 corporis
3102 2849 3157 2894 et
3188 2844 3408 2910 sangui-

1846 2931 1926 2983 nis
1949 2930 2308 2987 substantiam
2356 2949 2483 2989 vere
2507 2938 2785 2992 conversis
2837 2947 2891 2991 et
2944 2942 3317 2994 transmutatis
3349 2943 3408 2992 lit

1841 3039 2029 3078 verum
2083 3023 2293 3078 Domini
2341 3040 2560 3096 corpus,
2597 3038 2867 3097 verosque
2900 3031 3144 3100 sanguis.
3189 3031 3266 3085 Ex
3294 3046 3408 3108 quo

1841 3118 2107 3186 sequitur,
2134 3117 2413 3172 Christum
2449 3118 2555 3174 sibi
2590 3135 2788 3188 corpus
2817 3137 2880 3174 ex
2913 3130 3129 3176 terrena
3177 3123 3404 3176 materia

1841 3216 2153 3261 concretum
2186 3217 2241 3262 et
2268 3207 2473 3264 factum
2497 3250 2512 3274 ,
2545 3226 2841 3280 veramque
2867 3226 3085 3266 carnem
3117 3227 3181 3266 ac
3213 3229 3401 3268 verum

1839 3301 2155 3370 sanguinem
2189 3303 2552 3370 assumpsisse
2586 3319 2599 3367 ;
2637 3307 2780 3373 quod
2818 3304 3205 3359 inticiabanlur
3233 3305 3406 3360 haere-

1840 3389 1951 3445 tici.
1981 3389 2109 3456 Qua:
2131 3406 2258 3447 vero
2293 3408 2379 3448 res
2422 3393 2509 3447 illa
2540 3395 2799 3459 caelestis,
2835 3412 2900 3450 ex
2927 3412 3030 3466 qua
3070 3400 3232 3452 etiam
3267 3415 3404 3454 conc

1837 3492 1984 3538 stare
2016 3484 2359 3542 Eucharistia
2387 3489 2604 3555 dicitur,
2648 3490 2749 3542 nisi
2799 3505 2884 3559 ea,
2914 3492 3066 3559 cujus
3089 3493 3248 3562 paulo
3275 3505 3403 3548 ante

1837 3576 1974 3630 facta
2026 3582 2230 3635 mentio
2272 3592 2380 3647 est,
2427 3581 2664 3638 Verbum
2692 3584 2902 3640 scilicet
2937 3587 3202 3654 divinum,
3231 3590 3401 3645 Filius

1838 3667 2013 3724 Patris
2038 3671 2372 3741 unigenitus,
2399 3689 2561 3744 quem
2585 3687 2781 3731 creatae
2804 3677 2930 3732 Jesu
2971 3678 3186 3735 Domini
3225 3686 3400 3739 nostri

1836 3771 2045 3816 naturae
2075 3779 2204 3817 vere
2228 3781 2290 3819 ac
2319 3767 2749 3822 substantialiter
2803 3771 3006 3825 unitum
3039 3771 3208 3827 fuisse
3247 3774 3399 3828 nole-

1835 3853 1963 3907 bant
1993 3855 2274 3910 haeretici?
2302 3858 2471 3913 Recte
2489 3843 2651 3928 igitur
2673 3863 2869 3916 asserit
2900 3863 3156 3931 lrenzeus,
3180 3867 3401 3922 Eucha-

1834 3946 2040 4001 ristiam
2073 3964 2136 4004 ex
2171 3951 2376 4005 duabus
2412 3953 2573 4006 rebus
2597 3963 2883 4019 constare,
2918 3964 3130 4013 terrena
3184 3970 3239 4013 et
3283 3975 3399 4016 cm-

1832 4044 1951 4098 lesti
1986 4059 1999 4108 ;
2032 4043 2115 4097 his
2173 4045 2318 4098 enim
2380 4044 2708 4100 catholicam
2761 4049 3084 4102 sententiain
3139 4054 3399 4111 adversus

1832 4130 2211 4185 hazreticorum
2246 4132 2608 4201 blasphemias
2631 4134 2847 4204 egregie
2861 4137 3037 4188 munit
3058 4152 3071 4202 ;
3094 4140 3398 4212 probatque

1829 4237 1891 4277 ex
1927 4223 2291 4291 Eucharistia,
2340 4240 2502 4293 quam
2555 4241 2754 4295 corpus
2801 4237 2854 4282 et
2914 4231 3229 4298 sanguinem
3275 4253 3396 4294 esse

1829 4311 2042 4366 Dmnini
2073 4313 2378 4368 fatebantur
2399 4315 2499 4384 illi,
2526 4317 2803 4375 Cbristum
2826 4322 3111 4385 Dominum
3134 4341 3189 4386 ut
3208 4347 3392 4387 verum

1828 4407 2129 4469 hominem,
2164 4409 2242 4462 sic
2270 4418 2323 4462 et
2351 4424 2535 4463 verum
2593 4412 2784 4482 Deum,
2826 4417 3022 4473 Filium
3054 4422 3150 4478 Dei
3175 4437 3228 4479 et
3257 4427 3391 4481 Ver-

1826 4500 1952 4553 bum
1989 4499 2166 4554 Patris
2185 4503 2519 4571 unigenitum
2548 4508 2830 4564 exstitisse
2863 4527 2879 4577 ;
2917 4513 3260 4585 Verbuinque
3291 4519 3393 4574 hu-

155 4580 319 4636 tionis
343 4598 572 4649 sensus;
603 4601 702 4641 cur
730 4588 974 4645 Ecclesia
1012 4591 1274 4663 spiritum
1319 4611 1564 4654 sanctum
1599 4618 1721 4671 pre-
1753 4593 1795 4646 D
1827 4609 2040 4646 manant
2065 4593 2270 4647 Christi
2302 4605 2575 4662 naturam,
2604 4615 2801 4670 corpus
2828 4611 2884 4656 et
2915 4609 3236 4676 sanguinem
3262 4628 3391 4668 vere

156 4681 273 4727 cata
335 4676 579 4744 quidem,
640 4687 696 4732 ut
747 4695 844 4734 suo
874 4684 926 4735 in
953 4700 1149 4754 aquam
1194 4688 1591 4757 baptismalem,
1635 4697 1716 4750 vel

155 4763 393 4820 chrisma
423 4767 640 4839 illapsu,
683 4773 938 4828 virtutem
984 4783 1426 4850 suam,‘vimque
1474 4787 1716 4841 sanctiﬁ-

154 4858 308 4911 caudi
367 4858 434 4913 iis
486 4860 783 4930 impertiat,
831 4865 1031 4923 Christi
1088 4874 1370 4942 sanguinis
1410 4877 1609 4933 vir-tute
1653 4895 1715 4934 ea

154 4955 366 5018 repleat
392 4966 456 5006 ac
485 4952 761 5023 lecundet,
796 4972 929 5025 etc.,
965 4978 1240 5031 nunquam
1279 4975 1454 5023 tamen
1481 4985 1602 5025 eum
1629 4989 1716 5028 ro-

153 5044 319 5110 gavit,
372 5054 430 5096 ut
468 5045 841 5105 elIicacissima
887 5068 982 5107 sua
1035 5057 1349 5124 operatione
1379 5074 1440 5113 ea
1479 5059 1715 5119 elIiccret

153 5133 325 5200 ipsum
359 5135 560 5190 Christi
589 5141 925 5208 sanguinem,
972 5154 1065 5197 aut
1121 5147 1381 5217 Spiritum
1423 5157 1714 5208 sanctum?

149 5223 363 5281 Nodum
406 5230 553 5283 hunc
581 5231 809 5294 solvere,
853 5237 1115 5305 quidquid
1154 5241 1551 5298 rhetoricentur
1581 5246 1711 5299 Pro-

148 5326 437 5385 testantes,
466 5339 741 5393 nunquam
770 5338 1042 5394 poterunt.
1094 5332 1167 5384 Ex
1217 5350 1280 5387 ea
1321 5350 1451 5404 ergo
1489 5337 1710 5391 invoca-

152 5413 293 5468 tione
325 5428 447 5483 quae
478 5406 543 5467 iit
567 5431 728 5484 Super
761 5428 1029 5475 terrenum
1063 5438 1277 5492 panem,
1317 5441 1461 5481 reete
1494 5430 1710 5484 conclu-

147 5504 221 5559 dit
269 5505 512 5561 Ireneus
557 5521 777 5564 carnem
821 5521 1062 5567 nostram
1116 5531 1342 5586 corpore
1391 5520 1605 5576 Domini
1657 5532 1711 5576 et

147 5599 416 5670 sanguine
439 5598 704 5668 alitquia
735 5602 824 5669 qui
859 5611 941 5658 est
981 5619 1010 5657 a
1072 5615 1213 5661 terra
1267 5610 1445 5677 panis,
1496 5628 1561 5667 ex
1603 5630 1709 5684 quo

147 5694 312 5748 semel
345 5693 1008 5763 percepitinvocationem
1039 5697 1153 5764 Dei,
1181 5700 1376 5755 desinit
1401 5718 1518 5757 esse
1551 5710 1707 5773 panis

146 5787 474 5850 communis,
527 5787 620 5840 sed
649 5785 704 5839 ﬁt
737 5787 1100 5853 Eucharistia,
1139 5791 1191 5844 id
1222 5800 1302 5846 est
1345 5794 1511 5862 ipsius
1543 5797 1706 5855 Ver-hi

149 5877 420 5938 Incarnati
449 5895 637 5937 verum
699 5897 915 5953 corpus,
969 5900 1237 5957 verosque
1295 5893 1533 5960 sanguis.
1594 5895 1706 5952 lloc

1827 4700 1892 4739 ac
1933 4686 2369 4742 substantialiter
2403 4690 2648 4745 univisse
2692 4694 2816 4748 sibi.
2852 4695 3088 4755 Perinde
3121 4713 3205 4757 est
3245 4721 3309 4760 ac
3340 4707 3389 4762 si

1825 4779 2086 4833 dixisset:
2115 4780 2267 4847 Quod
2289 4797 2505 4851 corpus,
2532 4785 2621 4852 qui
2650 4789 2872 4856 sanguis
2896 4795 3050 4847 carni
3080 4807 3282 4855 nostra
3302 4801 3387 4856 vi-

1826 4884 1931 4927 tam
1966 4875 2371 4945 impertiuntur,
2402 4893 2631 4948 eamque
2655 4897 2683 4936 a
2700 4887 3051 4953 corruptione
3071 4890 3344 4949 vindicant
3367 4933 3382 4954 ,

1824 4976 1882 5018 ut
1908 4966 2018 5019 sint
2045 4977 2323 5022 terrenum
2365 4984 2596 5039 corpus,
2630 4981 2991 5044 terrenusque
3040 4983 3283 5049 sanguis,
3316 5001 3382 5038 ex

1825 5061 2059 5115 terrenis
2116 5063 2277 5115 rebus
2329 5074 2583 5117 concreta
2629 5074 2682 5118 et
2711 5065 2875 5133 facta,
2905 5084 3025 5125 esse
3057 5080 3239 5130 tamen
3273 5094 3381 5134 non

1823 5166 2052 5220 ροεευηι
2116 5170 2323 5209 merum
2382 5166 2658 5211 ιθιτειιυηι
2720 5175 2939 5229 (ΞΟΓρυδ,
2991 5181 3172 5221 merus
3211 5179 3383 5225 terre-

1822 5262 1922 5299 nus
1970 5248 2216 5316 sanguis,
2252 5261 2346 5301 seu
2389 5250 2524 5304 meri
2585 5252 2823 5308 hominis
2874 5270 3075 5326 corpus
3133 5271 3187 5315 et
3247 5279 3377 5319 san-

1818 5338 1968 5406 guis;
2003 5354 2125 5391 nam
2152 5354 2359 5393 merum
2395 5356 2588 5410 corpus
2631 5344 2922 5400 humanum
2967 5364 3156 5420 suapte
3184 5365 3379 5411 natura

1820 5428 2071 5496 mortale,
2101 5439 2156 5484 et
2182 5433 2516 5499 corruptioni
2555 5434 2872 5500 obnoxium,
2902 5439 3064 5494 vitam
3095 5441 3216 5499 aliis
3242 5461 3378 5512 prae-

1819 5534 1963 5575 stare
1997 5538 2102 5577 non
2163 5535 2360 5592 potest.
2396 5527 2560 5597 Atqui
2607 5528 2819 5585 Domini
2882 5537 3050 5588 nostri
3100 5553 3296 5609 corpus
3323 5554 3374 5594 et

1817 5617 2036 5686 sanguis
2065 5619 2113 5669 in
2142 5619 2508 5686 Eucharistia,
2538 5635 2605 5675 ex
2667 5625 2897 5680 terrenis
2945 5630 3129 5696 rebus,
3155 5646 3295 5700 pane
3322 5643 3376 5688 et

1815 5715 1963 5778 vino,
1993 5728 2088 5781 per
2136 5728 2318 5767 veram
2363 5720 2673 5770 eorumdem
2723 5723 3134 5778 conversionem
3205 5724 3370 5789 facta,

1815 5807 1965 5859 carni
1996 5816 2192 5860 nostrae
2223 5809 2387 5861 vitam
2439 5807 2843 5877 impertiuntur.
2885 5813 3053 5883 Igitur
3101 5832 3205 5870 non
3248 5831 3374 5873 sunt

1818 5911 1964 5955 mera
1991 5914 2079 5957 res
2117 5908 2358 5968 terrena,
2391 5902 2635 5972 merique
2678 5905 2913 5961 hominis
2946 5923 3143 5976 corpus
3167 5921 3218 5965 et
3245 5924 3368 5965 san-
