4196 6330
782 388 884 444 555

1581 384 2158 442 DlSSERTATlONES
2193 380 2491 442 PREVLE
2523 381 2586 438 ΙΝ
2620 380 2875 438 ιιιΕΝιέΕι
2914 381 3180 437 LIBROS;

3884 379 3991 433 336

781 507 932 577 guis,
967 508 1058 564 sed
1093 508 1177 564 his
1194 508 1340 563 unita
1365 509 1674 564 sitnecesse
1698 517 1778 563 est
1800 523 1885 563 res
1905 508 2166 574 ctelcstis,
2191 525 2333 565 sem-
2361 515 2406 575 Α
2435 508 2691 574 Grabius,
2718 506 2954 575 Spiritus
3007 504 3178 559 sancti
3234 504 3442 574 gratia?
3488 503 3700 575 Ergone
3746 504 3910 560 alitur
3938 515 3994 559 et

781 602 988 672 piterna
1017 611 1067 657 et
1101 601 1444 668 immortalis,
1473 601 1589 672 ipsa
1617 601 1753 664 vita,
1804 616 1907 656 uno
1943 603 2110 658 verbo
2161 600 2330 658 Filius

781 695 876 750 Dei
905 694 1218 766 unigenitus
1241 704 1297 750 et
1331 693 1565 750 Verbum
1617 692 1818 749 Patris.
1871 694 2045 750 Simili
2111 709 2331 764 prorsus

781 794 1098 855 argumento
1171 784 1522 838 Nestorianos
1589 797 1694 836 non
1750 782 2330 851 semelimpuguavere

782 885 890 930 tum
943 875 1181 947 Cyrillus
1239 872 1666 934 Alexandrinus,
1731 884 1838 925 tum
1887 871 1974 926 alii
2021 872 2213 926 Patres
2238 870 2331 941 qui

779 968 1037 1024 adversus
1063 982 1156 1022 eos
1210 966 1585 1035 scripserunt,
1634 966 2106 1034 probaveruntque
2129 962 2327 1019 Christi

777 1076 995 1130 corpus,
1032 1075 1137 1130 quo
1172 1060 1446 1129 paseimur
1468 1059 1518 1112 in
1562 1056 1928 1122 Eucltaristia,
1958 1071 2062 1112 non
2085 1056 2209 1128 puri
2235 1057 2333 1112 ho-

779 1153 942 1210 minis
969 1167 1167 1221 corpus
1191 1167 1334 1217 esse,
1359 1153 1453 1206 sed
1481 1150 1646 1222 ipsius
1671 1150 1830 1207 Verbi
1863 1151 2157 1216 incarnati;
2189 1150 2332 1219 quod

780 1248 898 1316 puri
929 1246 1162 1301 hominis
1187 1229 1315 1300 caro
1347 1246 1511 1300 vitam
1543 1245 1820 1316 impertire
1859 1259 1963 1299 non
1987 1245 2177 1314 possit.
2217 1244 2332 1300 Hoc

781 1354 908 1392 vero
935 1353 998 1392 eo
1024 1337 1236 1392 felicius
1267 1339 1528 1392 adversus
1561 1335 1846 1393 Gnosticos
1869 1337 2040 1391 utitur
2070 1337 2329 1402 Irenteus,

776 1442 885 1497 quo
901 1429 1055 1483 simul
1071 1437 1125 1483 et
1145 1429 1400 1484 unionem
1425 1428 1818 1499 hypostaticam
1841 1423 2005 1482 Verbi
2023 1425 2187 1480 divini
2208 1441 2329 1480 cum

777 1539 902 1578 vera
933 1522 1135 1577 Christi
1185 1522 1423 1575 humana
1474 1528 1692 1582 natura,
1719 1527 1774 1573 et
1805 1518 1983 1572 carnis
2019 1527 2219 1572 nostrae
2249 1531 2333 1570 re-

777 1618 1167 1675 surrectionem
1199 1614 1421 1671 astruit.
1458 1613 1761 1677 Poscimur,
1807 1613 2002 1680 inquit.
2035 1612 2089 1667 in
2123 1610 2332 1665 Eucha-

779 1712 952 1777 ristia,
977 1724 1202 1779 corpore
1229 1718 1282 1765 et
1328 1710 1593 1780 sanguine
1643 1706 1886 1773 Domini;
1930 1717 1981 1760 et
2012 1706 2137 1760 hinc
2166 1706 2330 1760 vitam

775 1801 1386 1872 pereipitcarouostra.
1417 1798 1605 1869 Neque
1649 1798 1792 1852 enim
1842 1799 1907 1860 is,
1939 1797 2029 1867 qui
2065 1797 2224 1851 nobis
2275 1796 2326 1850 in

2433 600 2670 655 nutritur
2702 612 2831 654 caro
2877 607 3079 660 nostra.
3112 610 3485 669 augenturque
3513 599 3754 651 membra
3807 606 3993 653 uestra

2433 689 2796 757 relationibus,
2825 699 2921 745 aut
2959 687 3194 762 Spiritus
3225 688 3395 742 sancti
3423 687 3596 757 gratia
3623 688 3645 742 τ
3669 687 3808 755 Quin
3836 688 3993 745 simi-

2431 781 2558 836 liter
2580 791 2690 836 tum
2721 780 2979 846 lrcnzeus,
3037 791 3152 836 tum
3210 781 3298 835 alii
3335 780 3545 848 Patres,
3576 781 3666 850 qui
3701 782 3884 836 carnis
3907 795 3993 836 re-

2433 874 2827 930 surrectionem
2870 875 3185 944 probantes,
3235 884 3550 944 argumenta
3603 874 3875 944 petierunt
3925 875 3994 929 ab

2432 967 2778 1024 Eucharistia
2809 984 2823 1033 ;
2858 982 2919 1022 ea
2944 969 3202 1024 ducentes
3237 982 3265 1020 a
3290 983 3507 1034 manna,
3527 984 3554 1022 a
3582 977 3728 1036 petra
3761 968 3992 1031 deserti,

2434 1065 2501 1118 ab
2543 1078 2688 1137 agno
2728 1063 2991 1132 paschali,
3018 1071 3146 1130 etc.,
3179 1079 3297 1133 quae
3327 1073 3378 1118 et
3413 1065 3524 1134 ipsa
3559 1065 3762 1120 Christi
3789 1080 3991 1135 corpo-

2436 1154 2514 1210 ris
2544 1155 2728 1227 ﬁgura:
2764 1166 2942 1222 erant,
2999 1155 3125 1210 hinc
3169 1154 3524 1222 confecerint,
3579 1168 3685 1212 tam
3745 1157 3992 1213 efﬁcacia

2435 1247 2602 1303 fuisse
2633 1249 2807 1304 veteri
2862 1249 3059 1319 populo
3109 1249 3344 1304 remedia
3385 1250 3744 1319 corruptionis
3769 1291 3784 1317 ,
3823 1265 3995 1321 quam

2435 1341 2605 1394 novo?
2636 1338 2819 1396 Nullos
2853 1350 3032 1396 tamen
3085 1342 3326 1411 reperias
3375 1343 3464 1412 qui
3501 1342 3580 1397 sic
3624 1343 3998 1413 argumentati

2436 1429 2655 1486 fuerint.
2687 1430 2826 1498 Quin
2877 1431 3076 1501 potius,
3131 1442 3186 1486 et
3244 1431 3387 1487 forte
3443 1432 3605 1487 etiam
3667 1434 3995 1496 consultius,

2437 1523 2702 1578 dixissent
2759 1539 2977 1579 carnem
3035 1535 3277 1579 nostram
3337 1535 3597 1582 aeternum
3646 1528 3824 1596 perire
3881 1542 3997 1581 non

2435 1628 2618 1681 posse,
2647 1629 2767 1684 quae
2805 1616 3028 1671 salutari
3064 1615 3401 1686 baptismatis
3460 1619 3676 1672 lavacro
3703 1619 3881 1672 abluta
3939 1631 4001 1674 et

2438 1715 2770 1774 regenerata,
2798 1721 2860 1760 ac
2894 1722 3050 1761 sacro
3099 1710 3394 1764 chrismate
3445 1720 3600 1764 uncta
3651 1718 3704 1764 et
3740 1712 4000 1766 roborata

2436 1797 2638 1852 fuerit?
2672 1798 2793 1853 llzec
2840 1802 2982 1852 enim
3023 1801 3142 1868 (nec
3183 1801 3362 1856 minus
3385 1818 3521 1870 pane
3545 1811 3597 1857 et
3629 1805 3749 1857 vino
3785 1808 3837 1858 in
3883 1804 4004 1858 Eu-

775 1893 1118 1949 Eucharistia
1160 1893 1475 1964 porrigitur,
1511 1907 1666 1947 sacer
1697 1891 1869 1956 cibus,
1895 1893 2218 1960 spectandus
2250 1897 2332 1945 est
2363 1877 2403 1931 Β
2433 1888 2710 1956 charistia,
2744 1890 2785 1944 si
2817 1905 2943 1944 vera
2977 1892 3046 1944 sit
3078 1891 3513 1946 Calvinianorum
3547 1897 3834 1964 sententia)
3868 1894 4005 1966 Spi-

776 1994 834 2040 ut
865 1985 1018 2055 panis
1049 1985 1352 2040 communis
1373 2001 1388 2051 ;
1411 1992 1528 2040 erat
1551 1983 1766 2053 quidem
1785 1990 1911 2037 ante
1935 1979 2329 2036 invocationem

776 2080 912 2144 Dei;
953 2078 1043 2133 sed
1075 2078 1245 2133 semel
1274 2075 1498 2147 prolatis
1525 2089 1686 2146 super
1737 2088 1860 2128 cum
1905 2069 2330 2128 consecrationis

778 2171 982 2234 verbis,
1008 2169 1206 2224 desinit
1237 2183 1357 2224 esse
1387 2166 1544 2237 panis
1573 2163 1899 2226 communis,
1935 2171 1986 2216 et
2025 2161 2081 2214 fit
2120 2160 2330 2214 Eucha-

780 2263 950 2318 ristia.
983 2261 1153 2318 Porro
1192 2259 1529 2314 Eucharistia
1563 2266 1779 2312 constat
1811 2270 1876 2310 ex
1909 2255 2119 2308 duabus
2151 2253 2329 2316 rebus,

779 2367 993 2411 terrena
1027 2363 1080 2407 et
1113 2352 1345 2417 coelesti,
1394 2365 1622 2418 corpore
1674 2349 1926 2403 videlicet
1970 2358 2024 2402 et
2069 2345 2329 2411 sanguine

777 2444 1008 2508 Domini,
1035 2459 1065 2498 c
1097 2453 1312 2498 terrena
1345 2443 1572 2496 materia
1607 2439 1912 2502 concretis;
1945 2450 2044 2490 nec
2077 2436 2142 2489 iis
2171 2433 2328 2497 solis,

775 2539 869 2592 sed
900 2547 954 2591 et
977 2551 1040 2590 ex
1073 2535 1188 2603 ipso
1223 2532 1397 2587 Verbo
1425 2533 1606 2589 divino
1638 2531 1762 2585 huic
1787 2529 2003 2598 corpori
2033 2537 2086 2583 et
2116 2524 2330 2595 sangui-

779 2632 829 2682 ni
865 2627 1206 2700 bypostatice
1253 2626 1425 2681 unito.
1478 2624 1557 2678 Ex
1611 2638 1716 2692 quo
1755 2621 2001 2691 sequitur
2040 2638 2057 2669 ι
2101 2632 2328 2686 corpora

780 2733 962 2777 nostra
996 2719 1348 2792 percipientia
1374 2718 1795 2774 Eucharistiam.
1873 2735 1890 2766 υ
1953 2727 2126 2784 eaque
2177 2719 2329 2782 pasta

776 2827 832 2869 ci.
864 2816 1087 2881 nutrita,
1127 2829 1231 2866 non
1260 2812 1397 2866 nuda
1433 2810 1566 2865 meri
1616 2807 1850 2863 hominis
1884 2819 2046 2862 carne
2091 2813 2326 2870 terrena,

778 2911 869 2962 sed
910 2907 1079 2978 ipsius
1135 2903 1294 2959 Verbi
1348 2902 1516 2957 divini
1564 2898 1853 2966 incarnati,
1902 2898 2070 2967 ipsius
2100 2896 2329 2967 proinde

777 3005 924 3065 vitae,
953 3015 1178 3070 corpore
1203 3007 1256 3053 ct
1278 2997 1562 3068 sanguine,
1595 3013 1613 3047 ‹
1644 2994 1754 3063 jam
1783 3009 1888 3048 non
1914 3008 2031 3049 esse
2057 2992 2330 3062 corrupti—

778 3096 924 3161 bilia,
964 3107 1113 3164 Spem
1155 3087 1574 3145 resurrectionis
1625 3086 1926 3151 habentia;
1962 3104 1980 3138 t
2021 3100 2121 3140 nec
2169 3093 2328 3137 mter-

777 3203 902 3240 num
936 3187 1115 3256 perire
1161 3181 1412 3255 [CXLIV]
1457 3196 1639 3252 posse,
1681 3196 1799 3251 quae
1831 3190 1937 3234 tam
1969 3179 2178 3235 caelesti
2209 3177 2329 3232 cibo

780 3285 1113 3333 recreantur.
1149 3274 1238 3328 Sic
1271 3273 1350 3337 ﬁt,
1379 3273 1454 3326 ait
1485 3271 1736 3336 lrenzeus,
1765 3280 1820 3325 ut
1848 3270 2112 3325 sententia
2147 3277 2328 3323 nostra

778 3372 911 3426 mire
939 3375 1195 3423 consonet
1227 3363 1598 3430 Eucltaristiae,
1633 3375 1686 3419 et
1712 3362 2052 3418 Eueharistia
2089 3361 2328 3415 vicissim

777 3462 1058 3519 conﬁrmet
1083 3459 1405 3516 sententiam
1436 3466 1700 3513 nostram.
1737 3454 2026 3512 Oﬂ'crimus
2065 3453 2329 3524 siquidem

781 3555 892 3609 Deo
921 3551 1086 3616 Patri,
1114 3566 1219 3604 non
1251 3549 1447 3612 aliena,
1479 3564 1581 3602 non
1617 3552 1708 3603 res
1734 3549 1799 3603 ab
1833 3548 1937 3601 alio
1969 3555 2201 3610 creatas,
2239 3547 2330 3600 sed

781 3659 903 3716 qua:
935 3653 1062 3697 sunt
1093 3644 1229 3711 ejus,
1253 3655 1477 3710 qumque
1510 3641 1623 3710 ipse
1667 3640 1924 3702 condidit,
1967 3654 2160 3708 panem
2191 3639 2333 3692 vide-

781 3737 900 3793 licet
932 3747 984 3791 et
1015 3738 1215 3797 vinum,
1245 3748 1362 3803 quae
1399 3733 1749 3803 percipientia
1804 3733 2201 3787 invocationem
2235 3730 2331 3784 Dei

780 3834 916 3885 fiunt
949 3844 1128 3884 verum
1158 3843 1221 3881 ac
1248 3825 1526 3896 proprium
1551 3824 1721 3895 ipsius
1755 3825 1874 3878 Filii
1917 3823 2010 3878 Dei
2061 3839 2255 3892 corpus
2280 3831 2333 3877 et

780 3925 1427 3992 sanguis;congruenter
1475 3931 1906 3972 communionem
1969 3926 2023 3970 et
2075 3916 2332 3969 unionem

786 4014 942 4073 Verbi
983 4012 1150 4068 divini
1181 4026 1300 4064 cam
1329 4022 1497 4064 carne
1531 4007 1909 4077 praedicantes,
1934 4015 1986 4059 et
2012 4004 2334 4062 confitcntes

779 4120 976 4164 uestrae
1006 4107 1185 4160 carnis
1224 4103 1696 4159 resurrectionem.

848 4202 935 4256 85.
971 4200 1067 4253 llic
1096 4200 1296 4251 Irenaeo
1326 4196 1456 4249 nihil
1488 4195 1719 4248 alicuutu
1754 4191 2080 4261 afﬁngimus,
2104 4192 2196 4245 sed
2225 4190 2334 4244 lre‘

779 4313 955 4351 natum
985 4310 1049 4348 ex
1076 4293 1300 4352 lrcnzeo,
1348 4276 1412 4342 et.
1445 4288 1612 4356 ipsius
1657 4285 1843 4339 lrenzei
1896 4284 2096 4348 verbis,
2143 4298 2331 4352 scopo,

778 4389 1006 4447 consilio
1056 4397 1106 4440 et
1157 4389 1476 4456 argumento
1527 4377 1886 4448 explicanttts.
1940 4377 2169 4430 Frustra
2206 4390 2334 4428 vero

781 4481 867 4536 hic
912 4478 1125 4533 solitam
1179 4473 1381 4530 Christi
1429 4469 1676 4540 corporis
1735 4468 1958 4538 figuram
1990 4482 2052 4521 ac
2081 4466 2332 4521 virtutem

2432 1982 2566 2036 ritus
2615 1982 2788 2036 sancti
2847 1985 3018 2053 gratia
3083 1995 3136 2040 et
3185 1985 3404 2050 virtute,
3441 1987 3549 2041 imo
3580 1986 3783 2042 Christi
3820 1990 4003 2058 ipsius

2430 2075 2686 2145 sanguine
2715 2077 2998 2129 fecundata
3024 2087 3076 2132 et
3095 2078 3294 2148 repleta
3311 2094 3428 2134 esse
3450 2093 3589 2148 swpe
3617 2093 4000 2137 asseruernnt.

2430 2167 2618 2222 Nullus
2637 2177 2822 2222 tamen
2851 2171 3105 2230 occurrit,
3132 2173 3221 2240 qui
3249 2173 3508 2241 ejusmodi
3540 2181 3857 2240 argumento
3872 2189 4004 2228 car-

2434 2260 2518 2314 nis
2546 2261 2991 2315 resurrectionem
3053 2265 3369 2318 astruxerit.
3425 2264 3579 2332 Quod
3638 2265 3855 2335 quidem
3910 2266 4002 2320 vel

2430 2351 2601 2404 solum
2640 2353 2997 2418 demonstrat,
3047 2354 3235 2410 Patres
3277 2357 3421 2411 aliud
3469 2357 3743 2428 quidpiam
3787 2359 3840 2413 in
3891 2359 4003 2413 Eu-

2430 2441 2706 2496 charistiae
2739 2443 2998 2514 mysterio
3033 2447 3341 2512 agnovisse,
3381 2457 3578 2516 praeter
3601 2450 3798 2502 nudam
3827 2448 3999 2504 Chri-

2431 2533 2500 2585 sti
2532 2533 2776 2602 corporis
2807 2544 2858 2589 et
2880 2538 3154 2605 sanguinis
3183 2537 3433 2607 figuram,
3470 2552 3560 2592 aut
3584 2541 3857 2595 virtutem.
3881 2540 4002 2597 Sed

2433 2634 2656 2678 caeteras
2698 2627 3000 2693 argumenti
3056 2627 3240 2682 Irenaei
3285 2630 3684 2696 propositiones
3716 2633 4001 2700 expenda-

2431 2731 2573 2772 mus.
2609 2715 2796 2784 Igitur,
2825 2719 2868 2771 si
2906 2717 3254 2773 Calviniauos
3285 2720 3593 2786 audiamus,
3627 2736 3693 2775 ex
3741 2737 3804 2776 eo
3856 2737 4001 2777 con-

2431 2805 2664 2861 tenderit
2687 2805 2918 2861 lrenacus
2948 2824 3169 2863 carnem
3204 2818 3442 2864 nostram
3495 2814 3773 2882 percipere
3801 2813 4001 2880 vitam,

2432 2914 2529 2953 nec
2584 2899 2807 2969 proinde
2833 2917 2886 2954 tn
2940 2903 3342 2970 corruptionem
3405 2905 3556 2959 abire
3600 2920 3782 2974 posse,
3840 2908 4001 2975 quod

2426 2991 2626 3046 Christi
2644 2994 2885 3062 corporis
2918 3003 2970 3048 et
3011 2995 3289 3063 sanguinis
3324 2995 3488 3067 ﬁgura
3527 3007 3617 3050 aut
3646 2999 3844 3052 virtute
3874 2997 4004 3051 ala-

2429 3091 2537 3136 tur.
2571 3081 2725 3139 Hane
2752 3098 2878 3138 vero
2940 3086 3364 3154 prepositioncm
3420 3101 3486 3138 ex
3535 3099 3600 3139 eo
3651 3087 4001 3154 probaverit,

2356 3212 2400 3271 ο
2432 3178 2574 3244 quod
2612 3180 2676 3242 is,
2722 3177 2809 3245 qui
2843 3187 2922 3232 est
2948 3193 2973 3227 a
3003 3187 3166 3242 terra,
3206 3177 3360 3247 panis
3413 3179 3722 3249 percipiens
3771 3178 4004 3233 invoca-

2437 3267 2633 3322 tionem
2672 3269 2786 3334 Dei,
2809 3267 2918 3336 jant
2948 3285 3050 3321 non
3085 3271 3387 3324 communis
3417 3270 3572 3338 panis
3600 3271 3687 3325 sit.
3721 3269 3858 3337 Quid
3895 3288 4003 3327 er-

2431 3374 2519 3430 go,
2550 3361 2593 3413 si
2654 3361 2869 3429 quidem
2927 3360 2980 3413 in
3025 3360 3225 3414 Christi
3259 3375 3457 3430 corpus
3491 3375 3597 3415 non
3631 3360 4001 3430 convertitur,

2435 3467 2532 3505 nec
2553 3452 2908 3505 substantiam
2935 3453 3144 3505 mutat?
3170 3453 3509 3507 Ettcltaristia
3554 3462 3635 3509 est
3686 3470 3749 3508 ex
3780 3454 4004 3508 duabus

2438 3543 2600 3598 rebus
2631 3552 2908 3606 constans,
2938 3551 3144 3596 terrena
3186 3554 3238 3597 ct
3271 3545 3499 3600 coelesti.
3535 3546 3589 3599 Si
3617 3562 3743 3599 vero
3771 3562 4003 3615 quzcras

2433 3651 2461 3689 a
2486 3635 2817 3691 Calvinianis
2861 3650 2978 3704 qute
3011 3635 3120 3689 sint
3157 3635 3379 3702 resiliat,
3405 3647 3614 3692 terrena
3639 3649 3691 3692 et
3715 3639 4000 3706 ccclesiis;

2434 3727 2776 3781 consentiunt
2812 3728 3026 3795 quidem
3056 3743 3262 3795 omnes,
3295 3737 3519 3784 terrena:
3551 3732 3625 3786 rei
3656 3733 3874 3786 nomine
3894 3750 4010 3804 pa-

2435 3833 2554 3872 nem
2582 3819 2844 3889 intelligi:
2881 3821 2941 3874 de
2978 3835 3035 3875 re
3081 3835 3209 3875 vero
3248 3821 3451 3875 coelesn
3501 3824 3845 3880 dissentiunt.
3880 3828 4004 3882 Alii

2435 3910 2631 3980 quippe
2661 3911 2967 3981 intelligunt
2989 3911 3264 3977 virtutem,
3295 3913 3481 3968 nescio
3509 3931 3691 3985 quam,
3729 3933 3756 3970 a
3793 3933 4008 3989 corpo-

2436 4015 2494 4055 re
2539 4001 2735 4055 Christi
2790 4012 3121 4065 manantem,
3184 4003 3250 4057 ab
3281 4017 3346 4057 eo
3376 4013 3553 4058 tamen
3584 4018 3911 4076 separatam,
3941 4021 4007 4065 et.

2436 4090 2558 4156 pani
2590 4091 2843 4146 inditam.
2881 4092 2983 4145 Alii
3022 4093 3269 4147 iictitiatn
3299 4094 3564 4162 ejusmodi
3591 4096 3846 4152 virtutem
3877 4115 4008 4155 tne-

2437 4183 2540 4238 rito
2567 4185 2892 4246 deridentes,
2943 4201 3056 4239 rem
3087 4199 3185 4254 per
3209 4202 3402 4256 panem
3436 4190 3799 4258 significatam
3835 4192 4012 4248 intel-

2436 4277 2628 4345 ligunt,
2654 4277 2908 4331 nimirum
2933 4279 3134 4334 Christi
3158 4295 3380 4349 corpus,
3406 4283 3602 4336 absens
3637 4284 3842 4354 utique.
3884 4286 4003 4344 Sed

2438 4377 2666 4437 utraque
2693 4368 2979 4438 explicatio
3006 4379 3082 4426 tot
3112 4373 3364 4427 absurdis
3393 4383 3587 4438 scatet,
3621 4385 3675 4429 ut
3703 4377 3899 4430 mirum
3923 4381 4008 4434 sit

2437 4462 2504 4516 ab
2532 4462 2714 4532 aliquo
2747 4464 2972 4532 proponi
3019 4466 3285 4533 potuisse.
3320 4465 3434 4520 Non
3467 4471 3646 4523 omnia
3686 4470 3772 4524 hic
3799 4486 4007 4539 prose-

779 4581 1054 4644 0pponcnt
1077 4569 1487 4624 Protcstantes:
1518 4563 1618 4618 nisi
1643 4563 1792 4632 prius
1819 4559 2077 4615 Irenaeum
2116 4559 2331 4628 penitus
2365 4558 2408 4612 D
2435 4554 2525 4625 qui
2551 4557 2762 4612 animus
2807 4566 2929 4611 est:
2964 4558 3012 4610 id
3041 4560 3256 4613 abunde
3295 4563 3600 4628 praestitere
3634 4565 4004 4624 eruditissimi

784 4663 1073 4718 insaniisse
1102 4661 1348 4731 probent,
1381 4656 1510 4712 nulli
1549 4654 1731 4711 sobrio
1760 4651 2176 4723 persuadebunt,
2211 4665 2330 4705 eum

790 4772 936 4810 mera
987 4754 1232 4823 corporis
1286 4751 1482 4808 Christi
1534 4749 1726 4818 ﬁgura,
1772 4747 1854 4803 vel
1922 4734 2333 4812 virtute,'Gno-

783 4849 1040 4902 sticorum
1090 4859 1304 4898 errores
1362 4842 1447 4896 hic
1507 4841 1789 4895 confutare
1843 4847 1930 4892 aut
1974 4837 2216 4906 potuisse
2243 4846 2335 4890 aut

787 4941 1038 4995 voluisse.
1064 4938 1174 5000 Nat,
1200 4937 1517 5005 praeclarum
1542 4942 1934 5003 argumentum,
1969 4931 2109 5000 quod
2141 4946 2170 4983 a
2204 4930 2336 4999 ligu-

789 5050 844 5088 ra
869 5043 964 5086 aut
991 5033 1188 5085 virtute
1219 5027 1493 5082 duxisset!
1546 5026 1618 5079 Ea
1647 5040 1796 5087 caro,
1829 5026 2074 5087 dixisset,
2110 5025 2337 5092 percipit

785 5128 974 5190 vitam,
1004 5139 1103 5178 nec
1148 5122 1371 5192 proinde
1433 5121 1483 5173 in
1527 5121 1925 5187 corruptionem
1958 5117 2213 5170 devenire
2242 5131 2335 5184 po-

789 5230 912 5284 test,
942 5232 1058 5285 quae
1088 5215 1290 5269 Domini
1322 5214 1488 5266 nostri
1511 5212 1760 5279 corporis
1795 5221 1848 5264 et
1882 5210 2161 5278 sanguinis
2202 5210 2336 5277 [igu-

789 5327 847 5364 ra
879 5317 974 5361 aut
1005 5308 1199 5360 virtute
1227 5307 1412 5359 alitur.
1438 5301 1623 5370 Eccui,
1651 5303 1757 5357 nisi
1784 5301 2059 5368 deliranti,
2090 5302 2142 5354 in
2187 5314 2337 5354 men-

791 5414 896 5456 tem
930 5400 1114 5453 vcnire
1142 5412 1377 5467 unquam
1400 5395 1590 5465 potuit,
1623 5408 1843 5449 carnem
1893 5400 2133 5448 nostram
2178 5390 2248 5445 ali
2283 5400 2338 5445 et

793 5490 1009 5556 ttutriri,
1067 5488 1171 5551 vel,
1218 5496 1272 5540 ut
1330 5486 1454 5540 alibi
1505 5485 1746 5555 loquitur
1788 5485 2041 5550 lt'enaeus,
2091 5482 2332 5537 membra

791 5590 972 5635 nostra
1003 5580 1185 5651 augeri
1219 5578 1422 5648 figura,‘
1445 5566 1824 5640 similitudine,
1847 5573 2082 5643 imagine
2105 5583 2200 5627 aut
2226 5572 2338 5625 vir-

797 5673 942 5728 tute?
988 5672 1145 5739 Quid,
1192 5684 1392 5739 quaeso,
1441 5669 1636 5725 Christi
1695 5669 1942 5736 corporis
1995 5667 2191 5735 ﬁgura,
2227 5664 2336 5720 nisi

795 5775 936 5814 mera
987 5762 1192 5824 relatio,
1247 5768 1304 5812 ut
1344 5757 1632 5826 loquuntur
1666 5757 1718 5811 itt
1780 5755 2011 5820 Scholis,
2069 5755 2223 5824 panis
2268 5754 2333 5808 ad

788 5852 987 5907 Christi
1021 5848 1410 5921 corpus?Quid
1443 5864 1504 5903 ea
1539 5849 1730 5914 virtus,
1756 5847 1876 5913 nisi,
1909 5859 1963 5901 ut
1989 5847 2222 5915 explicat
2256 5844 2326 5900 cl.

2437 4658 2687 4702 auctores
2722 4648 2842 4701 libri
2881 4647 2955 4701 De
2995 4653 3338 4718 perpetuitate
3363 4651 3487 4719 ﬁdei
3531 4649 3781 4707 Ecclesite
3811 4656 4009 4710 catho-

2435 4741 2550 4794 liae
2597 4742 2734 4793 circa
2785 4739 3199 4804 Eucharistiam,
3255 4751 3384 4797 tum.
3433 4742 3521 4809 lli,
3561 4744 3658 4799 lib.
3691 4762 3727 4813 t,
3773 4765 3821 4800 c.
3854 4749 3908 4812 2,
3939 4763 4008 4806 et

2439 4833 2657 4898 tom.ll,
2685 4834 2780 4888 lib.
2814 4849 2862 4901 v,
2898 4849 2945 4888 c.
2990 4834 3072 4898 10,
3113 4835 3169 4888 ll
3216 4845 3269 4889 et
3304 4849 3454 4904 seqq.
3502 4835 3677 4893 Pauca
3721 4841 4001 4897 duntaxat

2437 4927 2726 4981 observare
2751 4941 2849 4996 pro
2876 4928 3128 4982 instituto
3162 4931 3413 4984 suiiiciat.
3442 4932 3519 4984 Ac
3548 4939 3607 4984 ut
3635 4947 3664 4985 a
3693 4938 4006 5000 posteriori

2437 5020 2708 5085 exordiar,
2742 5021 2862 5089 pari
2915 5019 3036 5087 jure
3068 5022 3174 5076 dici
3218 5025 3413 5091 poterit
3444 5039 3636 5094 agnum
3673 5025 4006 5093 pascltalem

2439 5111 2645 5166 duabus
2686 5111 2846 5167 rebus
2862 5122 3128 5179 constare,
3149 5115 3368 5169 animali
3383 5119 3615 5186 quodam
3651 5127 3703 5173 et
3730 5120 4009 5189 transitu,

2439 5217 2532 5257 seu
2563 5203 2605 5256 si
2639 5203 2833 5268 mavis,
2871 5202 3072 5258 Christi
3111 5220 3338 5276 corpore
3374 5223 3387 5272 ;
3422 5218 3629 5278 petram
3661 5210 3882 5274 deserti,
3907 5211 4009 5265 la-

2438 5295 2559 5362 pide
2591 5305 2840 5349 constare
2869 5304 2920 5348 et
2943 5295 3188 5363 Christo;
3217 5313 3576 5352 marmoream
3602 5297 3832 5355 Ctesaris
3853 5302 4014 5358 ima-

2439 5385 2614 5452 ginem
2643 5394 2892 5441 constare
2917 5403 3186 5442 marmore
3207 5398 3256 5442 et
3284 5387 3520 5454 Caesare,
3539 5399 3644 5446 etc.
3674 5391 3878 5462 Nempe
3910 5395 4012 5450 in-

2439 5479 2616 5532 sulsus
2674 5479 2744 5532 sit
2782 5479 3027 5548 quisquis
3081 5481 3378 5535 asseruerit
3424 5490 3594 5536 totum
3653 5482 3806 5546 illud,
3841 5491 4014 5554 quod

2438 5575 2820 5626 connotatioum
2872 5583 3090 5640 vocant,
3143 5590 3254 5628 rem
3303 5575 3558 5631 videlicet
3612 5576 3665 5631 in
3707 5592 3766 5632 se
3798 5593 4009 5647 unam,

2438 5679 2556 5734 qure
2606 5674 2782 5719 tamen
2817 5667 2881 5719 ad
2923 5665 3079 5719 aliam
3134 5664 3389 5732 refertur,
3423 5682 3651 5737 eamque
3691 5667 4010 5738 signiﬁcat,

2440 5756 2647 5809 duabus
2677 5767 2928 5810 constare
2960 5758 3221 5826 partibus,
3257 5773 3486 5826 quarunt
3528 5773 3629 5812 una
3678 5759 3748 5812 sit
3801 5774 3888 5814 res
3918 5763 4017 5816 si-

2441 5847 2721 5916 gniﬁcans,
2747 5847 2916 5902 altera
2960 5864 3044 5904 res
3089 5849 3412 5918 significata.
3439 5847 3589 5903 bulla
3617 5865 3867 5921 res,qua
3907 5861 4014 5908 to-
