4196 6330
204 372 309 429 537

1115 377 1574 436 DlSSERTATlO
1614 380 1696 446 Ill,
1742 381 1827 436 DE
1867 383 2120 440 lliENIEl
2156 387 2514 447 DOCTRINA.

3307 379 3409 464 :33

209 500 321 546 tum
343 492 669 548 collectivum
698 512 803 551 non
837 497 928 562 sit,
956 499 1096 566 quod
1120 508 1264 555 certe
1284 502 1620 558 Eucharistia
1657 519 1759 559 non
1789 510 1838 568 Α
1864 509 2110 576 quamvis
2132 512 2370 579 corporis
2396 510 2602 568 Christi
2631 514 2877 572 virtutem
2911 533 3008 589 per
3044 525 3411 579 communica-

204 597 308 644 εει.
334 585 505 639 altera
544 601 601 639 re
633 595 888 656 tanquam
918 599 1070 658 parte
1116 602 1368 649 constare
1394 592 1619 661 dicitur,
1643 611 1763 666 quae

207 674 422 733 absens.
459 685 513 728 et
544 685 699 731 extra
727 677 892 747 ipsam
915 679 1006 734 sit.

275 766 361 824 86.
391 763 504 822 Nec
540 769 717 822 minus
761 770 1002 826 absurda.
1036 771 1203 827 altera
1254 773 1567 844 explicatio,
1596 792 1759 847 quam

204 859 476 913 asciscere
504 859 604 917 sibi
635 861 703 914 cl.
735 860 936 917 Grabio
968 847 1197 932 placuit.
1223 863 1588 937 Praeterquam
1616 871 1759 939 quod

200 950 344 1004 enim
373 952 742 1011 commentitia
767 953 856 1007 illa
896 956 1094 1018 virtus,
1125 970 1152 1008 a
1175 958 1570 1014 recentioribus
1597 975 1759 1018 exco-

200 1041 371 1111 gitata
406 1041 692 1111 ministris,
731 1046 826 1101 toti
859 1055 1003 1102 retro
1039 1050 1343 1118 antiquitati
1405 1053 1581 1122 ignota
1618 1069 1758 1107 sern-

196 1147 298 1201 per
326 1132 444 1197 fuit,
489 1150 552 1189 ac
587 1150 654 1190 ne
684 1135 767 1192 vel
805 1137 1138 1198 levissimum
1173 1142 1386 1211 quidem
1430 1142 1592 1197 habet
1629 1143 1754 1198 fun-

197 1225 512 1280 damentnm
547 1226 598 1282 in
641 1228 927 1300 Scriptura
968 1243 1023 1288 et
1054 1233 1344 1302 Patribus;
1393 1247 1754 1309 prteterquam

196 1317 343 1385 quod
371 1317 667 1372 absurdum
696 1330 780 1374 est
810 1335 1058 1378 asserere
1080 1339 1305 1395 corpora
1334 1336 1513 1381 nostra
1539 1328 1627 1394 ali,
1658 1345 1754 1382 nu-

196 1408 320 1463 triri
349 1417 405 1464 et
427 1409 610 1480 augeri
656 1413 857 1468 virtute
915 1415 1143 1482 quadam
1191 1432 1220 1470 a
1272 1418 1470 1472 Christi
1523 1435 1753 1490 corpore

193 1509 446 1571 separata
474 1518 489 1569 ;
517 1517 578 1556 ea
602 1513 748 1558 stare
779 1505 921 1558 nulla
965 1507 1173 1562 ratione
1204 1517 1379 1578 potest
1415 1526 1537 1566 cum
1563 1511 1748 1568 [renati

192 1607 361 1664 scopo
393 1604 448 1649 et
480 1606 820 1666 argumento,
870 1599 1117 1669 superius
1153 1601 1410 1669 expositis
1450 1619 1590 1668 ;nec
1627 1605 1753 1662 hinc

191 1685 397 1743 inferre
423 1703 658 1760 unquam
687 1692 865 1760 potuit
893 1691 950 1746 S.
984 1693 1173 1748 doctor
1207 1704 1319 1748 tum
1352 1695 1604 1750 unionem
1647 1697 1748 1768 hy-

190 1779 519 1846 postaticam
561 1779 720 1836 Verbi
745 1783 908 1838 divini
941 1800 1062 1838 cum
1096 1786 1329 1840 humana
1358 1786 1564 1844 Christi
1591 1798 1749 1845 natu-

187 1885 271 1935 ra,
327 1881 439 1925 tum
530 1889 817 1945 corpomm
882 1889 1190 1934 nostrorum
1264 1884 1743 1939 resurrectionem.

190 1980 209 2012 σ
256 1960 477 2030 Nostra,
514 1965 713 2036 inquit,
737 1971 1006 2025 sententia
1039 1987 1350 2027 consonans
1377 1984 1458 2027 est
1482 1975 1746 2031 Euchari-

183 2057 322 2121 αἰαὶ,
363 2067 416 2114 et
452 2058 791 2116 Eucharistia
849 2080 1039 2120 rursus
1095 2068 1378 2121 conﬁrmat
1423 2071 1742 2124 sententiam

183 2154 447 2204 nostram.
478 2148 767 2208 Oﬂ‘erimus
791 2156 932 2208 enim
970 2156 1077 2210 Deo
1107 2174 1224 2227 quae
1255 2169 1378 2213 sunt
1407 2160 1543 2230 ejus,
1594 2181 1610 2213 ο
1659 2177 1743 2218 res

181 2238 438 2294 videlicet
481 2241 548 2295 ab
597 2256 662 2297 eo
718 2247 982 2312 conditas,
1015 2265 1033 2298 α
1089 2264 1467 2319 congruenter
1495 2269 1741 2306 commu-

180 2334 398 2388 nionem
427 2344 486 2389 et
516 2336 768 2392 unionem
796 2341 1186 2408 praedicantes;
1231 2363 1248 2396 ι
1283 2362 1509 2413 quarum
1541 2362 1738 2409 rerum,

177 2425 505 2490 qumso?An
554 2427 799 2495 spiritus,
834 2446 925 2484 seu
956 2431 1149 2486 anima:
1182 2435 1429 2490 humana:
1465 2453 1585 2489 cum
1613 2451 1738 2490 car-

176 2515 286 2569 ne?
319 2515 429 2571 Sed
482 2518 675 2573 harum
705 2536 887 2575 rerum
918 2524 1169 2578 unionem
1215 2535 1270 2579 et
1303 2528 1734 2582 communionem

175 2621 284 2661 non
311 2609 586 2678 negabant
615 2610 877 2668 Gnostici.
912 2616 991 2670 An
1023 2617 1246 2672 virtutis
1271 2618 1468 2673 Christi
1498 2621 1740 2690 corporis

172 2715 298 2753 cum
332 2702 519 2770 pane?
557 2702 660 2758 Sed
690 2707 818 2774 quid
866 2707 978 2763 haec
1024 2712 1090 2765 ad
1140 2711 1324 2766 Irena-i
1385 2728 1631 2782 scopum,
1673 2728 1734 2768 ex

171 2793 529 2849 Eucharistia:
562 2796 663 2852 ﬁde
697 2800 1093 2868 conﬁrmant-is,
1151 2808 1300 2874 quod
1344 2816 1500 2862 antea
1539 2809 1736 2877 proba-

169 2899 349 2952 verat,
382 2887 662 2944 Christum
693 2907 812 2947 esse
844 2896 1012 2963 ipsius
1046 2899 1226 2952 mundi
1281 2898 1628 2960 labricatoris
1679 2907 1738 2960 ﬁ-

168 2979 324 3042 lium,
383 2980 436 3034 id
485 2991 570 3036 est
624 2970 860 3039 Verbum
905 2987 1063 3053 ejus?
1123 2988 1335 3056 Ergone
1385 2981 1509 3060 quia
1561 2995 1735 3051 virtus

167 3070 370 3124 Christi
411 3072 656 3140 corporis
684 3076 869 3128 unitur
907 3093 1028 3130 cum
1062 3095 1217 3146 pane,
1252 3081 1375 3136 hinc
1407 3084 1602 3138 conﬁci
1636 3101 1731 3156 po—

1866 608 1975 654 tum
2001 601 2101 656 sibi
2133 617 2344 659 sacrum
2371 620 2563 674 panem
2605 607 2891 676 accipiant,
2917 626 2978 665 ea
3019 613 3197 668 tam‘en
3230 615 3296 670 ab
3322 616 3403 670 in-

1861 692 1962 746 sita
1999 694 2097 750 sibi
2121 697 2427 768 corruptela
2456 701 2619 756 eximi
2651 720 2757 758 non
2784 713 3033 774 possunt,
3078 722 3179 763 nec
3228 711 3406 766 minus

1859 789 2083 856 proinde
2107 793 2467 860 peritura.Sic
2488 797 2642 850 vanis
2677 796 2888 870 effugiis
2928 801 3043 856 suis
3064 817 3213 857 arma
3247 806 3406 859 mini-

1859 888 2034 935 strant
2087 883 2390 942 Calviniani
2433 887 2703 944 haereticis
2741 893 2982 945 omnium
3033 894 3407 965 proﬂigatissi-

1857 973 1980 1039 mis,
2004 984 2054 1027 et
2084 975 2338 1031 Ecclesia:
2366 978 2557 1035 Patres
2605 981 2912 1039 insanorum
2948 984 3220 1042 hominum
3247 1003 3404 1050 more

1856 1080 1978 1119 cum
2009 1067 2071 1120 iis
2103 1068 2419 1126 dimicantes
2441 1087 2632 1142 campo
2660 1073 2920 1131 inferunt.

1924 1159 2012 1215 87.
2057 1159 2223 1226 Quam
2257 1176 2381 1218 vero
2412 1165 2597 1220 eﬂicax
2631 1166 2756 1236 illud
2785 1169 3091 1239 argumenti
3131 1186 3318 1242 genus,
3345 1183 3400 1228 et

1855 1249 2048 1305 merito
2099 1254 2334 1321 quidem,
2382 1258 2714 1312 existimaret
2764 1259 3020 1324 lrenaeus,
3072 1263 3406 1321 demonstrat

1855 1342 2091 1408 quodeo
2135 1347 2328 1415 saepius
2369 1349 2622 1405 adversus
2671 1350 2956 1408 Gnosticos
3001 1363 3204 1422 utatur,
3251 1355 3401 1411 illos-

1852 1446 1956 1502 que
1986 1435 2063 1489 ad.
2094 1435 2488 1494 Eucharistiam
2544 1456 2650 1496 non
2698 1443 2863 1498 semel
2907 1456 3184 1514 provocet,
3214 1461 3402 1503 eorum

1852 1540 2066 1584 errores
2098 1530 2198 1585 hoc
2257 1529 2360 1586 telo
2390 1533 2722 1588 conﬁxurus.
2755 1534 2951 1590 Eodem
2994 1537 3089 1591 lib.
3121 1554 3193 1601 tv,
3225 1555 3274 1593 c.
3307 1539 3401 1605 '53,

1853 1635 1907 1672 n.
1958 1619 2018 1685 2,
2078 1621 2190 1690 jam
2246 1623 2362 1688 cit.,
2400 1622 2743 1681 Marcionitas
2792 1626 3058 1692 refellens,
3126 1630 3216 1698 qui
3266 1630 3401 1684 duos

1850 1711 1978 1767 deos
2021 1712 2312 1782 ﬁngebant,
2360 1716 2586 1770 alterum
2638 1718 2872 1784 bonum,
2924 1717 3139 1774 Patrem
3185 1719 3398 1774 Domini

1852 1805 2049 1867 nostri,
2102 1804 2340 1880 alterum
2369 1807 2592 1872 malum,
2649 1811 2828 1863 mundi
2877 1811 3145 1879 opiﬁcem,
3207 1813 3401 1881 probat

1848 1897 1989 1964 quod
2038 1897 2136 1952 nisi
2190 1893 2446 1954 Dominus
2480 1901 2645 1969 ipsius
2675 1903 2856 1956 mundi
2898 1905 3192 1958 conditoris
3229 1905 3399 1961 Filius

1847 1986 1947 2048 sit,
1981 2004 1998 2038 ι
2039 1986 2232 2056 injuste
2263 1988 2421 2055 hujus
2457 1990 2803 2055 conditionis,
2836 2007 2954 2062 qua:
2995 2003 3075 2048 est
3102 1996 3396 2051 secundum

1845 2095 1963 2146 nos,
1995 2081 2264 2150 accipiens
2306 2096 2520 2152 panem,
2555 2099 2708 2139 suum
2767 2099 2971 2155 corpus
3007 2102 3129 2142 esse
3169 2079 3398 2152 conﬁte-

1843 2170 2022 2237 batur,
2057 2181 2111 2226 et
2151 2182 2634 2242 temperamentum
2666 2176 2849 2232 calicis
2893 2193 3046 2232 suum
3082 2180 3397 2247 sanguinem

1844 2261 2203 2319 conﬁrmavit.
2255 2285 2273 2316 ι
2315 2265 2433 2332 Quo
2486 2268 2702 2337 quidem
2766 2280 3078 2336 argumento
3135 2270 3214 2325 vel
3265 2269 3396 2327 nihil

1842 2370 2064 2424 prorsus
2109 2342 2305 2422 efficit,
2353 2357 2433 2412 vel
2493 2358 2623 2414 illud
2676 2361 2980 2416 certissime
3036 2362 3394 2425 demonstrat,

1840 2445 2116 2500 Christum
2159 2449 2229 2501 ita
2272 2463 2463 2516 panem
2514 2465 2666 2504 suum
2706 2467 2826 2507 esse
2878 2468 3096 2522 corpus,
3127 2465 3180 2508 et
3215 2457 3392 2508 vinum

1840 2551 1993 2589 suum
2047 2553 2165 2592 esse
2214 2539 2527 2609 sanguinem
2575 2540 2877 2597 confessum
2932 2558 3052 2598 esse
3099 2555 3153 2597 ct
3196 2549 3392 2597 contir-

1841 2641 2035 2694 tnasse,
2081 2638 2139 2682 ut
2186 2644 2252 2682 ex
2317 2631 2487 2685 altero
2530 2633 2631 2687 sibi
2664 2648 2848 2687 verum
2877 2649 3089 2704 corpus,
3132 2653 3195 2692 ex
3227 2638 3393 2689 altero

1840 2731 2025 2771 verum
2073 2720 2409 2789 sanguinem,
2451 2735 2574 2778 vera
2613 2723 2890 2792 utriusque
2939 2727 3295 2781 conversione
3333 2737 3391 2780 et

1839 2813 2286 2883 transmutatione
2340 2813 2566 2880 fecerit;
2643 2823 2698 2870 et
2751 2816 2870 2869 inde
2918 2817 3170 2885 injustum
3239 2818 3388 2883 fore,

1837 2902 1976 2970 quod
2020 2917 2108 2956 res
2149 2903 2216 2957 ab
2247 2904 2350 2958 alio
2382 2904 2654 2971 conditas,
2694 2913 2748 2959 et
2795 2908 2891 2978 sub
2936 2906 3152 2962 alterius
3186 2909 3392 2964 ditione

1837 2996 2058 3063 positas,
2091 3013 2216 3052 suas
2244 3011 2367 3053 esse
2391 2998 2532 3053 dicat
2557 3008 2611 3055 et
2637 2999 2852 3054 efﬁciat.
2885 3000 2940 3054 Si
2974 3001 3115 3055 enim
3145 3015 3209 3055 eo
3251 3003 3388 3055 dun-

1837 3091 1984 3137 taxat
2019 3100 2178 3140 sensu
2214 3085 2463 3142 Christus
2497 3102 2689 3156 panem
2719 3104 2913 3158 corpus
2955 3081 3108 3148 suum
3145 3105 3263 3144 esse
3307 3091 3386 3143 di-

168 3172 275 3217 test
307 3162 546 3219 Verbum
577 3180 694 3220 cum
717 3183 978 3238 corporea
1015 3170 1217 3228 Christi
1253 3184 1441 3231 natura
1471 3180 1725 3235 substan-
1757 3192 1800 3252 (ζ
1833 3177 1989 3240 xerit,
2034 3178 2176 3246 quod
2205 3179 2251 3232 ei
2277 3180 2519 3247 corporis
2562 3180 2644 3234 sui
2680 3182 2928 3235 virtutem
2969 3183 3245 3249 impertire
3287 3199 3381 3238 vo-

168 3256 372 3310 tialiter
405 3257 614 3311 unitum
651 3259 862 3315 fuisse?
893 3261 1005 3317 imo
1045 3268 1222 3333 potius
1275 3273 1615 3328 contrarium
1647 3274 1732 3328 io-

166 3349 354 3402 tulerit
382 3349 694 3414 Gnosticus,
730 3363 782 3408 et
804 3355 1001 3410 dixerit
1037 3374 1050 3409 :
1084 3362 1534 3427 quemadmodum
1567 3365 1726 3422 Chri-

165 3438 229 3490 sti
273 3455 471 3509 corpus
504 3442 554 3494 in
583 3441 921 3521 Eucharistia
952 3461 1070 3500 cum
1114 3465 1249 3516 pane
1276 3453 1459 3506 unitur
1488 3453 1727 3513 efficacia

165 3538 346 3594 tenus,
389 3535 705 3597 noure,sic
742 3537 974 3592 Verbum
1031 3541 1266 3594 divinum
1319 3559 1440 3597 eum
1501 3546 1727 3604 Domino

162 3631 355 3677 nostro
388 3624 595 3679 unitum
644 3627 814 3683 fuisse
868 3628 1148 3687 efficientia
1192 3644 1347 3688 lenus
1399 3644 1452 3690 et
1496 3637 1725 3702 virtute,

161 3726 268 3765 non
323 3713 627 3768 substantia
653 3733 666 3781 ;
696 3712 816 3787 qum
847 3720 958 3789 ipsa
997 3733 1113 3776 erat
1138 3726 1422 3792 impiorum
1451 3728 1724 3782 hominum

162 3806 458 3870 sententia,
489 3821 649 3875 quam
684 3811 820 3864 bene
875 3827 996 3865 cum
1035 3815 1394 3870 Eucharistize
1446 3819 1546 3873 ﬁde
1592 3836 1722 3874 con-

161 3896 369 3949 sentire
399 3901 593 3952 merito
632 3903 1061 3958 contendissent.
1101 3904 1268 3973 igitur
1303 3910 1402 3961 nisi
1440 3909 1551 3964 huic
1582 3911 1721 3965 fuis-

161 3997 245 4044 set
289 3991 476 4045 Πεηωί
508 4005 563 4047 et
611 3996 998 4050 catholicorum
1039 3999 1278 4051 omnium
1312 4001 1462 4068 ﬁ'des,
1489 4001 1722 4057 Verbum

161 4082 402 4136 divinum
467 4086 516 4138 in
568 4085 914 4143 Eucharislia
970 4089 1397 4146 substantialiter
1427 4095 1566 4148 uniri
1600 4111 1720 4149 cum

160 4177 226 4233 iis
247 4195 372 4248 quae
397 4196 425 4234 a
472 4181 580 4236 Deo
611 4185 826 4237 condita
878 4197 1023 4250 sunt,
1059 4199 1200 4252 pane
1251 4187 1456 4240 scilicet
1488 4196 1542 4242 et
1570 4189 1718 4249 vino,

160 4285 262 4324 non
289 4270 512 4339 quidem
541 4271 593 4325 in
629 4274 845 4342 propria
887 4276 1188 4329 substantia
1239 4278 1393 4344 panis
1423 4287 1475 4331 et
1503 4280 1612 4332 vini
1643 4295 1724 4334 rc-

159 4361 524 4426 manentibus,
548 4369 640 4417 sed
674 4380 797 4418 vere
830 4368 1201 4423 transmutatis
1226 4370 1277 4422 in
1297 4369 1498 4424 ChriSti
1527 4387 1725 4441 corpus

158 4460 209 4505 et
231 4453 582 4522 sanguinem,
611 4456 843 4524 pessime
863 4459 1252 4514 catholicorum
1287 4475 1504 4515 causam
1521 4463 1718 4532 egisset

1830 3269 2026 3333 luerit;
2069 3284 2174 3323 non
2209 3271 2380 3340 magis
2405 3286 2594 3339 panem
2633 3273 2697 3326 ab
2727 3271 2830 3327 alio
2864 3281 3102 3327 creatum
3145 3274 3243 3328 sibi
3287 3274 3385 3328 tri-

1827 3362 1964 3427 buit,
1992 3378 2257 3432 suumque
2306 3363 2457 3429 facit,
2503 3380 2660 3434 quam
2707 3366 2955 3435 princeps
2991 3366 3212 3421 alterius
3236 3367 3384 3436 prin-

1829 3453 1962 3523 cipis
1993 3463 2115 3525 typo
2155 3456 2377 3526 signatae
2421 3466 2668 3522 monetae,
2703 3459 2754 3512 in
2789 3461 3014 3528 gratiam
3047 3460 3378 3514 subditorum

1827 3560 1888 3599 ea
1923 3547 2210 3613 utentium,
2238 3550 2472 3617 pretium
2503 3559 2764 3617 statuens,
2805 3551 2913 3605 imo
2949 3551 3119 3620 majus
3145 3567 3262 3606 esse
3289 3553 3378 3619 ju-

1828 3637 1978 3700 bens,
2015 3652 2173 3705 quam
2222 3638 2293 3692 sit
2332 3639 2383 3694 in
2422 3655 2486 3694 ea
2533 3641 2750 3710 regione
2799 3641 2848 3694 in
2886 3656 2990 3709 qua
3039 3656 3160 3695 cusa
3195 3642 3285 3708 sit,
3321 3642 3381 3694 il-

1827 3726 1931 3779 lam
1983 3728 2082 3782 sibi
2136 3729 2369 3784 vindicat
2413 3741 2760 3799 usurpatque.
2817 3731 2977 3797 Quasi
3031 3746 3181 3790 vero,
3234 3730 3377 3799 quod

1829 3818 1952 3887 quis
2005 3821 2211 3890 signum
2260 3822 2526 3888 quoddam
2574 3837 2672 3891 pro
2711 3822 2934 3876 arbitrio
2974 3822 3237 3882 instituat,
3272 3835 3379 3887 quo

1828 3915 2093 3967 excitatus
2120 3913 2389 3982 quidpiam
2426 3913 2673 3968 conferat
2708 3915 2998 3978 utentibus,
3032 3915 3156 3968 hinc
3189 3914 3374 3969 inferri

1829 4006 1998 4072 possit
2031 4020 2153 4056 eum
2202 4019 2312 4058 rem
2356 4005 2517 4069 illam,
2552 4020 2711 4074 quam
2759 4006 2810 4058 in
2861 4005 3070 4074 signum
3118 4004 3377 4070 instituit,

1826 4096 1929 4150 sibi
1965 4096 2276 4151 vindicare?
2324 4096 2427 4150 Sed
2477 4096 2604 4151 illud
2661 4107 2914 4169 praeterea
2972 4098 3256 4151 observatu
3290 4098 3375 4151 di-

1827 4187 2138 4255 gnissimum
2184 4198 2287 4253 est,
2332 4187 2613 4254 Irenaeum,
2667 4189 3086 4258 quotiescunque
3119 4189 3374 4242 Euchari-

1826 4279 1940 4332 stite
1979 4279 2238 4342 meminit,
2291 4295 2394 4333 non
2433 4281 2747 4348 simpliciter
2784 4279 3044 4333 affirmare
3076 4281 3372 4344 Christum,

1825 4383 2201 4437 paucmsnum
2226 4383 2448 4438 corpus,
2484 4371 2668 4422 vinum
2718 4384 2870 4422 suum
2899 4369 3210 4437 sanguinem
3253 4384 3372 4424 esse

1827 4458 2061 4522 dixisse;
2091 4461 2181 4512 sed
2217 4457 2282 4512 iis
2313 4459 2530 4514 vocibus
2565 4459 2744 4513 studio
2769 4468 2822 4513 et
2851 4473 3060 4528 semper
3083 4460 3178 4526 uti,
3219 4477 3237 4510 ι
3283 4477 3373 4529 pa-

157 4541 409 4598 lreua‘us.
446 4541 554 4608 Sic,
584 4546 731 4601 addit
759 4548 838 4601 vir
869 4560 1111 4615 sanctus,
1141 4551 1422 4607 offerimus
1457 4553 1567 4609 Deo
1601 4570 1718 4623 qua:
1749 4563 1795 4617 ι)
1827 4562 1946 4601 nem
1991 4562 2144 4602 suum
2193 4563 2386 4617 ροτρυε
2436 4563 2575 4614 esse.
2609 4548 2802 4602 "illum
2837 4564 2990 4602 suum
3054 4552 3368 4618 Sanguinem

156 4643 280 4688 sunt
306 4635 446 4704 ejus,
491 4646 548 4689 ut
581 4637 743 4690 etiam
775 4642 1227 4697 resurrectionem
1252 4644 1435 4699 carnis
1459 4654 1514 4698 et
1550 4646 1710 4714 Spiri-

157 4737 240 4780 tus
263 4726 648 4793 conﬁteamur,
678 4730 898 4798 haecque
924 4744 1104 4787 nostra
1123 4736 1397 4790 sententia
1422 4752 1484 4792 ex
1504 4737 1714 4791 Euchav-

157 4818 303 4871 ristia
352 4816 581 4892 [CXLV]
613 4819 984 4876 conﬁrmetur.
1010 4823 1117 4877 Cur
1137 4826 1208 4879 ita
1229 4828 1250 4880 ?
1274 4829 1351 4880 An
1384 4830 1526 4896 quod
1555 4828 1714 4883 Chri-

153 4917 263 4961 stus
304 4909 555 4976 corporis
594 4912 674 4964 sui
710 4913 961 4966 virtutem
1011 4914 1158 4982 pani,
1193 4916 1281 4983 qui
1319 4917 1477 4970 nobis
1519 4918 1572 4971 in
1605 4919 1711 4972 Eu-

152 5001 418 5055 charistia
450 5004 764 5070 porrigitur,
801 5006 1118 5074 impertiat?
1150 5006 1254 5061 Sed
1302 5017 1504 5062 tantum
1535 5010 1692 5064 abest

153 5102 207 5142 nt
237 5093 369 5145 hinc
411 5093 668 5160 probetur
702 5095 883 5149 carnis
916 5108 1116 5151 nostra:
1146 5100 1496 5163 resurrectio,
1531 5110 1587 5153 ut
1618 5116 1713 5168 po-

155 5180 255 5234 tius
300 5197 427 5236 eam
503 5187 685 5240 acrius
740 5187 1060 5255 impugnare
1116 5190 1349 5257 potuerit
1404 5192 1707 5247 ltmreticus.

154 5271 625 5337 Quemadmodum
652 5279 820 5344 enim,
855 5281 1075 5345 dixerit,
1108 5282 1355 5336 Christus
1405 5283 1456 5336 in
1505 5283 1714 5338 Eucha-

154 5365 306 5420 ristia
368 5369 450 5420 sui
499 5372 740 5440 corporis
799 5373 1056 5427 virtutem
1116 5376 1519 5430 communicans
1559 5377 1707 5444 pani,

156 5453 296 5511 hunc
331 5468 515 5512 tamen
540 5461 751 5529 propria
787 5462 887 5515 sibi
908 5465 1064 5532 panis
1082 5466 1385 5520 substantia
1423 5483 1525 5520 non
1553 5470 1721 5527 exuit;

152 5556 201 5600 et
229 5550 847 5618 quemadmodumJicel
875 5569 1027 5607 suum
1070 5571 1188 5610 esse
1218 5573 1414 5625 corpus
1445 5557 1709 5611 conﬁtea-

155 5646 251 5703 tur,
283 5641 340 5694 in
384 5640 660 5707 proprium
713 5652 890 5695 tamen
939 5660 1133 5714 corpus
1187 5657 1549 5703 transmittare
1599 5666 1704 5703 non

151 5736 346 5793 potest,
381 5728 524 5794 quod
558 5728 686 5781 nihil
718 5731 817 5783 sibi
847 5745 911 5783 ex
938 5733 1120 5786 Vitiata
1147 5744 1202 5788 et
1250 5739 1576 5807 corruptioni
1612 5742 1708 5793 ob-

154 5820 313 5873 noxia
343 5820 572 5872 materia
606 5821 875 5879 asciscere
900 5825 1062 5892 possit
1092 5842 1102 5889 ;
1135 5831 1211 5879 sic
1240 5844 1462 5897 corpora
1498 5844 1700 5890 nostra,

1819 4653 1935 4693 esse
1967 4639 2246 4694 confessus
2284 4651 2384 4703 est,
2427 4641 2789 4704 conﬁrmavit,
2831 4660 2848 4691 ι
2876 4651 2945 4701 et,
2987 4652 3043 4694 ut
3075 4641 3259 4696 Graece
3293 4643 3371 4696 Ιοο

1816 4731 2111 4800 quiturlib.
2144 4748 2197 4794 v,
2235 4747 2286 4786 c.
2323 4733 2408 4796 ll,
2433 4733 2491 4785 τὸ
2536 4733 2641 4785 ἀπὸ
2685 4733 2782 4801 τῆς
2817 4735 3041 4795 κτίσεως
3092 4737 3366 4804 ποτήριον,

1816 4819 1949 4894 αἷμα
1995 4824 2116 4879 ἴδιον
2156 4824 2484 4896 ὡμολόγησε,
2521 4825 2610 4877 καὶ
2632 4824 2718 4877 τὸν
2752 4826 2855 4877 ἀπὸ
2882 4826 2980 4894 τῆς
3015 4827 3239 4887 κτίσεως
3273 4827 3369 4895 ip-

1815 4933 1922 4982 τον,
1963 4917 2088 4969 ἴδιον
2125 4917 2279 4987 σῶμα
2308 4917 2739 4983 διεϐεϐαιὼσατο,
2777 4938 2793 4969 ‹
2851 4934 2968 4972 cum
3003 4919 3241 4981 calicem,
3274 4921 3361 4984 qui

1815 5020 1898 5064 est
1930 5025 1955 5063 a
1988 5021 2230 5064 creatura
2271 5030 2288 5060 ι
2320 5009 2445 5079 (non
2479 5029 2497 5062 ι
2542 5026 2694 5064 suum
2728 5031 2745 5062 ›
2778 5013 3055 5074 duntaxat,
3110 5027 3164 5064 ut
3202 5015 3365 5065 vertit

1815 5101 2103 5169 interpres,
2153 5102 2244 5155 sed
2289 5102 2448 5171 ἴδιον)
2491 5121 2506 5154 ι
2549 5104 2822 5172 proprium
2868 5103 3178 5172 sanguinem
3230 5117 3359 5156 con-

1815 5191 1990 5247 fessus
2024 5202 2123 5257 est,
2158 5200 2208 5247 et
2235 5209 2354 5249 eum
2385 5209 2596 5264 panem,
2627 5195 2714 5262 qui
2747 5204 2829 5246 est
2866 5210 2892 5247 a
2929 5206 3200 5256 creatura,
3238 5211 3361 5263 pro-

1811 5287 1985 5354 prium
2019 5301 2212 5354 corpus
2258 5286 2610 5347 conﬁrmavit,
2652 5306 2669 5337 ›
2704 5288 3062 5350 asseveravit,
3103 5287 3361 5341 certiores

1811 5389 1908 5428 nos
1953 5375 2097 5428 fecit.
2137 5373 2250 5436 Qua
2297 5376 2508 5445 quidem
2542 5375 2787 5443 loquendi
2833 5377 3037 5428 ratione
3082 5377 3360 5443 perspicue

1809 5467 2013 5522 indiCat
2045 5467 2275 5523 Irenaeus
2305 5483 2415 5522 rem
2445 5469 2648 5522 creditn
2699 5466 3084 5531 difﬁcillimam,
3131 5483 3356 5536 quaeque

1810 5560 1966 5612 ﬁdem
2018 5575 2119 5612 non
2153 5561 2436 5622 obtineret,
2491 5560 2591 5613 nisi
2641 5560 2905 5625 Christus,
2965 5559 3075 5626 ipsa
3133 5558 3353 5618 veritas,

1806 5666 2018 5703 omnem
2052 5649 2397 5705 dubitationis
2430 5665 2611 5704 ansam
2655 5651 2795 5702 clare
2825 5661 2878 5704 et
2920 5658 3098 5717 aperte
3129 5649 3352 5715 loquen-

1808 5744 1872 5795 do
1894 5742 2234 5810 praecideret;
2257 5744 2368 5812 ipse
2392 5757 2516 5797 vero
2535 5743 2945 5796 sallCllIStIOCIOI'
2968 5741 3349 5794 dubitationem

1807 5835 1973 5899 illam,
2007 5851 2124 5901 qua:
2161 5851 2223 5887 ex
2258 5835 2368 5900 ipsa
2406 5835 2501 5899 rei,
2552 5834 2806 5888 mentium
2846 5835 3195 5886 humanarum
3225 5847 3349 5894 cap-
