4196 6330
851 369 951 430 339

1661 332 2242 431 DISSEBTATIONES
2279 373 2579 429 PRA'JVl/E
2616 374 2680 429 IN
2714 374 2964 433 IRENJEI
3002 377 3263 434 LIBROS.

3942 380 4039 436 5l0

850 497 958 548 tum
1024 506 1130 551 tam
1183 496 1341 563 longe
1388 496 1731 566 superantis,
1774 495 2087 552 diﬂicuitate
2133 499 2391 561 nascitur,
2422 499 2469 555 Α
2500 510 2623 563 pus,
2663 506 2791 560 etc.;
2838 506 3042 564 petram
3089 496 3309 564 deserti,
3360 512 3479 552 esse
3539 497 3708 567 ipsum
3750 498 4036 563 Christum,

849 587 1041 641 iterum
1070 595 1233 657 atque
1264 587 1453 643 iterum
1483 587 1805 644 inculcando
1844 590 2046 644 Christi
2083 592 2244 643 verba
2289 591 2391 644 tol-

846 678 955 733 lere
1019 679 1220 733 nititur.
1280 680 1441 746 Quasi
1516 683 1772 747 dixisset,
1830 684 1972 753 quod
2022 692 2204 751 postea
2258 684 2391 739 dixit

846 768 1072 836 Cyrillus
1093 768 1608 841 Hierosolymitanus
1631 774 1849 827 Cateeh.
1878 790 1949 839 tv,
1975 772 2241 844 Mystagm
2257 772 2387 828 Cum

844 860 1007 929 igitur
1064 860 1309 918 Christus
1357 865 1470 933 ipse
1515 866 1591 920 sic
1638 864 1883 933 afﬁrmet,
1934 876 2095 933 atque
2142 868 2281 920 dicat
2324 865 2389 919 de

842 967 1011 1021 pane:
1041 952 1155 1007 Hoc
1196 966 1268 1007 est
1308 972 1491 1025 corpus
1518 973 1719 1023 meum;
1768 957 1885 1026 quis
1921 958 2168 1025 deinceps
2195 959 2390 1015 audeat

842 1041 1126 1096 dubitare?
1152 1046 1225 1099 Ac
1247 1048 1429 1099 eodem
1458 1061 1669 1117 quoque
1695 1048 2066 1115 confirmante,
2097 1048 2389 1119 βεϐαιωσα-

843 1134 1025 1205 μένου,
1057 1133 1160 1188 Hic
1193 1146 1267 1189 est
1311 1139 1522 1206 sanguis
1561 1154 1735 1199 meus;
1769 1140 1907 1208 quis,
1944 1139 2181 1209 inquam,
2231 1141 2388 1196 dubi-

844 1236 939 1292 tet,
964 1234 1016 1280 et
1040 1226 1183 1280 dicat
1214 1244 1319 1282 non
1357 1242 1475 1283 esse
1518 1228 1661 1285 illius
1682 1232 2034 1301 sanguinem?
2063 1251 2081 1284 ›
2116 1232 2181 1286 Et
2208 1231 2385 1304 Chry-

839 1331 1126 1385 sostomus,
1172 1321 1313 1375 hom.
1343 1323 1412 1377 83
1472 1325 1524 1377 in
1558 1323 1773 1378 Matth:
1810 1342 1827 1374 ι
1870 1325 2161 1381 Credamus
2206 1326 2380 1396 itaque

841 1413 1037 1481 ubique
1063 1413 1193 1481 Deo,
1228 1429 1325 1469 nec
1368 1430 1725 1486 repugnemus
1759 1417 1829 1483 ei,
1861 1418 2075 1473 etiamsi
2118 1418 2298 1473 sensui
2329 1431 2384 1474 et

839 1505 1148 1574 cogitationi
1207 1515 1402 1561 nostra:
1449 1507 1736 1562 absurdum
1798 1525 1917 1565 esse
1961 1510 2206 1565 videatur
2241 1512 2381 1580 quod

837 1593 1036 1649 dicit...
1060 1593 1191 1649 Nam
1228 1597 1405 1651 verbis
1430 1596 1545 1665 ejus
1579 1596 1883 1653 defraudari
1926 1614 2031 1654 non
2075 1616 2378 1669 possumus,

838 1697 1029 1738 sensus
1078 1699 1205 1738 vero
1253 1693 1434 1740 noster
1488 1689 1709 1757 deceptu
1765 1688 2052 1743 facillimus
2109 1698 2189 1745 est
2231 1708 2244 1744 :
2292 1690 2379 1745 illa

838 1772 970 1827 falsa
1017 1788 1135 1829 esse
1181 1791 1285 1830 non
1328 1790 1572 1846 possuv-t,
1622 1780 1706 1834 hic
1759 1780 1953 1849 saepius
1994 1789 2154 1851 atque
2188 1783 2379 1851 saepius

2492 588 2767 657 proprium
2809 588 3007 642 Christi
3070 604 3285 655 corpus,
3331 596 3432 643 etc.
3477 588 3624 655 Quod
3675 590 3907 656 quandiu
3936 604 4037 643 non

2494 679 2821 749 prtestiterit,
2850 680 3162 750 quatstionis
3191 688 3481 734 statum-ne
3510 680 3696 735 leviter
3725 682 3940 751 quidem
3960 692 4033 735 at-

2492 770 2688 839 tigerit.

2560 864 2649 919 89.
2690 863 2793 918 Sed
2828 874 2884 918 ut
2938 867 3004 918 ad
3054 866 3239 919 lrenaei
3287 865 3805 935 argumentationem
3856 875 4029 919 nostra

2490 956 2676 1011 redeat
2698 958 2893 1020 oratio,
2922 958 3005 1009 vir
3028 956 3358 1011 sanctuslib.
3384 971 3437 1019 v,
3468 970 3495 1009 (ι
3530 1008 3533 1009 ,
3562 988 3587 1014 ξ.
3648 955 3717 1020 ",
3752 954 4031 1010 Gnostico-

2487 1062 2605 1101 rum
2633 1046 2907 1102 erroribus
2938 1047 3332 1101 Eucharistiam
3370 1046 3567 1101 iterum
3610 1061 3903 1116 opponens,
3932 1046 4031 1100 duo

2486 1140 2600 1194 hare
2638 1138 2739 1193 sibi
2792 1138 2950 1192 simul
3008 1138 3422 1192 demonstranda
3476 1138 3815 1207 suscipitzi.
3868 1138 4029 1193 Deum

2486 1231 2826 1286 incarnatum
2858 1231 2911 1284 in
2952 1232 3167 1299 propria
3218 1232 3449 1294 venisse,
3484 1244 3713 1299 vereque
3767 1230 4029 1285 hominem

2484 1322 2687 1378 factum
2735 1337 2887 1391 esse;
2925 1324 3061 1376 alias
3103 1341 3121 1373 ε
3167 1338 3269 1377 ηοη
3319 1325 3521 1392 justum
3560 1343 3578 1375 ι
3620 1330 3734 1377 tore
3769 1340 3787 1373 ι
3833 1321 4029 1374 adven-

2486 1423 2597 1468 tum
2645 1412 2783 1482 ejus,
2831 1415 2920 1483 qui
2958 1414 3252 1470 secundum
3296 1429 3409 1478 eos,
3462 1414 3608 1467 venit
3634 1413 3685 1466 in
3714 1414 3909 1476 aliena,
3941 1427 4029 1465 ne-

2482 1519 2585 1573 que
2616 1518 2742 1560 vere
2782 1506 3075 1561 redemisse
3119 1521 3215 1561 nos
3243 1504 3501 1571 sanguine
3546 1519 3663 1569 suo,
3696 1506 3739 1558 si
3771 1519 3874 1558 non
3907 1516 4029 1557 vere

2481 1597 2641 1653 homo
2684 1598 2859 1652 factus
2903 1600 3071 1653 est".
3117 1600 3218 1654 i2.
3263 1599 3495 1653 Carnem
3545 1617 3564 1650 ι
3619 1612 3871 1666 capacem
3913 1609 4029 1650 esse

2481 1692 3017 1759 incorruptibilitatis.
3059 1712 3076 1744 ι
3113 1709 3212 1748 nec
3264 1694 3487 1762 proinde
3541 1704 3797 1747 aeternum
3830 1692 4030 1760 peritu-

2478 1797 2592 1836 ram
2622 1797 2761 1837 esse.
2794 1782 3089 1851 Utrumque
3119 1800 3242 1838 vero
3285 1786 3381 1840 hoc
3417 1793 3740 1855 argumento
3768 1779 4025 1857 [CXLVI]

838 1863 1056 1919 fallitur.
1106 1866 1369 1933 Quoniam
1415 1885 1541 1940 ergo
1584 1870 1670 1924 ille
1705 1848 1884 1927 dixit:
1921 1871 2032 1926 Hoc
2069 1848 2148 1927 est
2193 1848 2378 1943 corpus
2407 1848 2450 1902 Β
2478 1875 2725 1929 conficit:
2762 1894 2779 1925 ε
2812 1876 2889 1942 Si,
2928 1894 2946 1927 ι
2980 1848 3176 1947 inquit,
3203 1897 3219 1929 ‹
3247 1894 3351 1933 non
3382 1848 3622 1932 salvetur
3655 1897 3674 1929 ι
3703 1848 3851 1939 caro,
3879 1895 3898 1928 ‹
3926 1848 4024 1930 nec

839 1972 1029 2023 meum,
1063 1959 1205 2012 nulla
1238 1968 1514 2015 teneamur
1539 1964 1913 2033 ambiguitate,
1940 1966 2033 2021 sed
2075 1968 2373 2035 credamus,

836 2056 891 2099 et
912 2046 1082 2102 oculis
1119 2048 1426 2107 intellectus
1457 2053 1506 2107 id
1540 2057 1950 2123 perspiciamus.
2006 2077 2023 2110 ι
2062 2056 2230 2114 Porro
2270 2060 2373 2115 nisi

834 2136 1033 2192 Christi
1065 2142 1225 2193 verba
1251 2142 1313 2194 ad
1342 2143 1570 2199 litteram
1610 2147 1950 2218 intelligenda
1979 2168 2100 2207 esse
2133 2154 2374 2209 censuis-

835 2240 919 2283 set
954 2229 1203 2295 lreneeus,
1227 2245 1277 2287 et
1321 2235 1391 2287 ita
1441 2236 1832 2293 intellexissent
1856 2240 2037 2296 ﬁdeles
2067 2260 2272 2308 omnes,
2306 2246 2378 2298 ri-

835 2321 1011 2377 dicule
1037 2324 1251 2376 omnino
1275 2326 1449 2379 dubiis
1478 2330 1725 2383 omnibus
1758 2334 2093 2398 opposuisset
2121 2350 2180 2387 ea
2213 2335 2371 2389 verba

834 2427 899 2465 ex
934 2414 1129 2481 quibus
1164 2426 1279 2468 orta
1320 2415 1549 2470 fuissent
1591 2436 1605 2471 :
1650 2420 1909 2475 insulsius
1938 2425 2108 2477 adlmc
2132 2425 2371 2491 dixisset,

834 2509 1099 2562 Christum
1129 2523 1485 2576 asseverasse,
1516 2514 1817 2571 confessum
1842 2533 1981 2581 esse,
2013 2520 2369 2583 confirmasse,

834 2601 1089 2654 certiores
1120 2616 1216 2655 nos
1255 2602 1466 2667 fecisse,
1498 2617 1689 2672 panem
1713 2621 1834 2661 esse
1860 2609 2131 2677 preprium
2156 2626 2369 2679 corpus,

830 2699 887 2743 et
909 2692 1089 2744 vinum
1126 2694 1396 2761 proprium
1426 2699 1756 2765 sanguinem.
1791 2699 2115 2766 Explicanda
2151 2702 2376 2756 fuissent

832 2781 1031 2836 Christi
1056 2785 1242 2847 verba,
1276 2785 1316 2837 si
1346 2786 1571 2852 ﬁgurate
1595 2798 1649 2843 et
1685 2792 2047 2860 metaphorice
2079 2795 2250 2861 accipi
2283 2796 2375 2849 de-

834 2871 1106 2938 buissent,
1168 2888 1271 2928 non
1325 2874 1515 2930 iterum
1580 2889 1741 2947 atque
1792 2880 1983 2935 iterum
2034 2882 2370 2939 inculcanda.

835 2963 967 3027 Quis
1005 2965 1147 3018 enim
1179 2964 1458 3022 ferateum
1503 2970 1591 3037 qui
1638 2970 1801 3035 dicat,
1838 2972 2097 3041 Spiritum
2128 2985 2372 3032 sanctum

810 3046 1134 3109 'eonfessum
1190 3071 1350 3122 esse,
1395 3068 1448 3113 et
1500 3062 1878 3131 confirmasse,
1924 3074 2129 3132 petram
2178 3070 2373 3125 deserti

2478 1967 2737 2022 Dominus
2770 1968 3030 2037 sanguine
3075 1984 3168 2025 suo
3217 1970 3440 2024 redemit
3479 1984 3599 2033 nos,
3636 1987 3655 2020 ι
3688 1969 3812 2037 quia
3840 1984 4023 2023 verum

2475 2060 2787 2129 sanguinem
2821 2075 2928 2115 non
2974 2060 3244 2127 habuerit,
3296 2078 3402 2116 non
3443 2076 3568 2117 vere
3616 2062 3775 2115 homo
3811 2060 4020 2127 factus;

2475 2154 2723 2220 sequitur
2749 2170 2767 2202 ι
2800 2167 2974 2220 neque
3007 2152 3232 2207 calicem
3268 2152 3623 2207 Eucharistize
3654 2151 4023 2206 communica~

2476 2243 2681 2299 tionem‘
2720 2246 2997 2313 sanguinis
3042 2246 3155 2313 ejus
3199 2261 3336 2311 esse,
3379 2261 3551 2315 neque
3594 2260 3809 2313 panem,
3868 2259 4024 2311 quem

2477 2335 2792 2406 frangimus,
2828 2336 3374 2391 communicationem
3416 2334 3793 2405 corporisejus
3822 2348 3960 2389 esse.
4000 2354 4017 2387 ι

2472 2429 2562 2495 At,
2595 2444 2717 2484 mox
2753 2428 3038 2492 subsumit,
3093 2428 3233 2482 calix
3279 2426 3632 2481 Eucharistite
3659 2426 4022 2480 communica-

2473 2520 2546 2572 tio
2568 2520 2842 2588 sanguinis
2864 2518 3063 2573 Christi
3094 2527 3199 2583 est,
3231 2526 3282 2571 et
3308 2516 3482 2585 panis,
3514 2532 3672 2584 quem
3705 2514 4021 2583 frangimus,

2475 2612 2897 2666 communicatio
2928 2610 3171 2679 corporis
3202 2608 3316 2675 ejus
3348 2616 3448 2663 est.
3495 2606 3643 2661 Unde
3675 2607 3867 2659 merito
3896 2620 4024 2659 cou—

2474 2702 2660 2765 cludit,
2693 2716 2911 2755 earnetn
2936 2700 3161 2764 servari,
3191 2708 3245 2753 et
3297 2698 3580 2750 Dominum
3628 2695 3890 2765 sanguine
3928 2709 4021 2747 suo

2473 2794 2762 2848 redemisse
2786 2807 2903 2846 nos.
2929 2791 3040 2845 Hoc
3064 2792 3245 2845 Irenati
3272 2798 3644 2858 argumentum
3668 2787 3865 2855 duplici
3902 2801 4021 2853 pro-

2473 2885 2739 2954 positione
2770 2881 2970 2936 niitur:
2996 2884 3083 2948 1ο,
3131 2896 3302 2950 eaque
3341 2879 3618 2948 bipertita,
3660 2878 3798 2946 quod
3846 2877 3891 2929 si
3923 2890 4019 2929 nee

2472 2988 2716 3031 servetur
2743 2990 2892 3039 caro,
2923 2989 3022 3028 nec
3054 2974 3312 3027 Dominus
3357 2972 3619 3040 sanguine
3660 2986 3759 3025 suo
3790 2969 4021 3023 redemit

2472 3082 2597 3133 nos,
2633 3067 2878 3136 sequitur
2902 3079 3074 3133 neque
3115 3064 3337 3118 calicem
3369 3062 3723 3117 Eucharistizc
3771 3074 4013 3115 commu-

828 3159 947 3199 esse
978 3145 1269 3213 Christum,
1308 3164 1407 3206 nec
1457 3152 1685 3220 proinde
1725 3155 2070 3213 dubitandum
2102 3173 2219 3215 esse
2244 3162 2370 3230 quin
2397 3178 2439 3237 ο
2474 3158 2797 3213 nicationem
2848 3158 3123 3226 sanguinis
3191 3155 3309 3224 ejus
3362 3169 3518 3219 esse,
3574 3165 3741 3220 neque
3796 3166 4014 3219 panem,

828 3246 978 3304 petra
1020 3240 1091 3293 sit
1134 3240 1248 3308 ipse
1276 3240 1548 3309 Christus,
1581 3260 1706 3299 vere
1736 3262 1797 3301 ac
1839 3251 2055 3319 proprie
2086 3250 2370 3309 Christus?

828 3330 958 3394 Quis
1017 3346 1248 3399 unquam
1299 3336 1525 3389 asseruit
1570 3336 1753 3393 bibere
1790 3353 1889 3395 nos
1950 3344 2001 3396 in
2045 3341 2369 3413 baptismate

828 3420 1113 3487 ipsummet
1162 3438 1222 3477 ac
1274 3426 1547 3494 proprium
1613 3428 1810 3485 Christi
1871 3434 2213 3502 sanguinem;
2272 3438 2366 3491 ha-

826 3510 1018 3577 ptisma
1072 3526 1193 3568 esse
1234 3517 1509 3585 preprium
1564 3518 1760 3573 Christi
1820 3539 2033 3593 corpus,
2084 3526 2369 3595 ipsummet

823 3601 940 3670 ejus
986 3608 1323 3673 sanguinem;
1356 3610 1619 3678 baptisma
1667 3629 1787 3666 eum
1829 3617 2132 3685 recipimus.
2178 3622 2241 3673 ali
2271 3638 2366 3679 nos

824 3697 1042 3763 proprio
1084 3697 1285 3753 Christi
1328 3715 1572 3769 corpore,
1601 3714 1653 3756 et
1695 3706 1809 3771 ipso
1838 3708 1953 3777 ejus
1982 3715 2245 3780 sanguine
2269 3729 2365 3783 po-

825 3788 951 3853 tari,
978 3790 1119 3859 quod
1172 3790 1313 3846 illius
1367 3794 1538 3848 virtus
1596 3798 1892 3866 applicetur
1940 3805 2358 3874 catechumenis,

821 3895 942 3933 cum
974 3880 1347 3963 baptizantqr?

888 3970 979 4023 88.
1018 3970 1312 4026 Cavillatur
1357 3976 1570 4042 quidem
1623 3982 1709 4035 hic
1761 3997 1859 4049 pro
1919 3998 2067 4040 more
2110 3986 2363 4053 Grabius,

819 4077 991 4132 eaque
1024 4075 1177 4133 urget
1212 4066 1427 4123 Patrum
1489 4071 1627 4137 loca,
1674 4088 1791 4141 quae
1844 4075 1930 4128 alii
1974 4077 2170 4131 dudum
2214 4080 2365 4149 obje-

817 4160 1353 4227 cerantCalviniani,
1404 4166 1597 4234 quibus
1647 4169 1900 4223 nimirum
1958 4185 2205 4229 asserunt
2238 4192 2364 4231 san-

818 4251 887 4303 cti
919 4251 1185 4317 doctores,
1220 4254 1514 4313 Ecelesiam
1548 4276 1665 4316 esse
1697 4268 1970 4332 propriunt
2008 4266 2209 4322 Christi
2238 4286 2359 4326 cor-

816 4358 916 4411 pus
951 4359 1154 4411 nosque
1205 4349 1442 4400 membra
1498 4354 1702 4421 prpprii
1754 4360 2017 4423 corporis.
2065 4358 2222 4414 Plura
2254 4363 2361 4419 alia

815 4438 1009 4490 similia
1038 4440 1374 4494 accumulare
1420 4442 1577 4497 facile
1626 4448 1924 4514 patuisset;
1978 4454 2069 4505 sed
2108 4456 2283 4509 omnia
2330 4473 2357 4511 a

814 4528 1086 4595 proposito
1115 4546 1233 4584 esse
1259 4532 1430 4585 aliena
1478 4551 1597 4587 cum
1631 4537 1826 4593 invicte
1852 4543 2194 4609 probaverint
2232 4564 2358 4601 eru-

817 4618 1065 4673 ditissimi
1110 4631 1358 4675 auctores
1402 4623 1772 4688 Pcrpctuitutis
1812 4631 1955 4697 fidei,
1989 4643 2026 4685 t.
2061 4634 2124 4699 ll,
2151 4635 2241 4690 lib.
2281 4655 2353 4704 tv,

814 4723 863 4761 «τ.
895 4706 948 4775 8,
984 4710 1049 4761 ad
1087 4711 1183 4765 hos
1214 4722 1267 4765 et
1295 4713 1554 4769 Grabium
1585 4729 1637 4771 et
1682 4720 1915 4775 lectores
1954 4726 2185 4779 remitto.
2217 4727 2351 4780 Gra-

811 4800 922 4864 bio,
963 4801 1006 4854 si
1058 4817 1265 4870 aequum
1317 4807 1625 4875 bonumque
1679 4812 1855 4867 dicere
1885 4814 2032 4877 velit,
2067 4820 2351 4883 quaerenda

812 4898 937 4942 sunt
986 4894 1274 4961 exempla,
1330 4912 1434 4951 non
1487 4904 1907 4969 propositionum
1964 4911 2353 4976 metaphorica-

815 5000 950 5046 rum,
983 4988 1157 5053 qualis
1193 4999 1275 5043 est
1302 4992 1397 5043 ἰείη
1439 5015 1448 5045 ;
1490 5011 1505 5042 σ
1543 4995 1777 5049 Ecclesia
1817 5008 1897 5050 est
1922 5015 2107 5053 verum
2139 5017 2198 5055 ac
2230 5018 2353 5070 pro-

810 5076 985 5142 prium
1025 5076 1225 5132 Christi
1282 5096 1494 5151 Corpus,
1546 5105 1563 5136 ›
1603 5088 1655 5139 in
1708 5089 1902 5155 quibus
1950 5101 2133 5158 tropus
2190 5094 2349 5148 allicit

808 5170 1192 5236 propositionis
1236 5176 1583 5241 attributum;
1619 5183 1708 5234 sed
1755 5184 2182 5252 propositionum
2214 5186 2350 5257 figu-

808 5271 1068 5327 ratarum,
1094 5264 1301 5330 qualem
1340 5283 1455 5319 ese
1491 5286 1606 5323 eam
1640 5274 2053 5341 propositionem
2087 5292 2098 5327 :
2132 5276 2244 5330 lloc
2274 5289 2348 5332 est

808 5367 994 5416 corpus
1030 5367 1214 5417 meum,
1264 5362 1447 5407 solum
1501 5362 1769 5425 ministri;
1814 5365 1863 5415 in
1920 5365 2114 5433 quibus
2166 5379 2347 5437 tropus

807 5439 999 5492 τιΠὶνίιιι
1024 5444 1259 5506 verbum,
1284 5450 1393 5501 list.
1429 5449 1623 5501 Probet
1651 5453 1807 5521 igitur
1836 5459 2113 5524 exemplis,
2148 5460 2190 5511 si
2221 5477 2346 5527 pos-

808 5536 895 5593 sit,
934 5545 1076 5588 recte
1112 5537 1209 5590 dici
1258 5552 1432 5605 posse,
1489 5546 1552 5591 in:
1580 5548 1769 5608 ginem
1802 5548 2031 5601 Caesaris
2075 5566 2189 5603 esse
2222 5568 2346 5606 vere

807 5624 1094 5687 ffzcsarcm,
1119 5627 1285 5693 ipsum
1314 5628 1595 5695 (Lemnum,
1633 5638 1906 5701 [iropriuut
1939 5640 2167 5695 (Aesaris
2218 5656 2343 5697 cur-

876 5739 914 5769 "
952 5738 1011 5792 Ν.
1062 5742 1107 5794 1.
1208 5746 1248 5775 ⁷³
1382 5748 1425 5797 2.
1507 5748 1865 5814 "414.514.

2470 3264 2629 3320 quem
2676 3247 2993 3317 frangimus.
3021 3246 3562 3301 connuunieationem
3614 3244 3856 3311 corporis
3904 3243 4019 3311 ejus

2467 3356 2607 3395 esse.
2647 3340 2852 3403 Altera,
2898 3340 3119 3393 calicem
3166 3338 3521 3392 Eucltaristia:
3568 3336 4007 3391 communicatio-

2469 3451 2589 3490 nem
2618 3435 2897 3504 sanguinis
2928 3434 3137 3487 Domini
3169 3448 3309 3497 esse,
3345 3442 3399 3486 et
3424 3447 3641 3501 panem,
3680 3446 3839 3501 quem
3872 3432 4017 3485 frau-

2466 3528 2681 3597 gimus,
2758 3526 3301 3582 communicationem
3379 3524 3621 3591 corporis
3694 3524 3807 3591 ejus
3873 3538 4014 3578 esse.

2467 3621 2671 3675 Prioris
2702 3620 3092 3689 propositionis
3122 3621 3413 3675 secundum
3448 3630 3655 3689 partem
3684 3620 3761 3671 sic
3792 3618 4015 3671 demouv

2466 3723 2602 3768 strat
2630 3714 2686 3767 S.
2719 3714 2922 3778 doctor,
2950 3714 3170 3768 alteram
3204 3728 3321 3767 mox
3373 3713 3727 3781 probaturus:
3754 3710 3855 3775 Qui
3888 3726 4014 3763 san-

2464 3808 2625 3875 guine
2653 3821 2751 3860 suo
2775 3822 2879 3860 non
2907 3808 3131 3861 redemit
3162 3820 3282 3869 nos,
3318 3805 3457 3875 quod
3487 3819 3670 3857 verum
3699 3810 4013 3869 sanguinem

2466 3914 2570 3953 non
2612 3898 2881 3965 habuerit,
2912 3914 3014 3952 non
3044 3913 3168 3952 vere
3214 3898 3387 3951 factus
3425 3898 3615 3960 homo;
3664 3897 3709 3949 is
3740 3908 3892 3950 certe
3926 3911 4013 3950 ve-

2465 4004 2581 4043 rum
2616 3991 2953 4058 sanguinem,
2995 4002 3286 4056 verumque
3322 4001 3515 4055 corpus
3552 3988 3742 4041 sistere
3770 4001 4010 4054 praesen-

2464 4082 2535 4135 tia
2578 4082 2632 4135 in
2679 4081 3019 4136 Eucltaristia
3073 4095 3178 4134 non
3207 4080 3402 4147 potuit.
3442 4079 3609 4132 Verus
3648 4079 3789 4132 enim
3826 4098 3844 4130 ι
3890 4092 4012 4133 san-

2462 4175 2580 4244 guis
2604 4188 2708 4227 non
2764 4185 2867 4237 est,
2925 4174 3025 4226 nisi
3056 4188 3085 4225 a
3121 4174 3269 4226 venis
3320 4181 3375 4226 et
3425 4170 3696 4235 carnibus,
3729 4182 3781 4225 et
3818 4189 3849 4225 a
3886 4173 4009 4226 reli—

2460 4281 2585 4335 qua,
2628 4280 2746 4333 quae
2796 4274 2879 4318 est
2925 4266 3217 4318 secundum
3266 4263 3565 4327 hominem,
3619 4264 3947 4317 substantia.
3984 4282 4002 4316 ι

2461 4359 2560 4426 Qui
2595 4361 2757 4428 igitur
2802 4358 3116 4427 sanguinem
3153 4359 3309 4413 nobis
3357 4360 3408 4411 in
3455 4358 3624 4412 calice
3651 4358 4008 4412 Eucharistia:

2461 4448 2840 4514 communicat,
2878 4450 2919 4501 is
2959 4448 3270 4517 sanguinem
3318 4447 3556 4515 pratbere
3611 4446 3785 4511 debet,
3821 4446 3911 4515 qui
3939 4444 4006 4497 sit

2467 4560 2485 4591 ι
2525 4555 2553 4594 a
2580 4542 2725 4596 venis
2755 4550 2808 4593 et
2839 4540 3110 4607 carnibus,
3146 4549 3197 4593 et
3229 4554 3258 4591 a
3288 4538 3509 4606 reliqua,
3550 4554 3666 4604 quae
3695 4550 3774 4592 est
3813 4554 4005 4593 secun-

2458 4637 2581 4691 dum
2632 4637 2921 4701 hominem,
2971 4634 3294 4701 substantia;
3329 4655 3346 4687 ι
3386 4636 3431 4688 is
3479 4636 3618 4687 enim
3665 4634 3813 4689 solus
3850 4647 4003 4686 verus

2458 4728 2679 4797 sanguis
2706 4736 2785 4780 est
2816 4746 2828 4780 :
2875 4742 3003 4795 ergo
3048 4726 3090 4779 si
3128 4741 3309 4780 verum
3347 4728 3659 4795 sanguinem
3692 4727 3847 4780 nobis
3871 4741 4005 4793 prce-

2458 4830 2563 4874 stet
2601 4820 2653 4873 in
2697 4818 3033 4872 Eueharistia
3073 4819 3341 4885 Christus,
3382 4817 3568 4872 habuit
3601 4831 3764 4871 venas
3794 4826 3850 4873 et
3886 4834 4001 4873 car-

2456 4928 2574 4976 nes,
2620 4923 2674 4966 et
2726 4913 3007 4981 reliquam,
3057 4928 3173 4981 qua:
3229 4923 3309 4965 est
3362 4913 3653 4966 secundum
3706 4912 3996 4977 hominem,

2456 5004 2833 5058 substantiam.
2868 5003 3001 5059 Vera
3030 5005 3191 5072 igitur
3218 5006 3447 5059 humana
3478 5006 3780 5059 substantia
3820 5024 3838 5056 ι
3881 5021 3999 5060 vere

2453 5096 2654 5151 factum
2692 5104 2773 5150 est
2816 5095 3051 5149 Verbum
3085 5097 3214 5162 Dei;
3266 5116 3283 5149 ι
3324 5112 3387 5151 ac
3433 5099 3657 5167 proinde
3683 5115 3701 5149 ι
3739 5099 3997 5169 sanguine

2452 5204 2553 5243 suo
2585 5187 2805 5241 redemit
2841 5202 2958 5251 nos,
2988 5188 3433 5255 quemadmodum
3475 5199 3528 5241 et
3566 5186 3857 5257 Apostolus
3885 5187 3996 5256 ejus

2444 5282 2521 5336 ait
2550 5300 2568 5335 τ
2608 5282 2673 5338 In
2702 5301 2801 5354 quo
2826 5285 3071 5336 habemus
3110 5284 3528 5350 redemptionem,
3570 5298 3662 5351 per
3689 5286 3993 5354 sanguinem

2442 5375 2576 5444 ejus,
2613 5375 2966 5428 remissionem
3004 5374 3422 5441 peccatorum".
3458 5394 3477 5426 ι
3527 5372 3795 5429 Hactenus
3830 5390 3992 5443 argu-

2444 5475 2700 5525 tncutmn,
2732 5464 2869 5531 quod
2927 5464 3227 5517 certissime
3273 5464 3457 5517 Irenzei
3512 5472 3613 5530 est,
3650 5466 3784 5518 male
3837 5465 3995 5519 habet

2440 5544 3021 5610 Culvinianus'omnes.
3056 5554 3168 5607 Hoc
3197 5555 3339 5608 enim
3372 5554 3726 5610 fundamento
3757 5556 3990 5623 positum

2440 5649 2651 5711 nititur,
2702 5647 2842 5717 quod
2896 5649 3143 5702 Christus
3192 5647 3243 5701 in
3280 5648 3617 5704 Eucharistia
3646 5664 3831 5705 verum
3869 5663 3991 5705 sau-
