4196 6330
197 364 290 419 3M

1121 349 1582 408 DlSSER'I'ATlO
1618 348 1702 414 lli,
1741 347 1829 402 DE
1865 347 2120 404 ΙΗΕΝᾹΞΙ
2150 347 2511 404 DOCTRINA.

3309 343 3411 400 3ιὶ

199 476 413 543 guinem
444 475 603 530 nobis
634 475 887 542 praebeat,
931 473 1020 543 qui
1069 473 1296 540 proinde
1341 473 1412 526 sit
1447 486 1475 523 a
1511 469 1661 524 venis
1705 475 1756 521 et
1785 469 1828 525 A
1857 466 2056 521 Christi
2103 487 2122 520 ι
2183 467 2284 536 (sic
2317 466 2420 522 fert
2442 473 2618 520 textus
2657 463 2919 536 Graecus),
2949 481 2966 514 t
3002 477 3066 517 ex
3099 461 3290 531 quibus
3318 480 3413 516 au-

199 568 474 633 carnibns,
509 577 567 620 et
610 585 637 620 a
682 566 890 636 reliqua
943 565 1180 617 humana
1237 563 1539 618 substantia
1574 579 1586 614 :
1619 560 1758 614 unde

199 661 446 726 infertur,
474 673 642 714 venas
691 667 745 713 et
801 672 1012 719 carnes,
1066 665 1119 709 et
1177 655 1436 724 reliquam
1469 656 1755 708 humanam

197 754 554 808 substantiam
603 750 887 807 habuisse.
939 764 1173 816 vereque
1222 749 1493 803 hominem
1555 746 1755 801 factum

198 844 363 899 fuisse
398 841 636 896 Verbum
664 843 778 906 Dei,
810 857 872 896 ac
899 841 1160 910 sanguine
1187 855 1283 894 suo
1315 841 1604 894 redemisse
1637 854 1754 893 nos.

197 934 254 988 Si
288 934 430 988 enim
462 948 664 988 meram
699 933 977 1000 sanguinis
1008 931 1253 1001 ﬁguram,
1291 931 1561 986 efﬁcacem
1608 930 1756 992 licet,

196 1023 543 1092 przestitisset
577 1021 733 1078 nobis
772 1023 824 1076 in
872 1023 1042 1077 calice
1091 1023 1458 1076 eucharistico
1488 1023 1754 1084 Christus,

195 1115 354 1184 idque
385 1116 651 1169 sensisset
679 1114 933 1181 lrenmus,
966 1131 1286 1170 aranearum
1318 1115 1435 1169 telis
1463 1115 1625 1170 citius
1646 1116 1754 1169 dis-

195 1207 522 1261 solvendum
574 1207 946 1274 proposuisset
997 1206 1324 1261 adversariis
1359 1217 1753 1277 argumentum.

189 1297 325 1350 Nam
355 1299 538 1351 statim
565 1298 872 1365 exet-pisset
901 1298 1208 1352 Marcionita
1245 1299 1447 1366 quivis,
1483 1299 1754 1354 Christum

189 1387 313 1442 ideo
361 1388 605 1444 voluisse
660 1390 840 1443 vinum
896 1389 1176 1458 sanguinis
1210 1391 1291 1444 sui
1337 1390 1561 1458 ﬁguram
1615 1407 1752 1458 esse,

188 1479 331 1547 quod
362 1493 484 1532 cum
534 1495 718 1534 verum
765 1481 1081 1550 sanguinem
1133 1497 1239 1536 non
1295 1483 1540 1550 haberet,
1594 1499 1753 1553 quem

187 1569 517 1639 porrigeret,
556 1572 936 1640 imaginarium
962 1574 1242 1636 duntaxat,
1285 1585 1338 1628 et
1372 1573 1489 1642 ejus
1525 1575 1752 1629 similem

188 1678 352 1729 quem
387 1663 666 1717 hominum
701 1664 872 1719 oculis
918 1664 1228 1732 objiciebat,
1264 1666 1597 1734 praestiterit.
1632 1666 1754 1721 Sic-

189 1768 297 1821 que
317 1754 405 1808 vel
437 1753 716 1811 levissimo
761 1756 888 1810 ﬂatu
917 1771 1243 1812 concussum
1275 1758 1420 1814 illico
1452 1759 1648 1815 ruisset
1677 1771 1754 1814 to-

189 1858 301 1901 tum
335 1849 644 1904 adiﬁcium.

259 1939 348 1994 90.
387 1941 631 1996 Alteram
675 1953 883 2013 partem
918 1946 1118 2015 prioris
1155 1949 1553 2018 propositionis,
1593 1950 1752 2003 nimi-

188 2048 310 2087 rum
341 2034 487 2102 quod
540 2038 584 2090 si
635 2052 738 2091 non
778 2050 1024 2094 servetur
1074 2057 1224 2107 caro,
1268 2057 1442 2112 neque
1477 2043 1612 2098 calix
1649 2043 1752 2097 Eu-

189 2125 472 2181 charistia:
516 2130 936 2185 communicatio
971 2130 1175 2186 Christi
1222 2134 1499 2201 sanguinis
1527 2145 1631 2199 est,
1661 2151 1753 2190 ne-

185 2233 296 2289 que
321 2220 500 2289 panis,
531 2236 688 2290 quem
714 2222 1035 2293 frangimus,
1067 2227 1483 2282 communicatio
1514 2229 1753 2296 corporis

187 2310 313 2379 ejus
344 2321 458 2378 est;
495 2314 578 2368 his
609 2317 911 2372 rationibus
950 2320 1240 2387 persuadet
1271 2320 1532 2376 lrenaaus:
1557 2322 1611 2376 Si
1647 2321 1754 2376 Eu-

187 2405 453 2460 charistia
516 2407 588 2461 sit
620 2423 809 2461 verum
853 2424 915 2463 ac
972 2413 1247 2480 proprium
1278 2413 1484 2468 Christi
1534 2430 1751 2486 corpus,

185 2511 351 2551 verus
384 2506 437 2550 et
469 2500 717 2567 prOprius
743 2500 860 2569 ejus
891 2504 1134 2571 sanguis,
1163 2505 1494 2574 impossibile
1530 2516 1613 2561 est
1639 2523 1754 2561 car-

185 2602 309 2642 nem
337 2606 461 2659 qua:
491 2591 558 2646 iis
600 2595 838 2648 nutritur
887 2605 936 2650 et
993 2606 1242 2668 augetur,
1288 2602 1497 2672 hacque
1545 2603 1755 2658 ratione

184 2684 395 2738 arctius
446 2701 568 2740 cum
610 2686 830 2744 Christo
868 2693 1126 2757 cohaeret,
1159 2712 1176 2744 t
1213 2704 1266 2748 et
1294 2698 1596 2751 membrum
1636 2696 1754 2766 ejus

185 2786 294 2840 est,
335 2795 354 2828 ι
387 2778 467 2832 sic
495 2779 710 2834 dissolvi
743 2792 800 2835 ut
837 2799 1106 2851 nunquam
1148 2788 1451 2843 reviviscat.
1480 2789 1579 2855 Qui
1610 2791 1752 2845 enim

184 2867 307 2923 ﬂeri
336 2880 519 2937 posset
548 2881 607 2924 ut
634 2887 778 2939 caro,
809 2875 976 2944 ipsius
1003 2878 1124 2932 vita:
1155 2894 1382 2948 corpore
1410 2892 1464 2937 et
1492 2885 1756 2953 sanguine

187 2970 370 3029 pasta,
413 2970 469 3017 et
504 2965 733 3031 nutrita,
765 2987 782 3017 t
819 2983 986 3036 capax
1028 2988 1134 3025 non
1173 2972 1243 3026 sit
1291 2975 1599 3031 donationis
1637 2977 1751 3045 Dei,

187 3071 312 3122 qua:
349 3065 433 3110 est
455 3057 568 3112 vita
612 3062 848 3116 aeterna?
884 3081 902 3115 ι
934 3063 1086 3130 Quod
1131 3082 1257 3121 vero
1289 3087 1308 3117 ι
1343 3071 1526 3125 carnis
1561 3081 1755 3126 nostra:

1866 568 2022 628 getur
2047 569 2104 614 et
2148 560 2392 614 consistit
2429 559 2610 614 carnis
2664 567 2860 613 nostrte
2908 556 3246 618 substantia;
3278 571 3410 624 quo-

1860 652 2020 705 modo
2079 665 2298 707 carnem
2367 661 2563 721 negant
2623 665 2876 720 capacem
2928 663 3047 703 esse
3109 647 3411 703 donationis

1864 747 1980 811 Dei,
2015 761 2132 813 quae
2174 754 2257 800 est
2289 745 2394 798 vita
2439 753 2662 806 aeterna,
2717 757 2835 812 qua:
2893 739 3148 810 sanguine
3193 747 3248 793 et
3291 753 3410 792 cor-

1864 853 1996 908 pore
2026 836 2226 892 Christi
2263 837 2521 900 nutritur,
2561 845 2614 890 et
2653 836 2951 889 membrum
2991 833 3105 900 ejus
3138 831 3292 885 est?»

1935 930 2023 984 9l.
2066 930 2146 985 Ad
2192 930 2358 983 totius
2413 926 2713 998 argumenti
2757 923 3220 980 confirmationem
3270 919 3414 974 aliud

1863 1023 2016 1076 addit
2052 1022 2307 1087 lrenaens,
2362 1029 2414 1074 et
2473 1020 2686 1089 quidem
2742 1018 2974 1071 maxime
3027 1014 3406 1084 ponderosum.

1865 1137 1881 1167 ι
1924 1116 2407 1183 Quemadmodum,
2447 1131 2465 1165 ι
2506 1113 2601 1177 ait,
2639 1129 2656 1162 t
2693 1112 2894 1182 lignum
2943 1111 3068 1163 vitls
3112 1108 3408 1176 depositum

1861 1210 1917 1264 in
1953 1220 2172 1271 terram,
2203 1222 2301 1262 suo
2337 1206 2628 1260 fructiﬁcat
2663 1213 2934 1271 tempore;
2969 1212 3022 1255 et
3055 1216 3280 1270 granum
3312 1202 3408 1254 tri-

1862 1303 1950 1356 tici
1976 1302 2226 1355 decidens
2254 1301 2304 1353 in
2335 1309 2555 1361 terram,
2613 1303 2669 1352 et
2721 1290 3078 1363 dissolutum,
3137 1295 3411 1365 multiplev

1861 1393 2148 1462 surgitper
2178 1391 2439 1460 Spiritum
2473 1389 2590 1453 Dei,
2638 1388 2728 1458 qui
2777 1387 3021 1442 continet
3065 1384 3262 1445 omnia,
3297 1397 3415 1452 quae

1857 1485 2051 1539 deinde
2080 1500 2176 1553 per
2216 1482 2535 1550 sapientiam
2590 1481 2678 1534 Dei
2709 1481 2807 1550 (sic
2851 1480 2901 1532 in
2928 1477 3135 1545 Graeco)
3170 1478 3220 1529 in
3258 1489 3415 1529 usum

1858 1576 2091 1630 hominis
2135 1575 2392 1637 veniunt,
2438 1583 2493 1629 et
2533 1573 2882 1642 percipientia
2927 1571 3147 1625 verbum
3183 1569 3271 1621 Dei
3305 1567 3414 1620 Eu-

1857 1669 2115 1723 charistia
2150 1668 2301 1734 ﬁunt,
2332 1670 2476 1737 quod
2508 1678 2590 1722 est
2629 1681 2827 1734 corpus
2864 1672 2917 1718 et
2932 1656 3156 1733 sanguis
3181 1659 3411 1724 Christi;

1858 1763 1937 1816 sic
1996 1770 2048 1813 et
2101 1769 2283 1814 nostra
2331 1773 2557 1827 corpora
2609 1774 2674 1811 ex
2719 1773 2781 1812 ea
2827 1756 3049 1817 nutrita,
3079 1763 3134 1807 et
3179 1752 3414 1820 reposita

1858 1856 1907 1908 in
1937 1864 2160 1916 terram,
2200 1863 2254 1906 et
2278 1851 2516 1905 resoluta
2550 1851 2603 1904 in
2631 1866 2714 1916 ea,
2755 1857 3034 1918 resurgent
3061 1847 3115 1899 in
3153 1859 3251 1898 suo
3276 1852 3413 1897 tem-

1854 1958 2004 2012 pore,
2053 1941 2230 1996 Verbo
2273 1942 2364 1995 Dei
2412 1941 2871 1996 resurrectionem
2921 1939 3002 1991 eis
3048 1936 3312 1996 donante,
3361 1935 3413 1986 in

1853 2033 2077 2102 gloriam
2103 2032 2190 2086 Dei
2220 2030 2421 2094 Patris,
2458 2051 2475 2083 ι
2506 2041 2610 2084 etc.
2637 2029 2735 2085 Hic
2762 2028 3094 2097 comparatio
3118 2025 3417 2080 instituitur

1855 2129 1996 2182 inter
2023 2140 2114 2180 eas
2171 2139 2290 2193 qu:e
2335 2125 2516 2177 tritico
2572 2122 2737 2192 (idem
2773 2121 2862 2174 dic
2907 2118 3250 2190 proportione
3299 2131 3414 2171 ser-

1855 2227 1999 2282 vata,
2035 2216 2101 2270 de
2131 2215 2284 2283 vite),
2314 2225 2370 2268 ut
2393 2211 2734 2267 Eucharistia
2776 2210 2890 2277 fiat,
2925 2218 2978 2263 et
3010 2224 3123 2274 eas,
3152 2223 3272 2276 qua:
3297 2222 3415 2259 car-

1856 2310 1933 2374 ni,
1989 2316 2048 2361 ut
2082 2315 2359 2376 resurgat,
2413 2305 2741 2358 mutationes
2799 2302 3072 2356 accidunt.
3133 2300 3416 2354 Mandatnr

1858 2398 2023 2453 tritici
2071 2411 2298 2467 granum
2355 2403 2544 2458 terrm,
2587 2393 2659 2447 ibi
2703 2391 3042 2453 dissolvitur,
3081 2389 3272 2442 deinde
3321 2401 3419 2454 per

1858 2493 2114 2562 Spiritum
2175 2490 2292 2554 Dei,
2345 2503 2452 2558 quo
2494 2485 2817 2542 fecundatur
2865 2490 3080 2544 natura,
3142 2478 3418 2547 multiplex

1855 2588 2051 2656 surgit;
2091 2593 2299 2653 postea,
2330 2596 2386 2637 ut
2418 2584 2467 2637 in
2502 2598 2657 2637 usum
2691 2580 2924 2635 hominis
2951 2578 3150 2641 veniat,
3176 2583 3418 2629 mutatur

1856 2683 1909 2736 in
1942 2695 2168 2751 panem;
2201 2687 2310 2732 tum
2349 2677 2582 2744 denique
2609 2675 2763 2745 panis
2791 2689 2888 2743 per
2916 2672 3137 2726 verbum
3175 2670 3263 2723 Dei
3299 2683 3418 2722 mu-

1860 2785 2003 2829 tatur
2047 2773 2098 2825 in
2139 2785 2334 2839 corpus
2356 2769 2581 2823 Christi.
2617 2767 2708 2821 Sic
2752 2767 2915 2820 etiam
2965 2779 3089 2817 caro
3125 2765 3175 2816 in
3216 2773 3416 2816 terram

1859 2867 2092 2930 defossa,
2124 2867 2174 2919 in
2209 2876 2404 2918 terram
2450 2860 2761 2926 resolvitur,
2798 2874 2860 2912 ac
2895 2866 3074 2925 postea
3110 2855 3417 2908 viviﬁcante

1857 2959 2034 3014 Verbo
2069 2958 2182 3022 Dei,
2233 2967 2445 3010 terrena
2491 2953 2660 3006 forma
2695 2949 2961 3020 tleposita,
3000 2948 3285 3018 pristinam
3327 2961 3415 2998 ac-

1857 3054 2007 3122 cipit.
2030 3049 2494 3118 Quemadmodum
2527 3046 2690 3114 igitur
2713 3060 2773 3099 ea
2810 3045 3056 3108 mutatio,
3091 3057 3208 3112 quae
3234 3055 3417 3093 resur-

187 3149 501 3205 substantia
543 3171 561 3202 ›
601 3153 718 3222 ipso
758 3170 820 3210 ac
854 3157 1070 3224 proprio
1115 3158 1318 3214 Christi
1353 3163 1617 3232 sanguine
1657 3181 1756 3218 ηυ-
1782 3148 1827 3207 C
1860 3145 2006 3216 genti
2030 3143 2180 3198 carni
2207 3141 2422 3204 accidit,
2448 3136 2814 3194 substantialis
2839 3145 2956 3201 est;
2999 3137 3076 3189 sic
3108 3142 3161 3187 et
3187 3148 3269 3197 ea,
3295 3147 3414 3200 qua:

189 3239 394 3293 triatur
429 3249 484 3294 et
518 3253 797 3312 augeatur,
829 3260 948 3314 qua:
980 3251 1218 3303 secunda
1259 3252 1424 3305 totius
1453 3256 1753 3322 argumenti

185 3333 498 3400 prepositio
535 3342 642 3402 est,
669 3336 747 3391 sic
790 3337 1005 3406 planum
1041 3339 1170 3394 facit
1214 3342 1272 3400 S.
1305 3344 1756 3415 doctorzCapitis

184 3433 270 3480 est
300 3441 364 3482 ea
418 3429 676 3482 membris
708 3430 820 3483 suis
870 3431 1128 3486 alimenta
1162 3435 1424 3501 praebere,
1467 3452 1588 3506 quae
1646 3448 1755 3492 tum

184 3517 254 3571 ad
280 3533 471 3572 eorum
503 3529 774 3588 naturam,
805 3530 915 3576 tum
967 3525 1033 3578 ad
1093 3524 1272 3591 tinem,
1307 3529 1372 3580 ad
1398 3543 1556 3596 quem
1587 3529 1756 3584 desti-

183 3621 410 3676 nantur,
445 3613 847 3668 accommodata
871 3616 1306 3682 sint.tQuoniam
1341 3639 1359 3669 ι
1388 3621 1758 3688 igiturtmem-

183 3700 281 3754 bra
313 3700 520 3755 Christi
556 3718 759 3769 sumus,
803 3714 856 3758 et
887 3707 1341 3774 quemadmodum
1382 3711 1573 3766 beatus
1621 3714 1756 3781 Apo-

184 3792 364 3847 stolus
396 3793 492 3855 ait,
542 3795 594 3847 in
627 3810 714 3860 ea,
748 3811 864 3865 quae
910 3806 993 3852 est
1036 3799 1101 3852 ad
1156 3799 1441 3869 Ephesios,
1471 3803 1708 3873 Epistola
1740 3823 1752 3858 :

186 3884 460 3948 Quoniam
517 3891 752 3941 membra
789 3906 970 3942 sumus
1022 3894 1253 3960 corporis
1297 3894 1432 3959 ejus,
1481 3897 1545 3948 de
1600 3913 1757 3950 carne

181 3977 322 4044 ejus,
355 3979 492 4030 etde
517 3979 724 4033 ossibus
746 3981 859 4047 ejus
881 3982 957 4046 “;
985 3992 1066 4036 oet
1093 3984 1163 4037 ita
1194 4000 1220 4036 a
1244 3995 1431 4038 natura
1458 3989 1754 4055 comparati

181 4084 395 4132 sumus,
435 4081 494 4122 ut
542 4073 704 4126 rebus
735 4075 934 4129 creatis
962 4090 1264 4142 vescamur,
1301 4094 1524 4133 necesse
1555 4079 1656 4132 fuit
1699 4091 1757 4132 ut

187 4180 207 4211 σ
248 4173 566 4216 creaturam
601 4164 715 4232 ipse
741 4164 893 4247 nobis
921 4178 1228 4236 praestaret,
1254 4171 1418 4223 solem
1443 4187 1597 4225 suum
1626 4174 1753 4226 oriri

182 4254 414 4316 faciens,
449 4261 504 4307 et
542 4254 753 4323 pluens,
801 4259 1257 4326 quemadmodum
1309 4262 1510 4315 vult”.
1571 4283 1586 4313 ι
1621 4266 1753 4328 Quia

182 4361 319 4400 vero
356 4363 441 4400 res
468 4356 649 4402 creata
678 4363 935 4415 corporea
970 4366 1033 4404 ex
1064 4366 1121 4406 se
1153 4355 1490 4423 corruptioni
1520 4357 1752 4410 obnoxia

182 4448 290 4504 est,
345 4453 447 4496 nec
496 4440 722 4507 proinde
770 4441 970 4496 Christi
1014 4444 1255 4497 membra
1286 4447 1350 4497 ad
1386 4457 1644 4500 :eternam
1673 4451 1750 4502 vi-

184 4540 296 4582 tam
329 4529 601 4583 destinata
638 4547 664 4583 a
695 4533 1003 4602 corruptela
1052 4536 1292 4590 eximere
1323 4538 1619 4606 patuisset;
1652 4541 1746 4593 de-

180 4621 349 4674 cebat
377 4634 497 4673 eam
531 4635 642 4673 rem
676 4631 914 4675 creatam
949 4625 1015 4677 ab
1047 4624 1208 4681 insito
1239 4627 1339 4680 sibi
1383 4630 1748 4697 corruptionis

181 4712 438 4776 statu,a’n
463 4711 622 4766 alium
658 4713 955 4780 transferri,
986 4731 1092 4784 quo
1125 4718 1231 4785 ipsa
1259 4720 1363 4772 vita
1397 4729 1451 4774 et
1480 4721 1754 4776 viviﬁcaris

183 4804 356 4867 facta,
381 4803 548 4856 vitam
577 4807 919 4860 vescentibus
951 4809 1344 4877 impcrtiretur.
1384 4811 1566 4881 Itaque
1594 4814 1753 4867 Chri-

180 4906 328 4959 stus,
367 4908 464 4962 pro
517 4896 695 4950 divina
749 4895 1010 4967 bonitate,
1045 4919 1061 4952 t
1093 4917 1216 4955 eum
1267 4902 1512 4967 calicem,
1545 4905 1632 4972 qui
1672 4917 1756 4959 est

179 5004 210 5041 a
255 4997 543 5049 creatura,
589 4990 864 5060 proprium
907 4994 1227 5061 sanguinem
1274 4996 1552 5052 confessus
1592 5010 1672 5052 est
1733 5019 1750 5052 ι

179 5081 286 5148 (sic
323 5080 470 5135 enim
507 5079 694 5136 Grazca
727 5084 968 5150 sonant),
1005 5102 1024 5134 t
1059 5100 1121 5138 ex
1169 5102 1273 5154 quo
1317 5098 1475 5157 anget
1511 5101 1752 5145 nostrum

176 5175 542 5245 sanguinem;
578 5183 634 5228 et
680 5190 804 5229 eum
865 5191 1081 5245 panem,
1127 5180 1215 5246 qui
1268 5191 1350 5234 est
1400 5196 1426 5232 a
1486 5193 1750 5246 creatura,

177 5263 474 5336 proprium
515 5279 717 5332 corpus
755 5267 1118 5333 conﬁrmavit,
1149 5285 1212 5320 ex
1244 5285 1350 5337 quo
1385 5281 1565 5325 nostra
1597 5284 1759 5344 auget

176 5369 444 5425 corpora.
500 5371 520 5405 ι
575 5351 710 5407 Tum
779 5355 994 5409 demqu
1060 5357 1333 5412 concludit
1386 5358 1442 5414 S.
1499 5363 1684 5419 doctor
1740 5380 1753 5415 :

183 5469 204 5500 ι
240 5446 483 5514 Quando
511 5460 640 5515 ergo
666 5453 722 5501 et
750 5445 943 5500 mistus
970 5449 1112 5503 calix
1148 5459 1205 5504 et
1238 5450 1415 5508 factus
1448 5455 1601 5522 panis
1637 5473 1757 5526 per-

178 5542 322 5612 cipit
365 5541 596 5595 verbum
627 5540 745 5605 Dei,
782 5558 800 5592 ι
841 5539 891 5595 id
938 5552 1021 5596 est
1057 5558 1153 5610 per
1175 5545 1394 5599 verbum
1441 5548 1535 5602 Dei
1566 5563 1757 5604 consc-

179 5643 413 5700 cratur,
471 5649 492 5683 (
546 5640 600 5686 et
657 5632 716 5686 fit
764 5633 1108 5689 Eucharistia
1162 5637 1382 5706 sanguis
1445 5649 1500 5692 et
1560 5655 1757 5710 corpus

254 5749 300 5820 ’λ
339 5790 542 5855 πριιρε,
575 5806 628 5856 γ,
660 5791 745 5846 50,
827 5791 868 5820 ⁷⁵
901 5789 1089 5842 Matth.
1122 5804 1171 5853 ν,
1202 5790 1289 5845 45.

1858 3237 2006 3305 pani,
2043 3245 2100 3287 ut
2141 3234 2232 3286 ﬁat
2264 3247 2458 3302 corpus
2479 3230 2674 3285 Christi
2704 3270 2718 3294 ,
2758 3226 3038 3296 contingit,
3084 3221 3414 3280 substantia—

1856 3329 1923 3384 lis
1949 3337 2054 3391 est,
2087 3340 2319 3392 veraque
2351 3320 2902 3383 transsnbstantialio,
2928 3333 3032 3372 non
3062 3319 3235 3370 minus
3257 3328 3416 3382 quam

1858 3437 1939 3488 ea,
1981 3435 2100 3488 qua:
2130 3420 2190 3470 ﬁt
2214 3417 2266 3470 in
2295 3415 2492 3477 tritico,
2517 3423 2573 3467 ut
2597 3413 2648 3466 in
2677 3425 2864 3479 panem
2888 3415 3260 3463 convertatur.
3293 3403 3418 3457 Haec

1856 3513 1999 3569 enim
2045 3523 2227 3565 secum
2285 3506 2497 3561 confert
2551 3505 2816 3569 lreuteus,
2878 3502 2987 3554 imo
3045 3500 3120 3554 sic
3178 3497 3412 3560 confert,

1859 3616 1915 3661 ut
1939 3621 2003 3660 ex
2047 3602 2388 3659 substantiali
2424 3600 2804 3661 conversione,
2845 3611 2963 3667 quae
2990 3594 3047 3648 ﬁt
3079 3603 3189 3645 tum
3229 3593 3279 3644 in
3312 3590 3413 3643 tri-

1860 3700 1988 3765 tico,
2029 3709 2084 3751 ut
2114 3698 2269 3766 panis
2319 3695 2532 3759 evadat,
2587 3703 2696 3745 tum
2755 3695 2808 3744 iu
2842 3704 2999 3760 pane,
3037 3695 3095 3740 ut
3140 3687 3192 3739 in
3220 3698 3415 3750 corpus

1857 3793 2055 3847 Christi
2090 3797 2352 3853 transeat,
2404 3788 2626 3840 alteram
2677 3781 3089 3839 substantialem
3145 3789 3414 3832 transmu-

1858 3881 2135 3944 tationem,
2162 3895 2265 3948 qua
2302 3889 2471 3943 terra,
2505 3878 2556 3930 in
2584 3891 2745 3944 quam
2779 3873 3016 3927 resoluta
3051 3870 3149 3922 fuit
3181 3883 3328 3931 caro,
3358 3866 3415 3920 itt

1857 3989 2074 4029 carnem
2110 3976 2304 4027 iterum
2355 3969 2648 4024 transitura
2687 3977 2786 4031 est,
2839 3961 3130 4032 aliquando
3175 3959 3412 4012 futuram

1855 4083 1973 4122 esse
2004 4067 2217 4136 probet.
2271 4063 2348 4129 Si,
2395 4063 2585 4130 inquit,
2639 4059 2957 4113 dissolutum
3000 4054 3106 4122 jam
3147 4053 3411 4114 triticum,

1856 4163 2181 4217 fecuntlante
2224 4157 2317 4211 Dei
2356 4156 2586 4224 Spiritu,
2619 4153 2711 4224 qui
2755 4152 2999 4205 continet
3042 4149 3244 4212 omnia,
3276 4147 3413 4200 mul-

1859 4257 2020 4328 tiplex
2047 4267 2267 4321 surgere
2307 4250 2509 4320 possit;
2547 4250 2590 4303 si
2621 4248 2801 4302 divina
2842 4244 3107 4308 dirigente
3145 4239 3415 4308 Sapientia

1859 4350 2103 4404 homines
2138 4346 2401 4407 triticum,
2440 4352 2497 4396 ut
2542 4342 2592 4395 in
2649 4355 2833 4393 eorum
2885 4352 3036 4389 usum
3073 4335 3296 4396 veniret,
3357 4332 3411 4385 in

1859 4457 2049 4508 panem
2084 4449 2400 4492 convertere
2432 4443 2749 4503 potuerunt;
2796 4430 2838 4483 si
2888 4429 3118 4495 denique
3152 4440 3324 4495 panis,
3361 4424 3412 4477 id

1785 4501 1828 4554 Β
1859 4501 2146 4603 ’[αχιλνιι]
2181 4501 2445 4582 efﬁciente
2471 4525 2637 4579 verbo
2689 4523 2802 4586 Dei,
2834 4522 3070 4589 deposita
3115 4520 3270 4588 panis
3313 4531 3412 4570 na-

1849 4634 2002 4687 tura,
2050 4619 2284 4690 potuerit
2324 4618 2378 4672 in
2425 4615 2626 4670 Christi
2675 4628 2870 4680 corpus
2919 4609 3307 4664 transmutari:
3343 4622 3411 4660 an

1861 4713 2018 4766 fidem
2054 4708 2351 4778 superabit,
2401 4721 2629 4775 corpora
2668 4715 2854 4757 nostra
2880 4740 2896 4767 ,
2947 4701 3148 4755 Christi
3184 4712 3410 4765 corpore

1857 4807 2079 4868 nutrita,
2111 4812 2220 4855 tum
2257 4806 2308 4854 in
2337 4809 2537 4852 terram
2564 4795 2828 4858 resoluta,
2866 4791 3040 4847 Verbo
3089 4791 3177 4844 Dei
3231 4805 3411 4843 resur-

1857 4899 2146 4953 rectionem
2178 4897 2257 4950 eis
2287 4895 2549 4958 donante,
2581 4905 2722 4955 eam,
2749 4903 2911 4957 quam
2937 4898 3192 4953 corrupta
3228 4883 3410 4937 indue-

1853 5000 1998 5052 runt,
2035 4998 2197 5042 terra:
2233 4997 2480 5039 naturam
2517 4996 2737 5046 exuere,
2767 4989 2826 5033 ut
2871 4982 2922 5034 in
2961 4978 3244 5047 pristinam
3287 4990 3408 5026 car-

1852 5085 1936 5137 nis
1986 5090 2237 5135 naturam
2292 5082 2763 5137 transmuteutur,
2800 5071 3104 5137 iterumque
3152 5065 3411 5121 redeant?

1853 5175 1956 5241 Qui
1988 5175 2130 5227 enim
2160 5178 2338 5240 potest
2372 5173 2684 5234 corruptum
2721 5164 2831 5233 jam
2879 5163 3121 5216 triticum
3171 5162 3411 5214 excitare

1855 5279 1908 5322 et
1941 5263 2326 5332 multiplicare,
2363 5260 2603 5314 triticum
2630 5257 2681 5310 in
2724 5270 2918 5325 panem
2960 5264 3297 5318 convertere,
3332 5262 3408 5318 et,

1858 5357 2001 5428 quod
2029 5355 2203 5422 majus
2234 5360 2335 5414 est,
2373 5365 2566 5420 panem
2600 5349 2651 5401 in
2675 5346 2873 5401 Christi
2900 5359 3096 5411 corpus
3135 5337 3405 5396 transmu-

1857 5463 2001 5513 tare;
2054 5449 2101 5502 is
2129 5456 2276 5501 certe
2306 5452 2480 5513 potest
2511 5452 2825 5507 corruptum
2851 5436 2959 5506 iam
2995 5450 3190 5506 corpus
3215 5437 3292 5489 sic
3315 5449 3410 5489 ex-

1855 5544 2052 5604 citare,
2076 5550 2133 5593 ut
2164 5549 2385 5600 terram,
2427 5536 2480 5588 in
2514 5533 2668 5603 cujus
2695 5541 2941 5585 naturam
2971 5529 3279 5589 transierat,
3312 5527 3412 5579 ite-

1853 5655 1973 5694 rum
2005 5639 2058 5692 in
2090 5635 2272 5691 carnis
2316 5641 2563 5688 naturam
2606 5635 2927 5691 convertat;
2961 5623 3191 5678 alterum
3240 5619 3412 5687 siqui-
