4196 6330
799 325 900 382 διδ

1611 322 2196 379 DISSERTATIONES
2227 322 2523 380 PRA'IVIAJ
2565 320 2627 375 ΚΝ
2663 317 2911 375 ΙΒΕΝΙΕΙ
2948 317 3210 374 LIBROS.

3905 317 4008 374 3M

797 443 922 496 dem
950 443 1122 497 altero
1144 442 1238 497 Dei
1269 443 1682 513 omnipotentiae
1708 442 1979 499 difﬁcilius
2006 461 2108 499 non
2136 455 2238 499 est.
2270 444 2344 500 Ex
2377 469 2424 528 Δ
2455 443 2626 512 magis
2659 451 2964 513 pugnaret;
2998 441 3128 496 nihil
3162 454 3382 496 necesse
3399 448 3481 497 est
3502 439 3756 496 Grabium
3781 440 3836 494 in
3858 455 4008 495 com-

795 537 993 606 quibus
1038 535 1384 605 perspicuum
1425 543 1542 601 est,
1591 534 1852 589 Irenaeum
1902 549 1968 590 ex
2025 536 2348 593 certissimis

801 624 1341 680 transmutationibus
1362 634 1416 680 et
1440 626 2176 694 transsubstantiationibus,
2209 642 2348 698 quas

799 726 912 769 tum
945 717 1108 775 ratio.
1146 725 1256 770 tum
1293 717 1447 783 ﬁdes,
1488 734 1675 775 omnes
1719 729 1846 776 tunc
1895 721 2152 790 temporis
2195 721 2348 777 Chri-

795 805 1001 862 stianos
1028 807 1316 875 docebant,
1340 810 1607 880 gradatim
1637 811 1932 881 procedere
1952 853 1968 879 ,
2009 825 2068 866 ut
2111 812 2344 868 alteram

797 896 1018 961 inferat,
1041 913 1161 968 quae
1191 914 1220 953 a
1250 899 1519 956 Gnosticis
1549 903 1601 956 in
1640 904 2070 960 controversiam
2111 906 2348 960 vocaba-

797 995 904 1046 tur.
931 988 1205 1046 Naturalis
1235 993 1434 1064 quippe
1457 996 1744 1050 conversio
1783 996 1949 1052 tritici
1997 996 2243 1052 dissoluti
2291 996 2345 1050 in

795 1081 1035 1138 triticum
1081 1084 1387 1155 multiplex,
1436 1096 1490 1143 et
1530 1087 1774 1157 ejusdem
1821 1091 2118 1161 pmsertim
2156 1092 2209 1145 in
2253 1105 2347 1160 pa-

792 1187 918 1229 nem
942 1214 959 1241 ,
985 1173 1052 1229 ad
1083 1174 1332 1242 alteram,
1359 1192 1520 1248 quam
1559 1179 1671 1235 sola
1701 1182 1834 1237 ﬁdes
1863 1183 2044 1247 docet,
2072 1197 2137 1252 pa
2152 1181 2232 1235 nis
2265 1182 2346 1234 vi-

797 1265 998 1323 delicet
1023 1268 1077 1322 in
1106 1268 1555 1341 Christi-corpus,
1571 1287 1852 1328 ascensum
1884 1285 2077 1345 parat:
2113 1283 2345 1344 utraque

793 1369 918 1412 vero
953 1356 1233 1428 ﬁtgradus
1258 1359 1324 1415 ad
1364 1369 1545 1425 terrae,
1597 1363 1649 1416 in
1692 1379 1851 1434 quam
1895 1378 2126 1433 corpora
2156 1372 2343 1419 nostra

793 1444 1032 1499 resoluta
1066 1457 1215 1514 sunt,
1263 1451 1681 1506 conversionem
1725 1453 1777 1506 in
1830 1453 2114 1522 pristinam
2161 1455 2343 1508 carnis

791 1547 1042 1595 naturam
1072 1558 1087 1596 :
1122 1547 1179 1594 ut
1219 1540 1473 1596 nimirum
1506 1543 1650 1597 hisce
1675 1544 1931 1614 gradibus
1957 1546 2103 1599 viam
2131 1546 2351 1620 lucretio.

790 1631 870 1687 cis
901 1641 1109 1688 sternat
1137 1633 1375 1688 [renatus
1401 1633 1466 1687 ad
1501 1637 1924 1691 resurrectionis
1949 1636 2126 1702 ﬁdem,
2155 1637 2345 1693 fateri-

788 1739 896 1794 que
929 1733 1087 1795 cogat
1114 1739 1219 1780 non
1247 1724 1416 1795 magis
1455 1725 1566 1782 Deo
1616 1726 1950 1798 impossibile
1986 1743 2107 1785 esse
2148 1745 2342 1801 corpus

2453 539 2639 591 munia
2695 534 3192 589 controversiarum
3244 534 3360 588 loca
3395 543 3795 598 excurrentem,
3834 547 4008 604 eaque

2448 637 2694 683 veterum
2745 625 2968 682 Patrum
3010 626 3162 692 loca,
3211 623 3566 679 dissimulatis
3614 624 4002 680 catholicorum

2449 719 2914 791 responsionibns,
2957 733 3110 788 aeque
3161 716 3395 772 ﬁdenter
3431 716 3810 792 objicientem,
3855 733 3918 772 ac
3956 718 4001 773 si

2448 817 2561 863 tum
2593 809 2822 880 primum
2847 805 3588 874 ohjicerentur,cteterasque
3630 803 4004 856 ministrorum

2449 900 2761 970 argutiolas,
2794 913 2823 950 a
2849 895 3140 951 catholicis
3172 893 3387 960 millies,
3412 903 3467 946 et
3495 907 3600 946 non
3633 893 3704 945 ita
3736 891 3941 961 pridem
3972 904 4004 942 a

2448 989 2774 1048 doctissimis
2829 987 3142 1042 auctoribus
3196 983 3578 1055 Perpetuitatia
3617 983 3739 1052 ﬁdei
3793 982 4004 1053 penitus

2446 1083 2758 1149 dissolutas,
2804 1080 3178 1150 replieautem,
3211 1090 3331 1131 cum
3366 1075 3634 1132 lectorum
3669 1075 3829 1129 taedio
3859 1075 4009 1128 inse-

2444 1174 2558 1243 qui.
2593 1172 2774 1228 Satius
2802 1168 3004 1225 Grabio
3033 1165 3223 1221 fuisset
3251 1166 3303 1220 in
3354 1166 3408 1221 id
3456 1179 3624 1220 unum
3664 1163 4005 1236 probandum

2445 1261 3148 1328 incumbere.Albertinum
3205 1258 3443 1328 aliquem
3482 1257 3755 1314 exstitisse
3802 1256 4008 1311 lrenaeo

2445 1357 2820 1421 vetustiorem,
2865 1367 2897 1409 e
2945 1353 3098 1421 cujus
3146 1351 3379 1408 cerebro
3414 1358 3543 1405 nata
3573 1349 3681 1421 jam
3713 1349 4011 1419 prodiisset

2444 1447 2820 1503 commentitia
2856 1445 2954 1501 illa
2985 1443 3191 1500 Christi
3233 1443 3476 1514 corporis
3516 1443 3714 1506 virtus,
3750 1441 3805 1495 in
3851 1438 4010 1511 cujus

2445 1553 2590 1604 arce,
2615 1538 2744 1594 licet
2761 1538 2962 1602 lacera,
2985 1537 3168 1594 omnia
3189 1544 3302 1590 tum
3336 1548 3534 1599 causae,
3551 1544 3662 1588 tum
3686 1533 3874 1607 salutis
3895 1546 4009 1586 suae

2443 1625 2690 1694 praesidia
2734 1626 3067 1681 constituere
3098 1639 3157 1680 se
3187 1638 3350 1696 posse
3381 1623 3578 1678 misere
3617 1623 3877 1692 deceptus
3910 1637 4011 1690 pu-

2447 1725 2547 1771 tat.
2585 1717 2736 1784 Quod
2784 1719 3022 1790 quandiu
3050 1735 3159 1775 non
3209 1717 3558 1788 prastiterit,
3590 1715 4010 1786 imperitis.qui-

791 1813 848 1868 in
873 1820 1070 1868 terram
1115 1814 1225 1885 jam
1255 1829 1601 1884 conversum,
1648 1817 1700 1872 in
1731 1831 1950 1873 carnem
1991 1819 2183 1875 iterum
2213 1837 2343 1878 con-
2373 1833 2416 1889 Β
2447 1809 2568 1864 dem
2601 1811 2806 1878 fucum,
2840 1810 3115 1866 intricatis
3144 1825 3210 1867 ac
3239 1810 3414 1880 longis
3442 1810 3735 1864 verborum
3760 1808 4012 1876 ambagi-

788 1915 1030 1975 vertere,
1046 1922 1208 1980 quam
1228 1925 1418 1981 panem
1438 1913 1490 1968 in
1504 1911 1706 1967 Christi
1719 1928 1916 1986 corpus
1943 1922 2336 1984 transmutare;

789 2007 847 2054 et
878 1998 1098 2069 quidem
1134 2001 1265 2058 illud
1290 2017 1356 2060 eo
1389 2004 1565 2076 magis
1595 2006 1855 2074 possibile
1896 2021 2035 2068 esse.
2074 2023 2183 2078 quo
2213 2023 2342 2064 caro

787 2087 993 2146 Christi
1045 2106 1271 2160 corpore
1314 2095 1521 2150 nutrita
1567 2094 1996 2152 immortalitatis
2045 2113 2232 2153 semen
2285 2099 2340 2152 in

786 2181 962 2251 seipsa
988 2193 1143 2251 gerat
1171 2205 1183 2240 :
1226 2203 1245 2237 ι
1267 2186 1604 2254 utsciamus,
1637 2205 1658 2241 ι
1695 2188 2069 2244 concluditvir
2097 2199 2339 2255 sanctus,

791 2291 814 2326 ι
842 2281 899 2328 et
931 2275 1058 2343 quid
1091 2275 1232 2332 Deus
1261 2287 1462 2348 potest,
1494 2288 1550 2335 et
1574 2280 1704 2350 quid
1729 2280 1891 2337 homo
1923 2282 2171 2338 beneﬁcii
2203 2283 2343 2338 acci-

783 2362 886 2433 pit.
919 2381 939 2416 ι
967 2363 1068 2420 Ubi
1108 2376 1278 2431 certe,
1302 2366 1348 2422 si
1383 2367 1616 2423 lrenaius
1651 2369 1856 2424 nullum
1892 2371 1944 2424 in
1980 2387 2115 2440 pane
2148 2375 2343 2427 eucha-

785 2455 977 2512 ristieo
1000 2459 1378 2514 conversionis
1403 2459 1781 2516 substantialis
1807 2478 1977 2532 genus
2008 2466 2337 2535 agnovisset,

783 2549 878 2603 sed
926 2549 1126 2604 Christi
1178 2551 1419 2620 corporis
1461 2552 1688 2622 ﬁguram
1735 2553 1893 2621 eilici,
1948 2566 2041 2608 aut
2089 2556 2331 2625 ejusdem

783 2639 1035 2710 corporis
1084 2640 1284 2696 virtute
1335 2643 1542 2712 imbui,
1587 2655 1841 2700 manente
1891 2661 2105 2714 semper
2153 2652 2336 2704 eadem

781 2731 940 2803 panis
968 2732 1292 2800 substantia.
1321 2735 1605 2805 voluisset,
1637 2737 1924 2792 absurdius
1955 2740 2088 2794 nihil
2115 2739 2228 2808 ejus
2251 2760 2340 2796 ar-

781 2835 1038 2895 gumento
1069 2826 1194 2896 ﬁngi
1222 2837 1422 2897 posset.
1465 2827 1577 2884 Hoc
1629 2830 1771 2884 enim
1821 2841 2000 2888 esset:
2035 2832 2136 2898 Qui
2165 2836 2340 2904 potuit

782 2931 975 2985 panem
1006 2915 1205 2973 Christi
1235 2921 1483 2989 corporis
1513 2921 1740 2990 ﬁguram
1764 2921 1979 2979 elIlcere
2001 2965 2016 2990 ,
2068 2936 2158 2981 aut
2210 2928 2335 2998 pani

779 3007 989 3063 Christi
1017 3010 1260 3078 corporis
1293 3012 1546 3066 virtutem
1569 3013 1874 3081 impertiri,
1899 3027 2155 3074 manente
2194 3034 2340 3074 sem-

780 3111 877 3166 per
903 3099 1088 3153 eadem
1120 3101 1277 3168 panis
1309 3103 1636 3171 substantia,
1661 3106 1706 3160 is
1745 3114 1924 3176 potest
1967 3122 2193 3177 corpora
2224 3110 2334 3180 jam

782 3193 836 3246 in
875 3202 1074 3247 terram
1103 3208 1362 3250 conversa
1399 3197 1595 3252 iterum
1626 3199 1678 3253 in
1711 3175 1933 3256 carnem
1985 3175 2332 3260 convertere.
2362 3175 2407 3237 ε

781 3281 940 3338 Prius
966 3286 1138 3354 potuit
1165 3285 1342 3353 Deus;
1383 3297 1564 3357 potest
1614 3292 1780 3361 igitur
1822 3299 1874 3347 et
1904 3295 2195 3363 posterius.
2227 3296 2337 3349 Ab-

781 3376 1191 3443 surdissimum,
1242 3379 1286 3434 si
1338 3381 1479 3450 quod
1523 3380 1634 3449 sit,
1684 3385 2094 3452 argumentandi
2144 3400 2334 3456 genus.

783 3466 895 3520 imo
925 3482 1070 3531 vero,
1100 3470 1282 3522 statim
1315 3471 1627 3541 excepisset
1660 3473 1974 3539 haereticus,
2017 3475 2109 3543 qui
2138 3490 2334 3545 panem

783 3561 865 3614 sui
891 3565 1135 3633 corporis
1171 3565 1393 3636 ﬁguram
1431 3546 1695 3629 efﬁciens,
1746 3555 1940 3620 huicve
1981 3570 2225 3638 corporis
2252 3568 2334 3623 sui

783 3657 1037 3710 virtutem
1073 3658 1404 3726 impertiens,
1435 3673 1700 3726 suumque
1732 3673 1930 3728 corpus
1981 3676 2103 3716 esse
2154 3662 2332 3732 palam

784 3759 1066 3814 asserens,
1102 3762 1222 3802 eum
1253 3757 1431 3803 tamen
1487 3763 1591 3803 non
1623 3753 1793 3819 potuit
1847 3753 1900 3806 in
1957 3755 2234 3824 proprium
2282 3762 2336 3809 et

782 3841 1138 3894 substantiale
1167 3857 1362 3910 corpus
1399 3855 1762 3910 convertere;
1796 3860 1897 3901 nec
1948 3856 2098 3902 certe
2134 3851 2334 3917 poterit

781 3948 1008 4002 corpora
1037 3943 1220 3986 nostra
1253 3931 1368 4000 jam
1409 3936 1462 3988 in
1505 3946 1699 3990 terram
1734 3952 1993 3993 conversa
2033 3941 2228 3994 iterum
2279 3941 2330 3994 in

780 4039 1000 4079 carnem
1028 4038 1370 4092 convertere,
1423 4028 1717 4096 quamlibet
1772 4031 1836 4084 iis
1874 4032 2182 4087 viventibus
2212 4049 2332 4087 cor-

780 4117 926 4184 poris
952 4117 1035 4173 sui
1062 4119 1318 4173 virtutem
1355 4135 1448 4188 per
1473 4133 1851 4176 consecratum
1901 4136 2095 4192 panem
2129 4125 2330 4194 imper-

780 4207 965 4274 tierit;
998 4224 1096 4264 nec
1127 4211 1268 4264 enim
1296 4212 1504 4267 Christi
1531 4215 1777 4282 corporis
1830 4215 1999 4271 virtus
2056 4216 2333 4273 efﬁcacior

779 4314 899 4354 esse
928 4308 1107 4368 potest
1141 4303 1208 4356 ad
1241 4306 1657 4358 trausmutauda
1710 4316 1966 4375 corrupta
1995 4307 2103 4376 jam
2133 4322 2327 4376 corpo-

779 4408 861 4460 ra,
891 4408 1052 4463 quam
1084 4396 1149 4448 ad
1182 4395 1606 4450 convertendum
1645 4412 1839 4467 panem
1885 4397 2064 4451 fuerit.
2114 4399 2219 4462 At,
2253 4400 2330 4451 fa-

2444 1903 2569 1966 bus,
2599 1901 2781 1958 facere
2829 1904 3073 1974 poterit:
3119 1903 3170 1960 ei
3225 1918 3381 1969 vero,
3415 1903 3572 1971 cujus
3607 1911 3841 1957 mentem
3896 1918 4008 1955 non

2443 2000 2664 2065 prorsus
2705 1996 3103 2053 infuscaverint
3143 1995 3483 2067 praeiudicia,
3538 2004 3787 2065 portento
3823 1992 4013 2049 simile

2443 2091 2733 2158 videbitur,
2771 2089 3058 2157 Irenaeum,
3087 2090 3179 2161 qui
3214 2099 3322 2145 tam
3352 2103 3512 2158 saepe.
3549 2099 3604 2142 et
3632 2096 3738 2141 tam
3766 2085 3915 2141 clare
3940 2099 4014 2141 ac

2442 2175 2730 2252 perspicue
2759 2182 2922 2249 dixit,
2957 2197 3152 2252 panem
3183 2190 3242 2236 et
3263 2181 3447 2234 vinum
3474 2192 3570 2246 per
3601 2170 4010 2232 invocationem

2445 2288 2509 2329 ac
2538 2273 2760 2328 verbum
2798 2274 2892 2329 Dei
2953 2273 3072 2328 ﬁeri
3122 2282 3175 2328 et
3216 2287 3338 2327 esse
3383 2270 3663 2341 proprium
3714 2281 3913 2338 corpus
3951 2274 4014 2323 et

2442 2367 2758 2437 sanguinem
2793 2363 3020 2431 CinSti,
3059 2365 3238 2435 ipsum
3265 2365 3605 2419 Salvatorem
3631 2375 4009 2429 asseverasse,

2442 2459 2747 2514 confessum
2779 2473 2924 2524 esse,
2955 2457 3334 2524 conﬁrmasse,
3368 2472 3480 2511 rem
3526 2457 3599 2510 ita
3638 2468 3792 2520 esse;
3825 2453 4010 2522 iisque

2443 2551 2772 2622 argumentis
2802 2553 2991 2616 utitur,
3023 2566 3142 2622 quat
3177 2566 3247 2606 ex
3294 2564 3414 2606 sese
3454 2563 3519 2603 eo
3566 2548 3826 2601 inclinare
3857 2545 4008 2600 fate-

2440 2642 2589 2696 bitur
2611 2643 2864 2696 cordatus
2891 2643 3143 2712 qttisque,
3176 2650 3236 2697 ut
3268 2643 3534 2697 suadeant
3582 2640 3784 2695 Christi
3831 2639 4007 2691 verba

2440 2736 2506 2788 ad
2536 2734 2772 2789 litteram
2806 2734 3157 2806 intelligenda
3181 2749 3304 2790 esse
3329 2751 3345 2802 ;
3370 2733 3554 2787 nul!ibi
3588 2743 3764 2786 tamen
3809 2730 3892 2785 vel
3923 2730 4007 2785 le—

2439 2829 2716 2884 vissimam
2751 2829 2959 2898 ﬁgurae,
2988 2839 3082 2885 aut
3109 2830 3330 2889 virtutis
3359 2829 3559 2883 Christi
3584 2827 3826 2896 corporis
3851 2839 4010 2879 men-

2440 2920 2645 2974 tionem
2673 2920 2949 2989 iniecisse,
2982 2938 3086 2992 qua
3120 2922 3338 2977 duriora
3366 2937 3433 2976 ex
3483 2935 3601 2975 sese
3634 2920 3794 2972 verba
3827 2919 4009 2974 enrol-

2439 3015 2585 3082 liret,
2613 3031 2937 3086 omnemque
2973 3017 3189 3070 errandi
3229 3030 3415 3069 ansam
3448 3014 3758 3068 rudiaribus
3787 3011 4006 3066 adime-

2440 3117 2540 3162 ret.
2568 3107 2649 3161 An
2678 3108 2810 3162 adeo
2845 3108 3154 3177 imperitus,
3197 3117 3291 3160 aut
3335 3107 3671 3175 improvidus
3721 3113 3839 3157 erat
3885 3105 4006 3158 Ire-

2441 3214 2608 3266 naeus,
2643 3209 2702 3253 ιιι
2724 3215 2844 3253 cum
2864 3199 3048 3268 plures
3072 3199 3192 3254 aliae
3216 3212 3333 3253 sese
3359 3199 3504 3252 ultro
3526 3196 3782 3250 offerrent
3813 3212 4000 3261 voces,

2441 3291 2639 3359 quibus
2667 3292 2988 3345 catholicam
3016 3290 3174 3344 ﬁdem
3198 3289 3420 3354 clarius,
3453 3289 3768 3358 simplicius.
3802 3290 4008 3343 melius

2441 3393 2495 3437 et
2520 3381 2731 3436 facilius
2755 3389 3086 3451 exponeret;
3125 3382 3189 3435 iis
3224 3392 3405 3434 tamen
3433 3391 3706 3445 uteretur,
3735 3396 3854 3450 quae
3873 3395 4006 3433 oni--

2443 3474 2590 3528 nium
2619 3473 2938 3542 ineptiores,
2996 3472 3341 3527 obscuriores
3391 3483 3444 3527 et
3494 3473 3860 3526 intricatiores
3910 3489 4002 3526 es-

2437 3577 2580 3633 sent,
2613 3564 3036 3635 rudioribusque
3089 3579 3329 3620 errorem
3375 3580 3442 3619 ex
3486 3579 3605 3620 sese
3650 3563 3953 3633 objicerent
3981 3566 4007 3620 7

2435 3657 2519 3711 An
2569 3657 2865 3725 quemlibet
2915 3672 2946 3712 e
2990 3657 3253 3712 ministris
3301 3657 3492 3712 eodem
3542 3672 3766 3727 prorsus
3832 3661 4006 3712 modo

2438 3750 2805 3818 disputantem
2835 3756 3002 3817 atque
3030 3748 3338 3818 loquentem
3381 3746 3590 3802 ferrent
3637 3749 3942 3803 Calviniani
3983 3752 4008 3804 ?

2435 3838 2737 3894 Periculum
2767 3837 2930 3893 faciat
2975 3839 3222 3910 quisquis
3263 3854 3292 3894 e
3332 3840 3537 3908 pulpito
3585 3841 3816 3917 turpiter,
3849 3841 4006 3910 dejeo

2435 3942 2580 3986 ctum
2614 3950 2671 3988 se
2704 3933 2852 3999 velit,
2881 3942 2934 3988 et
2974 3935 3040 3989 ab
3072 3934 3207 3990 irata
3253 3934 3598 3989 multitudine
3645 3939 3753 3989 cito
3781 3935 4001 3988 discer—

2434 4036 2604 4094 ptum.

2504 4120 2589 4174 95.
2632 4119 2802 4177 Unum
2829 4131 3007 4176 tamen
3035 4128 3126 4172 aut
3159 4117 3386 4172 alterum
3419 4128 3519 4180 est,
3546 4119 3685 4186 quod
3729 4137 3755 4170 ιι
3791 4116 4002 4173 GraLio

2434 4209 2791 4263 conﬁdentius
2818 4209 2976 4276 longe
3009 4221 3168 4278 quam
3205 4221 3299 4276 par
3333 4206 3401 4259 sit
3435 4197 3800 4274 propositum,
3850 4221 3996 4274 pau-

2432 4304 2511 4358 cis
2548 4317 2576 4355 a
2624 4301 2779 4354 nobis
2811 4299 3223 4368 expendendum
3268 4309 3370 4362 est,
3419 4309 3477 4351 ut
3520 4298 3605 4350 vel
3639 4297 3760 4350 hinc
3807 4306 4002 4365 pateat

2432 4409 2594 4461 quam
2629 4392 2796 4445 irritis
2826 4391 3023 4446 ictibus
3075 4390 3403 4445 catholicam
3443 4389 3605 4443 ﬁdem
3656 4399 3835 4458 petant
3871 4392 4002 4458 ejus

777 4488 1018 4542 tentibus
1040 4488 1350 4554 catholicis,
1384 4499 1590 4544 tantum
1619 4504 1722 4544 non
1751 4491 1924 4558 potuit
1953 4489 2183 4545 Verbum
2209 4491 2325 4556 Dei,
2360 4527 2404 4580 Β
2436 4483 2757 4539 adversarii.
2813 4483 3104 4537 Contendit
3152 4481 3317 4550 igitur
3347 4481 3428 4533 vir
3478 4480 3567 4541 cl.,
3602 4481 3772 4548 posita
3820 4481 3998 4534 semel

776 4587 835 4630 ut
863 4578 1014 4648 prius
1037 4578 1299 4644 efﬁceret,
1335 4581 1580 4648 quamvis
1616 4582 1668 4636 id
1697 4580 1914 4636 efﬁcere
1958 4583 2129 4650 prima
2149 4579 2326 4636 fronte

774 4668 1025 4725 Christus
1053 4670 1357 4738 signiﬁcare
1400 4673 1686 4729 videatur:
1721 4690 1819 4728 nec
1852 4675 2016 4743 igitur
2051 4677 2320 4743 posterius

773 4762 992 4817 efﬁcere
1017 4774 1221 4831 potest.
1254 4763 1344 4818 Sic
1374 4765 1517 4820 facili
1548 4771 1760 4837 negotio
1794 4778 1960 4820 latum
1997 4767 2180 4822 lrenmi
2218 4786 2327 4821 tuo-

776 4851 936 4904 limen
974 4852 1296 4923 infringeret
1326 4857 1635 4911 haereticus.

845 4945 933 4999 92.
965 4943 1316 5013 Longissimis
1345 4965 1448 5002 non
1480 4952 1724 5018 pepercit
1757 4952 2204 5006 adnotatinnilms
2255 4957 2321 5006 cl.

774 5037 1029 5101 Grabius,
1069 5048 1125 5090 ut
1154 5041 1333 5092 omnia
1391 5042 1503 5096 hinc
1535 5042 1724 5096 lrenaei
1754 5055 1863 5096 tum
1899 5047 2014 5098 loca
2038 5085 2051 5108 ,
2090 5056 2197 5097 tum
2231 5062 2321 5098 ar-

772 5139 1022 5198 gumenta
1075 5133 1424 5200 detorqueret
1499 5134 1927 5204 inﬁrmaretque.
1984 5135 2088 5190 Sed
2160 5138 2322 5190 verba

772 5223 968 5288 perdit.
1006 5224 1080 5277 Eo
1121 5225 1319 5293 quippe
1349 5225 1574 5279 redeunt
1606 5228 1808 5292 omnia,
1839 5243 2028 5296 panem
2060 5241 2111 5282 et
2143 5230 2320 5281 vinum

773 5314 914 5369 haud
940 5314 1041 5367 alia
1075 5318 1300 5381 ratione,
1336 5333 1402 5371 ex
1436 5317 1618 5372 lrenmi
1647 5322 1941 5384 sententia,
1973 5321 2086 5374 ﬁeri
2120 5323 2319 5374 Christi

771 5421 969 5476 corpus
1011 5417 1060 5461 et
1092 5410 1425 5477 sanguinem,
1461 5427 1619 5480 quam
1677 5414 1797 5480 quia
1835 5414 2035 5466 Christi
2078 5414 2323 5481 corporis

770 5508 824 5550 et
853 5501 1130 5568 sanguinis
1158 5503 1354 5556 virtute
1385 5505 1724 5560 imbuuntur.
1765 5507 1916 5572 Quod
1943 5509 2157 5572 quidem
2193 5508 2320 5560 cffu-

771 5591 916 5654 gium
946 5609 1063 5645 cum
1102 5594 1360 5647 hactenus
1393 5598 1851 5664 prmeluserimus,
1906 5601 2318 5653 demonstrave-

770 5683 1044 5751 riinusque
1077 5683 1360 5737 absurdius
1391 5686 1519 5737 nihil
1568 5686 1693 5756 fingi
1748 5688 2025 5755 potuisse,
2080 5704 2131 5739 et
2180 5691 2318 5755 quod

769 5793 889 5829 cum
927 5778 1109 5831 lrenxi
1158 5794 1340 5845 scopo,
1395 5779 1656 5840 consilio,
1696 5782 1873 5834 verbis
1915 5795 1966 5835 et
2002 5792 2316 5849 argument”

2436 4573 3068 4638 transsubstantiatione,
3104 4573 3282 4627 omnia
3336 4572 3521 4626 lrenaei
3567 4581 3880 4642 argumenta
3939 4573 3996 4627 in

2433 4667 2658 4723 nihilum
2687 4667 2858 4733 abire;
2877 4666 2984 4720 imo
3005 4666 3057 4719 in
3089 4664 3518 4734 argnmeutantis
3543 4675 3697 4731 caput
3725 4665 3992 4722 recidere.

2436 4760 2771 4815 Marcionitzr
2805 4761 3003 4813 etenim
3038 4767 3089 4812 et
3118 4758 3501 4821 Valentiniani,
3540 4759 3730 4826 inquit,
3762 4757 3896 4824 quos
3923 4776 3991 4812 ex

2431 4857 2791 4910 Encharistize
2825 4856 3080 4924 mysterio
3105 4853 3303 4907 refellit
3336 4852 3568 4906 lreuzcns
3597 4893 3610 4914 ,
3659 4855 3995 4920 respondere

2432 4951 2768 5019 potuissent:
2805 4950 2878 5003 illi
2914 4949 3166 5018 quidem,
3208 4949 3326 5000 ideo
3374 4947 3786 5000 sacramentalia
3831 4947 3994 5013 panis

2430 5054 2483 5096 et
2511 5043 2623 5096 vini
2658 5043 2900 5111 symbola
2927 5039 3452 5102 traussubstantiari,
3495 5039 3636 5106 quod
3677 5038 3816 5090 Deus
3848 5036 3990 5093 Novi

2436 5134 2766 5189 Tcstamenti
2821 5135 2942 5198 ista,
3005 5146 3257 5201 tanquam
3310 5132 3379 5185 ab
3433 5130 3654 5183 alterius
3703 5129 3832 5198 legis
3873 5128 3994 5182 Deo

2430 5237 2631 5288 creata,
2661 5238 2947 5295 acceptare
2976 5228 3136 5289 nolit;
3170 5227 3240 5278 illi
3273 5241 3430 5291 vero,
3469 5242 3659 5294 panem
3699 5236 3750 5279 et
3800 5228 3987 5281 vinum

2426 5334 2545 5371 esse
2577 5320 2794 5385 quidem
2823 5319 3160 5387 ignorantiae,
3189 5326 3240 5371 et
3268 5319 3552 5386 passionis,
3579 5330 3630 5371 et
3659 5317 3991 5373 defectionis

2432 5413 2661 5473 fructus.
2697 5428 2792 5464 nec
2835 5421 3007 5464 tamen
3040 5426 3096 5463 se
3135 5411 3188 5463 in
3238 5411 3302 5463 iis
3343 5410 3632 5463 offcrendis
3679 5411 3730 5462 in
3763 5410 3988 5465 Patrem

2434 5519 2586 5555 suum
2630 5518 2869 5571 pecrare,
2908 5505 3063 5572 eique
3089 5503 3464 5557 contumeliam
3500 5503 3679 5555 facere
3707 5545 3720 5568 ,
3758 5506 3830 5554 nti
3874 5505 3988 5557 ire-

2433 5612 2581 5649 ita:th
2607 5597 2839 5664 objectat
2862 5613 2876 5658 ;
2903 5597 3040 5662 quod
3069 5610 3250 5648 eorum
3296 5597 3617 5657 substantia,
3656 5596 3819 5658 illico,
3867 5613 3988 5649 tue-

2429 5689 2609 5740 diante
2645 5688 3075 5749 cens-eciatione.
3105 5688 3356 5748 intereat.
3406 5698 3463 5739 ut
3492 5687 3592 5738 alia
3631 5687 3816 5737 melior
3848 5688 3982 5738 snli-

2427 5781 2705 5839 slitnzttitt‘.
2753 5796 2778 5828 -.'
2801 5796 2861 5830 uo
2895 5779 3216 5833 nio-iiiic'tnm
3250 5794 3435 5846 purutn
3470 5796 3528 5829 at:
3558 5779 3662 5830 Deo
3694 5792 3982 5845 acceptum
