4196 6330
215 367 321 422 5M

1138 358 1604 418 DISSER'I‘ATIO
1640 358 1732 423 III,
1764 358 1855 414 DE
1892 356 2146 414 IRENEI
2181 356 2542 414 DOCTRINA.

3333 357 3436 412 διο

221 481 334 540 ﬁat.
360 481 466 538 Sed
501 492 866 553 praeterquam
894 480 1033 551 quod
1065 481 1411 544 exceptiones
1437 481 1552 534 ista:
1584 477 1777 548 prteci-
1806 482 1855 541 Α
1956 475 2046 530 94.
2082 473 2155 528 Ea
2181 489 2312 530 vero
2343 489 2464 543 quae
2490 487 2590 543 pro
2631 471 3034 528 resurrectione
3069 472 3247 525 carnis
3273 487 3438 542 argu-

223 591 386 646 puum
413 574 607 631 ἰτεηωί
637 585 1033 646 argumentum,
1071 591 1139 630 ex
1162 589 1227 630 eo
1249 575 1470 627 ductum
1496 572 1637 641 quod
1663 570 1777 627 hae-

222 666 410 722 reticis
439 665 772 736 negantibus
804 665 1091 721 Dominum
1147 673 1396 720 nostrum
1440 677 1561 718 esse
1593 660 1776 717 mundi

220 757 534 826 Conditoris
551 756 749 811 Filium
771 766 1026 813 constare
1056 770 1162 811 non
1191 757 1362 825 possit
1379 753 1776 810 Eucharistiam

219 865 341 907 esse
367 864 563 918 corpus
591 859 645 902 et
669 849 989 920 sanguinem
1019 849 1228 904 Domini
1255 848 1449 913 nostri,
1471 863 1538 903 ne
1560 847 1778 918 quidem

221 941 416 996 leviter
467 941 762 1009 attingunt,
819 941 919 996 has
963 941 1155 995 iisdem
1199 939 1474 995 haereticis
1517 938 1780 1007 attingere

219 1048 327 1088 non
353 1041 532 1103 potest
563 1029 867 1105 [CXLVIII]
912 1029 1176 1092 Grabius,
1229 1029 1332 1085 nisi
1375 1043 1598 1100 prorsus
1634 1027 1780 1082 insa-

218 1123 388 1179 niisse
424 1131 714 1193 supponat.
750 1123 924 1190 Quam
960 1119 1101 1177 belle
1134 1119 1610 1191 philosopharetur
1631 1116 1778 1171 Mar-

217 1214 419 1279 cinnita
453 1214 809 1284 respondens,
843 1231 864 1266 ο
916 1213 1036 1267 ideo
1069 1210 1483 1267 sacramentalia
1523 1210 1680 1281 panis
1726 1217 1780 1264 et

216 1307 329 1362 vini
390 1306 635 1378 symbola
686 1303 1222 1366 transsubstantiari,
1273 1302 1416 1370 quod
1459 1302 1600 1358 Deus
1643 1300 1778 1356 Novi

215 1398 552 1455 Testamenti
582 1397 684 1454 ista
720 1405 1004 1467 acceptare
1037 1394 1220 1451 nolit!
1256 1411 1274 1446 ι
1307 1392 1410 1452 Ubi
1456 1394 1601 1448 enim
1651 1407 1776 1448 vera

217 1489 756 1550 transsubstantiatlo
786 1499 892 1557 est,
922 1490 998 1545 ibi
1027 1489 1087 1544 fit
1113 1491 1375 1547 transitus
1406 1486 1474 1542 ab
1501 1501 1608 1542 una
1643 1487 1776 1542 sub-

213 1583 418 1641 stantia
453 1585 507 1638 in
541 1582 724 1648 aliam,
758 1582 1003 1654 ejusdem
1032 1596 1254 1652 prorsus
1277 1580 1492 1652 generis
1518 1587 1573 1636 et
1603 1586 1778 1633 mate-

215 1676 330 1742 riae,
363 1685 529 1745 atque
559 1688 620 1729 ea
653 1683 759 1740 est,
786 1688 907 1745 quae
929 1673 1116 1731 desiit.
1146 1672 1237 1729 Sic
1266 1673 1472 1744 lignum
1506 1682 1777 1727 transmu-

217 1778 366 1825 tatur
388 1770 444 1824 in
477 1771 678 1838 ignem,
707 1769 815 1825 cibi
835 1770 889 1824 in
919 1783 1142 1826 carnem
1169 1777 1223 1825 et
1250 1767 1592 1839 sanguinem,
1620 1778 1777 1821 term

1880 574 2065 618 menta
2102 563 2310 617 Irenaeo
2335 562 2507 632 gratis
2540 561 2795 632 affingere
2831 561 3032 618 Grahio
3075 559 3281 631 placet,
3328 577 3437 618 non

1880 662 2155 714 morabor.
2215 656 2389 724 Quam
2449 671 2586 710 vana
2614 656 2755 722 sint,
2807 654 2877 710 'S.
2929 654 3151 711 doctore
3195 654 3438 728 indigna,

1880 750 2102 821 ejusque
2132 763 2322 818 scopo,
2365 747 2596 803 consilio
2618 755 2674 801 et
2703 746 2887 803 verbis
2910 749 3285 818 repugnantia,
3307 749 3439 806 satis

1879 849 2026 911 patet
2052 857 2117 895 ex
2159 839 2474 904 antedictis,
2503 849 2559 895 et
2585 855 2671 895 me
2697 840 2868 895 etiam
2899 850 3112 898 tacente
3155 842 3314 900 facile
3342 844 3437 900 de-

1878 934 2180 1004 prehendet
2209 933 2457 1002 quisquis
2490 947 2603 987 rem
2657 933 2826 1002 aquis
2869 935 3200 1004 ponderibus
3235 939 3439 992 exami-

1879 1042 2013 1082 nare
2049 1026 2300 1081 voluerit.
2328 1024 2436 1083 Sed
2466 1025 2654 1080 mirari
2691 1025 2830 1081 satis
2876 1041 2985 1081 non
3029 1041 3249 1097 possum
3296 1030 3439 1098 quod

1879 1125 1992 1172 tam
2022 1116 2250 1172 fidenter
2281 1116 2540 1187 proponit
2565 1117 2648 1174 vir
2675 1117 2742 1172 cl.
2777 1127 2837 1174 ut
2867 1118 3084 1188 probet,
3114 1116 3378 1173 Irenaeum
3408 1134 3438 1174 a

1882 1208 2509 1265 transsubstantiationis
2536 1210 2785 1266 doctrina
2810 1210 3030 1283 penitus
3065 1210 3302 1266 alienum
3339 1225 3440 1266 ex-

1879 1302 2099 1356 stitisse.
2133 1301 2294 1365 Nam,
2333 1291 2534 1371 inquit,
2570 1319 2590 1355 ι
2627 1302 2826 1358 iterum
2871 1302 3178 1371 iterumque
3222 1302 3439 1370 repetit,

1877 1407 2098 1447 carnem
2129 1399 2369 1446 nostram
2398 1406 2630 1461 corpore
2660 1400 2714 1446 et
2762 1391 3032 1462 sanguine
3083 1391 3296 1447 Domini
3345 1391 3437 1457 ali,

1877 1480 1992 1533 sive
2026 1476 2243 1542 nutriri,
2285 1477 2487 1532 imo'ex
2526 1478 2595 1533 iis
2621 1476 2806 1548 augeri
2836 1492 2900 1533 ac
2926 1477 3228 1534 consistere
3254 1478 3440 1530 carnis

1879 1581 2078 1627 nostrae
2113 1570 2494 1626 substantiam.
2526 1571 2692 1641 Atqui
2731 1571 2831 1627 hoc
2865 1571 3022 1625 nudis
3073 1568 3441 1625 accidentibus

1878 1663 2032 1732 panis
2092 1663 2355 1728 tribuere,
2398 1663 2698 1717 absurdum
2727 1671 2860 1728 est;
2906 1661 3114 1717 cmlesti
3165 1668 3342 1714 autem
3388 1668 3440 1713 ct

1879 1756 2114 1828 glorioso
2158 1755 2362 1811 Christi
2401 1748 2652 1824 corpori,
2703 1755 2954 1825 impium.
2990 1771 3009 1805 ι
3058 1751 3204 1807 Bona
3251 1754 3436 1814 verba,

213 1863 367 1918 succi
392 1862 448 1916 in
476 1833 712 1930 plantas,
739 1862 989 1926 arbores,
1015 1860 1246 1926 fructus,
1267 1833 1397 1926 etc;
1429 1860 1606 1914 omnia
1634 1857 1779 1928 ejus-
1808 1833 1822 1893 ¹

1808 1833 1852 1893 Β
1879 1857 2078 1912 quaeso.
2107 1842 2186 1896 Ac
2220 1841 2395 1912 primo
2419 1842 2638 1911 quidem
2664 1839 2808 1912 quod
2835 1840 2922 1896 hic
2946 1850 3001 1896 et
3030 1840 3159 1896 alibi
3192 1842 3441 1909 supponit

212 1954 334 2008 dem
367 1952 596 2008 omnino
624 1951 844 2024 generis
866 1960 921 2006 et
944 1953 1208 2017 materiae,
1238 1957 1401 2020 atque
1427 1965 1493 2005 ea
1517 1964 1765 2020 corpora,

209 2056 280 2096 ex
305 2041 506 2112 quibus
547 2042 690 2098 facta
740 2051 887 2098 sunt.
918 2039 1106 2111 Itaque
1135 2040 1182 2096 si
1211 2041 1360 2096 dicat
1422 2040 1768 2105 Marcionita,

210 2145 406 2199 panem
438 2139 494 2185 et
531 2130 720 2188 vinum
771 2130 828 2186 in
870 2130 1072 2186 Christi
1126 2147 1327 2202 corpus
1375 2132 1770 2195 transmutari;

208 2218 448 2274 fateatur
476 2234 698 2278 necesse
726 2230 832 2287 est,
863 2234 1059 2292 corpus
1077 2221 1277 2278 Christi
1312 2235 1378 2275 ex
1401 2237 1538 2291 pane
1567 2227 1622 2277 et
1644 2222 1772 2274 vino

207 2325 306 2380 per
331 2326 516 2368 veram
538 2314 826 2384 utriusque
848 2314 1261 2368 conversionem
1284 2311 1506 2379 factum,
1529 2313 1770 2383 ejusdem

203 2401 426 2470 generis
461 2416 581 2459 esse
617 2410 672 2457 et
697 2403 959 2470 materiae,
991 2411 1154 2472 atque
1188 2404 1364 2473 ipsum
1391 2417 1581 2474 panem
1604 2411 1657 2459 et
1687 2404 1770 2457 vi-

206 2508 337 2547 num
367 2511 382 2562 ;
413 2509 480 2550 ac
536 2494 765 2566 proinde
795 2509 862 2549 ex
913 2509 976 2550 ea
1018 2496 1244 2551 materia
1281 2508 1592 2552 concretum
1627 2509 1769 2558 esse,

205 2600 370 2654 quam
399 2585 645 2641 condidit
683 2586 866 2640 mundi
918 2585 1120 2656 epifex.
1175 2587 1241 2640 Et
1280 2587 1407 2642 hinc
1453 2587 1591 2641 Deus
1637 2585 1768 2640 Novi

207 2677 546 2735 Testamenti
575 2677 738 2733 alieni
772 2679 1000 2749 cupidus
1017 2680 1304 2748 prodetur,
1331 2680 1421 2748 qui
1447 2680 1547 2734 sibi
1575 2695 1770 2750 panem

204 2781 262 2828 et
291 2772 476 2826 vinum
512 2771 579 2826 ab
611 2771 716 2828 alio
743 2781 928 2827 creata
960 2769 1143 2825 offerri
1195 2774 1355 2837 velit,
1388 2783 1447 2828 ut
1491 2789 1558 2828 ex
1605 2774 1673 2828 iis
1717 2775 1768 2827 in

205 2860 412 2917 Christi
451 2875 647 2930 corpus
678 2864 1055 2917 lransmutatis
1087 2861 1182 2916 fiat
1207 2877 1361 2916 novae
1396 2862 1532 2931 legis
1559 2861 1772 2917 sacrifi-

207 2954 378 3010 cium.
413 2953 588 3007 Aliam
621 2969 750 3024 ergo
806 2955 1215 3025 responsionem
1263 2954 1597 3010 Marcionita:
1641 2970 1769 3025 sug-

203 3056 361 3114 gerat
402 3047 636 3102 Crabius
661 3086 676 3112 ,
719 3063 824 3116 qua
864 3047 1140 3102 inclinata:
1185 3062 1297 3103 sua:
1338 3059 1393 3103 et
1429 3048 1572 3104 illius
1594 3063 1771 3104 causae

207 3139 376 3192 tutius
407 3138 682 3193 consulat.
715 3137 826 3194 Nec
857 3139 1049 3195 melius
1081 3140 1516 3196 Valentinianum
1561 3141 1630 3194 ab
1659 3140 1770 3193 Ire-

203 3232 302 3284 naei
328 3231 453 3284 telis
476 3239 673 3285 tuetur.
695 3231 807 3299 Ille,
829 3234 923 3297 ait,
941 3247 1192 3304 regerere
1215 3232 1574 3303 potuit,panis
1595 3245 1647 3287 et
1663 3233 1769 3287 vini

204 3321 566 3377 substantiam
592 3323 760 3389 illico,
780 3325 1050 3379 mediante
1073 3325 1501 3393 consecratione,
1523 3325 1765 3390 interire,

203 3425 263 3471 ut
284 3415 389 3469 alia
417 3416 608 3472 melior
636 3417 1018 3474 substituatur.
1049 3417 1126 3472 Ita
1176 3419 1395 3488 quidem
1419 3457 1435 3482 ,
1485 3419 1532 3473 si
1577 3418 1770 3472 delira-

200 3516 381 3562 menta
417 3506 563 3577 loqui
597 3508 854 3574 voluerit;
889 3511 973 3564 sin
1003 3510 1206 3575 minus,
1233 3512 1346 3566 haec
1377 3525 1651 3579 nunquam
1686 3526 1770 3564 re-

200 3601 453 3670 gesserit.
506 3599 729 3671 Ecquod
790 3617 987 3656 novum
1041 3613 1095 3657 et
1143 3605 1406 3658 hactenus
1462 3603 1766 3656 inauditum

197 3691 614 3762 phil050phandi
639 3708 810 3764 genus
834 3675 945 3749 huc
993 3695 1198 3749 invehit
1244 3696 1328 3748 vir
1367 3696 1713 3749 doctissimus
1745 3695 1767 3747 ?

204 3779 318 3838 Una
352 3786 656 3840 substantia
684 3786 890 3849 interit,
915 3786 1018 3840 alia
1052 3786 1266 3852 melior,
1291 3787 1516 3841 alterius
1539 3786 1768 3857 proinde

198 3876 443 3946 generis,
477 3893 576 3931 nec
609 3878 935 3948 ignorantiae
968 3891 1059 3934 aut
1084 3880 1219 3933 labis
1253 3879 1464 3934 fructus
1491 3879 1768 3933 substitui-

198 3978 323 4032 tur;
353 3979 408 4023 et
438 3970 544 4024 hoc
592 3973 1260 4028 transsuhstantiationetn
1303 3983 1463 4029 vocat
1496 3974 1518 4026 ?
1558 3973 1632 4026 Ea
1664 3975 1765 4027 fuit

196 4062 469 4115 hactenus
498 4063 741 4116 omnium
785 4079 879 4118 seu
913 4065 1380 4132 phiIOSOphorum,
1406 4081 1502 4119 seu
1549 4066 1754 4119 theolo-

196 4167 391 4222 gorum
409 4153 608 4207 animis
630 4152 792 4208 insita
816 4157 1437 4210 transsuhstantiationis
1455 4158 1622 4219 notio,
1643 4173 1762 4210 esse

195 4245 616 4298 conversionem
651 4260 744 4317 seu
804 4248 1092 4301 transitum
1141 4249 1301 4302 unius
1344 4250 1661 4303 substantiae
1708 4249 1759 4301 in

193 4335 360 4389 aliam
389 4352 402 4401 ;
439 4335 724 4392 desinente
759 4338 976 4406 quidem
1011 4342 1212 4408 priori,
1263 4357 1383 4410 qua:
1430 4350 1762 4394 transmuta-

193 4438 302 4493 tur,
339 4428 670 4494 substantia,
709 4440 974 4498 quatenus
1010 4431 1133 4485 talis
1190 4432 1493 4486 substantia
1537 4441 1657 4496 est,
1697 4432 1760 4486 li-
1817 4495 1822 4502 ι

1787 4565 1835 4624 D

195 4534 362 4589 gnum
396 4535 447 4574 ν.
472 4522 746 4590 g.,panis,
780 4531 908 4589 etc.,
947 4524 1040 4578 sed
1069 4539 1172 4577 non
1205 4525 1258 4576 in
1288 4525 1519 4578 nihilum
1556 4525 1755 4578 abeun~

195 4623 282 4676 te;
320 4627 460 4665 nova
496 4628 646 4676 vero,
701 4630 818 4683 quae
867 4617 993 4670 huic
1039 4618 1315 4681 succedit,
1355 4633 1460 4672 non
1506 4619 1572 4672 de
1618 4633 1759 4672 novo

193 4712 403 4766 creata,
453 4707 545 4758 sed
597 4720 664 4759 ex
716 4707 1009 4760 mutatione
1052 4709 1249 4777 prioris
1303 4719 1650 4776 exsurgente.
1703 4711 1759 4764 Si

192 4799 325 4867 quid
360 4813 490 4865 ergo
519 4814 662 4853 sanae
691 4800 1068 4869 philosophiae,
1107 4804 1212 4855 imo
1236 4813 1289 4855 et
1319 4804 1538 4856 rationis
1567 4804 1757 4872 reliqui

193 4890 364 4945 fuerit
394 4887 808 4954 Valentinianis,
845 4893 979 4947 hanc
1004 4894 1102 4947 sini
1132 4896 1760 4950 transsuhstantiationis

191 4982 373 5034 idenm
400 4983 733 5051 cogitatione
768 4974 1059 5039 informare
1097 4987 1418 5050 debuerunt,
1447 5004 1510 5042 ac
1534 4989 1758 5056 proinde

190 5073 356 5127 fateri
381 5073 459 5127 sic
485 5087 678 5141 panem
704 5087 758 5130 et
803 5076 985 5132 vinum
1018 5079 1069 5130 in
1107 5094 1299 5146 corpus
1345 5090 1396 5133 et
1439 5082 1754 5150 sanguinem

188 5169 400 5222 (Zhristi
435 5171 807 5234 transmutari,
841 5182 898 5224 ιιι
935 5174 1046 5225 lizec
1079 5190 1143 5226 ex
1181 5174 1288 5227 illis
1334 5175 1484 5226 fiant.
1524 5174 1638 5239 Quo
1669 5187 1756 5226 se-

190 5260 298 5313 mel
325 5260 587 5327 admisso,
637 5262 710 5314 uti
750 5279 854 5316 non
909 5265 1195 5319 admittere
1252 5280 1353 5319 non
1400 5276 1647 5333 poterant
1689 5269 1755 5321 de

191 5351 806 5409 transsubstantiatione
839 5371 960 5408 cum
992 5358 1280 5412 catholicis
1327 5361 1754 5425 consentientes,

183 5444 295 5513 jam
329 5442 522 5498 Irenzei
559 5457 1000 5514 argumentorum
1039 5450 1145 5502 riu":
1194 5451 1468 5504 declinare
1524 5452 1755 5506 nullate-

187 5551 290 5587 nus
324 5547 571 5601 possunt.
606 5536 860 5603 Sequitur
894 5540 1057 5603 enim,
1085 5538 1284 5595 Christi
1313 5557 1506 5611 corpus
1538 5558 1603 5595 ex
1636 5560 1752 5596 ma-

191 5628 359 5688 terin,
395 5628 720 5695 ignorantiae
756 5641 810 5682 et
838 5630 1154 5685 defectionis
1191 5633 1385 5696 fructu,
1437 5645 1752 5689 concretum

189 5719 302 5771 Deo
330 5717 516 5772 offerri
541 5720 590 5772 in
618 5721 952 5777 Eucharistia
974 5743 985 5786 ;
1004 5727 1268 5790 impuram
1291 5726 1511 5794 proinde
1531 5728 1754 5781 oblatio-

189 5831 334 5866 nem,
351 5814 534 5875 unLei
553 5815 928 5866 conttmicliam
945 5815 1078 5869 facia
1095 5829 1126 5868 ῑ..
1150 5834 1249 5871 non
1273 5821 1523 5872 honorem
1543 5820 1745 5874 afferal.

1874 1934 2127 2000 Grabius,
2151 1935 2481 2002 accidentia,
2511 1950 2633 2006 quae
2679 1944 2876 1989 vocant
2912 1935 3182 1999 absoluta,
3209 1936 3260 1988 id
3289 1947 3370 1989 est
3411 1952 3439 1988 a

1873 2024 2123 2096 subjecto
2151 2041 2212 2079 re
2245 2034 2519 2097 separata,
2547 2040 2577 2080 a
2607 2023 2892 2081 catholicis
2917 2026 3170 2081 omnibus
3215 2035 3272 2079 ut
3306 2029 3434 2094 quid

1874 2120 1978 2175 fide
2016 2129 2226 2175 certum
2256 2129 2310 2174 et
2336 2118 2698 2184 indubitatum
2733 2118 2947 2173 admitti
2973 2136 2987 2186 ;
3017 2121 3185 2188 gratis
3215 2121 3439 2174 omnino

1872 2211 2146 2280 supponit,
2185 2219 2238 2264 et
2273 2209 2436 2279 paulo
2477 2209 2729 2263 fidentius
2756 2226 2915 2276 quam
2950 2210 3121 2264 virum
3147 2211 3436 2265 candidum

1872 2301 2114 2356 decebat.
2149 2301 2496 2368 Qumstio‘est
2522 2301 2575 2354 in
2614 2299 2831 2356 Scholis
2873 2301 3143 2356 duntaxat
3194 2302 3335 2356 ultro
3357 2303 3437 2356 ci-

1871 2401 2064 2462 troque
2096 2395 2318 2465 agitata,
2350 2409 2614 2464 nusquam
2647 2409 2774 2449 vero
2802 2394 2870 2448 ab
2909 2394 3156 2448 Ecclesia
3190 2394 3434 2450 definita.

1871 2487 1928 2543 Id
1959 2496 2164 2542 tantum
2192 2488 2460 2559 catholica
2490 2489 2625 2542 fides
2653 2487 2831 2551 docet,
2863 2488 3282 2542 consecratione
3308 2503 3436 2558 per-

1872 2588 1995 2632 acta
2038 2593 2324 2633 remanere
2375 2595 2535 2649 βάν-’ς
2581 2589 2638 2634 et
2694 2579 2806 2632 vini
2851 2581 3110 2648 species:
3152 2579 3283 2650 quid
3330 2583 3440 2636 sint

1873 2685 2000 2726 vero
2029 2686 2106 2726 eae
2130 2673 2365 2742 species,
2398 2672 2613 2740 litigant
2656 2671 2800 2726 inter
2836 2686 2894 2727 se
2945 2680 3057 2725 tum
3098 2672 3434 2742 philosophi,

1875 2771 1984 2818 tum
2020 2765 2253 2834 theologi
2282 2781 2298 2820 :
2327 2764 2598 2833 judicium
2623 2780 2754 2820 vero
2784 2780 2939 2819 suum
2970 2765 3211 2818 nondum
3254 2764 3431 2819 inter-

1871 2858 2051 2923 posuit
2078 2857 2342 2913 Ecclesia.
2377 2854 2482 2913 Sed
2511 2858 2555 2912 si
2590 2873 2710 2926 quaa
2735 2858 3159 2921 sitabsurditas,
3189 2868 3281 2911 aut
3331 2859 3435 2911 im-

1871 2947 2045 3016 pietas
2090 2961 2336 3001 asserere
2380 2963 2601 3002 carnem
2658 2958 2899 3002 nostram
2945 2964 3174 3018 corpore
3216 2959 3268 3001 et
3313 2964 3436 3002 san-

1873 3038 2033 3107 guine
2063 3039 2280 3093 Domini
2310 3040 2403 3105 ali,
2438 3041 2551 3093 sive
2593 3042 2811 3104 nutriri,
2839 3050 2973 3101 etc.,
2997 3051 3200 3109 quanta
3233 3051 3436 3110 quanta

1873 3141 1956 3185 est
1989 3132 2043 3185 in
2076 3130 2338 3186 Irenaeum
2372 3133 2537 3202 igitur
2567 3134 2924 3190 conferenda.
2975 3131 3085 3187 Nec
3125 3133 3266 3188 enim
3309 3133 3436 3187 siui-

1798 3212 1840 3269 C
1874 3223 2084 3293 pliciter
2112 3224 2349 3280 asseruit
2373 3240 2597 3279 carnem
2630 3235 2878 3281 nostram
2918 3225 2990 3279 ali
3023 3236 3076 3279 et
3107 3240 3289 3296 augeri
3323 3241 3438 3281 cor-

1873 3329 2002 3384 pore
2025 3327 2079 3369 et
2109 3316 2378 3383 sanguine
2425 3317 2663 3382 Domini,
2714 3320 2808 3372 sed
2855 3319 3080 3388 proprio
3120 3333 3348 3387 corpore
3382 3329 3437 3375 et

1872 3407 2137 3478 sanguine
2165 3406 2413 3462 Domini:
2449 3425 2568 3477 qua:
2604 3426 2713 3464 non
2751 3410 2852 3464 nisi
2899 3410 3126 3465 ridicule
3152 3421 3204 3466 et
3253 3413 3436 3481 inepte

1872 3497 1936 3550 ad
1960 3496 2163 3552 Christi
2195 3500 2443 3567 corporis
2473 3509 2529 3553 et
2578 3502 2861 3569 sanguinis
2897 3503 3127 3570 figuram
3171 3515 3267 3556 aut
3322 3505 3434 3557 vir-

1874 3599 2042 3644 tutem
2076 3602 2382 3661 separatam
2414 3593 2728 3662 detorqueri
2761 3609 2920 3664 posse
2941 3595 3299 3650 ostendimus.
3328 3595 3434 3651 Sed

1871 3683 2060 3736 viderit
2088 3683 2218 3752 ipse,
2247 3686 2338 3752 qui
2389 3685 2501 3739 hanc
2535 3686 2770 3753 objectat
2797 3727 2812 3752 ,
2852 3702 2920 3742 ne
2976 3686 3200 3754 majoris
3244 3703 3302 3743 se
3337 3689 3435 3741 ab-

1870 3777 2157 3831 Surditatis
2191 3793 2342 3832 reum
2372 3779 2586 3848 prodat,
2615 3780 2841 3849 figuram
2870 3791 2964 3835 aut
2989 3782 3248 3835 virtutem
3274 3781 3434 3836 Chri-

1819 3910 1832 3922 .
1869 3872 1935 3926 sti
1971 3874 2219 3940 corporis
2254 3872 2342 3927 hic
2382 3873 2702 3930 ohtrudens.
2736 3875 2814 3928 An
2845 3875 2991 3928 enim
3036 3875 3235 3929 rationi
3279 3874 3434 3930 valde

1867 3973 2290 4018 consentaneum
2313 3976 2483 4033 putat,
2508 3968 2693 4020 carnis
2721 3977 2920 4021 nostra:
2948 3966 3304 4022 substantiam
3335 3968 3430 4031 ali,

1867 4056 2080 4118 nutriri,
2112 4067 2164 4109 et
2195 4059 2377 4126 augeri
2423 4058 2616 4127 ﬁgura,
2655 4069 2707 4112 et
2741 4060 2943 4114 virtute
2985 4059 3266 4129 spiritali?
3299 4059 3432 4125 Quis

1865 4147 1978 4200 huic
2006 4147 2186 4201 ferat?
2219 4149 2485 4215 Nondum,
2523 4161 2688 4218 puto,
2737 4151 2897 4219 plane
2943 4161 2995 4203 et
3041 4161 3224 4218 aperte
3266 4149 3427 4203 fateri

1863 4250 2123 4294 statuerat
2152 4240 2406 4305 Grabius,
2427 4241 2686 4310 Cyrillum
2709 4241 3277 4312 IIicrosolymitanum.
3297 4240 3430 4295 Gre-

1862 4336 2069 4404 gorium
2097 4335 2418 4406 Nyssenum,
2463 4335 2722 4390 Joannem
2760 4339 3174 4403 Damascenum,
3209 4354 3226 4387 t
3267 4338 3428 4391 alios-

1861 4443 1967 4497 que
2010 4428 2241 4482 fortasse
2275 4428 2476 4494 plures,
2511 4446 2530 4481 ι
2565 4438 2623 4481 ut
2664 4443 2784 4482 mox
2831 4428 3131 4481 referemus
3156 4470 3169 4493 ,
3205 4443 3430 4496 persua-

1861 4536 1948 4576 sos
1987 4520 2171 4584 fuisse,
2224 4521 2392 4588 ipsam
2442 4521 2598 4590 panis
2652 4521 3014 4575 substantiam
3066 4522 3117 4573 in
3151 4536 3332 4573 veram
3367 4537 3430 4575 ac

1861 4612 2132 4683 propriam
2164 4611 2366 4667 Christi
2415 4626 2641 4666 carnem
2690 4613 3087 4667 transformari.
3133 4611 3242 4666 Nec
3285 4613 3429 4666 enim

1862 4708 1912 4761 hi
1956 4707 2158 4760 Irenaeo
2211 4706 2391 4758 minus
2456 4719 2765 4768 asseruere,
2815 4720 2912 4758 nos
2967 4716 3186 4775 sumpto
3231 4705 3430 4761 Christi

1860 4814 2087 4866 corpore
2119 4810 2171 4850 et
2202 4798 2466 4866 sanguine
2503 4796 2624 4850 ﬁeri
2659 4813 2822 4850 unum
2849 4814 2968 4850 cum
2995 4798 3214 4853 Christo
3236 4814 3429 4868 corpus

1857 4903 1909 4946 et
1945 4892 2284 4960 sanguinem,
2315 4905 2402 4952 ac,
2430 4899 2485 4940 ut
2528 4890 2597 4942 ita
2641 4889 2840 4952 dicam,
2874 4890 3092 4943 Christo
3126 4905 3428 4959 concorpo-

1859 5000 1980 5038 reos
2028 4995 2082 5037 et
2130 4982 2599 5051 consanguineos,
2668 4981 2903 5051 Χριστοῦ
2973 4982 3291 5052 συσσώμους
3339 4985 3428 5037 καὶ

1866 5076 2173 5145 συναίμους,
2209 5083 2266 5125 ιιι
2303 5074 2542 5141 loquitur
2579 5072 2809 5142 Cyrillns
2841 5072 3045 5126 lIieros.
3092 5072 3320 5127 Catech.
3352 5088 3405 5128 IV

1853 5165 2251 5235 Myst.;Christi
2284 5182 2479 5234 corpus
2507 5177 2558 5219 ct
2590 5167 2909 5235 sanguinem
2942 5181 3037 5235 per
3068 5181 3220 5219 esum
3250 5177 3305 5236 et
3333 5183 3426 5235 po-

1861 5262 2058 5313 tionem
2085 5259 2296 5313 admitti
2345 5259 2482 5311 intra
2537 5261 2748 5313 viscera
2790 5258 3062 5319 hominis,
3103 5269 3154 5310 et
3196 5276 3291 5328 per
3335 5260 3425 5313 illa

1857 5353 2105 5408 distribui
2141 5353 2192 5405 in
2227 5354 2535 5406 universum
2565 5367 2786 5420 corpus,
2821 5352 3171 5406 commisceri
3207 5362 3261 5404 et
3293 5368 3424 5404 con-

1856 5446 2146 5515 temperari
2185 5449 2501 5514 corporibus
2529 5445 2888 5511 credentium,
2938 5455 3073 5508 etc.,
3117 5456 3174 5498 ut
3226 5446 3425 5499 unione

1856 5558 1980 5594 cum
2011 5558 2073 5595 eo
2114 5543 2255 5610 quod
2297 5551 2379 5595 est
2425 5539 2769 5604 immortale,
2817 5537 2907 5591 ﬁat
2949 5541 3112 5591 homo
3153 5540 3423 5608 particeps

1855 5634 2296 5701 incorruptionis,
2331 5633 2780 5700 quemadmodum
2825 5633 2902 5685 ait
2941 5632 3236 5700 Gregorius
3261 5629 3419 5701 Nyss.

1856 5737 1995 5780 orat.
2038 5727 2254 5779 Catech.
2300 5743 2348 5778 c.
2378 5727 2691 5795 57;corpus
2722 5742 2783 5781 ac
2821 5727 3136 5796 sanguinem
3188 5724 3417 5784 Christi,

1859 5826 1922 5874 ad
1954 5822 2145 5875 anima:
2182 5831 2233 5874 et
2268 5824 2512 5887 corporis
2546 5821 2710 5875 nostri
2742 5822 3184 5881 incolumitatem,
3217 5822 3281 5871 ad
3317 5835 3413 5874 no-
