4196 6330
788 354 890 412 587

1598 352 2185 409 ΒΙΞΒΕΒΤᾸΤΙΟΝΕΒ
2218 350 2515 407 ΡιζίΕΥΙίΕ
2549 352 2614 406 ιΝ
2653 352 2903 407 ΙΠΕΝέΕΙ
2943 352 3202 409 LIBROS.

3896 356 3993 413 3i8

786 482 955 527 stram
988 474 1349 529 substantiam
1381 482 1435 528 et
1458 476 1923 531 conservationem
1968 476 2192 530 tendere
2220 514 2235 540 ,
2283 489 2347 528 ac
2376 477 2421 533 Α
2455 474 2638 529 videas
2690 475 2885 539 solum,
2945 491 3129 529 verum
3189 474 3347 530 etiam
3401 486 3457 529 ut
3506 485 3713 543 tangas,
3765 487 3818 533 et
3865 478 3916 532 in
3948 489 3995 533 te

786 577 886 632 per
914 578 977 618 ea
1018 579 1117 619 nos
1149 566 1361 635 corpori
1397 566 1633 633 Domini,
1666 566 1945 637 ipsiusque
1981 568 2195 636 spiritui
2227 567 2349 619 uni-

784 656 857 721 ri,
890 665 948 712 et
978 656 1181 713 Christi
1209 674 1407 727 corpus
1436 674 1498 714 ac
1517 658 1735 715 Christo
1764 674 2166 726 concorporeos
2184 658 2344 723 eﬁici,

783 756 843 801 ut
878 749 1077 803 asserit
1098 747 1334 804 Joannes
1365 749 1734 806 Damascenus
1765 750 1862 804 lib.
1907 762 1993 817 tv,
2020 751 2097 804 De
2135 751 2237 818 [ide
2262 768 2346 804 or-

783 840 931 894 thod.
960 855 1010 894 c.
1054 840 1143 895 14.
1185 840 1314 909 Quae
1344 843 1472 912 quid
1496 844 1563 898 ab
1605 844 1793 898 I'rentci
1830 842 2016 898 verbis
2051 842 2305 898 differant
2328 884 2341 908 ,

785 948 853 988 ne
883 935 1101 1004 quidem
1131 935 1367 992 Grabius
1401 938 1512 1003 ipse
1543 937 1763 993 dixerit.
1796 939 1861 994 Et
1898 948 2076 993 tamen
2111 940 2346 993 sanctis-

785 1025 936 1081 simis
981 1026 1272 1093 Patrihus,
1322 1029 1602 1084 acerrimis
1628 1072 1643 1094 ,
1680 1031 1796 1100 ipso
1839 1029 2043 1085 latente
2090 1031 2210 1085 viro
2246 1031 2342 1097 cl.,

785 1117 1410 1175 transsubstantiationis
1440 1122 1954 1192 propugnatoribus,
2004 1123 2120 1178 hinc
2170 1140 2345 1193 neque

782 1206 1036 1275 absurda,
1070 1224 1246 1279 neque
1278 1211 1440 1280 impia
1475 1212 1819 1268 videbantur.

855 1301 944 1355 95.
981 1301 1039 1355 Si
1066 1318 1187 1372 qua:
1219 1304 1291 1357 sit
1320 1305 1586 1359 catholica
1619 1306 1683 1359 de
1731 1308 2344 1364 transsubstantiatione

784 1392 915 1447 ﬁdes
946 1395 1078 1448 satis
1106 1395 1448 1464 exploratum
1479 1396 1680 1453 Grabio
1710 1397 1922 1461 luisset,
1974 1415 2001 1453 a
2047 1400 2344 1470 puerilibus

780 1484 1042 1554 ejusmodi
1069 1485 1527 1556 objectationibus
1555 1498 1932 1558 temperasset.
1962 1490 2170 1561 Corpus
2187 1492 2345 1546 Chri-

780 1575 853 1630 sti
883 1590 978 1631 ore
1008 1578 1361 1649 manducari,
1395 1563 1500 1636 hoc
1533 1596 1749 1636 carnem
1795 1594 2031 1637 nostram
2077 1584 2145 1639 ali
2171 1628 2184 1653 ,
2234 1601 2337 1640 nu-

781 1664 925 1728 triri,
958 1668 1166 1737 augeri,
1214 1677 1341 1735 etc.,
1392 1678 1502 1722 tam
1535 1685 1661 1725 vere
1685 1712 1700 1735 ,
1727 1688 1886 1739 quam
1936 1675 2025 1740 pie
2065 1672 2344 1729 afﬁrmare

780 1761 1070 1822 potuerunt
1098 1756 1272 1811 sancti
1298 1755 1507 1821 Patres,
1539 1767 1828 1827 potuerunt
1861 1772 1914 1816 et
1956 1777 2191 1831 negare,
2243 1778 2341 1833 pro

2449 566 2702 619 habeas.»
2735 565 2802 619 Et
2832 577 3014 635 postea
3044 586 3055 620 :
3101 585 3119 617 ι
3162 565 3337 620 Multae
3366 575 3565 621 matres
3614 577 3734 637 post
3786 578 3994 637 partum

2446 657 2565 710 aliis
2596 657 2898 711 nutricibus
2928 657 3165 711 infantes
3193 657 3457 712 dederunt
3482 676 3495 723 ;
3528 660 3669 728 quod
3693 660 3803 726 ipse
3820 661 3996 714 facere

2448 750 2647 816 noluit,
2679 749 2775 805 sed
2809 750 3030 819 pr0prio
3081 765 3311 820 corpore
3342 765 3438 805 nos
3483 750 3598 815 alit,
3640 759 3695 804 et
3738 752 3837 804 sibi
3867 766 3994 805 con-

2440 842 2668 911 jungit,
2721 852 2883 910 atque
2943 840 3302 911 conglutinat.
3341 862 3360 894 ι
3447 842 3553 897 Alii
3594 858 3724 898 vero
3781 842 3992 907 Patres,

2445 932 2790 986 attendentes
2813 932 2877 986 ad
2900 947 3023 987 eum
3054 933 3330 988 carnalem
3364 918 3724 990 manducandl
3755 936 3994 1000 modum,

2444 1039 2610 1093 quem
2645 1024 2749 1079 sibi
2780 1024 3161 1095 Capharnaitzc
3188 1025 3483 1093 ﬁngebant,
3512 1040 3622 1096 quo
3673 1041 3801 1082 caro
3825 1027 3997 1082 denti-

2446 1118 2546 1171 bus
2572 1125 2810 1181 secathr,
2870 1125 3143 1185 gustatur,
3194 1126 3247 1170 et
3292 1117 3345 1171 in
3380 1116 3716 1173 stomachum
3772 1118 3995 1188 trajecta

2444 1206 2732 1275 digeritur,
2760 1205 3029 1261 interdum
3080 1214 3347 1271 negarunt
3397 1206 3601 1261 Christi
3633 1221 3829 1274 corpus
3851 1222 3879 1259 a
3906 1220 3998 1259 no-

2444 1299 2528 1353 bis
2571 1312 2666 1353 ore
2689 1298 3006 1352 manducari
3036 1315 3049 1363 ;
3079 1307 3141 1351 et
3166 1299 3361 1353 merito
3414 1297 3655 1366 quidem,
3684 1306 3742 1351 ut
3762 1298 3998 1367 abjectas

2443 1390 2685 1460 vilesque
2738 1389 3227 1459 Capharnaitarum
3286 1389 3751 1445 ideaseﬁdelium
3804 1390 3999 1442 animis

2444 1482 2760 1537 evellerent.
2790 1481 2901 1536 lmo
2934 1481 3095 1537 iidem
3129 1480 3318 1536 Patres
3340 1480 3499 1536 modo
3533 1490 3807 1547 asserunt,
3840 1481 4000 1535 modo

2444 1582 2679 1644 negant,
2742 1574 2949 1630 Christi
3003 1589 3198 1643 corpus
3242 1574 3486 1639 comedi;
3543 1589 3644 1629 nec
3690 1581 3865 1627 tamen
3916 1573 4002 1627 vel

2442 1680 2644 1731 secum,
2691 1665 2776 1721 vel
2805 1682 2925 1720 cum
2979 1667 3100 1721 aliis
3154 1676 3419 1736 pugnant,
3466 1666 3570 1719 nisi
3626 1666 3765 1735 apud
3806 1665 3999 1720 Prote-

2445 1766 2680 1820 stantes,
2746 1757 2840 1827 qui
2888 1767 3129 1813 monstra
3200 1756 3305 1811 sibi
3370 1755 3681 1827 conﬁngere
3738 1755 3998 1825 gestiunt,

779 1845 1012 1902 diversis
1041 1862 1180 1917 quas
1223 1850 1497 1917 prmdictis
1540 1824 1767 1907 vocibus
1814 1824 2199 1923 subjiciebant,
2241 1824 2341 1911 no-
2370 1824 2413 1879 Β
2445 1847 2643 1917 quibus
2680 1856 2920 1901 ῑθπθθηί
2950 1848 3249 1917 imperil”-

783 1937 1047 1994 tionibus.
1077 1938 1211 1995 Cum
1243 1940 1445 1997 Christi
1470 1958 1671 2013 corpus
1700 1961 1828 2001 vere
1858 1948 2071 2017 quidem
2108 1958 2163 2003 et
2206 1950 2338 2004 sub-

779 2029 1109 2086 stantialiter
1151 2045 1392 2101 praesens
1446 2034 1496 2089 in
1572 2036 1912 2093 Eucharistia
1975 2041 2129 2094 nobis
2186 2040 2339 2095 exhi-

780 2120 993 2189 heatur,
1025 2138 1129 2178 non
1162 2132 1343 2180 tamen
1375 2128 1476 2181 sub
1500 2143 1561 2183 ea
1593 2131 1838 2185 sensibili
1874 2134 2053 2187 carnis
2090 2133 2339 2187 humanae

779 2209 976 2278 forma,
1012 2230 1171 2284 quam
1215 2220 1447 2288 gestavit
1475 2221 1525 2274 in
1574 2226 1737 2279 terris
1768 2224 1992 2294 degens,
2025 2226 2115 2279 sed
2148 2226 2341 2280 alienis

780 2305 1061 2373 speciebus
1097 2319 1405 2366 contectum
1435 2332 1448 2380 ;
1476 2314 1578 2368 hoc
1618 2329 1649 2367 a
1680 2316 1836 2369 nobis
1870 2315 2207 2381 inanilucari,
2240 2319 2339 2371 hoc

779 2408 908 2447 caro
932 2405 1114 2450 nostra
1159 2399 1230 2453 ali
1278 2409 1333 2454 et
1380 2403 1577 2458 nutriri
1617 2416 1761 2459 recte
1803 2406 2021 2470 dicitur,
2070 2417 2338 2474 quatenus

778 2482 879 2535 sub
909 2485 1190 2553 speciebus
1220 2489 1337 2543 istis
1366 2489 1540 2547 latens
1569 2509 1668 2548 ore
1699 2498 1938 2565 corporis
1961 2497 2250 2564 excipitur,
2285 2499 2336 2551 in

780 2573 1031 2649 [CXLIX]
1063 2582 1400 2637 stomachum
1429 2584 1718 2653 trajicitur,
1751 2597 1908 2656 atque
1950 2590 2004 2642 in
2036 2590 2148 2659 ipsa
2193 2605 2339 2659 sym-

780 2667 898 2720 bola
931 2678 981 2722 et
1009 2671 1240 2738 species,
1271 2674 1465 2743 quibus
1491 2676 1691 2732 Christi
1722 2694 1919 2749 corpus
1966 2681 2184 2751 tegitur,
2211 2696 2333 2735 cor-

780 2773 964 2827 poreae
993 2765 1257 2829 actiones,
1290 2782 1409 2835 qua:
1444 2771 1879 2827 manducationis
1903 2772 2176 2828 intellectu
2210 2789 2338 2829 con-

780 2854 1047 2919 tinentur,
1100 2858 1353 2928 hancque
1398 2872 1823 2931 consequuntur,
1882 2864 1987 2917 vim
2043 2880 2194 2918 suam
2241 2882 2336 2920 ex-

780 2955 964 3002 erunt.
1000 2946 1075 3000 Ex
1102 2964 1208 3018 quo
1253 2950 1398 3005 enim
1430 2952 1480 3007 id
1531 2962 1787 3023 tanquam
1836 2955 1939 3009 lide
1980 2966 2209 3023 certum,
2258 2957 2335 3011 uti

779 3046 967 3087 revera
995 3045 1099 3103 est,
1124 3040 1469 3107 supponitur,
1494 3055 1686 3109 panem
1718 3042 1797 3096 sic
1827 3043 1880 3095 in
1904 3041 2105 3097 Christi
2139 3059 2336 3114 corpus

778 3129 1044 3196 converti,
1087 3140 1145 3182 ut
1178 3140 1354 3186 tamen
1389 3143 1646 3189 maneant
1700 3149 1913 3205 semper
1940 3137 2139 3191 eaedem
2180 3138 2335 3206 panis

778 3218 1005 3287 species,
1041 3222 1341 3293 eodemque
1366 3240 1591 3293 prorsus
1626 3227 1784 3281 modo
1804 3242 1994 3283 sensus
2025 3228 2336 3283 afﬁciantur

779 3326 843 3363 ac
869 3311 910 3364 si
940 3312 1093 3380 panis
1124 3314 1295 3383 reipsa
1329 3316 1544 3370 adesset
1572 3334 1586 3383 ;
1620 3331 1839 3371 necesse
1897 3324 2013 3374 est.
2077 3320 2329 3387 quemad-

784 3401 999 3455 modum
1027 3404 1196 3457 oculis
1221 3404 1506 3460 exhibetur
1551 3407 1689 3460 idem
1724 3409 1896 3473 color,
1928 3409 2020 3478 qui
2046 3411 2196 3477 prius
2220 3420 2338 3465 erat

777 3490 951 3559 panis,
984 3493 1062 3547 sic
1082 3503 1138 3547 et
1182 3508 1263 3559 os,
1293 3495 1480 3549 dentes
1506 3537 1521 3560 ,
1562 3496 1820 3566 linguam,
1848 3498 2085 3567 palatum
2115 3508 2170 3553 et
2220 3510 2336 3554 sto-

780 3584 1027 3639 machum
1059 3586 1247 3641 eadem
1280 3586 1487 3643 ratione
1544 3587 1704 3653 allici,
1759 3606 1822 3645 ac
1859 3590 2127 3646 aﬁ'ecisset
2157 3594 2334 3662 panis,

778 3676 822 3729 si
849 3677 1174 3742 mansisset;
1220 3693 1282 3732 ac
1311 3680 1534 3748 proinde
1578 3695 1672 3735 eas
1696 3696 1883 3737 omnes
1922 3683 2185 3749 actiones,
2217 3700 2334 3754 quae

777 3759 1244 3823 manducatidnem
1270 3770 1601 3823 comitantur
1651 3780 1744 3825 aut
1795 3785 2221 3841 consequuntur,
2278 3775 2332 3828 in

776 3859 988 3927 species
1012 3859 1158 3927 ipsas
1186 3862 1453 3927 exerceri,
1486 3862 1710 3932 perinde
1757 3878 1818 3917 ac
1853 3864 1906 3917 in
1932 3878 2125 3932 panem
2158 3864 2330 3934 ipsum

777 3960 1159 4005 exercerentur
1189 3952 1233 4006 si
1259 3961 1585 4021 superesset.
1631 3952 1744 4011 Hoc
1774 3955 2040 4024 siquidem
2078 3957 2332 4026 stupendi

776 4038 923 4093 illius
945 4040 1142 4095 divina:
1169 4044 1425 4111 potentiae
1469 4044 1627 4097 simul
1678 4055 1839 4112 atque
1877 4046 2137 4101 bonitatis
2162 4048 2332 4102 mira—

775 4130 883 4183 culi
913 4146 1039 4197 pars
1094 4148 1288 4205 magna
1349 4142 1452 4187 est.
1503 4133 1641 4200 Quia
1685 4149 1816 4191 vero
1864 4135 2065 4191 Christi
2133 4153 2329 4208 corpus

776 4222 1059 4290 speciebus
1103 4222 1209 4276 illis
1256 4223 1601 4293 conjunctum
1630 4235 1742 4290 est;
1791 4227 1933 4296 quod
1978 4245 2083 4283 non
2134 4229 2195 4285 ﬁt
2224 4232 2328 4285 nisi

778 4313 829 4365 in
868 4313 1078 4381 species
1103 4312 1157 4367 et
1196 4329 1347 4369 sacra
1382 4317 1641 4385 symbola,
1676 4318 1726 4370 in
1755 4318 1931 4385 ipsum
1972 4329 2148 4377 tamen
2180 4324 2333 4379 Citri-

773 4404 843 4457 Sli
876 4419 1078 4472 corpus
1105 4390 1205 4459 sub
1240 4406 1304 4459 iis
1340 4406 1513 4461 latens
1544 4408 1658 4462 ﬁeri
1691 4409 1894 4464 dicitur
1928 4428 1941 4463 :
1991 4414 2238 4481 quamvis
2277 4415 2328 4468 in

2514 1938 2605 1994 96.
2634 1939 2750 1994 Duo
2807 1947 2934 1994 sunt
2988 1949 3168 1994 tamen
3197 1954 3315 2010 quae
3353 1936 3422 1994 cl.
3478 1937 3680 1995 Granio
3735 1936 4000 2006 gratulari

2444 2032 2753 2087 debeamus.
2802 2030 3049 2086 Alterum
3081 2041 3196 2097 est,
3228 2034 3373 2101 quod
3423 2033 3657 2102 ingenue
3716 2031 4002 2087 confessus

2443 2126 2514 2181 sit
2543 2127 2593 2181 in
2622 2128 2764 2183 notis
2803 2127 2870 2182 ad
2911 2127 3006 2183 lib.
3033 2144 3086 2182 tv
3124 2127 3307 2183 lrenaei
3346 2142 3466 2197 cap.
3516 2127 3583 2182 l7
3622 2136 3679 2181 et
3705 2127 3787 2188 18.
3815 2126 3884 2180 al.
3935 2124 4005 2180 52

2441 2226 2496 2272 et
2522 2217 2590 2271 54
2614 2258 2629 2282 ,
2659 2227 2864 2273 certum
2888 2233 3040 2283 esse,
3073 2218 3331 2285 irenaeum
3351 2260 3367 2285 ,
3400 2235 3462 2273 ac
3501 2234 3710 2284 omnes,
3760 2233 3994 2287 quorum

2442 2309 2643 2378 scripta
2678 2310 2964 2375 habemus,
3018 2309 3228 2375 Patres,
3292 2310 3557 2381 apostolis
3604 2311 3719 2365 sive
3766 2324 4001 2376 coaevos,

2444 2400 2558 2454 sive
2585 2401 2835 2470 proxime
2895 2403 3271 2467 succedentes,
3323 2416 3534 2457 sacram
3596 2400 4003 2455 Eucharistiam

2441 2508 2539 2563 pro
2560 2508 2693 2548 vero
2723 2508 2786 2548 ac
2824 2495 3041 2563 proprie
3070 2494 3215 2548 dicto
3262 2508 3413 2549 novae
3438 2493 3575 2563 legis
3607 2493 3880 2549 sacriﬁcio
3908 2494 4006 2547 ha-

2441 2584 2660 2651 huisse;
2699 2598 2796 2639 nec
2844 2599 3030 2639 eorum
3085 2586 3274 2648 verba,
3321 2584 3512 2640 lremei
3558 2586 3883 2653 praesertim,
3937 2586 4002 2639 ad

2440 2677 2708 2730 sacriﬁcia
2760 2677 3064 2746 spiritualia
3143 2677 3323 2731 cordis
3390 2678 3653 2744 contriti,
3710 2678 4002 2740 orationis,

2440 2767 2614 2822 laudis
2642 2808 2658 2832 ,
2712 2769 3009 2838 gratiarum
3039 2768 3277 2827 actionis
3302 2808 3318 2833 ,
3369 2780 3425 2823 et
3462 2768 3854 2834 beneﬁcentia,
3881 2784 4005 2838 quae

2439 2858 2584 2911 omni
2611 2859 2756 2911 aetati
2780 2866 2835 2913 et
2864 2858 2964 2928 legi
3019 2860 3326 2913 communia
3392 2858 3631 2923 fuerunt,
3680 2858 4002 2928 detorqueri

2441 2964 2623 3018 posse;
2655 2950 2747 3003 sed
2779 2951 2844 3004 de
2875 2965 3011 3003 nova
3034 2949 3168 3004 Novi
3194 2950 3549 3015 Testamenti,
3575 2966 3748 3021 eaque
3771 2962 4005 3006 externa

2439 3040 2733 3107 oblatione,
2788 3057 2949 3110 quam
2999 3042 3265 3111 legalibus
3323 3044 3566 3096 externis
3622 3045 3844 3111 opponit
3896 3044 4007 3097 Ire-

2440 3146 2606 3199 naeus,
2644 3131 2994 3203 intelligenda
3022 3149 3163 3200 esse,
3200 3135 3341 3204 quod
3371 3134 3735 3189 verissimum.
3775 3135 3843 3189 Et
3874 3135 4005 3191 hinc

2439 3223 2665 3278 Lutheri
2694 3234 2747 3279 et
2776 3225 2984 3280 Calvini
3031 3241 3276 3281 errorem
3314 3228 3639 3292 insectatur,
3670 3228 3764 3297 qui
3812 3229 4007 3284 adver-

2439 3330 2528 3371 sus
2549 3316 2837 3385 publicam,
2868 3326 3102 3372 utrecte
3156 3317 3370 3387 probat,
3432 3319 3755 3376 universalis
3802 3321 4005 3378 Eccle-

2440 3404 2533 3459 sia:
2574 3405 2872 3458 doctrinam
2921 3417 3083 3477 atque
3117 3408 3349 3477 praxim,
3402 3424 3565 3478 quam
3624 3411 3712 3465 illa
3770 3412 3837 3467 ab
3867 3428 4008 3483 apo-

2441 3496 2615 3563 stolis,
2646 3498 2871 3565 apostoli
2903 3497 2970 3552 ab
3012 3500 3127 3568 ipso
3160 3498 3380 3554 Christo
3419 3502 3597 3555 edocti
3647 3517 4001 3572 acceperunt,

2438 3584 2802 3655 insurgentes,
2854 3587 3279 3656 perspicuasque
3308 3602 3373 3643 ac
3416 3587 3579 3641 nullis
3628 3590 4003 3657 sophistarum

2437 3677 2647 3732 artibus
2671 3677 2966 3731 eludendas
2993 3678 3237 3743 Patrum,
3267 3688 3322 3735 et
3360 3680 3548 3736 lrenaei
3588 3682 3840 3752 inprimis
3869 3698 4004 3738 sen-

2439 3768 2655 3831 tentias,
2692 3778 2787 3823 aut
2841 3768 3164 3823 insolentius
3198 3781 3640 3841 contemnentes,
3673 3785 3764 3828 aut
3796 3778 4006 3831 misere

2437 3855 2819 3921 obscurantes,
2853 3872 3041 3912 verum
3073 3872 3136 3911 ac
3181 3860 3396 3912 unicum
3450 3876 3601 3916 novae
3629 3862 3762 3931 legis
3782 3862 4005 3918 sacriﬁ-

2437 3947 2579 4001 cium
2608 3959 2902 4003 concutere
2945 3950 3207 4003 nituntur.
3263 3950 3508 4020 lntegras
3552 3953 3621 4007 cl.
3672 3953 3776 4007 viri
3840 3964 4005 4009 notas

2434 4038 2499 4092 ad
2521 4038 2721 4092 calcem
2752 4040 2931 4109 operis
2963 4043 3221 4112 reperies.
3255 4041 3362 4098 Sed
3395 4046 3600 4099 utinam
3629 4055 3685 4100 et
3714 4046 3818 4101 hoc
3846 4048 4002 4101 veri-

2436 4132 2529 4185 tati
2578 4134 2942 4188 testimonium
2992 4135 3222 4203 ingenue
3274 4135 3405 4191 dare
3433 4138 3715 4203 voluisset,
3766 4140 4002 4193 eosdem

2434 4220 2643 4286 Patres,
2701 4226 2793 4292 qui
2856 4232 2963 4277 tant
3015 4224 3215 4279 diserte
3274 4227 3546 4282 allirmant
3591 4228 4001 4284 Eucharistiam

2434 4328 2552 4368 esse
2581 4330 2769 4369 verum
2803 4330 2867 4369 ac
2900 4317 3118 4386 proprie
3176 4317 3379 4372 dictum
3411 4334 3560 4374 novae
3615 4320 3747 4389 legis
3784 4321 4005 4375 sacriﬁ-

2433 4408 2600 4471 cium,
2639 4422 2741 4460 non
2770 4408 2947 4461 minus
2977 4420 3231 4477 expresse
3284 4424 3530 4465 asserere
3559 4412 3801 4466 eamdem
3834 4414 4001 4467 victi-

774 4494 881 4550 hoc
921 4494 1024 4549 alia
1072 4497 1286 4551 ratione
1332 4513 1438 4553 non
1491 4509 1834 4564 exerceatur,
1872 4516 2033 4570 quam
2090 4506 2215 4573 quia
2278 4508 2330 4560 in
2364 4496 2409 4554 D
2437 4514 2601 4564 mam.
2635 4514 2755 4568 qum
2792 4500 2845 4553 in
2878 4514 2971 4554 ara
3000 4504 3180 4558 CfuCiS
3212 4511 3443 4557 maciam
3468 4511 3553 4557 εει
3575 4503 3641 4571 ⁷⁵,
3673 4522 3691 4556 α
3721 4518 3814 4573 ι)ΐο
3835 4507 4004 4563 nobis

773 4586 1014 4655 symbola
1044 4600 1331 4645 exercetur
1357 4631 1373 4657 ,
1406 4592 1599 4661 quibus
1636 4595 1857 4663 tegitur.
1907 4594 1998 4650 Sic
2018 4598 2103 4665 qui
2160 4598 2333 4653 bomi-

774 4680 860 4732 nis
885 4680 1207 4734 vestimenta
1246 4684 1446 4752 tetigit,
1496 4687 1766 4740 hominem
1808 4691 2054 4758 tetigisse
2108 4692 2327 4759 dicitur,

774 4773 1028 4838 quamvis
1076 4773 1246 4842 ipsam
1303 4775 1534 4831 hominis
1578 4794 1797 4835 carnem
1841 4782 2081 4838 vestibus
2144 4796 2334 4840 conte-

778 4874 922 4916 ctam
953 4860 1269 4922 immediale
1322 4884 1428 4923 non
1477 4872 1734 4939 tetigerit.
1768 4873 1844 4928 Eo
1889 4888 2053 4930 sensu
2103 4877 2338 4934 Joannes

774 4955 1270 5028 Chrysost.,quem
1330 4975 1450 5015 cum
1510 4962 1647 5017 bona
1701 4963 1885 5020 Grabii
1934 4968 2091 5023 venia
2137 4972 2339 5027 nostris

772 5046 939 5101 etiam
989 5049 1366 5119 adjungemus,
1428 5054 1618 5108 scribit
1669 5054 1858 5111 homil.
1894 5057 1961 5113 83
2036 5060 2088 5113 in
2137 5059 2331 5116 Matth.

774 5138 1051 5203 Christum
1102 5140 1274 5207 ipsum
1309 5142 1358 5196 in
1396 5142 1734 5199 Eucharistia
1790 5148 1977 5217 tangi,
2033 5151 2226 5219 videri,
2280 5165 2335 5208 et

776 5229 1110 5284 manducari.
1166 5249 1184 5281 ‹
1226 5230 1366 5296 Quot
1410 5236 1571 5289 modo
1617 5237 1825 5303 dicunt,
1881 5240 2077 5309 inquit,
2137 5243 2330 5298 vellem

776 5318 1005 5375 formam
1037 5331 1091 5377 et
1126 5324 1363 5390 speciem
1411 5324 1550 5394 ejus,
1605 5328 1796 5383 vellem
1844 5334 2169 5388 vestimenta
2197 5338 2330 5405 ipsa,

777 5413 967 5469 vellem
1027 5413 1391 5471 calceamenta
1438 5419 1665 5474 videre?
1700 5420 1878 5489 Ipsum
1928 5425 2104 5490 vides,
2155 5429 2331 5496 ipsum

776 5507 953 5577 tangis
980 5544 997 5573 ,
1030 5506 1203 5577 ipsum
1234 5510 1492 5565 comedis.
1525 5510 1858 5569 Vestimenta
1904 5517 2020 5585 ejus
2051 5519 2333 5576 desideras

775 5599 1001 5655 videre?
1055 5600 1169 5671 ipse
1216 5616 1342 5659 vero
1396 5620 1454 5661 se
1514 5606 1688 5677 ipsum
1741 5608 1837 5665 tibi
1874 5611 2059 5677 tradit,
2122 5623 2178 5666 ut
2227 5631 2331 5669 non

2438 4592 2635 4644 iterum
2682 4592 2733 4645 in
2782 4592 2882 4645 hoc
2927 4594 3187 4663 mysterio
3238 4610 3407 4650 sacra:
3462 4596 3753 4652 oblationis
3801 4598 4003 4652 immo-

2439 4684 2557 4737 lari.
2588 4682 2712 4750 Ejus
2762 4684 2962 4753 quippe
3016 4686 3089 4740 ibi
3150 4700 3344 4757 corpus
3384 4689 3641 4754 sumitur,
3694 4689 3815 4760 ejus
3867 4706 4003 4745 cam

2435 4777 2489 4831 in
2528 4777 2714 4847 ponuli
2743 4778 2975 4831 salutem
3012 4778 3272 4847 partitur,
3307 4780 3424 4851 ejus
3457 4782 3698 4851 sanguis,
3738 4797 3841 4837 non
3881 4784 3998 4853 jam

2432 4872 2486 4926 in
2514 4885 2707 4925 manus
2730 4869 3048 4934 inﬁdelium,
3081 4871 3175 4924 sed
3227 4872 3281 4925 in
3314 4887 3411 4926 ora
3442 4870 3681 4927 ﬁdelium
3718 4873 3995 4931 funditur.

2434 4960 2547 5016 lloc
2579 4975 2702 5015 esse
2750 4959 2881 5014 illud
2922 4974 3122 5028 corpus
3168 4960 3333 5016 clavis
3369 4962 3665 5031 conﬁxum,
3704 4973 3759 5019 et
3808 4962 4001 5033 ﬂagris

2433 5067 2660 5116 cassum,
2716 5052 2819 5106 hoc
2847 5066 3044 5119 corpus
3099 5052 3149 5105 in
3183 5067 3403 5107 crucem
3454 5062 3667 5125 actum,
3722 5058 3822 5111 hoc
3876 5072 4004 5113 esse

2435 5146 2565 5201 illud
2588 5159 2784 5212 corpus
2811 5183 2826 5207 ,
2864 5145 3006 5213 quod
3056 5143 3155 5198 fuit
3187 5152 3553 5213 cruentatum,
3601 5147 3747 5217 quod
3801 5147 4001 5206 lancea

2428 5252 2767 5308 percussum,
2829 5247 2885 5293 et
2934 5236 3204 5293 salutares
3264 5239 3444 5294 emisit
3501 5240 3681 5297 fontes
3739 5242 4001 5301 universo

2432 5334 2553 5390 orbi
2582 5343 2870 5399 terrarum,
2926 5349 3090 5388 unum
3132 5335 3348 5402 quidem
3407 5337 3721 5406 sanguinis,
3763 5335 4002 5393 alterum

2435 5440 2566 5481 vero
2600 5440 2792 5496 aquae:
2824 5425 2875 5481 id
2918 5427 3062 5497 quod
3090 5434 3171 5483 est
3214 5427 3268 5482 in
3307 5426 3477 5483 calice
3501 5468 3517 5494 ,
3569 5442 3691 5483 esse
3744 5428 3798 5483 id
3852 5432 4001 5500 quod

2434 5516 2587 5575 ﬂuxit
2623 5533 2653 5573 e
2675 5519 2866 5574 latere.
2905 5538 2925 5574 ι
2954 5520 3021 5575 Et
3045 5531 3299 5575 sexcenta
3332 5520 3433 5574 alia
3476 5520 3765 5592 ejusmodi,
3787 5522 4001 5591 quibus

2433 5612 2534 5668 sibi
2587 5611 2745 5667 facile
2786 5612 3109 5682 persuadeat
3159 5615 3589 5685 quotusquisque
3632 5614 3847 5673 veritati
3881 5617 3995 5673 sin-

864 5787 903 5813 "
937 5788 1100 5857 (ξι-επ.
1130 5788 1291 5855 Mag,
1323 5792 1356 5843 l.
1389 5807 1438 5846 tv
1468 5790 1630 5859 Diab,
1663 5809 1782 5865 cap.
1812 5795 1896 5851 58.
1932 5796 2234 5867 Cbrysnst,
2274 5798 2425 5854 Horn.
2458 5800 2521 5857 24

1162 5788 1291 5855 lag,
1323 5792 1356 5843 ι.
1389 5807 1438 5846 tv
1468 5790 1630 5859 Diab,
1663 5809 1782 5865 cap.
1812 5795 1896 5851 58.
1932 5796 2234 5867 Cbrysosb,
2274 5798 2425 5854 llam.
2458 5800 2527 5857 24
2564 5801 2615 5854 in
2657 5799 2673 5855 Ι
2705 5801 2819 5857 Cor.
