4196 6330
245 389 348 444 549

1183 386 1641 445 DISSERTATIO
1675 385 1762 452 ill,
1806 385 1892 440 DE
1927 385 2178 443 lBENASl
2214 386 2575 444 DOCTRINA.

3370 393 3472 448 350

246 521 371 560 cere
400 508 634 567 studeat,
681 524 840 577 quam
890 517 1097 564 certum
1145 518 1228 564 est
1267 509 1511 578 antiquis
1558 505 1808 560 omnibus
1838 505 1882 561 A
1911 521 2079 575 pum:
2135 524 2152 556 ι
2194 505 2307 563 Hoc
2370 508 2644 562 dilectioni
2716 517 2818 563 tua:
2889 511 3254 580 signiﬁcamus
3286 552 3301 577 ,
3369 513 3475 570 duo

245 596 502 651 Patribus
551 598 954 652 Eucharistiam
1008 615 1129 654 esse
1199 615 1386 653 verum
1459 595 1812 660 sacriﬁcium,

247 696 356 742 tam
411 690 606 742 iisdem
656 690 920 757 liquidum
970 700 1025 746 et
1074 690 1414 760 exploratum
1472 704 1628 754 esse,
1671 689 1811 743 idem

245 781 377 835 illud
434 797 635 850 corpus
680 783 820 850 quod
856 783 1002 838 cruci
1029 781 1246 836 atIixum
1291 792 1395 848 est,
1443 797 1567 836 vere
1595 796 1658 835 ac
1689 781 1814 836 sub-

244 873 574 929 stantialiter
607 877 706 929 sub
739 878 1024 945 speciebus
1052 875 1206 946 panis
1245 885 1298 929 et
1323 876 1433 930 vini
1461 889 1724 945 przesens,
1759 875 1813 928 in

245 980 313 1020 eo
346 967 621 1021 sacriﬁcio
671 966 852 1021 oﬁ‘erri
877 983 937 1020 ac
967 968 1252 1023 incruenta
1275 969 1484 1023 ratione
1516 965 1810 1021 immolari.

316 1055 404 1114 97.
433 1057 678 1112 Alterum
719 1059 862 1128 quod
905 1058 1111 1114 Grabio
1163 1058 1426 1131 gratulari
1487 1059 1810 1124 debeamus,

244 1159 328 1201 est
373 1150 519 1217 quod
573 1149 859 1204 Albertino
918 1151 1144 1204 Claudio
1199 1149 1431 1219 aliisque
1472 1149 1816 1204 Calvinianis

243 1241 528 1294 candidior
564 1283 580 1310 ,
606 1243 759 1311 plane
785 1254 840 1297 et
871 1252 1056 1312 aperte
1100 1241 1353 1304 fateatur,
1390 1241 1715 1297 catholicam
1747 1241 1812 1296 de

242 1336 533 1401 praesentia
580 1337 706 1389 reali
753 1344 806 1390 et
863 1336 1470 1391 transsubstantiatione
1508 1336 1811 1390 doctrinam

243 1427 402 1497 longe
421 1429 781 1498 antiquiorem
803 1443 942 1494 esse,
965 1444 1026 1483 ac
1041 1427 1260 1496 majoris
1283 1438 1338 1483 et
1366 1428 1677 1483 vetustioris
1713 1443 1811 1481 au-

242 1519 521 1574 ctoritatis
554 1523 875 1589 patrociniis
923 1523 1165 1592 gloriari,
1195 1539 1355 1592 quant
1387 1524 1657 1591 ﬁngerent
1708 1523 1809 1578 illi.

240 1609 321 1663 Cl.
341 1610 444 1664 viri
467 1613 631 1665 verba
656 1615 1035 1671 observatione
1058 1615 1318 1686 singulari
1350 1615 1665 1685 dignissima
1688 1630 1810 1668 cum

242 1701 377 1764 sint,
404 1704 613 1772 integra
641 1703 890 1771 referam,
920 1717 1080 1775 prout
1101 1708 1242 1762 edita
1269 1707 1523 1776 leguntur
1548 1709 1600 1760 in
1629 1707 1813 1760 Adno-

241 1793 541 1850 tationibus
572 1795 623 1849 in
682 1796 868 1852 lrenaei
924 1797 1016 1854 lib.
1072 1815 1125 1863 v,
1160 1815 1282 1870 cap.
1315 1799 1369 1867 ἓ,
1430 1800 1561 1856 edit.
1608 1798 1808 1863 Oxon.,

240 1902 367 1957 pag.
398 1887 498 1942 599
531 1909 540 1943 :
571 1909 588 1940 ι
628 1889 884 1954 Quasnam
912 1891 1078 1962 igitur
1119 1891 1330 1959 lrenrei,
1364 1907 1463 1948 nec
1495 1910 1600 1946 non
1634 1893 1808 1947 haere-

240 1983 474 2035 ticorum
501 1984 620 2050 ejus
653 1984 770 2038 aevi.
799 1987 1070 2040 sententia
1107 1985 1290 2050 fuerit,
1316 2001 1384 2040 ex
1424 1987 1517 2050 iis,
1549 2002 1671 2056 qua:
1720 1987 1809 2041 hic

239 2085 295 2127 et
342 2077 778 2144 prmcedentibus
811 2078 1254 2133 adnotationibus
1306 2078 1612 2144 edisserui,
1674 2081 1808 2134 satis

239 2167 394 2222 clare
446 2177 640 2238 patet,
699 2185 762 2224 ae
809 2171 1111 2226 cerlissime
1162 2180 1398 2237 constat,
1464 2173 1613 2226 illum
1664 2172 1807 2225 haud

241 2261 452 2323 minus,
476 2276 642 2329 quam
688 2262 889 2316 dictum
926 2273 1032 2330 est,
1085 2264 1152 2317 de
1212 2266 1491 2319 tremendo
1543 2265 1808 2318 Euchari-

237 2352 361 2405 stiae
392 2353 651 2422 mysterio
679 2356 999 2419 credidisse,
1029 2375 1046 2407 ι
1067 2356 1485 2424 scilicetpanem
1517 2371 1809 2410 consecra-

236 2453 378 2508 tum,
409 2446 606 2501 virtute
631 2447 814 2501 carnis
871 2448 1074 2502 Christi
1121 2449 1402 2517 praaditum
1436 2463 1583 2512 esse,
1617 2449 1806 2517 sicque

235 2551 432 2606 reapse
476 2552 697 2591 carnem
744 2539 946 2593 Christi
984 2555 1123 2594 esse.
1185 2559 1203 2592 ι
1238 2540 1478 2595 Ulterius
1519 2555 1648 2594 vero
1681 2557 1806 2609 pro-

235 2647 484 2701 gressum
517 2633 778 2688 Irenajum
799 2676 812 2699 ,
849 2650 911 2688 ac
945 2637 1140 2701 eidem,
1171 2652 1331 2704 quam
1362 2636 1589 2704 Cyrillus
1617 2634 1808 2689 Hiero-

232 2727 612 2793 solymitanus,
645 2725 929 2796 Gregorius
985 2726 1275 2798 Nyssenus.
1325 2727 1563 2781 Joannes
1610 2727 1809 2780 Dama-

234 2834 449 2882 scenus,
480 2818 677 2888 aliique
725 2820 952 2889 fortasse
999 2823 1177 2889 plures
1228 2831 1461 2884 tenuere,
1520 2824 1808 2876 sententiae.

233 2911 518 2965 addictum
576 2914 782 2979 fuisse,
848 2927 954 2966 non
997 2923 1143 2982 puto.
1200 2911 1271 2966 lli
1312 2916 1500 2983 quippe
1566 2917 1806 2983 persuasi

230 3013 411 3063 erant,
431 3002 694 3069 Spiritum
708 3012 955 3056 sanctum
982 3003 1196 3057 caelitus
1212 3003 1650 3070 descendentem,
1682 3006 1807 3074 pani

233 3110 338 3144 non
380 3095 532 3146 modo
591 3095 827 3147 virtutem
887 3096 1118 3162 corporis
1160 3094 1358 3149 Christi
1391 3097 1801 3158 communicare,

1935 617 1951 648 σ
1990 597 2193 652 Christi
2234 614 2462 668 corpora
2489 615 2587 654 nos
2617 601 2801 657 dicere
2823 619 2927 658 non
2971 604 3279 671 posse;st
3311 619 3472 658 unum

1926 708 1945 739 σ
1984 699 2075 745 est
2106 690 2273 757 ipsius
2316 705 2534 761 corpus.
2565 690 2630 745 Et
2663 692 2805 746 sicut
2833 693 3009 746 infans
3036 709 3101 747 ex
3125 693 3344 748 muliere
3382 710 3477 747 na-

1927 797 1946 830 ι
1984 790 2103 848 tus,
2141 781 2420 850 perfectus
2451 791 2565 846 est;
2615 785 2784 838 edens
2825 793 3002 838 autem
3025 792 3079 838 et
3105 783 3292 838 bibens
3315 800 3475 853 auge-

1928 891 1946 924 l
1981 874 2087 928 scit
2124 875 2352 928 naturali
2381 873 2666 940 facultate,
2721 885 2776 931 et
2823 877 2951 930 licet
3008 887 3306 946 augescat,
3366 892 3471 930 non

1922 985 1941 1018 ι
1981 976 2163 1022 tamen
2196 967 2302 1022 duo
2358 967 2665 1022 efﬁciuntur
2726 983 2973 1039 corpora,
3010 971 3103 1026 sed
3139 986 3300 1024 unum
3345 979 3470 1025 est:

1921 1079 1940 1112 ι
1977 1059 2146 1115 multo
2175 1061 2344 1130 magis
2385 1069 2709 1130 superventu
2755 1060 2991 1131 Spiritus
3019 1062 3195 1118 sancti
3230 1064 3384 1132 panis
3421 1073 3476 1119 et

1921 1172 1940 1206 ι
1969 1151 2149 1208 vinum
2213 1154 2264 1207 in
2312 1156 2989 1223 superaugmentationem,
3017 1158 3099 1221 εἰς
3152 1155 3472 1228 ἐπαύξησιν,

1920 1262 1938 1294 ι
1973 1244 2218 1313 corporis
2240 1244 2436 1299 Christi
2464 1260 2624 1298 unum
2641 1244 2699 1299 fit
2729 1261 2948 1316 corpus,
2975 1257 3156 1301 etnon
3182 1248 3305 1302 duo.
3333 1266 3353 1299 ι
3378 1249 3475 1302 At-

1915 1350 2020 1406 que
2053 1337 2125 1391 ita
2163 1347 2217 1390 et
2249 1337 2300 1390 in
2328 1337 2562 1406 capitulo
2597 1337 2753 1393 dictae
2776 1339 3017 1409 epistolae
3056 1339 3247 1394 sufﬁxo
3271 1340 3372 1395 hac
3402 1342 3470 1395 de

1916 1443 1975 1482 re
2002 1428 2259 1497 loquitur.
2304 1428 2464 1484 istam
2499 1429 2659 1499 igitur
2710 1431 3037 1485 sententiam
3086 1431 3271 1485 lrenaei
3305 1431 3476 1485 fuisse

1915 1521 2059 1574 haud
2091 1521 2362 1585 existimo,
2397 1521 2539 1590 quod
2572 1522 2816 1590 quoidam
2866 1523 3470 1578 transsubstantiationi

1915 1613 2067 1683 panis
2121 1613 2173 1667 in
2227 1623 2397 1667 totum
2443 1616 2722 1680 personale
2790 1623 2841 1669 et
2873 1616 3230 1685 gloriﬁcatum
3273 1615 3474 1670 Christi

1914 1721 2130 1775 corpus,
2162 1705 2376 1761 etelitus
2401 1706 2452 1760 in
2502 1706 2674 1760 altare
2709 1707 3065 1770 descendens,
3124 1707 3333 1777 qualem
3368 1706 3478 1761 Ro-

1916 1815 2076 1853 mana
2111 1799 2354 1879 Ecclesia
2410 1801 2626 1864 credit,
2679 1815 2840 1866 supra
2889 1815 2941 1870 p.
2973 1800 3100 1867 527,
3143 1816 3260 1870 seq.
3309 1816 3476 1871 oppo-

1913 1892 2016 1946 sita
2046 1930 2062 1957 ,
2097 1900 2152 1946 et
2179 1891 2403 1945 alteram
2435 1891 2851 1945 substantialem
2905 1892 3291 1956 mutationem,
3349 1892 3477 1946 licet

1912 1981 2138 2050 apriori
2197 1980 2429 2034 multum
2485 1982 2782 2046 diversam,
2833 1981 3122 2036 excludere
3166 1983 3471 2048 videantur,

1911 2075 2160 2143 quodque
2189 2074 2242 2126 in
2267 2072 2464 2126 nullius
2488 2073 2692 2128 Irenzco
2726 2077 2914 2140 coaevi,
2948 2083 3041 2127 aut
3093 2072 3318 2128 Nicaeae
3346 2087 3478 2127 conv

1910 2165 2036 2219 cilio
2085 2166 2406 2234 antiquioris
2438 2164 2613 2220 Patris
2647 2168 3012 2220 monumentis
3043 2174 3232 2236 aperte
3280 2165 3475 2219 tradita

1913 2257 2356 2324 legatur:sicuti
2415 2272 2517 2312 nec
2567 2267 2752 2326 postea
2828 2257 3211 2311 universaliter
3265 2258 3316 2309 in
3376 2255 3477 2309 Ec-

1911 2351 2076 2404 clesia
2104 2350 2206 2404 fuit
2257 2361 2519 2421 recepta;
2553 2352 2648 2404 sed
2710 2351 2777 2403 ab
2826 2349 2948 2404 aliis
3010 2350 3285 2414 Patribus,
3339 2363 3477 2417 pra:-

1910 2443 2097 2498 scrtim
2126 2443 2413 2504 Africanis.
2434 2443 2769 2497 contrarium
2799 2453 3073 2498 assertum
3107 2451 3278 2512 patet,
3315 2450 3476 2510 prout

1914 2536 2144 2605 theologi
2194 2535 2610 2590 Protestantium
2660 2535 2873 2589 abunde
2920 2538 3272 2604 probarunt.)
3331 2533 3474 2587 ﬂac-

1912 2637 2068 2682 tenus
2115 2627 2377 2693 Grabius,
2414 2643 2482 2681 ex
2539 2628 2688 2695 cujus
2747 2628 2928 2682 verbis
2985 2628 3289 2681 certissime
3343 2641 3477 2680 con-

1911 2729 2061 2784 stat,
2095 2721 2404 2790 praesentiae
2432 2720 2595 2774 realis
2625 2731 2678 2773 et
2705 2721 3345 2776 transsubstantiationis
3371 2720 3466 2773 do-

1910 2813 2137 2866 ctrinam
2165 2812 2487 2881 posterioris
2512 2813 2610 2864 aevi
2659 2799 2827 2866 fetum
2891 2827 2995 2866 non
3028 2826 3168 2875 esse,
3229 2811 3322 2864 sed
3359 2807 3474 2879 jam

1909 2901 2103 2954 Saltem
2149 2900 2367 2954 concilii
2419 2899 2624 2954 Nicaeni
2674 2899 3011 2966 temporibus
3069 2907 3254 2950 natam
3289 2906 3343 2949 et
3381 2911 3474 2962 ag-

1909 2997 2106 3062 nitam,
2135 3010 2241 3049 non
2265 2994 2331 3048 ab
2359 3009 2464 3047 uno
2491 2994 2747 3062 deinceps
2772 3003 2860 3045 aut
2884 2993 3078 3056 altero,
3101 2990 3194 3044 sed
3222 3005 3250 3042 a
3273 2987 3474 3060 Cyrillo

1911 3086 2432 3157 Hierosolymitanu,
2457 3086 2720 3153 Gregorio
2748 3088 3014 3156 Nysseno,
3036 3083 3246 3138 Joanne
3276 3081 3473 3135 Dama-

229 3186 423 3251 sicque
453 3184 699 3238 eumdem
727 3187 937 3240 ratione
961 3186 1281 3254 qualitatum
1341 3197 1580 3253 mutare;
1626 3189 1717 3242 sed
1747 3199 1802 3241 et
1827 3184 1872 3241 C
1903 3197 2067 3237 sceno
2102 3200 2119 3233 ι
2140 3181 2369 3250 aliisque
2400 3177 2635 3234 fortasse
2662 3179 2906 3248 pluribus
2934 3198 2952 3230 ι
2987 3175 3239 3230 Patribus
3270 3189 3473 3244 propu-

230 3276 419 3327 diviua
446 3275 683 3342 potentia
736 3277 904 3340 ipsam
955 3276 1068 3344 ejus
1116 3271 1467 3330 substantiam
1511 3278 1565 3330 in
1595 3293 1804 3330 carnem

231 3378 621 3432 transmittare,
684 3387 799 3439 qua:
847 3368 1044 3423 Christi
1108 3388 1232 3423 caro
1289 3371 1380 3435 sit,
1421 3380 1474 3425 et
1510 3387 1630 3425 cum
1693 3371 1804 3435 illa,

228 3476 359 3530 quae
392 3475 459 3513 ex
484 3460 541 3517 Β.
579 3460 814 3529 Virginis
846 3472 1002 3517 utero
1029 3463 1273 3531 prodiit,
1309 3478 1371 3516 ac
1403 3463 1556 3517 cruci
1592 3462 1803 3526 sufﬁxa,

228 3559 476 3625 indeque
524 3559 574 3612 in
617 3560 814 3613 coelum
871 3560 1081 3615 sublata
1141 3560 1211 3615 sit
1246 3600 1260 3624 ,
1319 3562 1506 3615 eadem
1559 3561 1651 3615 ﬁat
1713 3578 1807 3630 per

228 3649 543 3720 ἐπαύξησιν
571 3693 584 3715 ,
616 3651 869 3720 quodque
911 3651 1161 3707 eumdem
1199 3653 1454 3722 spiritum
1493 3653 1614 3707 vita:
1647 3655 1700 3707 in
1747 3668 1806 3707 se

229 3743 478 3806 habeat;
514 3743 674 3796 sicuti
707 3746 887 3812 panis,
927 3759 1086 3812 quem
1117 3745 1376 3800 Servatur
1411 3746 1465 3799 in
1507 3747 1668 3799 terris
1715 3759 1808 3799 co-

229 3832 410 3888 medit
443 3877 456 3898 ,
489 3834 538 3887 vi
578 3836 840 3891 naturalis
861 3836 1062 3890 caloris
1113 3839 1163 3889 in
1210 3852 1430 3891 carnem
1473 3836 1589 3903 ejus
1634 3846 1809 3892 verte-

228 3923 402 3978 batur
435 3963 449 3987 ,
477 3933 528 3977 et
563 3935 749 3978 noster
791 3927 946 3995 panis
970 3927 1319 3995 quotidianus
1353 3930 1404 3981 in
1441 3927 1805 3982 substantiam

228 4017 490 4083 corporis
515 4017 684 4070 nostri
717 4017 955 4070 transit:
992 4018 1136 4085 quod
1167 4031 1367 4086 corpus
1401 4033 1426 4070 a
1460 4019 1614 4071 nobis
1647 4018 1807 4072 hodie

230 4119 512 4180 gestatum
542 4111 684 4165 idem
713 4111 914 4164 dicitur
959 4125 1079 4165 cum
1112 4110 1204 4165 illo
1239 4153 1252 4176 ,
1291 4112 1345 4165 in
1394 4127 1501 4181 quo
1531 4121 1657 4166 ante
1688 4113 1804 4179 plu-

230 4216 329 4256 res
363 4215 533 4255 annos
586 4202 787 4255 versati
839 4215 1048 4269 sumus,
1088 4203 1346 4272 quoniam
1381 4204 1568 4257 eadem
1627 4205 1806 4258 anima

228 4301 522 4362 vegetatur
551 4338 562 4349 .
607 4292 734 4347 licet
769 4293 1048 4362 particulae
1077 4294 1193 4361 ejus
1225 4309 1450 4365 prorsus
1479 4298 1588 4349 sint
1629 4299 1808 4350 diver-

232 4400 338 4446 sae,
368 4393 418 4435 et
455 4384 595 4436 nulla
649 4383 787 4438 forte
817 4400 880 4438 ex
910 4385 1182 4453 prioribus
1231 4397 1508 4455 superstes
1552 4389 1803 4442 exsistat.

234 4472 392 4540 Lege
449 4483 566 4542 post
614 4476 800 4544 Cyrilli
855 4475 1194 4532 Catechesim
1256 4493 1311 4530 IV
1359 4478 1802 4548 Mystagogicam,

233 4565 493 4634 Gregorii
548 4566 775 4636 Nysseni
843 4568 1155 4624 Orationem
1208 4570 1609 4624 Catecheticam
1690 4588 1805 4625 ma-

234 4673 434 4730 gnam.
471 4675 585 4729 cap.
619 4662 707 4727 57,
747 4672 800 4715 et
846 4662 1166 4717 Damasceni
1216 4663 1315 4720 lib.
1365 4679 1417 4716 tv
1495 4665 1560 4717 de
1614 4659 1808 4717 Ortho-

232 4752 389 4802 doxa
419 4751 519 4818 ﬁde
547 4768 666 4821 cap.
697 4753 781 4816 lli,
815 4753 1036 4822 ejusque
1064 4754 1351 4824 epistolam
1379 4756 1444 4808 ad
1485 4755 1808 4811 Zachariam

237 4841 549 4894 Doarorum
575 4845 910 4913 episcopum.
966 4844 1190 4900 Joannis
1240 4845 1559 4900 Damasceui
1618 4848 1805 4911 verba,

231 4948 419 5000 eaque
445 4931 636 4988 Latine
669 4951 823 4989 versa
855 4937 1053 5002 solum,
1089 4936 1373 4990 brevitatis
1404 4951 1594 5001 causa,
1622 4936 1762 4991 dabo
1793 4956 1806 4990 :

235 5021 386 5095 [CL]
424 5041 441 5074 ‹
469 5022 928 5089 Quemadmodum
954 5026 1273 5081 naturaliter
1301 5025 1455 5096 panis
1477 5041 1575 5096 per
1601 5027 1806 5093 cibum,

237 5137 255 5168 ι
292 5125 356 5169 et
387 5114 566 5170 vinum
596 5125 651 5170 et
681 5133 817 5187 aqua
847 5135 946 5189 per
975 5127 1157 5188 potum
1191 5120 1246 5174 in
1268 5119 1602 5174 comedentis
1628 5133 1690 5174 ac
1728 5119 1810 5173 bi-

237 5228 256 5258 ι
293 5207 485 5262 bentis
544 5223 740 5278 corpus
789 5220 844 5265 et
893 5212 1214 5280 sanguinem
1245 5213 1607 5267 immutantur
1639 5253 1653 5277 ,
1709 5228 1808 5267 nec

234 5320 252 5353 ι
291 5313 502 5368 corpus
531 5302 755 5356 alterum
790 5303 943 5369 ﬁunt,
979 5313 1139 5373 atque
1175 5319 1202 5357 a
1250 5307 1431 5373 priore
1462 5305 1628 5375 ipsius
1680 5321 1806 5359 cor-

227 5415 250 5448 ι
296 5407 445 5464 pore
472 5394 738 5449 diversum
775 5413 786 5448 :
814 5395 892 5450 sic
922 5399 1307 5466 propositionis
1324 5400 1501 5468 panis,
1535 5415 1596 5453 ac
1623 5400 1803 5454 \‘iuum

225 5508 246 5541 ι
291 5497 362 5543 et
399 5501 536 5555 aqua
587 5501 682 5554 per
712 5491 886 5544 sancti
942 5490 1175 5560 Spiritus
1211 5493 1604 5547 invocationem
1633 5504 1687 5549 et
1714 5494 1809 5548 ad-

227 5601 248 5634 σ
290 5585 522 5632 ventum
553 5619 568 5640 ,
599 5579 832 5634 mirabili
865 5583 1021 5637 modo
1052 5584 1106 5637 in
1137 5584 1342 5641 Christi
1367 5603 1566 5657 corpus
1594 5595 1647 5642 et
1677 5603 1803 5643 san-

224 5689 247 5726 σ
286 5667 522 5739 guinem
570 5679 858 5725 vertuntur
885 5712 899 5737 ,
955 5689 1055 5728 nec
1096 5684 1223 5730 sunt
1263 5678 1397 5744 duo,
1430 5682 1521 5732 sed
1552 5695 1717 5733 unum
1753 5689 1806 5734 et

227 5784 247 5816 ε
279 5762 457 5818 idem.
495 5780 511 5811 I
563 5760 772 5817 Rursus
809 5765 857 5817 in
893 5767 1054 5834 epist.
1098 5770 1184 5822 ad.
1229 5769 1543 5826 Zachariam
1596 5774 1803 5842 episco-

1907 3283 2123 3343 gnatam
2148 3274 2334 3327 fuisse.
2369 3273 2450 3325 An
2485 3281 2591 3325 tam
2621 3279 2808 3339 aperta
2837 3270 2904 3324 cl.
2942 3267 3129 3323 Grabii
3169 3264 3474 3321 testiﬁcatio

1907 3365 2115 3419 cazteris
2135 3363 2568 3419 Protestantibus
2593 3364 2872 3434 probetur,
2887 3361 3031 3414 haud
3055 3360 3191 3414 scio.
3217 3357 3271 3413 Id
3308 3373 3472 3412 unum

1907 3461 2042 3526 scio,
2074 3461 2175 3514 hac
2206 3459 2370 3514 semel
2400 3459 2634 3513 admissa
2669 3457 3064 3526 suppositione.
3097 3454 3166 3507 ab
3195 3452 3317 3505 imis
3355 3450 3474 3503 fun-

1907 3555 2172 3609 damentis
2194 3567 2506 3608 succussam
2532 3552 2769 3604 funditus
2789 3564 2945 3604 ruere
2965 3562 3081 3601 eam
3103 3545 3471 3617 hypothesiut,

1907 3663 2070 3718 quam
2114 3655 2190 3702 tot
2222 3645 2728 3709 machinationibus,
2749 3643 2958 3696 artibus
2993 3650 3047 3695 et
3083 3640 3361 3694 laboribus
3384 3653 3476 3693 ex-

1909 3748 2169 3793 structam
2189 3739 2400 3807 erigere
2416 3737 2593 3792 conati
2616 3737 2826 3789 fuerant
2843 3733 3172 3794 Albertinus,
3191 3731 3472 3792 Claudius,

1909 3829 2112 3899 aliique
2163 3829 2494 3883 recentiores
2541 3826 2814 3880 ministri:
2868 3825 3060 3892 dogma
3100 3825 3165 3878 de
3198 3821 3472 3889 corporali

1912 3923 2111 3978 Christi
2158 3923 2449 3992 prazsentia
2495 3920 2549 3974 in
2590 3918 2951 3973 Eucharistize
3004 3925 3375 3976 sacramento.
3416 3922 3474 3968 et

1911 4016 2525 4072 transsubstantiatione
2554 4053 2570 4077 ,
2625 4013 2766 4081 apud
2819 4011 3040 4064 Latinos
3101 4010 3334 4076 primum
3363 4017 3417 4060 et
3443 4023 3472 4060 a

1911 4109 2204 4164 Paschasio
2235 4108 2510 4161 Radberto
2534 4106 2900 4175 excogitatum
2956 4117 3096 4156 nono
3125 4101 3343 4163 saeculo,
3374 4101 3477 4154 sub

1909 4201 2152 4271 ejusdem
2206 4199 2388 4254 smculi
2448 4199 2610 4251 ﬁnem
2653 4198 2864 4251 animos
2900 4198 3142 4251 ﬁdelium
3175 4194 3475 4263 pervadere

1909 4294 2157 4362 coepisse,
2203 4308 2267 4346 ac
2305 4291 2520 4346 tandem
2555 4291 2767 4346 decimo
2808 4289 3010 4344 saeculo
3062 4287 3261 4355 ubique
3297 4285 3347 4338 in
3377 4284 3476 4337 Ec-

1909 4387 2070 4441 clesia
2120 4385 2306 4439 Latina
2346 4385 2681 4450 obtinuisse;
2713 4382 2899 4438 Graica
2936 4381 3152 4436 interim
3215 4380 3267 4431 in
3300 4376 3475 4431 veteri

1909 4490 1964 4534 et
2020 4481 2159 4533 avita
2194 4480 2542 4535 Calvinistica
2599 4479 2702 4532 lide
2751 4485 3162 4546 perseverante.
3217 4473 3272 4527 Si
3329 4473 3474 4524 enim

1914 4573 2174 4626 Grabium
2209 4573 2518 4637 audiamus,
2539 4571 2623 4626 vel
2658 4571 2792 4640 ipsis
2823 4570 3033 4624 concilii
3087 4567 3284 4621 Nicmni
3343 4578 3475 4619 tem-

1913 4664 2158 4732 poribus,
2193 4663 2270 4716 vel
2317 4663 2478 4732 paulo
2523 4672 2664 4732 post,
2724 4662 2896 4716 lucem
2950 4660 3166 4728 aspexit
3226 4659 3472 4712 doctrina

1912 4758 2214 4825 praesentia:
2247 4756 2414 4811 realis
2444 4765 2499 4811 et
2527 4754 3185 4816 transsubstantiationis,
3217 4754 3475 4820 priusque

1912 4849 2115 4904 Graecis
2148 4859 2292 4912 nota,
2353 4865 2512 4918 quam
2575 4849 2810 4910 Latinis,
2844 4847 3043 4902 abillis
3096 4851 3160 4896 ad
3217 4846 3313 4898 hos
3360 4858 3472 4895 una.

1911 4959 2073 4998 nasse
2131 4943 2365 4996 videtur.
2421 4940 2541 4994 Jam
2615 4941 2777 5012 igitur
2823 4939 3101 4993 cismariui
3166 4937 3474 4990 Calvinistze

1911 5055 2105 5093 novam
2133 5052 2254 5094 esse
2306 5053 2450 5104 eam,
2482 5052 2650 5108 quam
2709 5046 2946 5098 tuemur,
3001 5034 3327 5087 sententiam
3379 5032 3473 5085 ob-

1910 5132 2136 5202 jectcnt,
2192 5138 2358 5185 totam
2392 5131 2690 5185 Ecclesium
2738 5146 2836 5200 per
2871 5129 3048 5198 priora
3088 5134 3214 5179 octo
3277 5125 3472 5179 saecula

1912 5226 1974 5278 in
2007 5225 2322 5280 Calviniana
2351 5223 2454 5277 ﬁde
2484 5224 2805 5277 concordem
2846 5221 3132 5289 jactitent,
3185 5219 3474 5272 societates

1912 5332 2099 5370 clunes
2136 5315 2442 5370 Orientales
2469 5314 2614 5369 nulla
2641 5314 2946 5368 etiamnum
2974 5310 3077 5364 hac
3110 5311 3161 5362 in
3190 5318 3345 5376 parte
3374 5324 3472 5360 no-

1915 5408 2104 5460 vitatis
2136 5406 2256 5461 labe
2279 5405 2678 5460 contaminatas
2736 5405 2996 5456 audaCter
3043 5399 3351 5463 afﬁrmem;
3383 5417 3476 5452 va-

1913 5501 2198 5553 nissitnutn
2283 5507 2658 5553 commentum
2720 5510 2817 5563 pro
2876 5494 3030 5548 nobis
3082 5502 3138 5547 ct
3194 5494 3474 5547 nobiscum

1919 5594 2104 5664 Cyrilli
2144 5593 2649 5663 llierosolymitani,
2685 5591 2936 5660 Gregorii
2969 5587 3225 5658 Nysseni,
3283 5589 3477 5640 Dama-

1912 5689 2083 5753 sceni,
2147 5687 2434 5758 (qualium,
2498 5696 2934 5756 quantorumque
3006 5681 3312 5746 virorum!)
3345 5679 3478 5731 alio-

1910 5795 2122 5847 rttmqttc
2184 5780 2405 5844 fortasse
2457 5776 2683 5845 plurium
2730 5787 2876 5831 certa
2922 5785 2974 5829 et
3004 5773 3321 5828 inconcussa
3377 5785 3471 5823 au-
