  <div class='ocr_page' id='page_1' title='image "/cluster/home/n/w/nwhite01/storage/ocr_20150623/7 pars.1/pst.000005711833/199.png"; bbox 0 0 4196 6330; ppageno 0'>
   <div class='ocr_carea' id='block_1_1' title="bbox 775 373 876 431">
    <p class='ocr_par' dir='ltr' id='par_1_1' title="bbox 775 373 876 431">
     <span class='ocr_line' id='line_1_1' title="bbox 775 373 876 431; baseline -0.03 0"><span class='ocrx_word' id='word_1_1' title='bbox 775 373 876 431; x_wconf 70' lang='grc'><strong>551</strong></span> 
     </span>
    </p>
   </div>
   <div class='ocr_carea' id='block_1_2' title="bbox 1586 369 3198 430">
    <p class='ocr_par' dir='ltr' id='par_1_2' title="bbox 1586 369 3198 430">
     <span class='ocr_line' id='line_1_2' title="bbox 1586 369 3198 430; baseline 0 -5"><span class='ocrx_word' id='word_1_2' title='bbox 1586 369 2180 428; x_wconf 82' lang='lat' dir='ltr'><strong>DISSERTATIONES</strong></span> <span class='ocrx_word' id='word_1_3' title='bbox 2209 371 2508 428; x_wconf 63' lang='lat' dir='ltr'><strong>PREVIE</strong></span> <span class='ocrx_word' id='word_1_4' title='bbox 2550 370 2612 430; x_wconf 80' lang='grc' dir='ltr'><strong>ΙΝ</strong></span> <span class='ocrx_word' id='word_1_5' title='bbox 2648 369 2902 428; x_wconf 65' lang='grc' dir='ltr'><strong>ιΒΕΝίΕι</strong></span> <span class='ocrx_word' id='word_1_6' title='bbox 2936 370 3198 427; x_wconf 80' lang='lat' dir='ltr'><strong>LIBROS.</strong></span> 
     </span>
    </p>
   </div>
   <div class='ocr_carea' id='block_1_3' title="bbox 3886 370 3989 426">
    <p class='ocr_par' dir='ltr' id='par_1_3' title="bbox 3886 370 3989 426">
     <span class='ocr_line' id='line_1_3' title="bbox 3886 370 3989 426; baseline -0.01 0"><span class='ocrx_word' id='word_1_7' title='bbox 3886 370 3989 426; x_wconf 72' lang='grc'><strong>552</strong></span> 
     </span>
    </p>
   </div>
   <div class='ocr_carea' id='block_1_4' title="bbox 776 479 3985 561">
    <p class='ocr_par' dir='ltr' id='par_1_4' title="bbox 776 479 3985 561">
     <span class='ocr_line' id='line_1_4' title="bbox 776 479 3985 561; baseline -0.001 -19"><span class='ocrx_word' id='word_1_8' title='bbox 776 487 1033 542; x_wconf 84' lang='lat' dir='ltr'><strong>ctoritate</strong></span> <span class='ocrx_word' id='word_1_9' title='bbox 1089 485 1372 556; x_wconf 72' lang='lat' dir='ltr'><strong>dissipabit</strong></span> <span class='ocrx_word' id='word_1_10' title='bbox 1427 486 1697 543; x_wconf 74' lang='lat' dir='ltr'><strong>recentior</strong></span> <span class='ocrx_word' id='word_1_11' title='bbox 1737 479 2045 543; x_wconf 88' lang='lat' dir='ltr'><strong>Calviniani</strong></span> <span class='ocrx_word' id='word_1_12' title='bbox 2103 488 2326 561; x_wconf 84' lang='lat' dir='ltr'><strong>dogma-</strong></span> <span class='ocrx_word' id='word_1_13' title='bbox 2361 487 2554 548; x_wconf 76' lang='lat' dir='ltr'><strong>Aﬁeri</strong></span> <span class='ocrx_word' id='word_1_14' title='bbox 2611 502 2815 557; x_wconf 88' lang='lat' dir='ltr'><strong>corpus</strong></span> <span class='ocrx_word' id='word_1_15' title='bbox 2876 487 3118 544; x_wconf 79' lang='lat' dir='ltr'><strong>Christi.</strong></span> <span class='ocrx_word' id='word_1_16' title='bbox 3163 486 3348 540; x_wconf 88' lang='lat' dir='ltr'><strong>vinum</strong></span> <span class='ocrx_word' id='word_1_17' title='bbox 3414 494 3591 541; x_wconf 78' lang='lat' dir='ltr'><strong>autem</strong></span> <span class='ocrx_word' id='word_1_18' title='bbox 3668 487 3985 557; x_wconf 85' lang='lat' dir='ltr'><strong>sanguinem</strong></span> 
     </span>
    </p>
   </div>
   <div class='ocr_carea' id='block_1_5' title="bbox 778 578 1395 636">
    <p class='ocr_par' dir='ltr' id='par_1_5' title="bbox 778 578 1395 636">
     <span class='ocr_line' id='line_1_5' title="bbox 778 578 1395 636; baseline 0 -2"><span class='ocrx_word' id='word_1_19' title='bbox 778 580 851 636; x_wconf 86' lang='lat' dir='ltr'><strong>tis</strong></span> <span class='ocrx_word' id='word_1_20' title='bbox 874 578 1086 636; x_wconf 85' lang='lat' dir='ltr'><strong>assecla</strong></span> <span class='ocrx_word' id='word_1_21' title='bbox 1137 579 1395 636; x_wconf 87' lang='lat' dir='ltr'><strong>Grabius.</strong></span> 
     </span>
    </p>
   </div>
   <div class='ocr_carea' id='block_1_6' title="bbox 849 670 2330 742">
    <p class='ocr_par' dir='ltr' id='par_1_6' title="bbox 849 670 2330 742">
     <span class='ocr_line' id='line_1_6' title="bbox 849 670 2330 742; baseline 0 -16"><span class='ocrx_word' id='word_1_22' title='bbox 849 670 939 726; x_wconf 87' lang='lat'><strong>98.</strong></span> <span class='ocrx_word' id='word_1_23' title='bbox 965 670 1074 727; x_wconf 87' lang='lat' dir='ltr'><strong>Sed</strong></span> <span class='ocrx_word' id='word_1_24' title='bbox 1100 686 1296 728; x_wconf 91' lang='lat' dir='ltr'><strong>vereor</strong></span> <span class='ocrx_word' id='word_1_25' title='bbox 1333 687 1401 726; x_wconf 93' lang='lat' dir='ltr'><strong>ne</strong></span> <span class='ocrx_word' id='word_1_26' title='bbox 1421 671 1504 726; x_wconf 90' lang='lat' dir='ltr'><strong>vir</strong></span> <span class='ocrx_word' id='word_1_27' title='bbox 1551 670 1620 727; x_wconf 94' lang='lat' dir='ltr'><strong>cl.</strong></span> <span class='ocrx_word' id='word_1_28' title='bbox 1656 672 1849 742; x_wconf 85' lang='lat' dir='ltr'><strong>pedem</strong></span> <span class='ocrx_word' id='word_1_29' title='bbox 1897 671 2060 741; x_wconf 88' lang='lat' dir='ltr'><strong>paulo</strong></span> <span class='ocrx_word' id='word_1_30' title='bbox 2117 670 2330 742; x_wconf 77' lang='lat' dir='ltr'><strong>longius</strong></span> 
     </span>
    </p>
   </div>
   <div class='ocr_carea' id='block_1_7' title="bbox 776 761 2330 835">
    <p class='ocr_par' dir='ltr' id='par_1_7' title="bbox 776 761 2330 835">
     <span class='ocr_line' id='line_1_7' title="bbox 776 761 2330 835; baseline -0.001 -17"><span class='ocrx_word' id='word_1_31' title='bbox 776 763 917 819; x_wconf 90' lang='lat' dir='ltr'><strong>forte</strong></span> <span class='ocrx_word' id='word_1_32' title='bbox 974 778 1138 835; x_wconf 85' lang='lat' dir='ltr'><strong>quam</strong></span> <span class='ocrx_word' id='word_1_33' title='bbox 1197 763 1453 819; x_wconf 91' lang='lat' dir='ltr'><strong>voluisset</strong></span> <span class='ocrx_word' id='word_1_34' title='bbox 1505 761 1799 834; x_wconf 74' lang='lat' dir='ltr'><strong>protulisse</strong></span> <span class='ocrx_word' id='word_1_35' title='bbox 1850 777 1910 818; x_wconf 90' lang='lat' dir='ltr'><strong>se</strong></span> <span class='ocrx_word' id='word_1_36' title='bbox 1953 763 2178 828; x_wconf 86' lang='lat' dir='ltr'><strong>dolens,</strong></span> <span class='ocrx_word' id='word_1_37' title='bbox 2213 772 2330 816; x_wconf 83' lang='lat' dir='ltr'><strong>tan-</strong></span> 
     </span>
    </p>
   </div>
   <div class='ocr_carea' id='block_1_8' title="bbox 775 851 2330 926">
    <p class='ocr_par' dir='ltr' id='par_1_8' title="bbox 775 851 2330 926">
     <span class='ocr_line' id='line_1_8' title="bbox 775 851 2330 926; baseline -0.002 -17"><span class='ocrx_word' id='word_1_38' title='bbox 775 855 896 911; x_wconf 90' lang='lat' dir='ltr'><strong>dem</strong></span> <span class='ocrx_word' id='word_1_39' title='bbox 933 854 1223 926; x_wconf 82' lang='lat' dir='ltr'><strong>aliquando</strong></span> <span class='ocrx_word' id='word_1_40' title='bbox 1268 852 1479 909; x_wconf 88' lang='lat' dir='ltr'><strong>referre</strong></span> <span class='ocrx_word' id='word_1_41' title='bbox 1525 851 1672 908; x_wconf 93' lang='lat' dir='ltr'><strong>velit.</strong></span> <span class='ocrx_word' id='word_1_42' title='bbox 1708 852 1831 908; x_wconf 69' lang='lat' dir='ltr'><strong>Haec</strong></span> <span class='ocrx_word' id='word_1_43' title='bbox 1857 853 2001 910; x_wconf 88' lang='lat' dir='ltr'><strong>enim</strong></span> <span class='ocrx_word' id='word_1_44' title='bbox 2049 853 2213 907; x_wconf 85' lang='lat' dir='ltr'><strong>unica</strong></span> <span class='ocrx_word' id='word_1_45' title='bbox 2241 868 2330 907; x_wconf 90' lang='lat' dir='ltr'><strong>sa-</strong></span> 
     </span>
    </p>
   </div>
   <div class='ocr_carea' id='block_1_9' title="bbox 774 944 2325 1013">
    <p class='ocr_par' dir='ltr' id='par_1_9' title="bbox 774 944 2325 1013">
     <span class='ocr_line' id='line_1_9' title="bbox 774 944 2325 1013; baseline -0.003 -11"><span class='ocrx_word' id='word_1_46' title='bbox 774 947 906 1003; x_wconf 89' lang='lat' dir='ltr'><strong>lutis</strong></span> <span class='ocrx_word' id='word_1_47' title='bbox 926 957 1144 1003; x_wconf 63' lang='lat' dir='ltr'><strong>aeternae</strong></span> <span class='ocrx_word' id='word_1_48' title='bbox 1173 961 1318 1013; x_wconf 85' lang='lat' dir='ltr'><strong>spes,</strong></span> <span class='ocrx_word' id='word_1_49' title='bbox 1349 947 1450 1002; x_wconf 88' lang='lat' dir='ltr'><strong>hoc</strong></span> <span class='ocrx_word' id='word_1_50' title='bbox 1473 946 1645 1000; x_wconf 87' lang='lat' dir='ltr'><strong>solum</strong></span> <span class='ocrx_word' id='word_1_51' title='bbox 1673 945 1862 1002; x_wconf 87' lang='lat' dir='ltr'><strong>Grabii</strong></span> <span class='ocrx_word' id='word_1_52' title='bbox 1895 945 2017 1000; x_wconf 91' lang='lat' dir='ltr'><strong>ﬁdei</strong></span> <span class='ocrx_word' id='word_1_53' title='bbox 2053 944 2325 1006; x_wconf 87' lang='lat' dir='ltr'><strong>columen,</strong></span> 
     </span>
    </p>
   </div>
   <div class='ocr_carea' id='block_1_10' title="bbox 780 1035 2328 1110">
    <p class='ocr_par' dir='ltr' id='par_1_10' title="bbox 780 1035 2328 1110">
     <span class='ocr_line' id='line_1_10' title="bbox 780 1035 2328 1110; baseline 0 -19"><span class='ocrx_word' id='word_1_54' title='bbox 780 1058 799 1091; x_wconf 75' lang='grc' dir='ltr'>ι</span> <span class='ocrx_word' id='word_1_55' title='bbox 823 1040 966 1110; x_wconf 90' lang='lat' dir='ltr'><strong>quod</strong></span> <span class='ocrx_word' id='word_1_56' title='bbox 994 1039 1046 1094; x_wconf 93' lang='lat' dir='ltr'><strong>in</strong></span> <span class='ocrx_word' id='word_1_57' title='bbox 1078 1038 1281 1093; x_wconf 87' lang='lat' dir='ltr'><strong>nullius</strong></span> <span class='ocrx_word' id='word_1_58' title='bbox 1308 1039 1517 1093; x_wconf 67' lang='lat' dir='ltr'><strong>Irenaeo</strong></span> <span class='ocrx_word' id='word_1_59' title='bbox 1543 1037 1729 1102; x_wconf 63' lang='lat' dir='ltr'><strong>coaevi,</strong></span> <span class='ocrx_word' id='word_1_60' title='bbox 1786 1045 1880 1090; x_wconf 91' lang='lat' dir='ltr'><strong>aut</strong></span> <span class='ocrx_word' id='word_1_61' title='bbox 1930 1035 2153 1092; x_wconf 71' lang='lat' dir='ltr'><strong>Niezeno</strong></span> <span class='ocrx_word' id='word_1_62' title='bbox 2193 1051 2328 1092; x_wconf 91' lang='lat' dir='ltr'><strong>con-</strong></span> 
     </span>
    </p>
   </div>
   <div class='ocr_carea' id='block_1_11' title="bbox 773 1129 2327 1200">
    <p class='ocr_par' dir='ltr' id='par_1_11' title="bbox 773 1129 2327 1200">
     <span class='ocr_line' id='line_1_11' title="bbox 773 1129 2327 1200; baseline -0.001 -14"><span class='ocrx_word' id='word_1_63' title='bbox 773 1130 898 1186; x_wconf 90' lang='lat' dir='ltr'><strong>cilio</strong></span> <span class='ocrx_word' id='word_1_64' title='bbox 920 1130 1254 1200; x_wconf 84' lang='lat' dir='ltr'><strong>antiquioris</strong></span> <span class='ocrx_word' id='word_1_65' title='bbox 1291 1129 1470 1186; x_wconf 90' lang='lat' dir='ltr'><strong>Patris</strong></span> <span class='ocrx_word' id='word_1_66' title='bbox 1499 1129 1866 1185; x_wconf 89' lang='lat' dir='ltr'><strong>monumentis</strong></span> <span class='ocrx_word' id='word_1_67' title='bbox 1915 1139 2100 1198; x_wconf 88' lang='lat' dir='ltr'><strong>aperte</strong></span> <span class='ocrx_word' id='word_1_68' title='bbox 2128 1129 2327 1184; x_wconf 88' lang='lat' dir='ltr'><strong>tradita</strong></span> 
     </span>
    </p>
   </div>
   <div class='ocr_carea' id='block_1_12' title="bbox 772 1220 2329 1294">
    <p class='ocr_par' dir='ltr' id='par_1_12' title="bbox 772 1220 2329 1294">
     <span class='ocr_line' id='line_1_12' title="bbox 772 1220 2329 1294; baseline 0.001 -18"><span class='ocrx_word' id='word_1_69' title='bbox 772 1222 983 1294; x_wconf 88' lang='lat' dir='ltr'><strong>legatur</strong></span> <span class='ocrx_word' id='word_1_70' title='bbox 1008 1223 1253 1278; x_wconf 82' lang='lat' dir='ltr'><strong>Romana</strong></span> <span class='ocrx_word' id='word_1_71' title='bbox 1306 1224 1372 1277; x_wconf 90' lang='lat' dir='ltr'><strong>de</strong></span> <span class='ocrx_word' id='word_1_72' title='bbox 1420 1221 1704 1292; x_wconf 69' lang='lat' dir='ltr'><strong>praesentia</strong></span> <span class='ocrx_word' id='word_1_73' title='bbox 1762 1221 1927 1284; x_wconf 89' lang='lat' dir='ltr'><strong>reali,</strong></span> <span class='ocrx_word' id='word_1_74' title='bbox 1962 1230 2016 1276; x_wconf 90' lang='lat' dir='ltr'><strong>et</strong></span> <span class='ocrx_word' id='word_1_75' title='bbox 2051 1220 2329 1277; x_wconf 88' lang='lat' dir='ltr'><strong>transsub-</strong></span> 
     </span>
    </p>
   </div>
   <div class='ocr_carea' id='block_1_13' title="bbox 771 1314 2326 1382">
    <p class='ocr_par' dir='ltr' id='par_1_13' title="bbox 771 1314 2326 1382">
     <span class='ocr_line' id='line_1_13' title="bbox 771 1314 2326 1382; baseline -0.001 -13"><span class='ocrx_word' id='word_1_76' title='bbox 771 1315 1122 1370; x_wconf 86' lang='lat' dir='ltr'><strong>stautiatione</strong></span> <span class='ocrx_word' id='word_1_77' title='bbox 1156 1315 1400 1370; x_wconf 79' lang='lat' dir='ltr'><strong>doctrina</strong></span> <span class='ocrx_word' id='word_1_78' title='bbox 1426 1356 1441 1382; x_wconf 89' lang='lat'><strong>,</strong></span> <span class='ocrx_word' id='word_1_79' title='bbox 1474 1314 1613 1368; x_wconf 89' lang='lat' dir='ltr'><strong>sicut</strong></span> <span class='ocrx_word' id='word_1_80' title='bbox 1647 1327 1745 1367; x_wconf 90' lang='lat' dir='ltr'><strong>nec</strong></span> <span class='ocrx_word' id='word_1_81' title='bbox 1786 1322 1971 1380; x_wconf 91' lang='lat' dir='ltr'><strong>postea</strong></span> <span class='ocrx_word' id='word_1_82' title='bbox 2035 1314 2326 1369; x_wconf 85' lang='lat' dir='ltr'><strong>universa-</strong></span> 
     </span>
    </p>
   </div>
   <div class='ocr_carea' id='block_1_14' title="bbox 770 1395 2326 1473">
    <p class='ocr_par' dir='ltr' id='par_1_14' title="bbox 770 1395 2326 1473">
     <span class='ocr_line' id='line_1_14' title="bbox 770 1395 2326 1473; baseline 0.001 -14"><span class='ocrx_word' id='word_1_83' title='bbox 770 1408 894 1460; x_wconf 72' lang='lat' dir='ltr'><strong>liter</strong></span> <span class='ocrx_word' id='word_1_84' title='bbox 931 1406 986 1461; x_wconf 92' lang='lat' dir='ltr'><strong>in</strong></span> <span class='ocrx_word' id='word_1_85' title='bbox 1035 1395 1274 1461; x_wconf 76' lang='lat' dir='ltr'><strong>Ecclesia</strong></span> <span class='ocrx_word' id='word_1_86' title='bbox 1313 1405 1414 1460; x_wconf 89' lang='lat' dir='ltr'><strong>fuit</strong></span> <span class='ocrx_word' id='word_1_87' title='bbox 1449 1413 1660 1473; x_wconf 86' lang='lat' dir='ltr'><strong>recepta</strong></span> <span class='ocrx_word' id='word_1_88' title='bbox 1693 1443 1707 1466; x_wconf 90' lang='lat'><strong>,</strong></span> <span class='ocrx_word' id='word_1_89' title='bbox 1743 1403 1837 1457; x_wconf 90' lang='lat' dir='ltr'><strong>sed</strong></span> <span class='ocrx_word' id='word_1_90' title='bbox 1888 1412 1954 1462; x_wconf 88' lang='lat' dir='ltr'><strong>ab</strong></span> <span class='ocrx_word' id='word_1_91' title='bbox 1989 1407 2108 1461; x_wconf 88' lang='lat' dir='ltr'><strong>aliis</strong></span> <span class='ocrx_word' id='word_1_92' title='bbox 2142 1406 2326 1461; x_wconf 88' lang='lat' dir='ltr'><strong>Patri-</strong></span> 
     </span>
    </p>
   </div>
   <div class='ocr_carea' id='block_1_15' title="bbox 769 1499 2327 1570">
    <p class='ocr_par' dir='ltr' id='par_1_15' title="bbox 769 1499 2327 1570">
     <span class='ocr_line' id='line_1_15' title="bbox 769 1499 2327 1570; baseline 0 -16"><span class='ocrx_word' id='word_1_93' title='bbox 769 1499 904 1567; x_wconf 88' lang='lat' dir='ltr'><strong>bus,</strong></span> <span class='ocrx_word' id='word_1_94' title='bbox 953 1501 1252 1570; x_wconf 64' lang='lat' dir='ltr'><strong>praesertim</strong></span> <span class='ocrx_word' id='word_1_95' title='bbox 1311 1500 1626 1568; x_wconf 80' lang='lat' dir='ltr'><strong>Africanis,</strong></span> <span class='ocrx_word' id='word_1_96' title='bbox 1665 1502 2000 1558; x_wconf 91' lang='lat' dir='ltr'><strong>contrarium</strong></span> <span class='ocrx_word' id='word_1_97' title='bbox 2050 1510 2327 1554; x_wconf 83' lang='lat' dir='ltr'><strong>assertum</strong></span> 
     </span>
    </p>
   </div>
   <div class='ocr_carea' id='block_1_16' title="bbox 769 1592 2327 1664">
    <p class='ocr_par' dir='ltr' id='par_1_16' title="bbox 769 1592 2327 1664">
     <span class='ocr_line' id='line_1_16' title="bbox 769 1592 2327 1664; baseline 0.003 -20"><span class='ocrx_word' id='word_1_98' title='bbox 769 1601 970 1662; x_wconf 86' lang='lat' dir='ltr'><strong>pateat.</strong></span> <span class='ocrx_word' id='word_1_99' title='bbox 1009 1610 1028 1645; x_wconf 73' lang='grc' dir='ltr'><strong><em>ι</em></strong></span> <span class='ocrx_word' id='word_1_100' title='bbox 1057 1592 1162 1648; x_wconf 91' lang='lat' dir='ltr'><strong>Sed</strong></span> <span class='ocrx_word' id='word_1_101' title='bbox 1194 1593 1322 1661; x_wconf 92' lang='lat' dir='ltr'><strong>quid</strong></span> <span class='ocrx_word' id='word_1_102' title='bbox 1370 1594 1414 1648; x_wconf 88' lang='lat' dir='ltr'><strong>si</strong></span> <span class='ocrx_word' id='word_1_103' title='bbox 1456 1592 1591 1649; x_wconf 89' lang='lat' dir='ltr'><strong>falsa</strong></span> <span class='ocrx_word' id='word_1_104' title='bbox 1624 1595 1692 1650; x_wconf 87' lang='lat' dir='ltr'><strong>sit</strong></span> <span class='ocrx_word' id='word_1_105' title='bbox 1723 1609 1786 1648; x_wconf 90' lang='lat' dir='ltr'><strong>ea</strong></span> <span class='ocrx_word' id='word_1_106' title='bbox 1839 1593 2139 1664; x_wconf 84' lang='lat' dir='ltr'><strong>suppositio</strong></span> <span class='ocrx_word' id='word_1_107' title='bbox 2166 1593 2190 1647; x_wconf 73' lang='lat' dir='ltr'><strong>i</strong></span> <span class='ocrx_word' id='word_1_108' title='bbox 2218 1592 2327 1649; x_wconf 84' lang='lat' dir='ltr'><strong>Nec</strong></span> 
     </span>
    </p>
   </div>
   <div class='ocr_carea' id='block_1_17' title="bbox 767 1683 2328 1755">
    <p class='ocr_par' dir='ltr' id='par_1_17' title="bbox 767 1683 2328 1755">
     <span class='ocr_line' id='line_1_17' title="bbox 767 1683 2328 1755; baseline 0 -17"><span class='ocrx_word' id='word_1_109' title='bbox 767 1683 914 1739; x_wconf 90' lang='lat' dir='ltr'><strong>enim</strong></span> <span class='ocrx_word' id='word_1_110' title='bbox 941 1685 1078 1739; x_wconf 87' lang='lat' dir='ltr'><strong>adeo</strong></span> <span class='ocrx_word' id='word_1_111' title='bbox 1109 1684 1342 1739; x_wconf 90' lang='lat' dir='ltr'><strong>ﬁdenter</strong></span> <span class='ocrx_word' id='word_1_112' title='bbox 1369 1700 1670 1755; x_wconf 88' lang='lat' dir='ltr'><strong>proponere</strong></span> <span class='ocrx_word' id='word_1_113' title='bbox 1721 1685 1935 1740; x_wconf 91' lang='lat' dir='ltr'><strong>videtur</strong></span> <span class='ocrx_word' id='word_1_114' title='bbox 1972 1685 2201 1742; x_wconf 87' lang='lat' dir='ltr'><strong>Grabius</strong></span> <span class='ocrx_word' id='word_1_115' title='bbox 2223 1726 2242 1750; x_wconf 89' lang='lat'><strong>,</strong></span> <span class='ocrx_word' id='word_1_116' title='bbox 2269 1695 2328 1740; x_wconf 94' lang='lat' dir='ltr'><strong>ut</strong></span> 
     </span>
    </p>
   </div>
   <div class='ocr_carea' id='block_1_18' title="bbox 766 1778 2326 1848">
    <p class='ocr_par' dir='ltr' id='par_1_18' title="bbox 766 1778 2326 1848">
     <span class='ocr_line' id='line_1_18' title="bbox 766 1778 2326 1848; baseline 0.002 -18"><span class='ocrx_word' id='word_1_117' title='bbox 766 1784 919 1831; x_wconf 80' lang='lat' dir='ltr'><strong>extra</strong></span> <span class='ocrx_word' id='word_1_118' title='bbox 950 1791 1165 1833; x_wconf 91' lang='lat' dir='ltr'><strong>omnem</strong></span> <span class='ocrx_word' id='word_1_119' title='bbox 1192 1778 1548 1833; x_wconf 84' lang='lat' dir='ltr'><strong>dubitationis</strong></span> <span class='ocrx_word' id='word_1_120' title='bbox 1588 1779 1759 1832; x_wconf 89' lang='lat' dir='ltr'><strong>aleam</strong></span> <span class='ocrx_word' id='word_1_121' title='bbox 1810 1780 2039 1848; x_wconf 83' lang='lat' dir='ltr'><strong>positam</strong></span> <span class='ocrx_word' id='word_1_122' title='bbox 2073 1794 2193 1835; x_wconf 90' lang='lat' dir='ltr'><strong>esse</strong></span> <span class='ocrx_word' id='word_1_123' title='bbox 2227 1794 2326 1848; x_wconf 92' lang='lat' dir='ltr'><strong>pu-</strong></span> 
     </span>
    </p>
   </div>
   <div class='ocr_carea' id='block_1_19' title="bbox 768 1869 2319 1940">
    <p class='ocr_par' dir='ltr' id='par_1_19' title="bbox 768 1869 2319 1940">
     <span class='ocr_line' id='line_1_19' title="bbox 768 1869 2319 1940; baseline -0.001 -18"><span class='ocrx_word' id='word_1_124' title='bbox 768 1877 879 1932; x_wconf 85' lang='lat' dir='ltr'><strong>tet;</strong></span> <span class='ocrx_word' id='word_1_125' title='bbox 913 1870 1056 1940; x_wconf 91' lang='lat' dir='ltr'><strong>quod</strong></span> <span class='ocrx_word' id='word_1_126' title='bbox 1088 1870 1222 1925; x_wconf 88' lang='lat' dir='ltr'><strong>satis</strong></span> <span class='ocrx_word' id='word_1_127' title='bbox 1251 1871 1490 1925; x_wconf 85' lang='lat' dir='ltr'><strong>indicant</strong></span> <span class='ocrx_word' id='word_1_128' title='bbox 1514 1886 1599 1934; x_wconf 89' lang='lat' dir='ltr'><strong>ea,</strong></span> <span class='ocrx_word' id='word_1_129' title='bbox 1641 1873 1842 1938; x_wconf 84' lang='lat' dir='ltr'><strong>quibus</strong></span> <span class='ocrx_word' id='word_1_130' title='bbox 1879 1869 2072 1936; x_wconf 89' lang='lat' dir='ltr'><strong>utitur,</strong></span> <span class='ocrx_word' id='word_1_131' title='bbox 2109 1869 2272 1925; x_wconf 89' lang='lat' dir='ltr'><strong>verba</strong></span> <span class='ocrx_word' id='word_1_132' title='bbox 2305 1884 2319 1921; x_wconf 90' lang='lat'><strong>:</strong></span> 
     </span>
    </p>
   </div>
   <div class='ocr_carea' id='block_1_20' title="bbox 771 1960 2321 2033">
    <p class='ocr_par' dir='ltr' id='par_1_20' title="bbox 771 1960 2321 2033">
     <span class='ocr_line' id='line_1_20' title="bbox 771 1960 2321 2033; baseline 0.004 -23"><span class='ocrx_word' id='word_1_133' title='bbox 771 1979 790 2010; x_wconf 74' lang='grc' dir='ltr'><strong>ε</strong></span> <span class='ocrx_word' id='word_1_134' title='bbox 835 1960 1060 2016; x_wconf 92' lang='lat' dir='ltr'><strong>ulterius</strong></span> <span class='ocrx_word' id='word_1_135' title='bbox 1095 1977 1444 2033; x_wconf 87' lang='lat' dir='ltr'><strong>progressum</strong></span> <span class='ocrx_word' id='word_1_136' title='bbox 1496 1962 1763 2018; x_wconf 56' lang='lat' dir='ltr'><strong>Irenaeum</strong></span> <span class='ocrx_word' id='word_1_137' title='bbox 1806 1979 1912 2018; x_wconf 92' lang='lat' dir='ltr'><strong>non</strong></span> <span class='ocrx_word' id='word_1_138' title='bbox 1945 1971 2074 2033; x_wconf 93' lang='lat' dir='ltr'><strong>puto</strong></span> <span class='ocrx_word' id='word_1_139' title='bbox 2109 1981 2121 2016; x_wconf 94' lang='lat'><strong>:</strong></span> <span class='ocrx_word' id='word_1_140' title='bbox 2163 1963 2321 2017; x_wconf 92' lang='lat' dir='ltr'><strong>istam</strong></span> 
     </span>
    </p>
   </div>
   <div class='ocr_carea' id='block_1_21' title="bbox 762 2055 2324 2125">
    <p class='ocr_par' dir='ltr' id='par_1_21' title="bbox 762 2055 2324 2125">
     <span class='ocr_line' id='line_1_21' title="bbox 762 2055 2324 2125; baseline 0.002 -18"><span class='ocrx_word' id='word_1_141' title='bbox 762 2055 1090 2109; x_wconf 82' lang='lat' dir='ltr'><strong>sententiam</strong></span> <span class='ocrx_word' id='word_1_142' title='bbox 1149 2055 1337 2111; x_wconf 78' lang='lat' dir='ltr'><strong>Irenaei</strong></span> <span class='ocrx_word' id='word_1_143' title='bbox 1389 2056 1557 2111; x_wconf 88' lang='lat' dir='ltr'><strong>fuisse</strong></span> <span class='ocrx_word' id='word_1_144' title='bbox 1602 2057 1741 2112; x_wconf 85' lang='lat' dir='ltr'><strong>haud</strong></span> <span class='ocrx_word' id='word_1_145' title='bbox 1813 2056 2110 2122; x_wconf 79' lang='lat' dir='ltr'><strong>existimo;</strong></span> <span class='ocrx_word' id='word_1_146' title='bbox 2145 2076 2162 2108; x_wconf 76' lang='grc' dir='ltr'><strong><em>ι</em></strong></span> <span class='ocrx_word' id='word_1_147' title='bbox 2203 2071 2324 2125; x_wconf 70' lang='lat' dir='ltr'><strong>qua:</strong></span> 
     </span>
    </p>
   </div>
   <div class='ocr_carea' id='block_1_22' title="bbox 766 2145 2323 2221">
    <p class='ocr_par' dir='ltr' id='par_1_22' title="bbox 766 2145 2323 2221">
     <span class='ocr_line' id='line_1_22' title="bbox 766 2145 2323 2221; baseline 0.004 -24"><span class='ocrx_word' id='word_1_148' title='bbox 766 2145 1034 2203; x_wconf 83' lang='lat' dir='ltr'><strong>hominem</strong></span> <span class='ocrx_word' id='word_1_149' title='bbox 1069 2151 1308 2219; x_wconf 77' lang='lat' dir='ltr'><strong>privatas</strong></span> <span class='ocrx_word' id='word_1_150' title='bbox 1369 2153 1656 2221; x_wconf 89' lang='lat' dir='ltr'><strong>opiniones</strong></span> <span class='ocrx_word' id='word_1_151' title='bbox 1683 2192 1697 2216; x_wconf 90' lang='lat'><strong>,</strong></span> <span class='ocrx_word' id='word_1_152' title='bbox 1745 2150 1838 2204; x_wconf 90' lang='lat' dir='ltr'><strong>sed</strong></span> <span class='ocrx_word' id='word_1_153' title='bbox 1887 2148 2048 2218; x_wconf 89' lang='lat' dir='ltr'><strong>paulo</strong></span> <span class='ocrx_word' id='word_1_154' title='bbox 2083 2149 2323 2203; x_wconf 87' lang='lat' dir='ltr'><strong>timidius</strong></span> 
     </span>
    </p>
   </div>
   <div class='ocr_carea' id='block_1_23' title="bbox 763 2237 2322 2308">
    <p class='ocr_par' dir='ltr' id='par_1_23' title="bbox 763 2237 2322 2308">
     <span class='ocr_line' id='line_1_23' title="bbox 763 2237 2322 2308; baseline 0.004 -20"><span class='ocrx_word' id='word_1_155' title='bbox 763 2237 1130 2305; x_wconf 87' lang='lat' dir='ltr'><strong>proferentem</strong></span> <span class='ocrx_word' id='word_1_156' title='bbox 1165 2243 1409 2298; x_wconf 86' lang='lat' dir='ltr'><strong>nonnihil</strong></span> <span class='ocrx_word' id='word_1_157' title='bbox 1439 2245 1584 2299; x_wconf 84' lang='lat' dir='ltr'><strong>olere</strong></span> <span class='ocrx_word' id='word_1_158' title='bbox 1632 2243 1904 2296; x_wconf 91' lang='lat' dir='ltr'><strong>videntur.</strong></span> <span class='ocrx_word' id='word_1_159' title='bbox 1943 2240 2080 2308; x_wconf 86' lang='lat' dir='ltr'><strong>Quid</strong></span> <span class='ocrx_word' id='word_1_160' title='bbox 2135 2241 2177 2296; x_wconf 91' lang='lat' dir='ltr'><strong>si</strong></span> <span class='ocrx_word' id='word_1_161' title='bbox 2211 2240 2322 2294; x_wconf 91' lang='lat' dir='ltr'><strong>lre-</strong></span> 
     </span>
    </p>
   </div>
   <div class='ocr_carea' id='block_1_24' title="bbox 764 2330 2321 2402">
    <p class='ocr_par' dir='ltr' id='par_1_24' title="bbox 764 2330 2321 2402">
     <span class='ocr_line' id='line_1_24' title="bbox 764 2330 2321 2402; baseline 0.004 -22"><span class='ocrx_word' id='word_1_162' title='bbox 764 2343 926 2394; x_wconf 79' lang='lat' dir='ltr'><strong>meus,</strong></span> <span class='ocrx_word' id='word_1_163' title='bbox 961 2331 1086 2400; x_wconf 90' lang='lat' dir='ltr'><strong>quid</strong></span> <span class='ocrx_word' id='word_1_164' title='bbox 1142 2331 1185 2386; x_wconf 88' lang='lat' dir='ltr'><strong>si</strong></span> <span class='ocrx_word' id='word_1_165' title='bbox 1245 2331 1489 2387; x_wconf 84' lang='lat' dir='ltr'><strong>Justinus</strong></span> <span class='ocrx_word' id='word_1_166' title='bbox 1542 2333 1768 2402; x_wconf 86' lang='lat' dir='ltr'><strong>Martyr,</strong></span> <span class='ocrx_word' id='word_1_167' title='bbox 1823 2332 2025 2400; x_wconf 85' lang='lat' dir='ltr'><strong>aliique</strong></span> <span class='ocrx_word' id='word_1_168' title='bbox 2083 2330 2321 2386; x_wconf 92' lang='lat' dir='ltr'><strong>concilio</strong></span> 
     </span>
    </p>
   </div>
   <div class='ocr_carea' id='block_1_25' title="bbox 759 2419 2322 2497">
    <p class='ocr_par' dir='ltr' id='par_1_25' title="bbox 759 2419 2322 2497">
     <span class='ocr_line' id='line_1_25' title="bbox 759 2419 2322 2497; baseline 0.003 -23"><span class='ocrx_word' id='word_1_169' title='bbox 759 2419 980 2477; x_wconf 58' lang='lat' dir='ltr'><strong>Niceno</strong></span> <span class='ocrx_word' id='word_1_170' title='bbox 1025 2424 1384 2493; x_wconf 88' lang='lat' dir='ltr'><strong>antiquiores,</strong></span> <span class='ocrx_word' id='word_1_171' title='bbox 1435 2427 1572 2480; x_wconf 90' lang='lat' dir='ltr'><strong>idem</strong></span> <span class='ocrx_word' id='word_1_172' title='bbox 1603 2443 1722 2482; x_wconf 92' lang='lat' dir='ltr'><strong>cum</strong></span> <span class='ocrx_word' id='word_1_173' title='bbox 1773 2427 1973 2497; x_wconf 83' lang='lat' dir='ltr'><strong>Cyrillo</strong></span> <span class='ocrx_word' id='word_1_174' title='bbox 2013 2424 2322 2495; x_wconf 81' lang='lat' dir='ltr'><strong>Hierosoly-</strong></span> 
     </span>
    </p>
   </div>
   <div class='ocr_carea' id='block_1_26' title="bbox 759 2513 2319 2585">
    <p class='ocr_par' dir='ltr' id='par_1_26' title="bbox 759 2513 2319 2585">
     <span class='ocr_line' id='line_1_26' title="bbox 759 2513 2319 2585; baseline 0.001 -18"><span class='ocrx_word' id='word_1_175' title='bbox 759 2513 994 2580; x_wconf 89' lang='lat' dir='ltr'><strong>mitano,</strong></span> <span class='ocrx_word' id='word_1_176' title='bbox 1027 2514 1290 2584; x_wconf 75' lang='lat' dir='ltr'><strong>Gregorio</strong></span> <span class='ocrx_word' id='word_1_177' title='bbox 1330 2514 1596 2585; x_wconf 86' lang='lat' dir='ltr'><strong>Nysseno,</strong></span> <span class='ocrx_word' id='word_1_178' title='bbox 1625 2527 1680 2573; x_wconf 91' lang='lat' dir='ltr'><strong>et</strong></span> <span class='ocrx_word' id='word_1_179' title='bbox 1720 2517 1841 2573; x_wconf 80' lang='lat' dir='ltr'><strong>aliis</strong></span> <span class='ocrx_word' id='word_1_180' title='bbox 1886 2516 2200 2572; x_wconf 83' lang='lat' dir='ltr'><strong>senserint?</strong></span> <span class='ocrx_word' id='word_1_181' title='bbox 2227 2516 2319 2570; x_wconf 88' lang='lat' dir='ltr'><strong>De</strong></span> 
     </span>
    </p>
   </div>
   <div class='ocr_carea' id='block_1_27' title="bbox 755 2603 2321 2680">
    <p class='ocr_par' dir='ltr' id='par_1_27' title="bbox 755 2603 2321 2680">
     <span class='ocr_line' id='line_1_27' title="bbox 755 2603 2321 2680; baseline 0.002 -18"><span class='ocrx_word' id='word_1_182' title='bbox 755 2603 958 2662; x_wconf 66' lang='lat' dir='ltr'><strong>[remeo</strong></span> <span class='ocrx_word' id='word_1_183' title='bbox 986 2623 1100 2662; x_wconf 92' lang='lat' dir='ltr'><strong>rem</strong></span> <span class='ocrx_word' id='word_1_184' title='bbox 1131 2608 1490 2663; x_wconf 87' lang='lat' dir='ltr'><strong>certissimam</strong></span> <span class='ocrx_word' id='word_1_185' title='bbox 1545 2625 1666 2666; x_wconf 89' lang='lat' dir='ltr'><strong>esse</strong></span> <span class='ocrx_word' id='word_1_186' title='bbox 1717 2613 1944 2668; x_wconf 89' lang='lat' dir='ltr'><strong>cordato</strong></span> <span class='ocrx_word' id='word_1_187' title='bbox 1996 2610 2169 2668; x_wconf 84' lang='lat' dir='ltr'><strong>cuivis</strong></span> <span class='ocrx_word' id='word_1_188' title='bbox 2198 2624 2321 2680; x_wconf 84' lang='lat' dir='ltr'><strong>per-</strong></span> 
     </span>
    </p>
   </div>
   <div class='ocr_carea' id='block_1_28' title="bbox 757 2697 2318 2772">
    <p class='ocr_par' dir='ltr' id='par_1_28' title="bbox 757 2697 2318 2772">
     <span class='ocr_line' id='line_1_28' title="bbox 757 2697 2318 2772; baseline 0.003 -21"><span class='ocrx_word' id='word_1_189' title='bbox 757 2697 1062 2753; x_wconf 85' lang='lat' dir='ltr'><strong>suadebunt</strong></span> <span class='ocrx_word' id='word_1_190' title='bbox 1128 2714 1218 2762; x_wconf 90' lang='lat' dir='ltr'><strong>ea,</strong></span> <span class='ocrx_word' id='word_1_191' title='bbox 1273 2715 1392 2768; x_wconf 73' lang='lat' dir='ltr'><strong>quae</strong></span> <span class='ocrx_word' id='word_1_192' title='bbox 1445 2703 1695 2770; x_wconf 88' lang='lat' dir='ltr'><strong>superius</strong></span> <span class='ocrx_word' id='word_1_193' title='bbox 1747 2703 2099 2767; x_wconf 81' lang='lat' dir='ltr'><strong>adduximus,</strong></span> <span class='ocrx_word' id='word_1_194' title='bbox 2155 2717 2318 2772; x_wconf 85' lang='lat' dir='ltr'><strong>argu-</strong></span> 
     </span>
    </p>
   </div>
   <div class='ocr_carea' id='block_1_29' title="bbox 758 2791 2320 2862">
    <p class='ocr_par' dir='ltr' id='par_1_29' title="bbox 758 2791 2320 2862">
     <span class='ocr_line' id='line_1_29' title="bbox 758 2791 2320 2862; baseline 0.004 -18"><span class='ocrx_word' id='word_1_195' title='bbox 758 2800 961 2846; x_wconf 88' lang='lat' dir='ltr'><strong>menta.</strong></span> <span class='ocrx_word' id='word_1_196' title='bbox 991 2791 1054 2845; x_wconf 89' lang='lat' dir='ltr'><strong>Et</strong></span> <span class='ocrx_word' id='word_1_197' title='bbox 1085 2793 1346 2859; x_wconf 83' lang='lat' dir='ltr'><strong>quidquid</strong></span> <span class='ocrx_word' id='word_1_198' title='bbox 1396 2795 1684 2851; x_wconf 87' lang='lat' dir='ltr'><strong>cavilietur</strong></span> <span class='ocrx_word' id='word_1_199' title='bbox 1729 2795 1985 2862; x_wconf 89' lang='lat' dir='ltr'><strong>Grabius,</strong></span> <span class='ocrx_word' id='word_1_200' title='bbox 2033 2804 2181 2851; x_wconf 90' lang='lat' dir='ltr'><strong>tanta</strong></span> <span class='ocrx_word' id='word_1_201' title='bbox 2211 2796 2320 2850; x_wconf 87' lang='lat' dir='ltr'><strong>sal-</strong></span> 
     </span>
    </p>
   </div>
   <div class='ocr_carea' id='block_1_30' title="bbox 760 2885 2318 2951">
    <p class='ocr_par' dir='ltr' id='par_1_30' title="bbox 760 2885 2318 2951">
     <span class='ocr_line' id='line_1_30' title="bbox 760 2885 2318 2951; baseline 0.006 -17"><span class='ocrx_word' id='word_1_202' title='bbox 760 2888 868 2934; x_wconf 88' lang='lat' dir='ltr'><strong>tem</strong></span> <span class='ocrx_word' id='word_1_203' title='bbox 905 2920 920 2945; x_wconf 93' lang='lat'><strong>,</strong></span> <span class='ocrx_word' id='word_1_204' title='bbox 945 2890 1003 2935; x_wconf 92' lang='lat' dir='ltr'><strong>ut</strong></span> <span class='ocrx_word' id='word_1_205' title='bbox 1035 2891 1185 2950; x_wconf 94' lang='lat' dir='ltr'><strong>puto,</strong></span> <span class='ocrx_word' id='word_1_206' title='bbox 1217 2898 1323 2937; x_wconf 92' lang='lat' dir='ltr'><strong>non</strong></span> <span class='ocrx_word' id='word_1_207' title='bbox 1377 2885 1482 2940; x_wconf 86' lang='lat' dir='ltr'><strong>erit</strong></span> <span class='ocrx_word' id='word_1_208' title='bbox 1514 2886 1662 2942; x_wconf 91' lang='lat' dir='ltr'><strong>illius</strong></span> <span class='ocrx_word' id='word_1_209' title='bbox 1697 2888 1889 2943; x_wconf 79' lang='lat' dir='ltr'><strong>fiducia</strong></span> <span class='ocrx_word' id='word_1_210' title='bbox 1910 2929 1923 2951; x_wconf 91' lang='lat'><strong>,</strong></span> <span class='ocrx_word' id='word_1_211' title='bbox 1977 2902 2033 2942; x_wconf 87' lang='lat' dir='ltr'><strong>ut</strong></span> <span class='ocrx_word' id='word_1_212' title='bbox 2065 2903 2318 2944; x_wconf 86' lang='lat' dir='ltr'><strong>asserere</strong></span> 
     </span>
    </p>
   </div>
   <div class='ocr_carea' id='block_1_31' title="bbox 756 2970 2315 3048">
    <p class='ocr_par' dir='ltr' id='par_1_31' title="bbox 756 2970 2315 3048">
     <span class='ocr_line' id='line_1_31' title="bbox 756 2970 2315 3048; baseline 0.004 -22"><span class='ocrx_word' id='word_1_213' title='bbox 756 2970 957 3026; x_wconf 73' lang='lat' dir='ltr'><strong>audeat</strong></span> <span class='ocrx_word' id='word_1_214' title='bbox 981 2987 1066 3037; x_wconf 89' lang='lat' dir='ltr'><strong>ea,</strong></span> <span class='ocrx_word' id='word_1_215' title='bbox 1108 2988 1226 3042; x_wconf 62' lang='lat' dir='ltr'><strong>qum</strong></span> <span class='ocrx_word' id='word_1_216' title='bbox 1253 2974 1367 3044; x_wconf 93' lang='lat' dir='ltr'><strong>ipse</strong></span> <span class='ocrx_word' id='word_1_217' title='bbox 1409 2976 1462 3029; x_wconf 93' lang='lat' dir='ltr'><strong>in</strong></span> <span class='ocrx_word' id='word_1_218' title='bbox 1513 2979 1848 3032; x_wconf 90' lang='lat' dir='ltr'><strong>contrarium</strong></span> <span class='ocrx_word' id='word_1_219' title='bbox 1894 2977 2123 3048; x_wconf 82' lang='lat' dir='ltr'><strong>profert,</strong></span> <span class='ocrx_word' id='word_1_220' title='bbox 2159 2977 2315 3032; x_wconf 91' lang='lat' dir='ltr'><strong>illum</strong></span> 
     </span>
    </p>
   </div>
   <div class='ocr_carea' id='block_1_32' title="bbox 756 3062 2316 3137">
    <p class='ocr_par' dir='ltr' id='par_1_32' title="bbox 756 3062 2316 3137">
     <span class='ocr_line' id='line_1_32' title="bbox 756 3062 2316 3137; baseline 0.004 -21"><span class='ocrx_word' id='word_1_221' title='bbox 756 3062 1100 3118; x_wconf 83' lang='lat' dir='ltr'><strong>certitudinis</strong></span> <span class='ocrx_word' id='word_1_222' title='bbox 1143 3067 1373 3132; x_wconf 84' lang='lat' dir='ltr'><strong>gradum</strong></span> <span class='ocrx_word' id='word_1_223' title='bbox 1413 3066 1682 3136; x_wconf 81' lang='lat' dir='ltr'><strong>attigisse,</strong></span> <span class='ocrx_word' id='word_1_224' title='bbox 1713 3069 1805 3136; x_wconf 89' lang='lat' dir='ltr'><strong>qui</strong></span> <span class='ocrx_word' id='word_1_225' title='bbox 1844 3083 2059 3124; x_wconf 91' lang='lat' dir='ltr'><strong>omnem</strong></span> <span class='ocrx_word' id='word_1_226' title='bbox 2088 3082 2316 3137; x_wconf 84' lang='lat' dir='ltr'><strong>prorsus</strong></span> 
     </span>
    </p>
   </div>
   <div class='ocr_carea' id='block_1_33' title="bbox 755 3153 2385 3249">
    <p class='ocr_par' dir='ltr' id='par_1_33' title="bbox 755 3153 2385 3249">
     <span class='ocr_line' id='line_1_33' title="bbox 755 3153 2385 3249; baseline 0.006 -40"><span class='ocrx_word' id='word_1_227' title='bbox 755 3153 1147 3211; x_wconf 88' lang='lat' dir='ltr'><strong>dubitationem</strong></span> <span class='ocrx_word' id='word_1_228' title='bbox 1203 3157 1427 3211; x_wconf 81' lang='lat' dir='ltr'><strong>eximat.</strong></span> <span class='ocrx_word' id='word_1_229' title='bbox 1479 3159 1552 3214; x_wconf 90' lang='lat' dir='ltr'><strong>Ut</strong></span> <span class='ocrx_word' id='word_1_230' title='bbox 1590 3159 1749 3229; x_wconf 77' lang='lat' dir='ltr'><strong>igitur</strong></span> <span class='ocrx_word' id='word_1_231' title='bbox 1798 3161 1987 3216; x_wconf 90' lang='lat' dir='ltr'><strong>demus</strong></span> <span class='ocrx_word' id='word_1_232' title='bbox 2035 3163 2200 3228; x_wconf 88' lang='lat' dir='ltr'><strong>(absit</strong></span> <span class='ocrx_word' id='word_1_233' title='bbox 2256 3173 2385 3249; x_wconf 65' lang='grc' dir='ltr'><strong>ηις</strong></span> 
     </span>
    </p>
   </div>
   <div class='ocr_carea' id='block_1_34' title="bbox 753 3245 2312 3319">
    <p class='ocr_par' dir='ltr' id='par_1_34' title="bbox 753 3245 2312 3319">
     <span class='ocr_line' id='line_1_34' title="bbox 753 3245 2312 3319; baseline 0.011 -22"><span class='ocrx_word' id='word_1_234' title='bbox 753 3245 1140 3316; x_wconf 86' lang='lat' dir='ltr'><strong>concedamus)</strong></span> <span class='ocrx_word' id='word_1_235' title='bbox 1172 3262 1324 3301; x_wconf 88' lang='lat' dir='ltr'><strong>suam</strong></span> <span class='ocrx_word' id='word_1_236' title='bbox 1355 3248 1643 3305; x_wconf 88' lang='lat' dir='ltr'><strong>Grabianis</strong></span> <span class='ocrx_word' id='word_1_237' title='bbox 1675 3255 2016 3319; x_wconf 74' lang='lat' dir='ltr'><strong>argumentis</strong></span> <span class='ocrx_word' id='word_1_238' title='bbox 2048 3265 2312 3314; x_wconf 88' lang='lat' dir='ltr'><strong>constare</strong></span> 
     </span>
    </p>
   </div>
   <div class='ocr_carea' id='block_1_35' title="bbox 752 3335 2315 3416">
    <p class='ocr_par' dir='ltr' id='par_1_35' title="bbox 752 3335 2315 3416">
     <span class='ocr_line' id='line_1_35' title="bbox 752 3335 2315 3416; baseline 0.01 -29"><span class='ocrx_word' id='word_1_239' title='bbox 752 3335 1225 3404; x_wconf 88' lang='lat' dir='ltr'><strong>probabilitatem.</strong></span> <span class='ocrx_word' id='word_1_240' title='bbox 1284 3354 1350 3393; x_wconf 92' lang='lat' dir='ltr'><strong>an</strong></span> <span class='ocrx_word' id='word_1_241' title='bbox 1380 3355 1485 3394; x_wconf 86' lang='lat' dir='ltr'><strong>una</strong></span> <span class='ocrx_word' id='word_1_242' title='bbox 1541 3342 1932 3411; x_wconf 86' lang='lat' dir='ltr'><strong>probabilitate</strong></span> <span class='ocrx_word' id='word_1_243' title='bbox 1993 3346 2094 3400; x_wconf 89' lang='lat' dir='ltr'><strong>niti</strong></span> <span class='ocrx_word' id='word_1_244' title='bbox 2136 3357 2315 3416; x_wconf 89' lang='lat' dir='ltr'><strong>potest</strong></span> 
     </span>
    </p>
   </div>
   <div class='ocr_carea' id='block_1_36' title="bbox 753 3427 2311 3497">
    <p class='ocr_par' dir='ltr' id='par_1_36' title="bbox 753 3427 2311 3497">
     <span class='ocr_line' id='line_1_36' title="bbox 753 3427 2311 3497; baseline 0.009 -17"><span class='ocrx_word' id='word_1_245' title='bbox 753 3427 917 3480; x_wconf 84' lang='lat' dir='ltr'><strong>homo</strong></span> <span class='ocrx_word' id='word_1_246' title='bbox 970 3429 1166 3484; x_wconf 80' lang='lat' dir='ltr'><strong>satutis</strong></span> <span class='ocrx_word' id='word_1_247' title='bbox 1230 3444 1343 3486; x_wconf 73' lang='lat' dir='ltr'><strong>suae</strong></span> <span class='ocrx_word' id='word_1_248' title='bbox 1402 3447 1590 3487; x_wconf 88' lang='lat' dir='ltr'><strong>amans</strong></span> <span class='ocrx_word' id='word_1_249' title='bbox 1624 3473 1637 3497; x_wconf 92' lang='lat'><strong>,</strong></span> <span class='ocrx_word' id='word_1_250' title='bbox 1675 3437 1804 3488; x_wconf 93' lang='lat' dir='ltr'><strong>utin</strong></span> <span class='ocrx_word' id='word_1_251' title='bbox 1862 3452 1921 3491; x_wconf 90' lang='lat' dir='ltr'><strong>re</strong></span> <span class='ocrx_word' id='word_1_252' title='bbox 1967 3440 2186 3495; x_wconf 81' lang='lat' dir='ltr'><strong>maximi</strong></span> <span class='ocrx_word' id='word_1_253' title='bbox 2245 3441 2311 3494; x_wconf 91' lang='lat' dir='ltr'><strong>ad</strong></span> 
     </span>
    </p>
   </div>
   <div class='ocr_carea' id='block_1_37' title="bbox 753 3515 2314 3590">
    <p class='ocr_par' dir='ltr' id='par_1_37' title="bbox 753 3515 2314 3590">
     <span class='ocr_line' id='line_1_37' title="bbox 753 3515 2314 3590; baseline 0.013 -24"><span class='ocrx_word' id='word_1_254' title='bbox 753 3515 979 3570; x_wconf 87' lang='lat' dir='ltr'><strong>salutem</strong></span> <span class='ocrx_word' id='word_1_255' title='bbox 1038 3527 1300 3572; x_wconf 76' lang='lat' dir='ltr'><strong>aeternam</strong></span> <span class='ocrx_word' id='word_1_256' title='bbox 1375 3525 1684 3590; x_wconf 83' lang='lat' dir='ltr'><strong>momenti,</strong></span> <span class='ocrx_word' id='word_1_257' title='bbox 1738 3541 1765 3577; x_wconf 90' lang='lat' dir='ltr'><strong>a</strong></span> <span class='ocrx_word' id='word_1_258' title='bbox 1821 3531 2090 3582; x_wconf 91' lang='lat' dir='ltr'><strong>communi</strong></span> <span class='ocrx_word' id='word_1_259' title='bbox 2149 3532 2314 3587; x_wconf 88' lang='lat' dir='ltr'><strong>totius</strong></span> 
     </span>
    </p>
   </div>
   <div class='ocr_carea' id='block_1_38' title="bbox 753 3606 2315 3692">
    <p class='ocr_par' dir='ltr' id='par_1_38' title="bbox 753 3606 2315 3692">
     <span class='ocr_line' id='line_1_38' title="bbox 753 3606 2315 3692; baseline 0.012 -33"><span class='ocrx_word' id='word_1_260' title='bbox 753 3606 902 3660; x_wconf 90' lang='lat' dir='ltr'><strong>orbis</strong></span> <span class='ocrx_word' id='word_1_261' title='bbox 948 3608 1192 3663; x_wconf 90' lang='lat' dir='ltr'><strong>doctrina</strong></span> <span class='ocrx_word' id='word_1_262' title='bbox 1255 3611 1568 3680; x_wconf 89' lang='lat' dir='ltr'><strong>desciscat,</strong></span> <span class='ocrx_word' id='word_1_263' title='bbox 1605 3631 1768 3685; x_wconf 82' lang='lat' dir='ltr'><strong>quam</strong></span> <span class='ocrx_word' id='word_1_264' title='bbox 1834 3619 1949 3690; x_wconf 92' lang='lat' dir='ltr'><strong>ipse</strong></span> <span class='ocrx_word' id='word_1_265' title='bbox 1996 3623 2315 3692; x_wconf 87' lang='lat' dir='ltr'><strong>antiquissi-</strong></span> 
     </span>
    </p>
   </div>
   <div class='ocr_carea' id='block_1_39' title="bbox 751 3707 2308 3783">
    <p class='ocr_par' dir='ltr' id='par_1_39' title="bbox 751 3707 2308 3783">
     <span class='ocr_line' id='line_1_39' title="bbox 751 3707 2308 3783; baseline 0.012 -31"><span class='ocrx_word' id='word_1_266' title='bbox 751 3713 1004 3767; x_wconf 88' lang='lat' dir='ltr'><strong>morum,</strong></span> <span class='ocrx_word' id='word_1_267' title='bbox 1055 3718 1158 3757; x_wconf 88' lang='lat' dir='ltr'><strong>non</strong></span> <span class='ocrx_word' id='word_1_268' title='bbox 1197 3707 1374 3770; x_wconf 89' lang='lat' dir='ltr'><strong>unius,</strong></span> <span class='ocrx_word' id='word_1_269' title='bbox 1436 3716 1531 3761; x_wconf 91' lang='lat' dir='ltr'><strong>aut</strong></span> <span class='ocrx_word' id='word_1_270' title='bbox 1579 3709 1833 3777; x_wconf 90' lang='lat' dir='ltr'><strong>alterius,</strong></span> <span class='ocrx_word' id='word_1_271' title='bbox 1889 3712 1983 3767; x_wconf 86' lang='lat' dir='ltr'><strong>sed</strong></span> <span class='ocrx_word' id='word_1_272' title='bbox 2047 3714 2308 3783; x_wconf 85' lang='lat' dir='ltr'><strong>plurium,</strong></span> 
     </span>
    </p>
   </div>
   <div class='ocr_carea' id='block_1_40' title="bbox 751 3797 2310 3863">
    <p class='ocr_par' dir='ltr' id='par_1_40' title="bbox 751 3797 2310 3863">
     <span class='ocr_line' id='line_1_40' title="bbox 751 3797 2310 3863; baseline 0.012 -20"><span class='ocrx_word' id='word_1_273' title='bbox 751 3805 1048 3862; x_wconf 88' lang='lat' dir='ltr'><strong>eorumque</strong></span> <span class='ocrx_word' id='word_1_274' title='bbox 1101 3811 1204 3850; x_wconf 91' lang='lat' dir='ltr'><strong>non</strong></span> <span class='ocrx_word' id='word_1_275' title='bbox 1243 3797 1413 3853; x_wconf 88' lang='lat' dir='ltr'><strong>inﬁmi</strong></span> <span class='ocrx_word' id='word_1_276' title='bbox 1453 3800 1940 3863; x_wconf 87' lang='lat' dir='ltr'><strong>nominis,Patrum</strong></span> <span class='ocrx_word' id='word_1_277' title='bbox 1976 3806 2310 3862; x_wconf 85' lang='lat' dir='ltr'><strong>auctoritate</strong></span> 
     </span>
    </p>
   </div>
   <div class='ocr_carea' id='block_1_41' title="bbox 749 3881 2309 3960">
    <p class='ocr_par' dir='ltr' id='par_1_41' title="bbox 749 3881 2309 3960">
     <span class='ocr_line' id='line_1_41' title="bbox 749 3881 2309 3960; baseline 0.01 -24"><span class='ocrx_word' id='word_1_278' title='bbox 749 3881 939 3937; x_wconf 83' lang='lat' dir='ltr'><strong>fultam</strong></span> <span class='ocrx_word' id='word_1_279' title='bbox 975 3888 1252 3954; x_wconf 87' lang='lat' dir='ltr'><strong>agnoscit;</strong></span> <span class='ocrx_word' id='word_1_280' title='bbox 1318 3890 1436 3944; x_wconf 87' lang='lat' dir='ltr'><strong>aliis</strong></span> <span class='ocrx_word' id='word_1_281' title='bbox 1477 3892 1666 3946; x_wconf 90' lang='lat' dir='ltr'><strong>saltem</strong></span> <span class='ocrx_word' id='word_1_282' title='bbox 1718 3892 1990 3960; x_wconf 87' lang='lat' dir='ltr'><strong>Patribus,</strong></span> <span class='ocrx_word' id='word_1_283' title='bbox 2055 3905 2147 3950; x_wconf 92' lang='lat' dir='ltr'><strong>aut</strong></span> <span class='ocrx_word' id='word_1_284' title='bbox 2203 3913 2309 3951; x_wconf 94' lang='lat' dir='ltr'><strong>non</strong></span> 
     </span>
    </p>
   </div>
   <div class='ocr_carea' id='block_1_42' title="bbox 749 3980 2312 4058">
    <p class='ocr_par' dir='ltr' id='par_1_42' title="bbox 749 3980 2312 4058">
     <span class='ocr_line' id='line_1_42' title="bbox 749 3980 2312 4058; baseline 0.01 -31"><span class='ocrx_word' id='word_1_285' title='bbox 749 3984 937 4043; x_wconf 83' lang='lat' dir='ltr'><strong>aperte</strong></span> <span class='ocrx_word' id='word_1_286' title='bbox 963 3980 1477 4048; x_wconf 87' lang='lat' dir='ltr'><strong>contradicentibus,</strong></span> <span class='ocrx_word' id='word_1_287' title='bbox 1505 3993 1600 4036; x_wconf 91' lang='lat' dir='ltr'><strong>aut</strong></span> <span class='ocrx_word' id='word_1_288' title='bbox 1623 4000 1685 4038; x_wconf 90' lang='lat' dir='ltr'><strong>ea</strong></span> <span class='ocrx_word' id='word_1_289' title='bbox 1727 3984 2118 4042; x_wconf 80' lang='lat' dir='ltr'><strong>afﬁrmantibus</strong></span> <span class='ocrx_word' id='word_1_290' title='bbox 2138 4030 2153 4055; x_wconf 91' lang='lat'><strong>,</strong></span> <span class='ocrx_word' id='word_1_291' title='bbox 2189 4004 2312 4058; x_wconf 69' lang='lat' dir='ltr'><strong>qua:</strong></span> 
     </span>
    </p>
   </div>
   <div class='ocr_carea' id='block_1_43' title="bbox 750 4065 2312 4143">
    <p class='ocr_par' dir='ltr' id='par_1_43' title="bbox 750 4065 2312 4143">
     <span class='ocr_line' id='line_1_43' title="bbox 750 4065 2312 4143; baseline 0.009 -25"><span class='ocrx_word' id='word_1_292' title='bbox 750 4080 858 4119; x_wconf 87' lang='lat' dir='ltr'><strong>non</strong></span> <span class='ocrx_word' id='word_1_293' title='bbox 894 4065 964 4119; x_wconf 90' lang='lat' dir='ltr'><strong>ita</strong></span> <span class='ocrx_word' id='word_1_294' title='bbox 997 4067 1193 4122; x_wconf 91' lang='lat' dir='ltr'><strong>difﬁcili</strong></span> <span class='ocrx_word' id='word_1_295' title='bbox 1241 4075 1451 4140; x_wconf 81' lang='lat' dir='ltr'><strong>negotio</strong></span> <span class='ocrx_word' id='word_1_296' title='bbox 1484 4075 1550 4127; x_wconf 89' lang='lat' dir='ltr'><strong>ab</strong></span> <span class='ocrx_word' id='word_1_297' title='bbox 1577 4076 1664 4138; x_wconf 91' lang='lat' dir='ltr'><strong>iis,</strong></span> <span class='ocrx_word' id='word_1_298' title='bbox 1698 4077 1788 4143; x_wconf 91' lang='lat' dir='ltr'><strong>qui</strong></span> <span class='ocrx_word' id='word_1_299' title='bbox 1817 4077 1906 4130; x_wconf 92' lang='lat' dir='ltr'><strong>uni</strong></span> <span class='ocrx_word' id='word_1_300' title='bbox 1955 4079 2172 4134; x_wconf 88' lang='lat' dir='ltr'><strong>student</strong></span> <span class='ocrx_word' id='word_1_301' title='bbox 2217 4093 2312 4132; x_wconf 87' lang='lat' dir='ltr'><strong>ve-</strong></span> 
     </span>
    </p>
   </div>
   <div class='ocr_carea' id='block_1_44' title="bbox 749 4158 2307 4232">
    <p class='ocr_par' dir='ltr' id='par_1_44' title="bbox 749 4158 2307 4232">
     <span class='ocr_line' id='line_1_44' title="bbox 749 4158 2307 4232; baseline 0.008 -20"><span class='ocrx_word' id='word_1_302' title='bbox 749 4158 920 4224; x_wconf 80' lang='lat' dir='ltr'><strong>ritati,</strong></span> <span class='ocrx_word' id='word_1_303' title='bbox 981 4161 1238 4226; x_wconf 88' lang='lat' dir='ltr'><strong>explicari</strong></span> <span class='ocrx_word' id='word_1_304' title='bbox 1286 4166 1530 4232; x_wconf 84' lang='lat' dir='ltr'><strong>queant?</strong></span> <span class='ocrx_word' id='word_1_305' title='bbox 1581 4167 1798 4220; x_wconf 79' lang='lat' dir='ltr'><strong>Certum</strong></span> <span class='ocrx_word' id='word_1_306' title='bbox 1834 4179 1916 4224; x_wconf 83' lang='lat' dir='ltr'><strong>est</strong></span> <span class='ocrx_word' id='word_1_307' title='bbox 1977 4171 2124 4224; x_wconf 89' lang='lat' dir='ltr'><strong>enim</strong></span> <span class='ocrx_word' id='word_1_308' title='bbox 2165 4172 2307 4226; x_wconf 90' lang='lat' dir='ltr'><strong>nulla</strong></span> 
     </span>
    </p>
   </div>
   <div class='ocr_carea' id='block_1_45' title="bbox 750 4249 2305 4330">
    <p class='ocr_par' dir='ltr' id='par_1_45' title="bbox 750 4249 2305 4330">
     <span class='ocr_line' id='line_1_45' title="bbox 750 4249 2305 4330; baseline 0.01 -28"><span class='ocrx_word' id='word_1_309' title='bbox 750 4249 968 4305; x_wconf 84' lang='lat' dir='ltr'><strong>Patrum</strong></span> <span class='ocrx_word' id='word_1_310' title='bbox 995 4254 1299 4307; x_wconf 87' lang='lat' dir='ltr'><strong>testimonia</strong></span> <span class='ocrx_word' id='word_1_311' title='bbox 1324 4256 1458 4310; x_wconf 90' lang='lat' dir='ltr'><strong>adeo</strong></span> <span class='ocrx_word' id='word_1_312' title='bbox 1490 4267 1673 4325; x_wconf 89' lang='lat' dir='ltr'><strong>aperta</strong></span> <span class='ocrx_word' id='word_1_313' title='bbox 1707 4299 1722 4320; x_wconf 93' lang='lat'><strong>,</strong></span> <span class='ocrx_word' id='word_1_314' title='bbox 1776 4258 1921 4312; x_wconf 87' lang='lat' dir='ltr'><strong>clara</strong></span> <span class='ocrx_word' id='word_1_315' title='bbox 1945 4271 1992 4314; x_wconf 91' lang='lat' dir='ltr'><strong>et</strong></span> <span class='ocrx_word' id='word_1_316' title='bbox 2021 4265 2305 4330; x_wconf 86' lang='lat' dir='ltr'><strong>perspicua</strong></span> 
     </span>
    </p>
   </div>
   <div class='ocr_carea' id='block_1_46' title="bbox 749 4339 2306 4420">
    <p class='ocr_par' dir='ltr' id='par_1_46' title="bbox 749 4339 2306 4420">
     <span class='ocr_line' id='line_1_46' title="bbox 749 4339 2306 4420; baseline 0.013 -28"><span class='ocrx_word' id='word_1_317' title='bbox 749 4339 928 4394; x_wconf 79' lang='lat' dir='ltr'><strong>afferri</strong></span> <span class='ocrx_word' id='word_1_318' title='bbox 959 4358 1113 4410; x_wconf 90' lang='lat' dir='ltr'><strong>posse</strong></span> <span class='ocrx_word' id='word_1_319' title='bbox 1143 4360 1170 4396; x_wconf 92' lang='lat' dir='ltr'><strong>a</strong></span> <span class='ocrx_word' id='word_1_320' title='bbox 1193 4344 1623 4401; x_wconf 85' lang='lat' dir='ltr'><strong>Protestantibus</strong></span> <span class='ocrx_word' id='word_1_321' title='bbox 1659 4389 1673 4414; x_wconf 92' lang='lat'><strong>,</strong></span> <span class='ocrx_word' id='word_1_322' title='bbox 1698 4359 1863 4420; x_wconf 89' lang='lat' dir='ltr'><strong>atque</strong></span> <span class='ocrx_word' id='word_1_323' title='bbox 1888 4369 1985 4408; x_wconf 90' lang='lat' dir='ltr'><strong>nos</strong></span> <span class='ocrx_word' id='word_1_324' title='bbox 2010 4355 2306 4412; x_wconf 81' lang='lat' dir='ltr'><strong>aﬁ‘erimus.</strong></span> 
     </span>
    </p>
   </div>
   <div class='ocr_carea' id='block_1_47' title="bbox 747 4435 2310 4511">
    <p class='ocr_par' dir='ltr' id='par_1_47' title="bbox 747 4435 2310 4511">
     <span class='ocr_line' id='line_1_47' title="bbox 747 4435 2310 4511; baseline 0.013 -26"><span class='ocrx_word' id='word_1_325' title='bbox 747 4435 1088 4491; x_wconf 85' lang='lat' dir='ltr'><strong>Auctoritate</strong></span> <span class='ocrx_word' id='word_1_326' title='bbox 1131 4439 1344 4507; x_wconf 85' lang='lat' dir='ltr'><strong>quidem</strong></span> <span class='ocrx_word' id='word_1_327' title='bbox 1396 4439 1777 4497; x_wconf 82' lang='lat' dir='ltr'><strong>Africanorum</strong></span> <span class='ocrx_word' id='word_1_328' title='bbox 1829 4445 2071 4511; x_wconf 86' lang='lat' dir='ltr'><strong>Patrum,</strong></span> <span class='ocrx_word' id='word_1_329' title='bbox 2123 4451 2173 4503; x_wconf 91' lang='lat' dir='ltr'><strong>id</strong></span> <span class='ocrx_word' id='word_1_330' title='bbox 2228 4462 2310 4504; x_wconf 83' lang='lat' dir='ltr'><strong>est</strong></span> 
     </span>
    </p>
   </div>
   <div class='ocr_carea' id='block_1_48' title="bbox 2435 576 3985 648">
    <p class='ocr_par' dir='ltr' id='par_1_48' title="bbox 2435 576 3985 648">
     <span class='ocr_line' id='line_1_48' title="bbox 2435 576 3985 648; baseline 0 -16"><span class='ocrx_word' id='word_1_331' title='bbox 2435 577 2636 633; x_wconf 87' lang='lat' dir='ltr'><strong>Christi</strong></span> <span class='ocrx_word' id='word_1_332' title='bbox 2686 579 2785 633; x_wconf 70' lang='grc' dir='ltr'><strong>τῖε</strong></span> <span class='ocrx_word' id='word_1_333' title='bbox 2839 579 2931 633; x_wconf 90' lang='lat' dir='ltr'><strong>Dei</strong></span> <span class='ocrx_word' id='word_1_334' title='bbox 2985 579 3152 632; x_wconf 85' lang='lat' dir='ltr'><strong>verbo</strong></span> <span class='ocrx_word' id='word_1_335' title='bbox 3217 576 3614 632; x_wconf 76' lang='lat' dir='ltr'><strong>sanctiﬁcatum</strong></span> <span class='ocrx_word' id='word_1_336' title='bbox 3679 592 3872 648; x_wconf 91' lang='lat' dir='ltr'><strong>panem</strong></span> <span class='ocrx_word' id='word_1_337' title='bbox 3934 595 3985 632; x_wconf 81' lang='lat' dir='ltr'><strong>in</strong></span> 
     </span>
    </p>
   </div>
   <div class='ocr_carea' id='block_1_49' title="bbox 2433 658 3983 740">
    <p class='ocr_par' dir='ltr' id='par_1_49' title="bbox 2433 658 3983 740">
     <span class='ocr_line' id='line_1_49' title="bbox 2433 658 3983 740; baseline 0.001 -18"><span class='ocrx_word' id='word_1_338' title='bbox 2433 669 2525 723; x_wconf 90' lang='lat' dir='ltr'><strong>Dei</strong></span> <span class='ocrx_word' id='word_1_339' title='bbox 2563 658 2722 723; x_wconf 83' lang='lat' dir='ltr'><strong>Verbi</strong></span> <span class='ocrx_word' id='word_1_340' title='bbox 2752 685 2951 740; x_wconf 88' lang='lat' dir='ltr'><strong>corpus</strong></span> <span class='ocrx_word' id='word_1_341' title='bbox 2982 667 3424 724; x_wconf 81' lang='lat' dir='ltr'><strong>transmutari&quot;:</strong></span> <span class='ocrx_word' id='word_1_342' title='bbox 3463 689 3478 720; x_wconf 79' lang='grc' dir='ltr'><strong><em>ι</em></strong></span> <span class='ocrx_word' id='word_1_343' title='bbox 3500 669 3578 724; x_wconf 91' lang='lat' dir='ltr'><strong>sic</strong></span> <span class='ocrx_word' id='word_1_344' title='bbox 3613 672 3662 725; x_wconf 92' lang='lat' dir='ltr'><strong>hi</strong></span> <span class='ocrx_word' id='word_1_345' title='bbox 3693 669 3983 737; x_wconf 78' lang='lat' dir='ltr'><strong>afﬁrmant,</strong></span> 
     </span>
    </p>
   </div>
   <div class='ocr_carea' id='block_1_50' title="bbox 2435 761 3978 832">
    <p class='ocr_par' dir='ltr' id='par_1_50' title="bbox 2435 761 3978 832">
     <span class='ocr_line' id='line_1_50' title="bbox 2435 761 3978 832; baseline 0.003 -19"><span class='ocrx_word' id='word_1_346' title='bbox 2435 779 2452 813; x_wconf 75' lang='grc' dir='ltr'>ι</span> <span class='ocrx_word' id='word_1_347' title='bbox 2477 777 2618 826; x_wconf 85' lang='lat' dir='ltr'><strong>eam,</strong></span> <span class='ocrx_word' id='word_1_348' title='bbox 2668 761 2720 814; x_wconf 93' lang='lat' dir='ltr'><strong>in</strong></span> <span class='ocrx_word' id='word_1_349' title='bbox 2754 775 2858 830; x_wconf 90' lang='lat' dir='ltr'><strong>qua</strong></span> <span class='ocrx_word' id='word_1_350' title='bbox 2884 777 2982 830; x_wconf 89' lang='lat' dir='ltr'><strong>per</strong></span> <span class='ocrx_word' id='word_1_351' title='bbox 3017 761 3316 816; x_wconf 91' lang='lat' dir='ltr'><strong>orationem</strong></span> <span class='ocrx_word' id='word_1_352' title='bbox 3356 764 3504 817; x_wconf 87' lang='lat' dir='ltr'><strong>verbi</strong></span> <span class='ocrx_word' id='word_1_353' title='bbox 3545 779 3573 817; x_wconf 92' lang='lat' dir='ltr'><strong>a</strong></span> <span class='ocrx_word' id='word_1_354' title='bbox 3603 761 3821 818; x_wconf 89' lang='lat' dir='ltr'><strong>Christo</strong></span> <span class='ocrx_word' id='word_1_355' title='bbox 3867 779 3978 832; x_wconf 85' lang='lat' dir='ltr'><strong>pro-</strong></span> 
     </span>
    </p>
   </div>
   <div class='ocr_carea' id='block_1_51' title="bbox 2429 851 3982 922">
    <p class='ocr_par' dir='ltr' id='par_1_51' title="bbox 2429 851 3982 922">
     <span class='ocr_line' id='line_1_51' title="bbox 2429 851 3982 922; baseline 0.003 -16"><span class='ocrx_word' id='word_1_356' title='bbox 2429 851 2556 907; x_wconf 85' lang='lat' dir='ltr'><strong>fecti</strong></span> <span class='ocrx_word' id='word_1_357' title='bbox 2586 854 2774 922; x_wconf 70' lang='lat' dir='ltr'><strong>gratias</strong></span> <span class='ocrx_word' id='word_1_358' title='bbox 2799 865 2923 907; x_wconf 88' lang='lat' dir='ltr'><strong>sunt</strong></span> <span class='ocrx_word' id='word_1_359' title='bbox 2954 863 3110 916; x_wconf 71' lang='lat' dir='ltr'><strong>actae,</strong></span> <span class='ocrx_word' id='word_1_360' title='bbox 3152 853 3466 907; x_wconf 87' lang='lat' dir='ltr'><strong>alimoniam</strong></span> <span class='ocrx_word' id='word_1_361' title='bbox 3488 895 3502 920; x_wconf 88' lang='lat'><strong>,</strong></span> <span class='ocrx_word' id='word_1_362' title='bbox 3536 856 3803 908; x_wconf 89' lang='lat' dir='ltr'><strong>iucarnati</strong></span> <span class='ocrx_word' id='word_1_363' title='bbox 3846 855 3982 910; x_wconf 82' lang='lat' dir='ltr'><strong>illius</strong></span> 
     </span>
    </p>
   </div>
   <div class='ocr_carea' id='block_1_52' title="bbox 2429 941 3985 1026">
    <p class='ocr_par' dir='ltr' id='par_1_52' title="bbox 2429 941 3985 1026">
     <span class='ocr_line' id='line_1_52' title="bbox 2429 941 3985 1026; baseline 0.001 -29"><span class='ocrx_word' id='word_1_364' title='bbox 2429 941 2554 997; x_wconf 78' lang='lat' dir='ltr'><strong>Jesu</strong></span> <span class='ocrx_word' id='word_1_365' title='bbox 2601 951 2654 996; x_wconf 89' lang='lat' dir='ltr'><strong>et</strong></span> <span class='ocrx_word' id='word_1_366' title='bbox 2710 959 2927 998; x_wconf 89' lang='lat' dir='ltr'><strong>carnem</strong></span> <span class='ocrx_word' id='word_1_367' title='bbox 2980 953 3035 998; x_wconf 92' lang='lat' dir='ltr'><strong>et</strong></span> <span class='ocrx_word' id='word_1_368' title='bbox 3104 945 3420 1014; x_wconf 87' lang='lat' dir='ltr'><strong>sanguinem</strong></span> <span class='ocrx_word' id='word_1_369' title='bbox 3476 944 3710 1026; x_wconf 52' lang='lat' dir='ltr'><strong>esse&#39;f:</strong></span> <span class='ocrx_word' id='word_1_370' title='bbox 3768 947 3985 998; x_wconf 73' lang='grc' dir='ltr'><strong>ηιῑειιιιιι</strong></span> 
     </span>
    </p>
   </div>
   <div class='ocr_carea' id='block_1_53' title="bbox 2430 1035 3985 1106">
    <p class='ocr_par' dir='ltr' id='par_1_53' title="bbox 2430 1035 3985 1106">
     <span class='ocr_line' id='line_1_53' title="bbox 2430 1035 3985 1106; baseline 0 -17"><span class='ocrx_word' id='word_1_371' title='bbox 2430 1038 2675 1100; x_wconf 90' lang='lat' dir='ltr'><strong>calicem,</strong></span> <span class='ocrx_word' id='word_1_372' title='bbox 2721 1047 2775 1090; x_wconf 91' lang='lat' dir='ltr'><strong>et</strong></span> <span class='ocrx_word' id='word_1_373' title='bbox 2829 1035 3033 1090; x_wconf 89' lang='lat' dir='ltr'><strong>factum</strong></span> <span class='ocrx_word' id='word_1_374' title='bbox 3099 1050 3288 1106; x_wconf 90' lang='lat' dir='ltr'><strong>panem</strong></span> <span class='ocrx_word' id='word_1_375' title='bbox 3335 1037 3689 1106; x_wconf 89' lang='lat' dir='ltr'><strong>percipientia</strong></span> <span class='ocrx_word' id='word_1_376' title='bbox 3763 1039 3985 1091; x_wconf 81' lang='lat' dir='ltr'><strong>verbum</strong></span> 
     </span>
    </p>
   </div>
   <div class='ocr_carea' id='block_1_54' title="bbox 2431 1127 3986 1198">
    <p class='ocr_par' dir='ltr' id='par_1_54' title="bbox 2431 1127 3986 1198">
     <span class='ocr_line' id='line_1_54' title="bbox 2431 1127 3986 1198; baseline -0.002 -16"><span class='ocrx_word' id='word_1_377' title='bbox 2431 1128 2548 1192; x_wconf 80' lang='lat' dir='ltr'><strong>Dei,</strong></span> <span class='ocrx_word' id='word_1_378' title='bbox 2606 1127 2722 1182; x_wconf 88' lang='lat' dir='ltr'><strong>ﬁeri</strong></span> <span class='ocrx_word' id='word_1_379' title='bbox 2770 1127 3214 1192; x_wconf 88' lang='lat' dir='ltr'><strong>Eucharistiam,</strong></span> <span class='ocrx_word' id='word_1_380' title='bbox 3280 1130 3594 1198; x_wconf 84' lang='lat' dir='ltr'><strong>sanguinem</strong></span> <span class='ocrx_word' id='word_1_381' title='bbox 3667 1139 3714 1183; x_wconf 91' lang='lat' dir='ltr'><strong>et</strong></span> <span class='ocrx_word' id='word_1_382' title='bbox 3787 1144 3986 1197; x_wconf 79' lang='lat' dir='ltr'><strong>corpus</strong></span> 
     </span>
    </p>
   </div>
   <div class='ocr_carea' id='block_1_55' title="bbox 2429 1219 3988 1292">
    <p class='ocr_par' dir='ltr' id='par_1_55' title="bbox 2429 1219 3988 1292">
     <span class='ocr_line' id='line_1_55' title="bbox 2429 1219 3988 1292; baseline -0.001 -18"><span class='ocrx_word' id='word_1_383' title='bbox 2429 1219 2631 1274; x_wconf 84' lang='lat' dir='ltr'><strong>Christi</strong></span> <span class='ocrx_word' id='word_1_384' title='bbox 2654 1219 2720 1272; x_wconf 82' lang='grc'><strong>⁸⁸.</strong></span> <span class='ocrx_word' id='word_1_385' title='bbox 2747 1240 2766 1273; x_wconf 73' lang='grc' dir='ltr'><strong><em>ι</em></strong></span> <span class='ocrx_word' id='word_1_386' title='bbox 2798 1219 3264 1288; x_wconf 80' lang='lat' dir='ltr'><strong>Quemadmodum</strong></span> <span class='ocrx_word' id='word_1_387' title='bbox 3298 1222 3372 1275; x_wconf 89' lang='lat' dir='ltr'><strong>illi</strong></span> <span class='ocrx_word' id='word_1_388' title='bbox 3406 1220 3771 1291; x_wconf 66' lang='lat' dir='ltr'><strong>pronuntiant,</strong></span> <span class='ocrx_word' id='word_1_389' title='bbox 3797 1236 3988 1292; x_wconf 91' lang='lat' dir='ltr'><strong>panem</strong></span> 
     </span>
    </p>
   </div>
   <div class='ocr_carea' id='block_1_56' title="bbox 2429 1312 3986 1383">
    <p class='ocr_par' dir='ltr' id='par_1_56' title="bbox 2429 1312 3986 1383">
     <span class='ocr_line' id='line_1_56' title="bbox 2429 1312 3986 1383; baseline 0.003 -19"><span class='ocrx_word' id='word_1_390' title='bbox 2429 1323 2484 1364; x_wconf 88' lang='lat' dir='ltr'><strong>et</strong></span> <span class='ocrx_word' id='word_1_391' title='bbox 2517 1312 2697 1365; x_wconf 88' lang='lat' dir='ltr'><strong>vinum</strong></span> <span class='ocrx_word' id='word_1_392' title='bbox 2727 1314 3140 1368; x_wconf 85' lang='lat' dir='ltr'><strong>consecratione</strong></span> <span class='ocrx_word' id='word_1_393' title='bbox 3200 1322 3446 1382; x_wconf 90' lang='lat' dir='ltr'><strong>peracta,</strong></span> <span class='ocrx_word' id='word_1_394' title='bbox 3501 1331 3518 1364; x_wconf 77' lang='grc' dir='ltr'>ι</span> <span class='ocrx_word' id='word_1_395' title='bbox 3554 1315 3846 1383; x_wconf 89' lang='lat' dir='ltr'><strong>spectanda</strong></span> <span class='ocrx_word' id='word_1_396' title='bbox 3880 1331 3986 1369; x_wconf 90' lang='lat' dir='ltr'><strong>non</strong></span> 
     </span>
    </p>
   </div>
   <div class='ocr_carea' id='block_1_57' title="bbox 2428 1406 3988 1474">
    <p class='ocr_par' dir='ltr' id='par_1_57' title="bbox 2428 1406 3988 1474">
     <span class='ocr_line' id='line_1_57' title="bbox 2428 1406 3988 1474; baseline 0.001 -17"><span class='ocrx_word' id='word_1_397' title='bbox 2428 1417 2547 1457; x_wconf 88' lang='lat' dir='ltr'><strong>esse</strong></span> <span class='ocrx_word' id='word_1_398' title='bbox 2574 1414 2827 1473; x_wconf 90' lang='lat' dir='ltr'><strong>tanquam</strong></span> <span class='ocrx_word' id='word_1_399' title='bbox 2870 1419 3062 1474; x_wconf 89' lang='lat' dir='ltr'><strong>panem</strong></span> <span class='ocrx_word' id='word_1_400' title='bbox 3115 1407 3316 1460; x_wconf 89' lang='lat' dir='ltr'><strong>nudum</strong></span> <span class='ocrx_word' id='word_1_401' title='bbox 3343 1445 3358 1469; x_wconf 94' lang='lat'><strong>,</strong></span> <span class='ocrx_word' id='word_1_402' title='bbox 3399 1417 3455 1460; x_wconf 92' lang='lat' dir='ltr'><strong>et</strong></span> <span class='ocrx_word' id='word_1_403' title='bbox 3503 1407 3690 1461; x_wconf 87' lang='lat' dir='ltr'><strong>vinum</strong></span> <span class='ocrx_word' id='word_1_404' title='bbox 3741 1406 3988 1468; x_wconf 81' lang='lat' dir='ltr'><strong>nudum;</strong></span> 
     </span>
    </p>
   </div>
   <div class='ocr_carea' id='block_1_58' title="bbox 2429 1497 3986 1568">
    <p class='ocr_par' dir='ltr' id='par_1_58' title="bbox 2429 1497 3986 1568">
     <span class='ocr_line' id='line_1_58' title="bbox 2429 1497 3986 1568; baseline 0.001 -21"><span class='ocrx_word' id='word_1_405' title='bbox 2429 1508 2626 1566; x_wconf 88' lang='lat' dir='ltr'><strong>corpus</strong></span> <span class='ocrx_word' id='word_1_406' title='bbox 2655 1497 2796 1551; x_wconf 91' lang='lat' dir='ltr'><strong>enim</strong></span> <span class='ocrx_word' id='word_1_407' title='bbox 2827 1512 2947 1552; x_wconf 88' lang='lat' dir='ltr'><strong>esse</strong></span> <span class='ocrx_word' id='word_1_408' title='bbox 2978 1507 3032 1552; x_wconf 90' lang='lat' dir='ltr'><strong>et</strong></span> <span class='ocrx_word' id='word_1_409' title='bbox 3062 1498 3382 1568; x_wconf 89' lang='lat' dir='ltr'><strong>sanguinem</strong></span> <span class='ocrx_word' id='word_1_410' title='bbox 3409 1497 3614 1553; x_wconf 87' lang='lat' dir='ltr'><strong>Christi</strong></span> <span class='ocrx_word' id='word_1_411' title='bbox 3641 1539 3655 1562; x_wconf 98' lang='lat'><strong>,</strong></span> <span class='ocrx_word' id='word_1_412' title='bbox 3687 1497 3986 1553; x_wconf 89' lang='lat' dir='ltr'><strong>secundum</strong></span> 
     </span>
    </p>
   </div>
   <div class='ocr_carea' id='block_1_59' title="bbox 2429 1585 3988 1662">
    <p class='ocr_par' dir='ltr' id='par_1_59' title="bbox 2429 1585 3988 1662">
     <span class='ocr_line' id='line_1_59' title="bbox 2429 1585 3988 1662; baseline 0.001 -20"><span class='ocrx_word' id='word_1_413' title='bbox 2429 1587 2602 1657; x_wconf 88' lang='lat' dir='ltr'><strong>ipsius</strong></span> <span class='ocrx_word' id='word_1_414' title='bbox 2628 1585 2838 1644; x_wconf 90' lang='lat' dir='ltr'><strong>Domini</strong></span> <span class='ocrx_word' id='word_1_415' title='bbox 2864 1590 3028 1644; x_wconf 88' lang='lat' dir='ltr'><strong>verba</strong></span> <span class='ocrx_word' id='word_1_416' title='bbox 3057 1589 3140 1652; x_wconf 66' lang='grc' dir='ltr'><strong>ἐς</strong></span> <span class='ocrx_word' id='word_1_417' title='bbox 3192 1604 3382 1662; x_wconf 84' lang='lat' dir='ltr'><strong>panem</strong></span> <span class='ocrx_word' id='word_1_418' title='bbox 3435 1591 3834 1646; x_wconf 89' lang='lat' dir='ltr'><strong>sanctiﬁcatum</strong></span> <span class='ocrx_word' id='word_1_419' title='bbox 3891 1606 3988 1660; x_wconf 83' lang='lat' dir='ltr'><strong>per</strong></span> 
     </span>
    </p>
   </div>
   <div class='ocr_carea' id='block_1_60' title="bbox 2429 1679 3991 1754">
    <p class='ocr_par' dir='ltr' id='par_1_60' title="bbox 2429 1679 3991 1754">
     <span class='ocr_line' id='line_1_60' title="bbox 2429 1679 3991 1754; baseline 0.003 -22"><span class='ocrx_word' id='word_1_420' title='bbox 2429 1681 2652 1734; x_wconf 86' lang='lat' dir='ltr'><strong>verbum</strong></span> <span class='ocrx_word' id='word_1_421' title='bbox 2709 1679 2802 1734; x_wconf 85' lang='lat' dir='ltr'><strong>Dei</strong></span> <span class='ocrx_word' id='word_1_422' title='bbox 2840 1690 2893 1735; x_wconf 92' lang='lat' dir='ltr'><strong>et</strong></span> <span class='ocrx_word' id='word_1_423' title='bbox 2923 1681 3249 1750; x_wconf 91' lang='lat' dir='ltr'><strong>orationem,</strong></span> <span class='ocrx_word' id='word_1_424' title='bbox 3280 1682 3462 1736; x_wconf 88' lang='lat' dir='ltr'><strong>statim</strong></span> <span class='ocrx_word' id='word_1_425' title='bbox 3494 1681 3651 1738; x_wconf 85' lang='lat' dir='ltr'><strong>Verbi</strong></span> <span class='ocrx_word' id='word_1_426' title='bbox 3686 1683 3737 1738; x_wconf 91' lang='lat' dir='ltr'><strong>in</strong></span> <span class='ocrx_word' id='word_1_427' title='bbox 3790 1699 3991 1754; x_wconf 82' lang='lat' dir='ltr'><strong>Corpus</strong></span> 
     </span>
    </p>
   </div>
   <div class='ocr_carea' id='block_1_61' title="bbox 2431 1772 3990 1837">
    <p class='ocr_par' dir='ltr' id='par_1_61' title="bbox 2431 1772 3990 1837">
     <span class='ocr_line' id='line_1_61' title="bbox 2431 1772 3990 1837; baseline 0.005 -15"><span class='ocrx_word' id='word_1_428' title='bbox 2431 1772 2808 1837; x_wconf 87' lang='lat' dir='ltr'><strong>transmutari,</strong></span> <span class='ocrx_word' id='word_1_429' title='bbox 2861 1772 3002 1827; x_wconf 91' lang='lat' dir='ltr'><strong>sicut</strong></span> <span class='ocrx_word' id='word_1_430' title='bbox 3044 1773 3243 1827; x_wconf 90' lang='lat' dir='ltr'><strong>dictum</strong></span> <span class='ocrx_word' id='word_1_431' title='bbox 3289 1784 3372 1829; x_wconf 89' lang='lat' dir='ltr'><strong>est</strong></span> <span class='ocrx_word' id='word_1_432' title='bbox 3413 1791 3439 1828; x_wconf 93' lang='lat' dir='ltr'><strong>a</strong></span> <span class='ocrx_word' id='word_1_433' title='bbox 3474 1773 3692 1829; x_wconf 80' lang='lat' dir='ltr'><strong>Verbo:</strong></span> <span class='ocrx_word' id='word_1_434' title='bbox 3757 1773 3870 1828; x_wconf 77' lang='lat' dir='ltr'><strong>Hoc</strong></span> <span class='ocrx_word' id='word_1_435' title='bbox 3915 1787 3990 1830; x_wconf 80' lang='lat' dir='ltr'><strong>est</strong></span> 
     </span>
    </p>
   </div>
   <div class='ocr_carea' id='block_1_62' title="bbox 2429 1863 3988 1936">
    <p class='ocr_par' dir='ltr' id='par_1_62' title="bbox 2429 1863 3988 1936">
     <span class='ocr_line' id='line_1_62' title="bbox 2429 1863 3988 1936; baseline 0.001 -21"><span class='ocrx_word' id='word_1_436' title='bbox 2429 1878 2615 1931; x_wconf 84' lang='lat' dir='ltr'><strong>corpus</strong></span> <span class='ocrx_word' id='word_1_437' title='bbox 2640 1880 2807 1916; x_wconf 80' lang='lat' dir='ltr'><strong>meum</strong></span> <span class='ocrx_word' id='word_1_438' title='bbox 2828 1863 2872 1895; x_wconf 82' lang='grc'><strong>⁸¹</strong></span> <span class='ocrx_word' id='word_1_439' title='bbox 2899 1879 2912 1915; x_wconf 88' lang='lat'><strong>:</strong></span> <span class='ocrx_word' id='word_1_440' title='bbox 2941 1884 2956 1915; x_wconf 72' lang='grc' dir='ltr'><strong><em>ι</em></strong></span> <span class='ocrx_word' id='word_1_441' title='bbox 2992 1867 3069 1919; x_wconf 90' lang='lat' dir='ltr'><strong>sic</strong></span> <span class='ocrx_word' id='word_1_442' title='bbox 3098 1874 3153 1919; x_wconf 91' lang='lat' dir='ltr'><strong>et</strong></span> <span class='ocrx_word' id='word_1_443' title='bbox 3180 1866 3230 1918; x_wconf 94' lang='lat' dir='ltr'><strong>hi</strong></span> <span class='ocrx_word' id='word_1_444' title='bbox 3254 1866 3432 1936; x_wconf 86' lang='lat' dir='ltr'><strong>palam</strong></span> <span class='ocrx_word' id='word_1_445' title='bbox 3458 1869 3767 1930; x_wconf 90' lang='lat' dir='ltr'><strong>enuntiant,</strong></span> <span class='ocrx_word' id='word_1_446' title='bbox 3793 1886 3811 1918; x_wconf 72' lang='grc' dir='ltr'>ι</span> <span class='ocrx_word' id='word_1_447' title='bbox 3839 1885 3988 1931; x_wconf 85' lang='lat' dir='ltr'><strong>eum,</strong></span> 
     </span>
    </p>
   </div>
   <div class='ocr_carea' id='block_1_63' title="bbox 2426 1955 3987 2030">
    <p class='ocr_par' dir='ltr' id='par_1_63' title="bbox 2426 1955 3987 2030">
     <span class='ocr_line' id='line_1_63' title="bbox 2426 1955 3987 2030; baseline 0.001 -21"><span class='ocrx_word' id='word_1_448' title='bbox 2426 1955 2478 2009; x_wconf 91' lang='lat' dir='ltr'><strong>in</strong></span> <span class='ocrx_word' id='word_1_449' title='bbox 2507 1971 2613 2025; x_wconf 92' lang='lat' dir='ltr'><strong>quo</strong></span> <span class='ocrx_word' id='word_1_450' title='bbox 2639 1958 2826 2028; x_wconf 70' lang='lat' dir='ltr'><strong>gratia:</strong></span> <span class='ocrx_word' id='word_1_451' title='bbox 2846 1966 2979 2009; x_wconf 55' lang='lat' dir='ltr'><strong>actae</strong></span> <span class='ocrx_word' id='word_1_452' title='bbox 3007 1966 3155 2024; x_wconf 90' lang='lat' dir='ltr'><strong>sunt,</strong></span> <span class='ocrx_word' id='word_1_453' title='bbox 3186 1972 3400 2028; x_wconf 91' lang='lat' dir='ltr'><strong>panem,</strong></span> <span class='ocrx_word' id='word_1_454' title='bbox 3436 1961 3642 2025; x_wconf 86' lang='lat' dir='ltr'><strong>vinum,</strong></span> <span class='ocrx_word' id='word_1_455' title='bbox 3683 1969 3734 2014; x_wconf 91' lang='lat' dir='ltr'><strong>et</strong></span> <span class='ocrx_word' id='word_1_456' title='bbox 3765 1976 3987 2030; x_wconf 84' lang='lat' dir='ltr'><strong>aquam,</strong></span> 
     </span>
    </p>
   </div>
   <div class='ocr_carea' id='block_1_64' title="bbox 2424 2056 3991 2122">
    <p class='ocr_par' dir='ltr' id='par_1_64' title="bbox 2424 2056 3991 2122">
     <span class='ocr_line' id='line_1_64' title="bbox 2424 2056 3991 2122; baseline 0.002 -21"><span class='ocrx_word' id='word_1_457' title='bbox 2424 2063 2528 2101; x_wconf 92' lang='lat' dir='ltr'><strong>non</strong></span> <span class='ocrx_word' id='word_1_458' title='bbox 2553 2056 2611 2100; x_wconf 89' lang='lat' dir='ltr'><strong>ut</strong></span> <span class='ocrx_word' id='word_1_459' title='bbox 2638 2064 2980 2104; x_wconf 90' lang='lat' dir='ltr'><strong>communem</strong></span> <span class='ocrx_word' id='word_1_460' title='bbox 3009 2064 3203 2118; x_wconf 86' lang='lat' dir='ltr'><strong>panem</strong></span> <span class='ocrx_word' id='word_1_461' title='bbox 3233 2090 3248 2116; x_wconf 95' lang='lat'><strong>,</strong></span> <span class='ocrx_word' id='word_1_462' title='bbox 3288 2066 3464 2121; x_wconf 91' lang='lat' dir='ltr'><strong>neque</strong></span> <span class='ocrx_word' id='word_1_463' title='bbox 3519 2067 3864 2106; x_wconf 88' lang='lat' dir='ltr'><strong>communem</strong></span> <span class='ocrx_word' id='word_1_464' title='bbox 3897 2069 3991 2122; x_wconf 89' lang='lat' dir='ltr'><strong>po-</strong></span> 
     </span>
    </p>
   </div>
   <div class='ocr_carea' id='block_1_65' title="bbox 2424 2143 3989 2218">
    <p class='ocr_par' dir='ltr' id='par_1_65' title="bbox 2424 2143 3989 2218">
     <span class='ocr_line' id='line_1_65' title="bbox 2424 2143 3989 2218; baseline 0.003 -24"><span class='ocrx_word' id='word_1_465' title='bbox 2424 2150 2542 2218; x_wconf 63' lang='lat' dir='ltr'><strong>tunt</strong></span> <span class='ocrx_word' id='word_1_466' title='bbox 2575 2143 2758 2210; x_wconf 89' lang='lat' dir='ltr'><strong>sumi,</strong></span> <span class='ocrx_word' id='word_1_467' title='bbox 2818 2143 2911 2198; x_wconf 88' lang='lat' dir='ltr'><strong>sed</strong></span> <span class='ocrx_word' id='word_1_468' title='bbox 2963 2154 3021 2198; x_wconf 91' lang='lat' dir='ltr'><strong>ut</strong></span> <span class='ocrx_word' id='word_1_469' title='bbox 3050 2144 3315 2199; x_wconf 90' lang='lat' dir='ltr'><strong>iucarnati</strong></span> <span class='ocrx_word' id='word_1_470' title='bbox 3345 2143 3470 2198; x_wconf 84' lang='lat' dir='ltr'><strong>Jesn</strong></span> <span class='ocrx_word' id='word_1_471' title='bbox 3506 2158 3723 2199; x_wconf 89' lang='lat' dir='ltr'><strong>carnem</strong></span> <span class='ocrx_word' id='word_1_472' title='bbox 3771 2154 3826 2198; x_wconf 88' lang='lat' dir='ltr'><strong>et</strong></span> <span class='ocrx_word' id='word_1_473' title='bbox 3858 2161 3989 2199; x_wconf 78' lang='lat' dir='ltr'><strong>san-</strong></span> 
     </span>
    </p>
   </div>
   <div class='ocr_carea' id='block_1_66' title="bbox 2434 2234 3994 2307">
    <p class='ocr_par' dir='ltr' id='par_1_66' title="bbox 2434 2234 3994 2307">
     <span class='ocr_line' id='line_1_66' title="bbox 2434 2234 3994 2307; baseline 0.003 -22"><span class='ocrx_word' id='word_1_474' title='bbox 2434 2234 2650 2304; x_wconf 89' lang='lat' dir='ltr'><strong>guinem</strong></span> <span class='ocrx_word' id='word_1_475' title='bbox 2678 2234 2764 2299; x_wconf 84' lang='grc'><strong>⁸³;</strong></span> <span class='ocrx_word' id='word_1_476' title='bbox 2804 2253 2824 2286; x_wconf 75' lang='grc' dir='ltr'><strong><em>ι</em></strong></span> <span class='ocrx_word' id='word_1_477' title='bbox 2860 2249 3002 2298; x_wconf 84' lang='lat' dir='ltr'><strong>eum,</strong></span> <span class='ocrx_word' id='word_1_478' title='bbox 3065 2254 3082 2287; x_wconf 74' lang='grc' dir='ltr'>ι</span> <span class='ocrx_word' id='word_1_479' title='bbox 3123 2237 3211 2306; x_wconf 93' lang='lat' dir='ltr'><strong>qui</strong></span> <span class='ocrx_word' id='word_1_480' title='bbox 3255 2252 3281 2288; x_wconf 92' lang='lat' dir='ltr'><strong>a</strong></span> <span class='ocrx_word' id='word_1_481' title='bbox 3341 2247 3487 2290; x_wconf 87' lang='lat' dir='ltr'><strong>terra</strong></span> <span class='ocrx_word' id='word_1_482' title='bbox 3542 2245 3626 2292; x_wconf 89' lang='lat' dir='ltr'><strong>est</strong></span> <span class='ocrx_word' id='word_1_483' title='bbox 3666 2237 3837 2307; x_wconf 89' lang='lat' dir='ltr'><strong>panis,</strong></span> <span class='ocrx_word' id='word_1_484' title='bbox 3873 2252 3994 2306; x_wconf 85' lang='lat' dir='ltr'><strong>per-</strong></span> 
     </span>
    </p>
   </div>
   <div class='ocr_carea' id='block_1_67' title="bbox 2420 2326 3990 2398">
    <p class='ocr_par' dir='ltr' id='par_1_67' title="bbox 2420 2326 3990 2398">
     <span class='ocr_line' id='line_1_67' title="bbox 2420 2326 3990 2398; baseline 0.004 -18"><span class='ocrx_word' id='word_1_485' title='bbox 2420 2326 2708 2394; x_wconf 90' lang='lat' dir='ltr'><strong>cipientem</strong></span> <span class='ocrx_word' id='word_1_486' title='bbox 2777 2328 3174 2384; x_wconf 85' lang='lat' dir='ltr'><strong>invocationem</strong></span> <span class='ocrx_word' id='word_1_487' title='bbox 3230 2329 3321 2383; x_wconf 89' lang='lat' dir='ltr'><strong>Dei</strong></span> <span class='ocrx_word' id='word_1_488' title='bbox 3362 2370 3376 2394; x_wconf 87' lang='lat'><strong>,</strong></span> <span class='ocrx_word' id='word_1_489' title='bbox 3419 2329 3533 2398; x_wconf 89' lang='lat' dir='ltr'><strong>jam</strong></span> <span class='ocrx_word' id='word_1_490' title='bbox 3582 2345 3688 2385; x_wconf 93' lang='lat' dir='ltr'><strong>non</strong></span> <span class='ocrx_word' id='word_1_491' title='bbox 3740 2347 3990 2386; x_wconf 88' lang='lat' dir='ltr'><strong>commu-</strong></span> 
     </span>
    </p>
   </div>
   <div class='ocr_carea' id='block_1_68' title="bbox 2420 2421 3990 2489">
    <p class='ocr_par' dir='ltr' id='par_1_68' title="bbox 2420 2421 3990 2489">
     <span class='ocr_line' id='line_1_68' title="bbox 2420 2421 3990 2489; baseline 0.005 -18"><span class='ocrx_word' id='word_1_492' title='bbox 2420 2433 2540 2472; x_wconf 91' lang='lat' dir='ltr'><strong>nem</strong></span> <span class='ocrx_word' id='word_1_493' title='bbox 2573 2433 2762 2489; x_wconf 86' lang='lat' dir='ltr'><strong>pauem</strong></span> <span class='ocrx_word' id='word_1_494' title='bbox 2808 2435 2950 2486; x_wconf 90' lang='lat' dir='ltr'><strong>esse,</strong></span> <span class='ocrx_word' id='word_1_495' title='bbox 3018 2422 3110 2476; x_wconf 86' lang='lat' dir='ltr'><strong>sed</strong></span> <span class='ocrx_word' id='word_1_496' title='bbox 3172 2421 3596 2489; x_wconf 86' lang='lat' dir='ltr'><strong>Eucharistiam,</strong></span> <span class='ocrx_word' id='word_1_497' title='bbox 3649 2437 3716 2478; x_wconf 78' lang='lat' dir='ltr'><strong>ex</strong></span> <span class='ocrx_word' id='word_1_498' title='bbox 3774 2423 3990 2479; x_wconf 91' lang='lat' dir='ltr'><strong>duabus</strong></span> 
     </span>
    </p>
   </div>
   <div class='ocr_carea' id='block_1_69' title="bbox 2419 2509 3984 2582">
    <p class='ocr_par' dir='ltr' id='par_1_69' title="bbox 2419 2509 3984 2582">
     <span class='ocr_line' id='line_1_69' title="bbox 2419 2509 3984 2582; baseline 0.003 -18"><span class='ocrx_word' id='word_1_499' title='bbox 2419 2509 2573 2582; x_wconf 77' lang='lat' dir='ltr'><strong>[CLI]</strong></span> <span class='ocrx_word' id='word_1_500' title='bbox 2642 2513 2803 2566; x_wconf 88' lang='lat' dir='ltr'><strong>rebus</strong></span> <span class='ocrx_word' id='word_1_501' title='bbox 2837 2523 3200 2578; x_wconf 86' lang='lat' dir='ltr'><strong>constantem,</strong></span> <span class='ocrx_word' id='word_1_502' title='bbox 3262 2523 3477 2569; x_wconf 88' lang='lat' dir='ltr'><strong>terrena</strong></span> <span class='ocrx_word' id='word_1_503' title='bbox 3502 2525 3555 2570; x_wconf 89' lang='lat' dir='ltr'><strong>et</strong></span> <span class='ocrx_word' id='word_1_504' title='bbox 3592 2515 3803 2570; x_wconf 67' lang='lat' dir='ltr'><strong>caelesti</strong></span> <span class='ocrx_word' id='word_1_505' title='bbox 3851 2516 3918 2580; x_wconf 65' lang='grc' dir='ltr'><strong>δι,</strong></span> <span class='ocrx_word' id='word_1_506' title='bbox 3966 2537 3984 2569; x_wconf 77' lang='grc' dir='ltr'><strong>ι</strong></span> 
     </span>
    </p>
   </div>
   <div class='ocr_carea' id='block_1_70' title="bbox 2419 2604 3994 2671">
    <p class='ocr_par' dir='ltr' id='par_1_70' title="bbox 2419 2604 3994 2671">
     <span class='ocr_line' id='line_1_70' title="bbox 2419 2604 3994 2671; baseline 0.003 -16"><span class='ocrx_word' id='word_1_507' title='bbox 2419 2617 2644 2671; x_wconf 91' lang='lat' dir='ltr'><strong>corpore</strong></span> <span class='ocrx_word' id='word_1_508' title='bbox 2693 2604 2945 2658; x_wconf 87' lang='lat' dir='ltr'><strong>videlicet</strong></span> <span class='ocrx_word' id='word_1_509' title='bbox 2995 2605 3199 2659; x_wconf 82' lang='lat' dir='ltr'><strong>Christi</strong></span> <span class='ocrx_word' id='word_1_510' title='bbox 3230 2620 3259 2660; x_wconf 92' lang='lat' dir='ltr'><strong>e</strong></span> <span class='ocrx_word' id='word_1_511' title='bbox 3312 2615 3525 2661; x_wconf 87' lang='lat' dir='ltr'><strong>terrena</strong></span> <span class='ocrx_word' id='word_1_512' title='bbox 3580 2607 3805 2661; x_wconf 85' lang='lat' dir='ltr'><strong>materia</strong></span> <span class='ocrx_word' id='word_1_513' title='bbox 3859 2624 3994 2661; x_wconf 81' lang='lat' dir='ltr'><strong>con-</strong></span> 
     </span>
    </p>
   </div>
   <div class='ocr_carea' id='block_1_71' title="bbox 2417 2696 3995 2769">
    <p class='ocr_par' dir='ltr' id='par_1_71' title="bbox 2417 2696 3995 2769">
     <span class='ocr_line' id='line_1_71' title="bbox 2417 2696 3995 2769; baseline 0.004 -20"><span class='ocrx_word' id='word_1_514' title='bbox 2417 2703 2594 2759; x_wconf 90' lang='lat' dir='ltr'><strong>creto,</strong></span> <span class='ocrx_word' id='word_1_515' title='bbox 2635 2704 2688 2749; x_wconf 90' lang='lat' dir='ltr'><strong>et</strong></span> <span class='ocrx_word' id='word_1_516' title='bbox 2717 2696 2892 2751; x_wconf 86' lang='lat' dir='ltr'><strong>Verbo</strong></span> <span class='ocrx_word' id='word_1_517' title='bbox 2941 2697 3028 2752; x_wconf 85' lang='lat' dir='ltr'><strong>Dei</strong></span> <span class='ocrx_word' id='word_1_518' title='bbox 3083 2699 3209 2752; x_wconf 87' lang='lat' dir='ltr'><strong>huic</strong></span> <span class='ocrx_word' id='word_1_519' title='bbox 3258 2700 3594 2769; x_wconf 85' lang='lat' dir='ltr'><strong>hypostatice</strong></span> <span class='ocrx_word' id='word_1_520' title='bbox 3641 2700 3995 2755; x_wconf 87' lang='lat' dir='ltr'><strong>unito.Sicut</strong></span> 
     </span>
    </p>
   </div>
   <div class='ocr_carea' id='block_1_72' title="bbox 2419 2786 3992 2862">
    <p class='ocr_par' dir='ltr' id='par_1_72' title="bbox 2419 2786 3992 2862">
     <span class='ocr_line' id='line_1_72' title="bbox 2419 2786 3992 2862; baseline 0.004 -23"><span class='ocrx_word' id='word_1_521' title='bbox 2419 2786 2495 2840; x_wconf 92' lang='lat' dir='ltr'><strong>illi</strong></span> <span class='ocrx_word' id='word_1_522' title='bbox 2523 2789 2736 2852; x_wconf 89' lang='lat' dir='ltr'><strong>docent,</strong></span> <span class='ocrx_word' id='word_1_523' title='bbox 2775 2808 2792 2838; x_wconf 76' lang='grc' dir='ltr'>ι</span> <span class='ocrx_word' id='word_1_524' title='bbox 2831 2789 3052 2844; x_wconf 83' lang='lat' dir='ltr'><strong>Christo</strong></span> <span class='ocrx_word' id='word_1_525' title='bbox 3089 2791 3206 2858; x_wconf 88' lang='lat' dir='ltr'><strong>ipso</strong></span> <span class='ocrx_word' id='word_1_526' title='bbox 3238 2793 3314 2845; x_wconf 90' lang='lat' dir='ltr'><strong>sic</strong></span> <span class='ocrx_word' id='word_1_527' title='bbox 3345 2791 3669 2857; x_wconf 89' lang='lat' dir='ltr'><strong>afﬁrmante,</strong></span> <span class='ocrx_word' id='word_1_528' title='bbox 3702 2805 3861 2862; x_wconf 85' lang='lat' dir='ltr'><strong>atque</strong></span> <span class='ocrx_word' id='word_1_529' title='bbox 3900 2793 3992 2845; x_wconf 87' lang='lat' dir='ltr'><strong>di-</strong></span> 
     </span>
    </p>
   </div>
   <div class='ocr_carea' id='block_1_73' title="bbox 2417 2881 3989 2952">
    <p class='ocr_par' dir='ltr' id='par_1_73' title="bbox 2417 2881 3989 2952">
     <span class='ocr_line' id='line_1_73' title="bbox 2417 2881 3989 2952; baseline 0.002 -18"><span class='ocrx_word' id='word_1_530' title='bbox 2417 2892 2573 2935; x_wconf 90' lang='lat' dir='ltr'><strong>cente</strong></span> <span class='ocrx_word' id='word_1_531' title='bbox 2621 2883 2686 2936; x_wconf 91' lang='lat' dir='ltr'><strong>de</strong></span> <span class='ocrx_word' id='word_1_532' title='bbox 2746 2897 2930 2951; x_wconf 87' lang='lat' dir='ltr'><strong>pane:</strong></span> <span class='ocrx_word' id='word_1_533' title='bbox 2970 2881 3080 2936; x_wconf 81' lang='lat' dir='ltr'><strong>Hoc</strong></span> <span class='ocrx_word' id='word_1_534' title='bbox 3104 2893 3178 2935; x_wconf 80' lang='lat' dir='ltr'><strong>est</strong></span> <span class='ocrx_word' id='word_1_535' title='bbox 3239 2900 3430 2952; x_wconf 76' lang='lat' dir='ltr'><strong>corpus</strong></span> <span class='ocrx_word' id='word_1_536' title='bbox 3461 2901 3654 2946; x_wconf 86' lang='lat' dir='ltr'><strong>meum,</strong></span> <span class='ocrx_word' id='word_1_537' title='bbox 3711 2887 3989 2940; x_wconf 89' lang='lat' dir='ltr'><strong>neminem</strong></span> 
     </span>
    </p>
   </div>
   <div class='ocr_carea' id='block_1_74' title="bbox 2416 2970 3991 3044">
    <p class='ocr_par' dir='ltr' id='par_1_74' title="bbox 2416 2970 3991 3044">
     <span class='ocr_line' id='line_1_74' title="bbox 2416 2970 3991 3044; baseline 0.003 -18"><span class='ocrx_word' id='word_1_538' title='bbox 2416 2970 2676 3040; x_wconf 89' lang='lat' dir='ltr'><strong>deinceps</strong></span> <span class='ocrx_word' id='word_1_539' title='bbox 2733 2976 2932 3028; x_wconf 87' lang='lat' dir='ltr'><strong>audere</strong></span> <span class='ocrx_word' id='word_1_540' title='bbox 2979 2975 3276 3031; x_wconf 87' lang='lat' dir='ltr'><strong>dubitare:</strong></span> <span class='ocrx_word' id='word_1_541' title='bbox 3311 2976 3497 3030; x_wconf 89' lang='lat' dir='ltr'><strong>eodem</strong></span> <span class='ocrx_word' id='word_1_542' title='bbox 3537 2992 3751 3044; x_wconf 89' lang='lat' dir='ltr'><strong>quoque</strong></span> <span class='ocrx_word' id='word_1_543' title='bbox 3781 2978 3991 3030; x_wconf 83' lang='lat' dir='ltr'><strong>confir-</strong></span> 
     </span>
    </p>
   </div>
   <div class='ocr_carea' id='block_1_75' title="bbox 2416 3067 3990 3139">
    <p class='ocr_par' dir='ltr' id='par_1_75' title="bbox 2416 3067 3990 3139">
     <span class='ocr_line' id='line_1_75' title="bbox 2416 3067 3990 3139; baseline 0.006 -22"><span class='ocrx_word' id='word_1_544' title='bbox 2416 3077 2598 3121; x_wconf 84' lang='lat' dir='ltr'><strong>mante</strong></span> <span class='ocrx_word' id='word_1_545' title='bbox 2645 3075 2697 3120; x_wconf 88' lang='lat' dir='ltr'><strong>et</strong></span> <span class='ocrx_word' id='word_1_546' title='bbox 2752 3069 2999 3122; x_wconf 89' lang='lat' dir='ltr'><strong>dicente:</strong></span> <span class='ocrx_word' id='word_1_547' title='bbox 3035 3067 3134 3121; x_wconf 84' lang='lat' dir='ltr'><strong>Hic</strong></span> <span class='ocrx_word' id='word_1_548' title='bbox 3186 3080 3258 3121; x_wconf 84' lang='lat' dir='ltr'><strong>est</strong></span> <span class='ocrx_word' id='word_1_549' title='bbox 3282 3071 3496 3139; x_wconf 79' lang='lat' dir='ltr'><strong>sanguis</strong></span> <span class='ocrx_word' id='word_1_550' title='bbox 3560 3087 3728 3131; x_wconf 80' lang='lat' dir='ltr'><strong>meus,</strong></span> <span class='ocrx_word' id='word_1_551' title='bbox 3779 3073 3990 3126; x_wconf 80' lang='lat' dir='ltr'><strong>nullum</strong></span> 
     </span>
    </p>
   </div>
   <div class='ocr_carea' id='block_1_76' title="bbox 2417 3155 3987 3234">
    <p class='ocr_par' dir='ltr' id='par_1_76' title="bbox 2417 3155 3987 3234">
     <span class='ocr_line' id='line_1_76' title="bbox 2417 3155 3987 3234; baseline 0.006 -24"><span class='ocrx_word' id='word_1_552' title='bbox 2417 3155 2532 3213; x_wconf 90' lang='lat' dir='ltr'><strong>fore</strong></span> <span class='ocrx_word' id='word_1_553' title='bbox 2558 3157 2648 3227; x_wconf 92' lang='lat' dir='ltr'><strong>qui</strong></span> <span class='ocrx_word' id='word_1_554' title='bbox 2671 3158 2898 3225; x_wconf 90' lang='lat' dir='ltr'><strong>dubitet,</strong></span> <span class='ocrx_word' id='word_1_555' title='bbox 2919 3169 2976 3214; x_wconf 92' lang='lat' dir='ltr'><strong>et</strong></span> <span class='ocrx_word' id='word_1_556' title='bbox 3005 3161 3151 3215; x_wconf 89' lang='lat' dir='ltr'><strong>dicat</strong></span> <span class='ocrx_word' id='word_1_557' title='bbox 3170 3176 3274 3216; x_wconf 88' lang='lat' dir='ltr'><strong>non</strong></span> <span class='ocrx_word' id='word_1_558' title='bbox 3303 3177 3422 3216; x_wconf 92' lang='lat' dir='ltr'><strong>esse</strong></span> <span class='ocrx_word' id='word_1_559' title='bbox 3449 3162 3590 3217; x_wconf 88' lang='lat' dir='ltr'><strong>illius</strong></span> <span class='ocrx_word' id='word_1_560' title='bbox 3625 3166 3944 3234; x_wconf 79' lang='lat' dir='ltr'><strong>sanguinem</strong></span> <span class='ocrx_word' id='word_1_561' title='bbox 3974 3186 3987 3220; x_wconf 90' lang='lat'><strong>:</strong></span> 
     </span>
    </p>
   </div>
   <div class='ocr_carea' id='block_1_77' title="bbox 2419 3251 3987 3322">
    <p class='ocr_par' dir='ltr' id='par_1_77' title="bbox 2419 3251 3987 3322">
     <span class='ocr_line' id='line_1_77' title="bbox 2419 3251 3987 3322; baseline 0.004 -18"><span class='ocrx_word' id='word_1_562' title='bbox 2419 3251 2509 3320; x_wconf 89' lang='lat' dir='ltr'><strong>qui</strong></span> <span class='ocrx_word' id='word_1_563' title='bbox 2555 3267 2748 3321; x_wconf 86' lang='lat' dir='ltr'><strong>aquam</strong></span> <span class='ocrx_word' id='word_1_564' title='bbox 2802 3253 3092 3321; x_wconf 88' lang='lat' dir='ltr'><strong>aliquando</strong></span> <span class='ocrx_word' id='word_1_565' title='bbox 3143 3256 3367 3309; x_wconf 88' lang='lat' dir='ltr'><strong>mutavit</strong></span> <span class='ocrx_word' id='word_1_566' title='bbox 3419 3255 3471 3309; x_wconf 90' lang='lat' dir='ltr'><strong>in</strong></span> <span class='ocrx_word' id='word_1_567' title='bbox 3522 3257 3725 3322; x_wconf 80' lang='lat' dir='ltr'><strong>vinum,</strong></span> <span class='ocrx_word' id='word_1_568' title='bbox 3756 3259 3807 3310; x_wconf 91' lang='lat' dir='ltr'><strong>in</strong></span> <span class='ocrx_word' id='word_1_569' title='bbox 3831 3257 3987 3312; x_wconf 89' lang='lat' dir='ltr'><strong>Cana</strong></span> 
     </span>
    </p>
   </div>
   <div class='ocr_carea' id='block_1_78' title="bbox 2416 3343 3985 3418">
    <p class='ocr_par' dir='ltr' id='par_1_78' title="bbox 2416 3343 3985 3418">
     <span class='ocr_line' id='line_1_78' title="bbox 2416 3343 3985 3418; baseline 0.004 -19"><span class='ocrx_word' id='word_1_570' title='bbox 2416 3343 2670 3409; x_wconf 65' lang='lat' dir='ltr'><strong>Galilaeaa,</strong></span> <span class='ocrx_word' id='word_1_571' title='bbox 2697 3345 2917 3414; x_wconf 85' lang='lat' dir='ltr'><strong>dignum</strong></span> <span class='ocrx_word' id='word_1_572' title='bbox 2947 3361 3066 3402; x_wconf 91' lang='lat' dir='ltr'><strong>esse</strong></span> <span class='ocrx_word' id='word_1_573' title='bbox 3091 3347 3177 3402; x_wconf 88' lang='lat' dir='ltr'><strong>cui</strong></span> <span class='ocrx_word' id='word_1_574' title='bbox 3207 3348 3509 3412; x_wconf 82' lang='lat' dir='ltr'><strong>credamus,</strong></span> <span class='ocrx_word' id='word_1_575' title='bbox 3537 3349 3674 3418; x_wconf 84' lang='lat' dir='ltr'><strong>quod</strong></span> <span class='ocrx_word' id='word_1_576' title='bbox 3701 3351 3887 3403; x_wconf 88' lang='lat' dir='ltr'><strong>vinum</strong></span> <span class='ocrx_word' id='word_1_577' title='bbox 3928 3351 3985 3406; x_wconf 92' lang='lat' dir='ltr'><strong>in</strong></span> 
     </span>
    </p>
   </div>
   <div class='ocr_carea' id='block_1_79' title="bbox 2415 3437 3988 3511">
    <p class='ocr_par' dir='ltr' id='par_1_79' title="bbox 2415 3437 3988 3511">
     <span class='ocr_line' id='line_1_79' title="bbox 2415 3437 3988 3511; baseline 0.006 -23"><span class='ocrx_word' id='word_1_578' title='bbox 2415 3437 2732 3505; x_wconf 88' lang='lat' dir='ltr'><strong>sanguinem</strong></span> <span class='ocrx_word' id='word_1_579' title='bbox 2770 3444 3190 3506; x_wconf 87' lang='lat' dir='ltr'><strong>transmutavit;</strong></span> <span class='ocrx_word' id='word_1_580' title='bbox 3227 3441 3315 3509; x_wconf 93' lang='lat' dir='ltr'><strong>qui</strong></span> <span class='ocrx_word' id='word_1_581' title='bbox 3344 3441 3407 3494; x_wconf 89' lang='lat' dir='ltr'><strong>ad</strong></span> <span class='ocrx_word' id='word_1_582' title='bbox 3443 3443 3658 3510; x_wconf 90' lang='lat' dir='ltr'><strong>nuptias</strong></span> <span class='ocrx_word' id='word_1_583' title='bbox 3687 3457 3988 3511; x_wconf 71' lang='lat' dir='ltr'><strong>corporeae</strong></span> 
     </span>
    </p>
   </div>
   <div class='ocr_carea' id='block_1_80' title="bbox 2415 3526 3986 3602">
    <p class='ocr_par' dir='ltr' id='par_1_80' title="bbox 2415 3526 3986 3602">
     <span class='ocr_line' id='line_1_80' title="bbox 2415 3526 3986 3602; baseline 0.006 -23"><span class='ocrx_word' id='word_1_584' title='bbox 2415 3526 2673 3584; x_wconf 87' lang='lat' dir='ltr'><strong>invitatus</strong></span> <span class='ocrx_word' id='word_1_585' title='bbox 2693 3531 3017 3599; x_wconf 87' lang='lat' dir='ltr'><strong>stupendum</strong></span> <span class='ocrx_word' id='word_1_586' title='bbox 3051 3532 3372 3586; x_wconf 86' lang='lat' dir='ltr'><strong>miraculum</strong></span> <span class='ocrx_word' id='word_1_587' title='bbox 3399 3547 3658 3602; x_wconf 80' lang='lat' dir='ltr'><strong>operatus</strong></span> <span class='ocrx_word' id='word_1_588' title='bbox 3681 3543 3783 3596; x_wconf 88' lang='lat' dir='ltr'><strong>est,</strong></span> <span class='ocrx_word' id='word_1_589' title='bbox 3811 3537 3986 3589; x_wconf 91' lang='lat' dir='ltr'><strong>multo</strong></span> 
     </span>
    </p>
   </div>
   <div class='ocr_carea' id='block_1_81' title="bbox 2416 3619 3986 3694">
    <p class='ocr_par' dir='ltr' id='par_1_81' title="bbox 2416 3619 3986 3694">
     <span class='ocr_line' id='line_1_81' title="bbox 2416 3619 3986 3694; baseline 0.007 -24"><span class='ocrx_word' id='word_1_590' title='bbox 2416 3619 2586 3688; x_wconf 88' lang='lat' dir='ltr'><strong>magis</strong></span> <span class='ocrx_word' id='word_1_591' title='bbox 2623 3634 2819 3690; x_wconf 91' lang='lat' dir='ltr'><strong>corpus</strong></span> <span class='ocrx_word' id='word_1_592' title='bbox 2866 3631 2920 3676; x_wconf 92' lang='lat' dir='ltr'><strong>et</strong></span> <span class='ocrx_word' id='word_1_593' title='bbox 2953 3624 3266 3694; x_wconf 86' lang='lat' dir='ltr'><strong>sanguinem</strong></span> <span class='ocrx_word' id='word_1_594' title='bbox 3317 3641 3469 3679; x_wconf 86' lang='lat' dir='ltr'><strong>suum</strong></span> <span class='ocrx_word' id='word_1_595' title='bbox 3520 3627 3641 3678; x_wconf 88' lang='lat' dir='ltr'><strong>filiis</strong></span> <span class='ocrx_word' id='word_1_596' title='bbox 3679 3630 3858 3694; x_wconf 86' lang='lat' dir='ltr'><strong>sponsi</strong></span> <span class='ocrx_word' id='word_1_597' title='bbox 3890 3633 3986 3681; x_wconf 88' lang='lat' dir='ltr'><strong>de-</strong></span> 
     </span>
    </p>
   </div>
   <div class='ocr_carea' id='block_1_82' title="bbox 2414 3711 3986 3784">
    <p class='ocr_par' dir='ltr' id='par_1_82' title="bbox 2414 3711 3986 3784">
     <span class='ocr_line' id='line_1_82' title="bbox 2414 3711 3986 3784; baseline 0.005 -20"><span class='ocrx_word' id='word_1_598' title='bbox 2414 3711 2556 3766; x_wconf 88' lang='lat' dir='ltr'><strong>disse</strong></span> <span class='ocrx_word' id='word_1_599' title='bbox 2577 3713 2943 3769; x_wconf 88' lang='lat' dir='ltr'><strong>conﬁtendum</strong></span> <span class='ocrx_word' id='word_1_600' title='bbox 3000 3730 3119 3770; x_wconf 89' lang='lat' dir='ltr'><strong>esse</strong></span> <span class='ocrx_word' id='word_1_601' title='bbox 3151 3734 3164 3770; x_wconf 91' lang='lat'><strong>:</strong></span> <span class='ocrx_word' id='word_1_602' title='bbox 3202 3731 3368 3784; x_wconf 87' lang='lat' dir='ltr'><strong>quare</strong></span> <span class='ocrx_word' id='word_1_603' title='bbox 3403 3732 3525 3771; x_wconf 89' lang='lat' dir='ltr'><strong>cum</strong></span> <span class='ocrx_word' id='word_1_604' title='bbox 3558 3719 3698 3771; x_wconf 91' lang='lat' dir='ltr'><strong>omni</strong></span> <span class='ocrx_word' id='word_1_605' title='bbox 3745 3720 3986 3772; x_wconf 88' lang='lat' dir='ltr'><strong>certitu-</strong></span> 
     </span>
    </p>
   </div>
   <div class='ocr_carea' id='block_1_83' title="bbox 2414 3802 3979 3875">
    <p class='ocr_par' dir='ltr' id='par_1_83' title="bbox 2414 3802 3979 3875">
     <span class='ocr_line' id='line_1_83' title="bbox 2414 3802 3979 3875; baseline 0.006 -20"><span class='ocrx_word' id='word_1_606' title='bbox 2414 3802 2536 3855; x_wconf 90' lang='lat' dir='ltr'><strong>diue</strong></span> <span class='ocrx_word' id='word_1_607' title='bbox 2561 3818 2762 3871; x_wconf 88' lang='lat' dir='ltr'><strong>corpus</strong></span> <span class='ocrx_word' id='word_1_608' title='bbox 2794 3817 2846 3858; x_wconf 90' lang='lat' dir='ltr'><strong>et</strong></span> <span class='ocrx_word' id='word_1_609' title='bbox 2880 3808 3195 3875; x_wconf 82' lang='lat' dir='ltr'><strong>sanguinem</strong></span> <span class='ocrx_word' id='word_1_610' title='bbox 3227 3807 3427 3862; x_wconf 90' lang='lat' dir='ltr'><strong>Christi</strong></span> <span class='ocrx_word' id='word_1_611' title='bbox 3467 3809 3780 3862; x_wconf 88' lang='lat' dir='ltr'><strong>sumendum</strong></span> <span class='ocrx_word' id='word_1_612' title='bbox 3815 3825 3979 3872; x_wconf 84' lang='lat' dir='ltr'><strong>esse;</strong></span> 
     </span>
    </p>
   </div>
   <div class='ocr_carea' id='block_1_84' title="bbox 2415 3898 3986 3972">
    <p class='ocr_par' dir='ltr' id='par_1_84' title="bbox 2415 3898 3986 3972">
     <span class='ocr_line' id='line_1_84' title="bbox 2415 3898 3986 3972; baseline 0.007 -25"><span class='ocrx_word' id='word_1_613' title='bbox 2415 3909 2538 3948; x_wconf 87' lang='lat' dir='ltr'><strong>nam</strong></span> <span class='ocrx_word' id='word_1_614' title='bbox 2572 3898 2672 3951; x_wconf 91' lang='lat' dir='ltr'><strong>sub</strong></span> <span class='ocrx_word' id='word_1_615' title='bbox 2727 3898 2927 3966; x_wconf 88' lang='lat' dir='ltr'><strong>specie,</strong></span> <span class='ocrx_word' id='word_1_616' title='bbox 2968 3901 3025 3952; x_wconf 84' lang='grc' dir='ltr'>ὲν</span> <span class='ocrx_word' id='word_1_617' title='bbox 3055 3899 3228 3970; x_wconf 82' lang='grc' dir='ltr'><strong>τύπῳ,</strong></span> <span class='ocrx_word' id='word_1_618' title='bbox 3255 3902 3411 3969; x_wconf 89' lang='lat' dir='ltr'><strong>panis</strong></span> <span class='ocrx_word' id='word_1_619' title='bbox 3445 3902 3601 3955; x_wconf 84' lang='lat' dir='ltr'><strong>datur</strong></span> <span class='ocrx_word' id='word_1_620' title='bbox 3652 3919 3868 3972; x_wconf 77' lang='lat' dir='ltr'><strong>corpus,</strong></span> <span class='ocrx_word' id='word_1_621' title='bbox 3928 3916 3986 3958; x_wconf 89' lang='lat' dir='ltr'><strong>et</strong></span> 
     </span>
    </p>
   </div>
   <div class='ocr_carea' id='block_1_85' title="bbox 2413 3990 3980 4064">
    <p class='ocr_par' dir='ltr' id='par_1_85' title="bbox 2413 3990 3980 4064">
     <span class='ocr_line' id='line_1_85' title="bbox 2413 3990 3980 4064; baseline 0.003 -20"><span class='ocrx_word' id='word_1_622' title='bbox 2413 3990 2513 4044; x_wconf 89' lang='lat' dir='ltr'><strong>sub</strong></span> <span class='ocrx_word' id='word_1_623' title='bbox 2539 3991 2712 4058; x_wconf 87' lang='lat' dir='ltr'><strong>specie</strong></span> <span class='ocrx_word' id='word_1_624' title='bbox 2747 3993 2850 4044; x_wconf 91' lang='lat' dir='ltr'><strong>vini</strong></span> <span class='ocrx_word' id='word_1_625' title='bbox 2878 3993 3035 4045; x_wconf 88' lang='lat' dir='ltr'><strong>datur</strong></span> <span class='ocrx_word' id='word_1_626' title='bbox 3057 3993 3274 4064; x_wconf 81' lang='lat' dir='ltr'><strong>sanguis</strong></span> <span class='ocrx_word' id='word_1_627' title='bbox 3305 4012 3318 4048; x_wconf 89' lang='lat'><strong>:</strong></span> <span class='ocrx_word' id='word_1_628' title='bbox 3351 3996 3596 4062; x_wconf 77' lang='lat' dir='ltr'><strong>quamvis</strong></span> <span class='ocrx_word' id='word_1_629' title='bbox 3627 4010 3815 4049; x_wconf 86' lang='lat' dir='ltr'><strong>sensus</strong></span> <span class='ocrx_word' id='word_1_630' title='bbox 3840 4011 3980 4051; x_wconf 64' lang='lat' dir='ltr'><strong>cono</strong></span> 
     </span>
    </p>
   </div>
   <div class='ocr_carea' id='block_1_86' title="bbox 2414 4081 3977 4152">
    <p class='ocr_par' dir='ltr' id='par_1_86' title="bbox 2414 4081 3977 4152">
     <span class='ocr_line' id='line_1_86' title="bbox 2414 4081 3977 4152; baseline 0.005 -19"><span class='ocrx_word' id='word_1_631' title='bbox 2414 4081 2640 4134; x_wconf 89' lang='lat' dir='ltr'><strong>trarium</strong></span> <span class='ocrx_word' id='word_1_632' title='bbox 2675 4092 2948 4151; x_wconf 80' lang='lat' dir='ltr'><strong>Suggeral,</strong></span> <span class='ocrx_word' id='word_1_633' title='bbox 2985 4084 3142 4138; x_wconf 89' lang='lat' dir='ltr'><strong>ﬁdem</strong></span> <span class='ocrx_word' id='word_1_634' title='bbox 3173 4091 3358 4138; x_wconf 86' lang='lat' dir='ltr'><strong>tamen</strong></span> <span class='ocrx_word' id='word_1_635' title='bbox 3391 4084 3716 4138; x_wconf 82' lang='lat' dir='ltr'><strong>conﬁrmare</strong></span> <span class='ocrx_word' id='word_1_636' title='bbox 3738 4089 3977 4152; x_wconf 85' lang='lat' dir='ltr'><strong>debere,</strong></span> 
     </span>
    </p>
   </div>
   <div class='ocr_carea' id='block_1_87' title="bbox 2411 4173 3981 4248">
    <p class='ocr_par' dir='ltr' id='par_1_87' title="bbox 2411 4173 3981 4248">
     <span class='ocr_line' id='line_1_87' title="bbox 2411 4173 3981 4248; baseline 0.005 -20"><span class='ocrx_word' id='word_1_637' title='bbox 2411 4190 2477 4228; x_wconf 77' lang='lat' dir='ltr'><strong>ex</strong></span> <span class='ocrx_word' id='word_1_638' title='bbox 2509 4185 2664 4242; x_wconf 80' lang='lat' dir='ltr'><strong>gustu</strong></span> <span class='ocrx_word' id='word_1_639' title='bbox 2697 4190 2806 4228; x_wconf 92' lang='lat' dir='ltr'><strong>rem</strong></span> <span class='ocrx_word' id='word_1_640' title='bbox 2849 4173 3194 4241; x_wconf 73' lang='lat' dir='ltr'><strong>iudicandam</strong></span> <span class='ocrx_word' id='word_1_641' title='bbox 3267 4194 3370 4232; x_wconf 87' lang='lat' dir='ltr'><strong>non</strong></span> <span class='ocrx_word' id='word_1_642' title='bbox 3428 4194 3567 4241; x_wconf 90' lang='lat' dir='ltr'><strong>esse,</strong></span> <span class='ocrx_word' id='word_1_643' title='bbox 3608 4181 3736 4248; x_wconf 90' lang='lat' dir='ltr'><strong>quin</strong></span> <span class='ocrx_word' id='word_1_644' title='bbox 3794 4185 3981 4247; x_wconf 89' lang='lat' dir='ltr'><strong>potius</strong></span> 
     </span>
    </p>
   </div>
   <div class='ocr_carea' id='block_1_88' title="bbox 2413 4265 3977 4330">
    <p class='ocr_par' dir='ltr' id='par_1_88' title="bbox 2413 4265 3977 4330">
     <span class='ocr_line' id='line_1_88' title="bbox 2413 4265 3977 4330; baseline 0.003 -8"><span class='ocrx_word' id='word_1_645' title='bbox 2413 4269 2714 4323; x_wconf 89' lang='lat' dir='ltr'><strong>certissima</strong></span> <span class='ocrx_word' id='word_1_646' title='bbox 2773 4269 2896 4330; x_wconf 83' lang='lat' dir='ltr'><strong>ﬁde,</strong></span> <span class='ocrx_word' id='word_1_647' title='bbox 2961 4273 3014 4319; x_wconf 91' lang='lat' dir='ltr'><strong>et</strong></span> <span class='ocrx_word' id='word_1_648' title='bbox 3040 4265 3171 4320; x_wconf 91' lang='lat' dir='ltr'><strong>citra</strong></span> <span class='ocrx_word' id='word_1_649' title='bbox 3226 4267 3612 4326; x_wconf 87' lang='lat' dir='ltr'><strong>dubitationem</strong></span> <span class='ocrx_word' id='word_1_650' title='bbox 3641 4272 3977 4326; x_wconf 86' lang='lat' dir='ltr'><strong>credendum</strong></span> 
     </span>
    </p>
   </div>
   <div class='ocr_carea' id='block_1_89' title="bbox 2411 4361 3972 4431">
    <p class='ocr_par' dir='ltr' id='par_1_89' title="bbox 2411 4361 3972 4431">
     <span class='ocr_line' id='line_1_89' title="bbox 2411 4361 3972 4431; baseline 0.001 -17"><span class='ocrx_word' id='word_1_651' title='bbox 2411 4377 2552 4425; x_wconf 86' lang='lat' dir='ltr'><strong>esse,</strong></span> <span class='ocrx_word' id='word_1_652' title='bbox 2583 4361 2784 4415; x_wconf 87' lang='lat' dir='ltr'><strong>Christi</strong></span> <span class='ocrx_word' id='word_1_653' title='bbox 2810 4376 3004 4429; x_wconf 88' lang='lat' dir='ltr'><strong>corpus</strong></span> <span class='ocrx_word' id='word_1_654' title='bbox 3037 4370 3090 4416; x_wconf 90' lang='lat' dir='ltr'><strong>et</strong></span> <span class='ocrx_word' id='word_1_655' title='bbox 3141 4363 3458 4431; x_wconf 74' lang='lat' dir='ltr'><strong>sanguinem</strong></span> <span class='ocrx_word' id='word_1_656' title='bbox 3508 4363 3662 4417; x_wconf 90' lang='lat' dir='ltr'><strong>nobis</strong></span> <span class='ocrx_word' id='word_1_657' title='bbox 3691 4364 3803 4416; x_wconf 89' lang='lat' dir='ltr'><strong>dari</strong></span> <span class='ocrx_word' id='word_1_658' title='bbox 3830 4364 3915 4426; x_wconf 73' lang='lat'><strong>8&#39;;</strong></span> <span class='ocrx_word' id='word_1_659' title='bbox 3956 4385 3972 4415; x_wconf 75' lang='grc' dir='ltr'>ι</span> 
     </span>
    </p>
   </div>
   <div class='ocr_carea' id='block_1_90' title="bbox 2413 4451 3980 4523">
    <p class='ocr_par' dir='ltr' id='par_1_90' title="bbox 2413 4451 3980 4523">
     <span class='ocr_line' id='line_1_90' title="bbox 2413 4451 3980 4523; baseline 0.001 -16"><span class='ocrx_word' id='word_1_660' title='bbox 2413 4453 2867 4523; x_wconf 88' lang='lat' dir='ltr'><strong>quemadmodum</strong></span> <span class='ocrx_word' id='word_1_661' title='bbox 2897 4471 2914 4502; x_wconf 75' lang='grc' dir='ltr'>ι</span> <span class='ocrx_word' id='word_1_662' title='bbox 2949 4468 3144 4522; x_wconf 91' lang='lat' dir='ltr'><strong>corpus</strong></span> <span class='ocrx_word' id='word_1_663' title='bbox 3172 4451 3391 4518; x_wconf 90' lang='lat' dir='ltr'><strong>Christi,</strong></span> <span class='ocrx_word' id='word_1_664' title='bbox 3451 4453 3540 4507; x_wconf 87' lang='lat' dir='ltr'><strong>Dei</strong></span> <span class='ocrx_word' id='word_1_665' title='bbox 3574 4454 3729 4507; x_wconf 90' lang='lat' dir='ltr'><strong>Verbi</strong></span> <span class='ocrx_word' id='word_1_666' title='bbox 3758 4455 3980 4509; x_wconf 88' lang='lat' dir='ltr'><strong>inhabi-</strong></span> 
     </span>
    </p>
   </div>
   <div class='ocr_carea' id='block_1_91' title="bbox 749 4525 3976 4616">
    <p class='ocr_par' dir='ltr' id='par_1_91' title="bbox 749 4525 3976 4616">
     <span class='ocr_line' id='line_1_91' title="bbox 749 4525 3976 4616; baseline 0.007 -38"><span class='ocrx_word' id='word_1_667' title='bbox 749 4525 1071 4582; x_wconf 83' lang='lat' dir='ltr'><strong>Tertulliani</strong></span> <span class='ocrx_word' id='word_1_668' title='bbox 1096 4531 1416 4600; x_wconf 87' lang='lat' dir='ltr'><strong>,Augttslini</strong></span> <span class='ocrx_word' id='word_1_669' title='bbox 1445 4577 1458 4601; x_wconf 92' lang='lat'><strong>,</strong></span> <span class='ocrx_word' id='word_1_670' title='bbox 1512 4547 1568 4590; x_wconf 89' lang='lat' dir='ltr'><strong>et</strong></span> <span class='ocrx_word' id='word_1_671' title='bbox 1610 4535 1848 4591; x_wconf 76' lang='lat' dir='ltr'><strong>Fat-undi</strong></span> <span class='ocrx_word' id='word_1_672' title='bbox 1900 4539 2306 4598; x_wconf 86' lang='lat' dir='ltr'><strong>llermianensis</strong></span> <span class='ocrx_word' id='word_1_673' title='bbox 2338 4535 2382 4596; x_wconf 80' lang='grc' dir='ltr'><strong>Ι)</strong></span> <span class='ocrx_word' id='word_1_674' title='bbox 2413 4549 2612 4601; x_wconf 88' lang='lat' dir='ltr'><strong>tatione</strong></span> <span class='ocrx_word' id='word_1_675' title='bbox 2649 4548 2713 4600; x_wconf 89' lang='lat' dir='ltr'><strong>ad</strong></span> <span class='ocrx_word' id='word_1_676' title='bbox 2753 4546 2988 4602; x_wconf 86' lang='lat' dir='ltr'><strong>divinam</strong></span> <span class='ocrx_word' id='word_1_677' title='bbox 3028 4557 3447 4600; x_wconf 85' lang='lat' dir='ltr'><strong>transmutatum</strong></span> <span class='ocrx_word' id='word_1_678' title='bbox 3480 4556 3563 4600; x_wconf 85' lang='lat' dir='ltr'><strong>est</strong></span> <span class='ocrx_word' id='word_1_679' title='bbox 3605 4548 3922 4616; x_wconf 83' lang='lat' dir='ltr'><strong>dignitatem</strong></span> <span class='ocrx_word' id='word_1_680' title='bbox 3961 4568 3976 4614; x_wconf 84' lang='lat'><strong>;</strong></span> 
     </span>
    </p>
   </div>
   <div class='ocr_carea' id='block_1_92' title="bbox 752 4618 2300 4703">
    <p class='ocr_par' dir='ltr' id='par_1_92' title="bbox 752 4618 2300 4703">
     <span class='ocr_line' id='line_1_92' title="bbox 752 4618 2300 4703; baseline 0.014 -34"><span class='ocrx_word' id='word_1_681' title='bbox 752 4618 1020 4685; x_wconf 78' lang='lat' dir='ltr'><strong>gloriatur</strong></span> <span class='ocrx_word' id='word_1_682' title='bbox 1060 4622 1323 4690; x_wconf 88' lang='lat' dir='ltr'><strong>Grabius;</strong></span> <span class='ocrx_word' id='word_1_683' title='bbox 1375 4628 1467 4680; x_wconf 91' lang='lat' dir='ltr'><strong>sed</strong></span> <span class='ocrx_word' id='word_1_684' title='bbox 1517 4630 1562 4684; x_wconf 89' lang='lat' dir='ltr'><strong>si</strong></span> <span class='ocrx_word' id='word_1_685' title='bbox 1607 4629 1784 4698; x_wconf 85' lang='lat' dir='ltr'><strong>legere</strong></span> <span class='ocrx_word' id='word_1_686' title='bbox 1843 4648 1944 4686; x_wconf 92' lang='lat' dir='ltr'><strong>non</strong></span> <span class='ocrx_word' id='word_1_687' title='bbox 2004 4633 2182 4703; x_wconf 78' lang='lat' dir='ltr'><strong>pigeat</strong></span> <span class='ocrx_word' id='word_1_688' title='bbox 2220 4648 2300 4692; x_wconf 78' lang='lat' dir='ltr'><strong>to-</strong></span> 
     </span>
    </p>
   </div>
   <div class='ocr_carea' id='block_1_93' title="bbox 748 4710 2305 4796">
    <p class='ocr_par' dir='ltr' id='par_1_93' title="bbox 748 4710 2305 4796">
     <span class='ocr_line' id='line_1_93' title="bbox 748 4710 2305 4796; baseline 0.012 -34"><span class='ocrx_word' id='word_1_689' title='bbox 748 4726 893 4762; x_wconf 85' lang='lat' dir='ltr'><strong>mum</strong></span> <span class='ocrx_word' id='word_1_690' title='bbox 927 4710 989 4763; x_wconf 85' lang='lat' dir='ltr'><strong>Ill</strong></span> <span class='ocrx_word' id='word_1_691' title='bbox 1037 4711 1407 4781; x_wconf 80' lang='lat' dir='ltr'><strong>Perpetuilatts</strong></span> <span class='ocrx_word' id='word_1_692' title='bbox 1450 4719 1598 4786; x_wconf 81' lang='lat' dir='ltr'><strong>ﬁdei,</strong></span> <span class='ocrx_word' id='word_1_693' title='bbox 1629 4720 1834 4778; x_wconf 78' lang='lat' dir='ltr'><strong>Gallice</strong></span> <span class='ocrx_word' id='word_1_694' title='bbox 1865 4735 2125 4794; x_wconf 82' lang='lat' dir='ltr'><strong>SCl&#39;lplUlll</strong></span> <span class='ocrx_word' id='word_1_695' title='bbox 2154 4729 2305 4796; x_wconf 78' lang='lat' dir='ltr'><strong>(Gal-</strong></span> 
     </span>
    </p>
   </div>
   <div class='ocr_carea' id='block_1_94' title="bbox 745 4801 2303 4884">
    <p class='ocr_par' dir='ltr' id='par_1_94' title="bbox 745 4801 2303 4884">
     <span class='ocr_line' id='line_1_94' title="bbox 745 4801 2303 4884; baseline 0.012 -29"><span class='ocrx_word' id='word_1_696' title='bbox 745 4801 850 4856; x_wconf 75' lang='lat' dir='ltr'><strong>lice</strong></span> <span class='ocrx_word' id='word_1_697' title='bbox 887 4805 1084 4874; x_wconf 86' lang='lat' dir='ltr'><strong>quippe</strong></span> <span class='ocrx_word' id='word_1_698' title='bbox 1131 4809 1232 4861; x_wconf 86' lang='lat' dir='ltr'><strong>scit</strong></span> <span class='ocrx_word' id='word_1_699' title='bbox 1265 4810 1342 4862; x_wconf 90' lang='lat' dir='ltr'><strong>vir</strong></span> <span class='ocrx_word' id='word_1_700' title='bbox 1382 4813 1617 4882; x_wconf 86' lang='lat' dir='ltr'><strong>doctus),</strong></span> <span class='ocrx_word' id='word_1_701' title='bbox 1645 4815 1687 4869; x_wconf 91' lang='lat' dir='ltr'><strong>si</strong></span> <span class='ocrx_word' id='word_1_702' title='bbox 1721 4816 1842 4884; x_wconf 86' lang='lat' dir='ltr'><strong>quis</strong></span> <span class='ocrx_word' id='word_1_703' title='bbox 1888 4816 2055 4871; x_wconf 87' lang='lat' dir='ltr'><strong>animi</strong></span> <span class='ocrx_word' id='word_1_704' title='bbox 2102 4821 2303 4876; x_wconf 87' lang='lat' dir='ltr'><strong>candor</strong></span> 
     </span>
    </p>
   </div>
   <div class='ocr_carea' id='block_1_95' title="bbox 747 4897 2300 4972">
    <p class='ocr_par' dir='ltr' id='par_1_95' title="bbox 747 4897 2300 4972">
     <span class='ocr_line' id='line_1_95' title="bbox 747 4897 2300 4972; baseline 0.014 -22"><span class='ocrx_word' id='word_1_705' title='bbox 747 4897 849 4962; x_wconf 77' lang='lat' dir='ltr'><strong>sit,</strong></span> <span class='ocrx_word' id='word_1_706' title='bbox 883 4913 1072 4952; x_wconf 88' lang='lat' dir='ltr'><strong>vanam</strong></span> <span class='ocrx_word' id='word_1_707' title='bbox 1130 4916 1250 4955; x_wconf 89' lang='lat' dir='ltr'><strong>esse</strong></span> <span class='ocrx_word' id='word_1_708' title='bbox 1298 4903 1676 4972; x_wconf 84' lang='lat' dir='ltr'><strong>gloriationem</strong></span> <span class='ocrx_word' id='word_1_709' title='bbox 1724 4912 1831 4966; x_wconf 86' lang='lat' dir='ltr'><strong>cito</strong></span> <span class='ocrx_word' id='word_1_710' title='bbox 1885 4915 2300 4971; x_wconf 81' lang='lat' dir='ltr'><strong>animadvertet.</strong></span> 
     </span>
    </p>
   </div>
   <div class='ocr_carea' id='block_1_96' title="bbox 819 4992 2304 5074">
    <p class='ocr_par' dir='ltr' id='par_1_96' title="bbox 819 4992 2304 5074">
     <span class='ocr_line' id='line_1_96' title="bbox 819 4992 2304 5074; baseline 0.012 -30"><span class='ocrx_word' id='word_1_711' title='bbox 819 4992 904 5046; x_wconf 81' lang='lat'><strong>99.</strong></span> <span class='ocrx_word' id='word_1_712' title='bbox 939 4993 1156 5048; x_wconf 81' lang='lat' dir='ltr'><strong>interim</strong></span> <span class='ocrx_word' id='word_1_713' title='bbox 1207 5012 1333 5052; x_wconf 87' lang='lat' dir='ltr'><strong>vero</strong></span> <span class='ocrx_word' id='word_1_714' title='bbox 1365 4999 1623 5070; x_wconf 88' lang='lat' dir='ltr'><strong>Cyrillum</strong></span> <span class='ocrx_word' id='word_1_715' title='bbox 1672 5003 2219 5074; x_wconf 88' lang='lat' dir='ltr'><strong>llierosolymitanum</strong></span> <span class='ocrx_word' id='word_1_716' title='bbox 2250 5021 2304 5064; x_wconf 91' lang='lat' dir='ltr'><strong>et</strong></span> 
     </span>
    </p>
   </div>
   <div class='ocr_carea' id='block_1_97' title="bbox 745 5088 2297 5158">
    <p class='ocr_par' dir='ltr' id='par_1_97' title="bbox 745 5088 2297 5158">
     <span class='ocr_line' id='line_1_97' title="bbox 745 5088 2297 5158; baseline 0.006 -15"><span class='ocrx_word' id='word_1_717' title='bbox 745 5088 1066 5158; x_wconf 81' lang='lat' dir='ltr'><strong>Gregorium</strong></span> <span class='ocrx_word' id='word_1_718' title='bbox 1103 5089 1404 5158; x_wconf 80' lang='lat' dir='ltr'><strong>Nyssenum</strong></span> <span class='ocrx_word' id='word_1_719' title='bbox 1437 5108 1555 5146; x_wconf 91' lang='lat' dir='ltr'><strong>cum</strong></span> <span class='ocrx_word' id='word_1_720' title='bbox 1584 5092 1799 5150; x_wconf 80' lang='lat' dir='ltr'><strong>Justino</strong></span> <span class='ocrx_word' id='word_1_721' title='bbox 1829 5107 1881 5150; x_wconf 89' lang='lat' dir='ltr'><strong>et</strong></span> <span class='ocrx_word' id='word_1_722' title='bbox 1919 5098 2121 5153; x_wconf 71' lang='lat' dir='ltr'><strong>irenreo</strong></span> <span class='ocrx_word' id='word_1_723' title='bbox 2167 5116 2297 5155; x_wconf 86' lang='lat' dir='ltr'><strong>con-</strong></span> 
     </span>
    </p>
   </div>
   <div class='ocr_carea' id='block_1_98' title="bbox 746 5182 2296 5260">
    <p class='ocr_par' dir='ltr' id='par_1_98' title="bbox 746 5182 2296 5260">
     <span class='ocr_line' id='line_1_98' title="bbox 746 5182 2296 5260; baseline 0.007 -26"><span class='ocrx_word' id='word_1_724' title='bbox 746 5182 925 5244; x_wconf 79' lang='lat' dir='ltr'><strong>ferat,</strong></span> <span class='ocrx_word' id='word_1_725' title='bbox 985 5192 1041 5235; x_wconf 89' lang='lat' dir='ltr'><strong>et</strong></span> <span class='ocrx_word' id='word_1_726' title='bbox 1087 5196 1194 5250; x_wconf 89' lang='lat' dir='ltr'><strong>quo</strong></span> <span class='ocrx_word' id='word_1_727' title='bbox 1219 5183 1306 5237; x_wconf 86' lang='lat' dir='ltr'><strong>alii</strong></span> <span class='ocrx_word' id='word_1_728' title='bbox 1339 5187 1406 5239; x_wconf 90' lang='lat' dir='ltr'><strong>ab</strong></span> <span class='ocrx_word' id='word_1_729' title='bbox 1437 5185 1545 5240; x_wconf 90' lang='lat' dir='ltr'><strong>illis</strong></span> <span class='ocrx_word' id='word_1_730' title='bbox 1603 5186 1858 5242; x_wconf 76' lang='lat' dir='ltr'><strong>differant</strong></span> <span class='ocrx_word' id='word_1_731' title='bbox 1892 5189 2035 5242; x_wconf 89' lang='lat' dir='ltr'><strong>dicat</strong></span> <span class='ocrx_word' id='word_1_732' title='bbox 2091 5191 2224 5260; x_wconf 90' lang='lat' dir='ltr'><strong>ipse,</strong></span> <span class='ocrx_word' id='word_1_733' title='bbox 2255 5194 2296 5245; x_wconf 91' lang='lat' dir='ltr'><strong>si</strong></span> 
     </span>
    </p>
   </div>
   <div class='ocr_carea' id='block_1_99' title="bbox 750 5273 2296 5351">
    <p class='ocr_par' dir='ltr' id='par_1_99' title="bbox 750 5273 2296 5351">
     <span class='ocr_line' id='line_1_99' title="bbox 750 5273 2296 5351; baseline 0.006 -25"><span class='ocrx_word' id='word_1_734' title='bbox 750 5275 938 5343; x_wconf 87' lang='lat' dir='ltr'><strong>possit.</strong></span> <span class='ocrx_word' id='word_1_735' title='bbox 970 5273 1433 5339; x_wconf 82' lang='lat' dir='ltr'><strong>Quemadmodum</strong></span> <span class='ocrx_word' id='word_1_736' title='bbox 1460 5280 1603 5332; x_wconf 90' lang='lat' dir='ltr'><strong>enim</strong></span> <span class='ocrx_word' id='word_1_737' title='bbox 1633 5290 1882 5333; x_wconf 86' lang='lat' dir='ltr'><strong>asserunt</strong></span> <span class='ocrx_word' id='word_1_738' title='bbox 1918 5281 2016 5345; x_wconf 86' lang='lat' dir='ltr'><strong>illi,</strong></span> <span class='ocrx_word' id='word_1_739' title='bbox 2050 5301 2066 5331; x_wconf 75' lang='grc' dir='ltr'><strong>ε</strong></span> <span class='ocrx_word' id='word_1_740' title='bbox 2103 5298 2296 5351; x_wconf 84' lang='lat' dir='ltr'><strong>panem</strong></span> 
     </span>
    </p>
   </div>
   <div class='ocr_carea' id='block_1_100' title="bbox 746 5364 2295 5431">
    <p class='ocr_par' dir='ltr' id='par_1_100' title="bbox 746 5364 2295 5431">
     <span class='ocr_line' id='line_1_100' title="bbox 746 5364 2295 5431; baseline 0.006 -16"><span class='ocrx_word' id='word_1_741' title='bbox 746 5373 800 5415; x_wconf 90' lang='lat' dir='ltr'><strong>et</strong></span> <span class='ocrx_word' id='word_1_742' title='bbox 856 5364 1032 5416; x_wconf 85' lang='lat' dir='ltr'><strong>vinum</strong></span> <span class='ocrx_word' id='word_1_743' title='bbox 1088 5364 1480 5431; x_wconf 79' lang='lat' dir='ltr'><strong>Eucharistiae,</strong></span> <span class='ocrx_word' id='word_1_744' title='bbox 1537 5381 1663 5422; x_wconf 91' lang='lat' dir='ltr'><strong>ante</strong></span> <span class='ocrx_word' id='word_1_745' title='bbox 1713 5385 1928 5424; x_wconf 86' lang='lat' dir='ltr'><strong>sacram</strong></span> <span class='ocrx_word' id='word_1_746' title='bbox 1990 5371 2295 5426; x_wconf 88' lang='lat' dir='ltr'><strong>invocatio-</strong></span> 
     </span>
    </p>
   </div>
   <div class='ocr_carea' id='block_1_101' title="bbox 748 5455 2294 5530">
    <p class='ocr_par' dir='ltr' id='par_1_101' title="bbox 748 5455 2294 5530">
     <span class='ocr_line' id='line_1_101' title="bbox 748 5455 2294 5530; baseline 0.008 -23"><span class='ocrx_word' id='word_1_747' title='bbox 748 5469 868 5508; x_wconf 87' lang='lat' dir='ltr'><strong>nem</strong></span> <span class='ocrx_word' id='word_1_748' title='bbox 906 5455 1191 5509; x_wconf 65' lang='lat' dir='ltr'><strong>adoranda:</strong></span> <span class='ocrx_word' id='word_1_749' title='bbox 1233 5457 1516 5513; x_wconf 89' lang='lat' dir='ltr'><strong>Trinitatis</strong></span> <span class='ocrx_word' id='word_1_750' title='bbox 1547 5501 1561 5524; x_wconf 91' lang='lat'><strong>,</strong></span> <span class='ocrx_word' id='word_1_751' title='bbox 1621 5478 1808 5530; x_wconf 89' lang='lat' dir='ltr'><strong>panem</strong></span> <span class='ocrx_word' id='word_1_752' title='bbox 1843 5479 1962 5518; x_wconf 82' lang='lat' dir='ltr'><strong>esse</strong></span> <span class='ocrx_word' id='word_1_753' title='bbox 2014 5475 2065 5518; x_wconf 91' lang='lat' dir='ltr'><strong>et</strong></span> <span class='ocrx_word' id='word_1_754' title='bbox 2114 5466 2294 5520; x_wconf 75' lang='lat' dir='ltr'><strong>vinum</strong></span> 
     </span>
    </p>
   </div>
   <div class='ocr_carea' id='block_1_102' title="bbox 748 5552 2296 5625">
    <p class='ocr_par' dir='ltr' id='par_1_102' title="bbox 748 5552 2296 5625">
     <span class='ocr_line' id='line_1_102' title="bbox 748 5552 2296 5625; baseline 0.006 -27"><span class='ocrx_word' id='word_1_755' title='bbox 748 5561 991 5611; x_wconf 86' lang='lat' dir='ltr'><strong>merum;</strong></span> <span class='ocrx_word' id='word_1_756' title='bbox 1027 5558 1244 5616; x_wconf 89' lang='lat' dir='ltr'><strong>peracta</strong></span> <span class='ocrx_word' id='word_1_757' title='bbox 1268 5565 1392 5606; x_wconf 90' lang='lat' dir='ltr'><strong>vero</strong></span> <span class='ocrx_word' id='word_1_758' title='bbox 1439 5552 1797 5619; x_wconf 83' lang='lat' dir='ltr'><strong>invocatione,</strong></span> <span class='ocrx_word' id='word_1_759' title='bbox 1831 5571 2024 5623; x_wconf 87' lang='lat' dir='ltr'><strong>panem</strong></span> <span class='ocrx_word' id='word_1_760' title='bbox 2081 5557 2296 5625; x_wconf 86' lang='lat' dir='ltr'><strong>quidem</strong></span> 
     </span>
    </p>
   </div>
   <div class='ocr_carea' id='block_1_103' title="bbox 816 5685 2126 5763">
    <p class='ocr_par' dir='ltr' id='par_1_103' title="bbox 816 5685 2126 5763">
     <span class='ocr_line' id='line_1_103' title="bbox 816 5685 2126 5763; baseline 0.006 -24"><span class='ocrx_word' id='word_1_761' title='bbox 816 5685 859 5763; x_wconf 62' lang='grc' dir='ltr'>ξ’</span> <span class='ocrx_word' id='word_1_762' title='bbox 899 5686 1084 5763; x_wconf 81' lang='lat' dir='ltr'><strong>Cyrill.</strong></span> <span class='ocrx_word' id='word_1_763' title='bbox 1190 5689 1479 5763; x_wconf 80' lang='lat' dir='ltr'><strong>llie_roso|.,</strong></span> <span class='ocrx_word' id='word_1_764' title='bbox 1538 5693 1758 5749; x_wconf 66' lang='lat' dir='ltr'><strong>Cateoh.</strong></span> <span class='ocrx_word' id='word_1_765' title='bbox 1811 5695 1828 5744; x_wconf 89' lang='lat' dir='ltr'><strong>l</strong></span> <span class='ocrx_word' id='word_1_766' title='bbox 1898 5695 2126 5763; x_wconf 73' lang='lat' dir='ltr'><strong>Mystag.</strong></span> 
     </span>
    </p>
   </div>
   <div class='ocr_carea' id='block_1_104' title="bbox 749 5756 1516 5822">
    <p class='ocr_par' dir='ltr' id='par_1_104' title="bbox 749 5756 1516 5822">
     <span class='ocr_line' id='line_1_104' title="bbox 749 5756 1516 5822; baseline 0.009 -16"><span class='ocrx_word' id='word_1_767' title='bbox 749 5756 791 5787; x_wconf 77' lang='lat'><strong>&#39;°</strong></span> <span class='ocrx_word' id='word_1_768' title='bbox 821 5756 980 5815; x_wconf 85' lang='lat' dir='ltr'><strong>iren.,</strong></span> <span class='ocrx_word' id='word_1_769' title='bbox 1017 5759 1048 5808; x_wconf 94' lang='lat' dir='ltr'><strong>l.</strong></span> <span class='ocrx_word' id='word_1_770' title='bbox 1094 5775 1145 5818; x_wconf 87' lang='lat' dir='ltr'><strong>v.</strong></span> <span class='ocrx_word' id='word_1_771' title='bbox 1191 5779 1240 5812; x_wconf 70' lang='grc' dir='ltr'><strong>(ξ.</strong></span> <span class='ocrx_word' id='word_1_772' title='bbox 1281 5761 1334 5822; x_wconf 69' lang='grc'><strong>2,</strong></span> <span class='ocrx_word' id='word_1_773' title='bbox 1370 5778 1422 5813; x_wconf 88' lang='lat' dir='ltr'><strong>n.</strong></span> <span class='ocrx_word' id='word_1_774' title='bbox 1466 5756 1516 5812; x_wconf 71' lang='lat'><strong>3.</strong></span> 
     </span>
    </p>
   </div>
   <div class='ocr_carea' id='block_1_105' title="bbox 750 5825 2175 5902">
    <p class='ocr_par' dir='ltr' id='par_1_105' title="bbox 750 5825 2175 5902">
     <span class='ocr_line' id='line_1_105' title="bbox 750 5825 2175 5902; baseline 0.006 -22"><span class='ocrx_word' id='word_1_775' title='bbox 750 5827 791 5857; x_wconf 75' lang='lat'>&quot;</span> <span class='ocrx_word' id='word_1_776' title='bbox 826 5825 941 5882; x_wconf 77' lang='lat' dir='ltr'><strong>hei:</strong></span> <span class='ocrx_word' id='word_1_777' title='bbox 976 5868 989 5894; x_wconf 92' lang='lat'><strong>,</strong></span> <span class='ocrx_word' id='word_1_778' title='bbox 1027 5828 1061 5882; x_wconf 89' lang='grc'><strong>1.</strong></span> <span class='ocrx_word' id='word_1_779' title='bbox 1099 5844 1169 5896; x_wconf 76' lang='lat' dir='ltr'><strong>IV,</strong></span> <span class='ocrx_word' id='word_1_780' title='bbox 1210 5848 1257 5886; x_wconf 92' lang='lat' dir='ltr'><strong>c.</strong></span> <span class='ocrx_word' id='word_1_781' title='bbox 1299 5831 1376 5896; x_wconf 79' lang='grc'><strong>18,</strong></span> <span class='ocrx_word' id='word_1_782' title='bbox 1417 5847 1467 5885; x_wconf 79' lang='grc' dir='ltr'><strong>π.</strong></span> <span class='ocrx_word' id='word_1_783' title='bbox 1505 5833 1553 5885; x_wconf 82' lang='grc'><strong>5.</strong></span> <span class='ocrx_word' id='word_1_784' title='bbox 1655 5834 1696 5864; x_wconf 66' lang='grc'><strong>⁸⁸</strong></span> <span class='ocrx_word' id='word_1_785' title='bbox 1731 5825 1913 5902; x_wconf 72' lang='lat' dir='ltr'><strong>Cytill.</strong></span> <span class='ocrx_word' id='word_1_786' title='bbox 1950 5836 2066 5888; x_wconf 80' lang='lat' dir='ltr'><strong>Cat.</strong></span> <span class='ocrx_word' id='word_1_787' title='bbox 2106 5851 2175 5890; x_wconf 79' lang='grc' dir='ltr'><strong>ιν.</strong></span> 
     </span>
    </p>
   </div>
   <div class='ocr_carea' id='block_1_106' title="bbox 2236 5694 3163 5762">
    <p class='ocr_par' dir='ltr' id='par_1_106' title="bbox 2236 5694 3163 5762">
     <span class='ocr_line' id='line_1_106' title="bbox 2236 5694 3163 5762; baseline -0.001 -15"><span class='ocrx_word' id='word_1_788' title='bbox 2236 5697 2280 5726; x_wconf 79' lang='grc'><strong>⁷⁸</strong></span> <span class='ocrx_word' id='word_1_789' title='bbox 2314 5695 2471 5757; x_wconf 69' lang='lat' dir='ltr'><strong>Grcg.</strong></span> <span class='ocrx_word' id='word_1_790' title='bbox 2493 5697 2580 5761; x_wconf 84' lang='lat' dir='ltr'><strong>N.,</strong></span> <span class='ocrx_word' id='word_1_791' title='bbox 2604 5696 2744 5747; x_wconf 89' lang='lat' dir='ltr'><strong>Orat.</strong></span> <span class='ocrx_word' id='word_1_792' title='bbox 2762 5694 3163 5762; x_wconf 81' lang='lat' dir='ltr'><strong>cath.,cap.37.</strong></span> 
     </span>
    </p>
   </div>
   <div class='ocr_carea' id='block_1_107' title="bbox 1623 5764 2804 5904">
    <p class='ocr_par' dir='ltr' id='par_1_107' title="bbox 1623 5764 2804 5904">
     <span class='ocr_line' id='line_1_107' title="bbox 1623 5764 2804 5832; baseline -0.002 -16"><span class='ocrx_word' id='word_1_793' title='bbox 1623 5764 1662 5793; x_wconf 77' lang='grc'><strong>⁸¹</strong></span> <span class='ocrx_word' id='word_1_794' title='bbox 1707 5765 1890 5832; x_wconf 84' lang='lat' dir='ltr'><strong>Cyrill.</strong></span> <span class='ocrx_word' id='word_1_795' title='bbox 1945 5767 2230 5827; x_wconf 58' lang='grc' dir='ltr'><strong>ΜΞΝ-0501,</strong></span> <span class='ocrx_word' id='word_1_796' title='bbox 2267 5766 2487 5817; x_wconf 66' lang='lat' dir='ltr'><strong>(latet-lt.</strong></span> <span class='ocrx_word' id='word_1_797' title='bbox 2545 5780 2592 5815; x_wconf 83' lang='lat' dir='ltr'><strong>tv</strong></span> <span class='ocrx_word' id='word_1_798' title='bbox 2657 5766 2804 5832; x_wconf 63' lang='lat' dir='ltr'><strong>Mysi.</strong></span> 
     </span>
     <span class='ocr_line' id='line_1_108' title="bbox 1655 5834 2759 5904; baseline -0.003 -17"><span class='ocrx_word' id='word_1_799' title='bbox 1655 5834 1696 5864; x_wconf 71' lang='lat'><strong>“</strong></span> <span class='ocrx_word' id='word_1_800' title='bbox 1731 5836 1913 5902; x_wconf 59' lang='grc' dir='ltr'><strong>0)·ιίῐῇ</strong></span> <span class='ocrx_word' id='word_1_801' title='bbox 1950 5836 2066 5888; x_wconf 72' lang='lat' dir='ltr'><strong>Cal.</strong></span> <span class='ocrx_word' id='word_1_802' title='bbox 2106 5851 2175 5890; x_wconf 79' lang='lat' dir='ltr'><strong>tv.</strong></span> <span class='ocrx_word' id='word_1_803' title='bbox 2277 5839 2318 5865; x_wconf 79' lang='lat'><strong>&quot;°</strong></span> <span class='ocrx_word' id='word_1_804' title='bbox 2352 5836 2510 5904; x_wconf 60' lang='grc' dir='ltr'><strong>(ἆγες.</strong></span> <span class='ocrx_word' id='word_1_805' title='bbox 2557 5834 2614 5889; x_wconf 68' lang='grc' dir='ltr'><strong>Ν.</strong></span> <span class='ocrx_word' id='word_1_806' title='bbox 2675 5845 2759 5888; x_wconf 76' lang='lat' dir='ltr'><strong>t&#39;ll.</strong></span> 
     </span>
    </p>
   </div>
   <div class='ocr_carea' id='block_1_108' title="bbox 2413 4640 3977 4709">
    <p class='ocr_par' dir='ltr' id='par_1_108' title="bbox 2413 4640 3977 4709">
     <span class='ocr_line' id='line_1_109' title="bbox 2413 4640 3977 4709; baseline 0.001 -17"><span class='ocrx_word' id='word_1_807' title='bbox 2413 4650 2555 4693; x_wconf 89' lang='lat' dir='ltr'><strong>recte</strong></span> <span class='ocrx_word' id='word_1_808' title='bbox 2586 4655 2727 4692; x_wconf 90' lang='lat' dir='ltr'><strong>nunc</strong></span> <span class='ocrx_word' id='word_1_809' title='bbox 2761 4655 2972 4709; x_wconf 88' lang='lat' dir='ltr'><strong>quoque</strong></span> <span class='ocrx_word' id='word_1_810' title='bbox 3004 4641 3092 4694; x_wconf 90' lang='lat' dir='ltr'><strong>Dei</strong></span> <span class='ocrx_word' id='word_1_811' title='bbox 3144 4640 3311 4694; x_wconf 85' lang='lat' dir='ltr'><strong>verbo</strong></span> <span class='ocrx_word' id='word_1_812' title='bbox 3354 4640 3742 4693; x_wconf 86' lang='lat' dir='ltr'><strong>sanctiﬁcatum</strong></span> <span class='ocrx_word' id='word_1_813' title='bbox 3774 4656 3977 4707; x_wconf 87' lang='lat' dir='ltr'><strong>panem</strong></span> 
     </span>
    </p>
   </div>
   <div class='ocr_carea' id='block_1_109' title="bbox 2402 4731 3975 4800">
    <p class='ocr_par' dir='ltr' id='par_1_109' title="bbox 2402 4731 3975 4800">
     <span class='ocr_line' id='line_1_110' title="bbox 2402 4731 3975 4800; baseline -0.001 -14"><span class='ocrx_word' id='word_1_814' title='bbox 2402 4731 2623 4786; x_wconf 82' lang='lat' dir='ltr'><strong>credere</strong></span> <span class='ocrx_word' id='word_1_815' title='bbox 2649 4747 2748 4785; x_wconf 92' lang='lat' dir='ltr'><strong>nos</strong></span> <span class='ocrx_word' id='word_1_816' title='bbox 2777 4732 2826 4784; x_wconf 91' lang='lat' dir='ltr'><strong>in</strong></span> <span class='ocrx_word' id='word_1_817' title='bbox 2856 4731 2948 4786; x_wconf 85' lang='lat' dir='ltr'><strong>Dei</strong></span> <span class='ocrx_word' id='word_1_818' title='bbox 2983 4731 3146 4786; x_wconf 85' lang='lat' dir='ltr'><strong>Verbi</strong></span> <span class='ocrx_word' id='word_1_819' title='bbox 3202 4746 3397 4800; x_wconf 89' lang='lat' dir='ltr'><strong>corpus</strong></span> <span class='ocrx_word' id='word_1_820' title='bbox 3431 4733 3795 4791; x_wconf 84' lang='lat' dir='ltr'><strong>transmutari,</strong></span> <span class='ocrx_word' id='word_1_821' title='bbox 3827 4742 3886 4784; x_wconf 91' lang='lat' dir='ltr'><strong>et</strong></span> <span class='ocrx_word' id='word_1_822' title='bbox 3923 4734 3975 4784; x_wconf 93' lang='lat' dir='ltr'><strong>in</strong></span> 
     </span>
    </p>
   </div>
   <div class='ocr_carea' id='block_1_110' title="bbox 2401 4817 3978 4886">
    <p class='ocr_par' dir='ltr' id='par_1_110' title="bbox 2401 4817 3978 4886">
     <span class='ocr_line' id='line_1_111' title="bbox 2401 4817 3978 4886; baseline -0.001 -16"><span class='ocrx_word' id='word_1_823' title='bbox 2401 4817 2533 4870; x_wconf 86' lang='lat' dir='ltr'><strong>illud</strong></span> <span class='ocrx_word' id='word_1_824' title='bbox 2568 4817 3041 4872; x_wconf 86' lang='lat' dir='ltr'><strong>trauselementari</strong></span> <span class='ocrx_word' id='word_1_825' title='bbox 3096 4834 3304 4880; x_wconf 89' lang='lat' dir='ltr'><strong>eorum,</strong></span> <span class='ocrx_word' id='word_1_826' title='bbox 3339 4833 3459 4886; x_wconf 74' lang='lat' dir='ltr'><strong>quze</strong></span> <span class='ocrx_word' id='word_1_827' title='bbox 3503 4826 3775 4886; x_wconf 84' lang='lat' dir='ltr'><strong>apparent,</strong></span> <span class='ocrx_word' id='word_1_828' title='bbox 3813 4829 3978 4869; x_wconf 84' lang='lat' dir='ltr'><strong>natu--</strong></span> 
     </span>
    </p>
   </div>
   <div class='ocr_carea' id='block_1_111' title="bbox 2404 4908 3976 4978">
    <p class='ocr_par' dir='ltr' id='par_1_111' title="bbox 2404 4908 3976 4978">
     <span class='ocr_line' id='line_1_112' title="bbox 2404 4908 3976 4978; baseline 0 -16"><span class='ocrx_word' id='word_1_829' title='bbox 2404 4927 2514 4962; x_wconf 82' lang='lat' dir='ltr'><strong>rain</strong></span> <span class='ocrx_word' id='word_1_830' title='bbox 2550 4909 2612 4963; x_wconf 74' lang='grc'><strong>⁸⁸.</strong></span> <span class='ocrx_word' id='word_1_831' title='bbox 2652 4929 2670 4960; x_wconf 87' lang='grc'><strong><em>›</em></strong></span> <span class='ocrx_word' id='word_1_832' title='bbox 2707 4908 2796 4963; x_wconf 86' lang='lat' dir='ltr'><strong>Sic</strong></span> <span class='ocrx_word' id='word_1_833' title='bbox 2821 4919 2872 4962; x_wconf 87' lang='lat' dir='ltr'><strong>et</strong></span> <span class='ocrx_word' id='word_1_834' title='bbox 2899 4910 2950 4963; x_wconf 87' lang='lat' dir='ltr'><strong>bi</strong></span> <span class='ocrx_word' id='word_1_835' title='bbox 2982 4910 3299 4978; x_wconf 67' lang='lat' dir='ltr'><strong>prtedicant,</strong></span> <span class='ocrx_word' id='word_1_836' title='bbox 3342 4927 3359 4960; x_wconf 82' lang='lat'><strong>(</strong></span> <span class='ocrx_word' id='word_1_837' title='bbox 3392 4909 3838 4976; x_wconf 75' lang='lat' dir='ltr'><strong>quemmlmodttm</strong></span> <span class='ocrx_word' id='word_1_838' title='bbox 3879 4926 3976 4977; x_wconf 73' lang='lat' dir='ltr'><strong>per</strong></span> 
     </span>
    </p>
   </div>
   <div class='ocr_carea' id='block_1_112' title="bbox 2404 4999 3975 5057">
    <p class='ocr_par' dir='ltr' id='par_1_112' title="bbox 2404 4999 3975 5057">
     <span class='ocr_line' id='line_1_113' title="bbox 2404 4999 3975 5057; baseline 0.004 -9"><span class='ocrx_word' id='word_1_839' title='bbox 2404 5000 2620 5052; x_wconf 84' lang='lat' dir='ltr'><strong>verbum</strong></span> <span class='ocrx_word' id='word_1_840' title='bbox 2666 5000 2756 5053; x_wconf 88' lang='lat' dir='ltr'><strong>Dei</strong></span> <span class='ocrx_word' id='word_1_841' title='bbox 2789 5015 2918 5054; x_wconf 87' lang='lat' dir='ltr'><strong>caro</strong></span> <span class='ocrx_word' id='word_1_842' title='bbox 2972 5000 3149 5054; x_wconf 84' lang='lat' dir='ltr'><strong>factus</strong></span> <span class='ocrx_word' id='word_1_843' title='bbox 3199 4999 3358 5055; x_wconf 84' lang='lat' dir='ltr'><strong>Jesus</strong></span> <span class='ocrx_word' id='word_1_844' title='bbox 3413 5001 3657 5055; x_wconf 85' lang='lat' dir='ltr'><strong>Christus</strong></span> <span class='ocrx_word' id='word_1_845' title='bbox 3709 4999 3975 5057; x_wconf 76' lang='lat' dir='ltr'><strong>Servatur</strong></span> 
     </span>
    </p>
   </div>
   <div class='ocr_carea' id='block_1_113' title="bbox 2403 5094 3972 5162">
    <p class='ocr_par' dir='ltr' id='par_1_113' title="bbox 2403 5094 3972 5162">
     <span class='ocr_line' id='line_1_114' title="bbox 2403 5094 3972 5162; baseline 0.004 -19"><span class='ocrx_word' id='word_1_846' title='bbox 2403 5103 2586 5144; x_wconf 85' lang='lat' dir='ltr'><strong>noster</strong></span> <span class='ocrx_word' id='word_1_847' title='bbox 2619 5131 2634 5155; x_wconf 93' lang='lat'><strong>,</strong></span> <span class='ocrx_word' id='word_1_848' title='bbox 2686 5103 2979 5146; x_wconf 89' lang='lat' dir='ltr'><strong>etcarnem</strong></span> <span class='ocrx_word' id='word_1_849' title='bbox 3045 5103 3099 5147; x_wconf 87' lang='lat' dir='ltr'><strong>et</strong></span> <span class='ocrx_word' id='word_1_850' title='bbox 3142 5094 3462 5162; x_wconf 86' lang='lat' dir='ltr'><strong>sanguinem</strong></span> <span class='ocrx_word' id='word_1_851' title='bbox 3515 5095 3706 5148; x_wconf 84' lang='lat' dir='ltr'><strong>salutis</strong></span> <span class='ocrx_word' id='word_1_852' title='bbox 3761 5106 3972 5151; x_wconf 67' lang='lat' dir='ltr'><strong>nostra:</strong></span> 
     </span>
    </p>
   </div>
   <div class='ocr_carea' id='block_1_114' title="bbox 2397 5182 3970 5254">
    <p class='ocr_par' dir='ltr' id='par_1_114' title="bbox 2397 5182 3970 5254">
     <span class='ocr_line' id='line_1_115' title="bbox 2397 5182 3970 5254; baseline 0.004 -18"><span class='ocrx_word' id='word_1_853' title='bbox 2397 5198 2561 5236; x_wconf 88' lang='lat' dir='ltr'><strong>causa</strong></span> <span class='ocrx_word' id='word_1_854' title='bbox 2591 5182 2820 5246; x_wconf 84' lang='lat' dir='ltr'><strong>habuit;</strong></span> <span class='ocrx_word' id='word_1_855' title='bbox 2859 5183 2929 5235; x_wconf 91' lang='lat' dir='ltr'><strong>ita</strong></span> <span class='ocrx_word' id='word_1_856' title='bbox 2961 5199 3176 5252; x_wconf 85' lang='lat' dir='ltr'><strong>quoque</strong></span> <span class='ocrx_word' id='word_1_857' title='bbox 3207 5199 3350 5248; x_wconf 88' lang='lat' dir='ltr'><strong>eam,</strong></span> <span class='ocrx_word' id='word_1_858' title='bbox 3389 5186 3438 5236; x_wconf 90' lang='lat' dir='ltr'><strong>in</strong></span> <span class='ocrx_word' id='word_1_859' title='bbox 3489 5201 3594 5253; x_wconf 86' lang='lat' dir='ltr'><strong>qua</strong></span> <span class='ocrx_word' id='word_1_860' title='bbox 3641 5201 3735 5254; x_wconf 88' lang='lat' dir='ltr'><strong>per</strong></span> <span class='ocrx_word' id='word_1_861' title='bbox 3759 5189 3970 5241; x_wconf 82' lang='lat' dir='ltr'><strong>oratio-</strong></span> 
     </span>
    </p>
   </div>
   <div class='ocr_carea' id='block_1_115' title="bbox 2400 5275 3969 5344">
    <p class='ocr_par' dir='ltr' id='par_1_115' title="bbox 2400 5275 3969 5344">
     <span class='ocr_line' id='line_1_116' title="bbox 2400 5275 3969 5344; baseline 0.005 -18"><span class='ocrx_word' id='word_1_862' title='bbox 2400 5291 2520 5327; x_wconf 88' lang='lat' dir='ltr'><strong>nem</strong></span> <span class='ocrx_word' id='word_1_863' title='bbox 2557 5275 2705 5328; x_wconf 83' lang='lat' dir='ltr'><strong>verbi</strong></span> <span class='ocrx_word' id='word_1_864' title='bbox 2737 5275 2802 5328; x_wconf 88' lang='lat' dir='ltr'><strong>ab</strong></span> <span class='ocrx_word' id='word_1_865' title='bbox 2835 5275 2952 5344; x_wconf 72' lang='lat' dir='ltr'><strong>ipso</strong></span> <span class='ocrx_word' id='word_1_866' title='bbox 2975 5277 3204 5344; x_wconf 84' lang='lat' dir='ltr'><strong>profecti</strong></span> <span class='ocrx_word' id='word_1_867' title='bbox 3231 5277 3419 5344; x_wconf 68' lang='lat' dir='ltr'><strong>gratia:</strong></span> <span class='ocrx_word' id='word_1_868' title='bbox 3448 5288 3571 5328; x_wconf 88' lang='lat' dir='ltr'><strong>sunt</strong></span> <span class='ocrx_word' id='word_1_869' title='bbox 3605 5290 3736 5329; x_wconf 67' lang='lat' dir='ltr'><strong>actm</strong></span> <span class='ocrx_word' id='word_1_870' title='bbox 3766 5280 3969 5335; x_wconf 86' lang='lat' dir='ltr'><strong>alimo-</strong></span> 
     </span>
    </p>
   </div>
   <div class='ocr_carea' id='block_1_116' title="bbox 2400 5367 3971 5439">
    <p class='ocr_par' dir='ltr' id='par_1_116' title="bbox 2400 5367 3971 5439">
     <span class='ocr_line' id='line_1_117' title="bbox 2400 5367 3971 5439; baseline 0.006 -20"><span class='ocrx_word' id='word_1_871' title='bbox 2400 5369 2562 5430; x_wconf 90' lang='lat' dir='ltr'><strong>niam,</strong></span> <span class='ocrx_word' id='word_1_872' title='bbox 2589 5368 2854 5419; x_wconf 83' lang='lat' dir='ltr'><strong>incarnati</strong></span> <span class='ocrx_word' id='word_1_873' title='bbox 2886 5368 3026 5421; x_wconf 90' lang='lat' dir='ltr'><strong>illius</strong></span> <span class='ocrx_word' id='word_1_874' title='bbox 3049 5367 3173 5421; x_wconf 84' lang='lat' dir='ltr'><strong>Jesu</strong></span> <span class='ocrx_word' id='word_1_875' title='bbox 3225 5379 3275 5421; x_wconf 91' lang='lat' dir='ltr'><strong>et</strong></span> <span class='ocrx_word' id='word_1_876' title='bbox 3307 5383 3522 5423; x_wconf 87' lang='lat' dir='ltr'><strong>carnem</strong></span> <span class='ocrx_word' id='word_1_877' title='bbox 3561 5381 3612 5423; x_wconf 92' lang='lat' dir='ltr'><strong>et</strong></span> <span class='ocrx_word' id='word_1_878' title='bbox 3645 5371 3971 5439; x_wconf 79' lang='lat' dir='ltr'><strong>sanguinem</strong></span> 
     </span>
    </p>
   </div>
   <div class='ocr_carea' id='block_1_117' title="bbox 2398 5461 3964 5529">
    <p class='ocr_par' dir='ltr' id='par_1_117' title="bbox 2398 5461 3964 5529">
     <span class='ocr_line' id='line_1_118' title="bbox 2398 5461 3964 5529; baseline 0.004 -17"><span class='ocrx_word' id='word_1_879' title='bbox 2398 5476 2514 5514; x_wconf 83' lang='lat' dir='ltr'><strong>esse</strong></span> <span class='ocrx_word' id='word_1_880' title='bbox 2539 5462 2763 5514; x_wconf 88' lang='lat' dir='ltr'><strong>edoctos</strong></span> <span class='ocrx_word' id='word_1_881' title='bbox 2819 5476 2914 5516; x_wconf 89' lang='lat' dir='ltr'><strong>nos</strong></span> <span class='ocrx_word' id='word_1_882' title='bbox 2960 5475 3079 5514; x_wconf 88' lang='lat' dir='ltr'><strong>esse</strong></span> <span class='ocrx_word' id='word_1_883' title='bbox 3110 5461 3194 5524; x_wconf 67' lang='lat'><strong>“7;</strong></span> <span class='ocrx_word' id='word_1_884' title='bbox 3253 5479 3270 5512; x_wconf 77' lang='lat' dir='ltr'><strong>i</strong></span> <span class='ocrx_word' id='word_1_885' title='bbox 3317 5461 3619 5524; x_wconf 88' lang='lat' dir='ltr'><strong>Christmu,</strong></span> <span class='ocrx_word' id='word_1_886' title='bbox 3656 5481 3674 5510; x_wconf 84' lang='grc' dir='ltr'>ι</span> <span class='ocrx_word' id='word_1_887' title='bbox 3710 5463 3964 5529; x_wconf 85' lang='lat' dir='ltr'><strong>calicem,</strong></span> 
     </span>
    </p>
   </div>
   <div class='ocr_carea' id='block_1_118' title="bbox 2399 5555 4018 5622">
    <p class='ocr_par' dir='ltr' id='par_1_118' title="bbox 2399 5555 4018 5622">
     <span class='ocr_line' id='line_1_119' title="bbox 2399 5555 4018 5622; baseline 0.005 -18"><span class='ocrx_word' id='word_1_888' title='bbox 2399 5556 2486 5622; x_wconf 80' lang='lat' dir='ltr'><strong>qui</strong></span> <span class='ocrx_word' id='word_1_889' title='bbox 2540 5565 2622 5608; x_wconf 88' lang='lat' dir='ltr'><strong>est</strong></span> <span class='ocrx_word' id='word_1_890' title='bbox 2672 5569 2736 5606; x_wconf 83' lang='lat' dir='ltr'><strong>cx</strong></span> <span class='ocrx_word' id='word_1_891' title='bbox 2785 5568 2845 5606; x_wconf 89' lang='lat' dir='ltr'><strong>ea</strong></span> <span class='ocrx_word' id='word_1_892' title='bbox 2895 5564 3164 5619; x_wconf 87' lang='lat' dir='ltr'><strong>creatura,</strong></span> <span class='ocrx_word' id='word_1_893' title='bbox 3227 5568 3343 5622; x_wconf 66' lang='lat' dir='ltr'><strong>quae</strong></span> <span class='ocrx_word' id='word_1_894' title='bbox 3379 5565 3462 5607; x_wconf 84' lang='lat' dir='ltr'><strong>est</strong></span> <span class='ocrx_word' id='word_1_895' title='bbox 3496 5555 3783 5607; x_wconf 82' lang='lat' dir='ltr'><strong>secundum</strong></span> <span class='ocrx_word' id='word_1_896' title='bbox 3841 5574 3967 5620; x_wconf 90' lang='lat' dir='ltr'><strong>nos,</strong></span> <span class='ocrx_word' id='word_1_897' title='bbox 4007 5576 4018 5588; x_wconf 92' lang='grc'><strong>·</strong></span> 
     </span>
    </p>
   </div>
   <div class='ocr_carea' id='block_1_119' title="bbox 3244 5695 3966 5762">
    <p class='ocr_par' dir='ltr' id='par_1_119' title="bbox 3244 5695 3966 5762">
     <span class='ocr_line' id='line_1_120' title="bbox 3244 5695 3966 5762; baseline -0.003 -12"><span class='ocrx_word' id='word_1_898' title='bbox 3244 5698 3287 5728; x_wconf 76' lang='grc' dir='ltr'><strong>τ’</strong></span> <span class='ocrx_word' id='word_1_899' title='bbox 3325 5695 3519 5750; x_wconf 81' lang='lat' dir='ltr'><strong>Justin.</strong></span> <span class='ocrx_word' id='word_1_900' title='bbox 3580 5697 3670 5755; x_wconf 62' lang='lat' dir='ltr'><strong>LL,</strong></span> <span class='ocrx_word' id='word_1_901' title='bbox 3724 5699 3881 5762; x_wconf 82' lang='lat' dir='ltr'><strong>Apol.</strong></span> <span class='ocrx_word' id='word_1_902' title='bbox 3927 5717 3966 5754; x_wconf 76' lang='grc' dir='ltr'><strong>ε,</strong></span> 
     </span>
    </p>
   </div>
   <div class='ocr_carea' id='block_1_120' title="bbox 2903 5764 3965 5832">
    <p class='ocr_par' dir='ltr' id='par_1_120' title="bbox 2903 5764 3965 5832">
     <span class='ocr_line' id='line_1_121' title="bbox 2903 5764 3965 5832; baseline -0.003 -15"><span class='ocrx_word' id='word_1_903' title='bbox 2903 5766 2945 5792; x_wconf 77' lang='grc'><strong>⁸³</strong></span> <span class='ocrx_word' id='word_1_904' title='bbox 2983 5765 3142 5829; x_wconf 75' lang='lat' dir='ltr'><strong>Greg.</strong></span> <span class='ocrx_word' id='word_1_905' title='bbox 3199 5766 3284 5832; x_wconf 68' lang='grc' dir='ltr'><strong><em>Ν,</em></strong></span> <span class='ocrx_word' id='word_1_906' title='bbox 3325 5771 3414 5820; x_wconf 82' lang='lat' dir='ltr'><strong>cit.</strong></span> <span class='ocrx_word' id='word_1_907' title='bbox 3515 5765 3556 5796; x_wconf 82' lang='grc'><strong>⁸³</strong></span> <span class='ocrx_word' id='word_1_908' title='bbox 3596 5764 3814 5828; x_wconf 79' lang='lat' dir='ltr'><strong>Justin.,</strong></span> <span class='ocrx_word' id='word_1_909' title='bbox 3867 5773 3965 5823; x_wconf 60' lang='lat' dir='ltr'><strong>cit,</strong></span> 
     </span>
    </p>
   </div>
   <div class='ocr_carea' id='block_1_121' title="bbox 2857 5832 3229 5889">
    <p class='ocr_par' dir='ltr' id='par_1_121' title="bbox 2857 5832 3229 5889">
     <span class='ocr_line' id='line_1_122' title="bbox 2857 5832 3229 5889; baseline 0.013 -4"><span class='ocrx_word' id='word_1_910' title='bbox 2857 5837 2898 5865; x_wconf 83' lang='grc'><strong>³⁷</strong></span> <span class='ocrx_word' id='word_1_911' title='bbox 2931 5832 3123 5888; x_wconf 80' lang='lat' dir='ltr'><strong>.lustiu.</strong></span> <span class='ocrx_word' id='word_1_912' title='bbox 3159 5837 3229 5889; x_wconf 87' lang='lat' dir='ltr'><strong>cit</strong></span> 
     </span>
    </p>
   </div>
  </div>
