4196 6330
218 405 315 421 pv-

221 422 318 460 ῡιιο

1172 399 1620 458 DISSERTATIO
1659 400 1744 468 lll,
1782 401 1868 457 DE
1905 401 2162 458 [BENE]
2196 403 2566 463 DOCTRINA.

3335 415 3440 470 554

223 538 374 578 suum
404 522 726 591 sanguinem
753 520 1056 576 confessum
1091 534 1212 575 esse
1255 521 1301 552 ⁸³⁸
1327 539 1340 576 :
1377 531 1630 577 constare
1658 536 1779 577 eum
1811 525 1854 585 Α
1885 521 2246 577 Christianum
2272 523 2593 591 invexerint,
2621 525 2673 579 id
2707 536 2810 580 tam
2841 531 3028 599 paucis
3055 532 3256 600 verbis,
3276 535 3442 606 stylo-

224 631 441 685 panem,
475 615 529 668 in
556 628 660 682 quo
711 612 898 682 gratia:
952 623 1089 668 aetat
1141 612 1271 679 sint,
1305 627 1498 682 corpus
1525 627 1643 670 esse
1678 614 1780 669 Do—

225 709 354 762 mini
379 707 580 770 nostri,
604 715 658 761 et
688 704 912 760 calicem
937 705 1220 773 sanguinis
1259 705 1376 776 ejus
1405 705 1448 739 ⁸³
1489 725 1509 759 ι
1542 719 1665 762 esse
1689 722 1779 761 ca-

223 799 378 856 licem
405 818 420 852 :
461 816 480 850 (
521 797 827 863 Dominum,
858 796 949 866 qui
975 810 1032 851 se
1059 795 1252 851 Filium
1295 797 1534 852 hominis
1557 799 1785 854 conﬁte-

223 892 404 954 batur,
439 903 636 960 panem
662 903 817 943 suum
844 901 1049 956 corpus
1073 902 1192 945 esse
1216 887 1522 944 confessum
1553 902 1694 956 esse,
1729 900 1784 945 et

223 987 714 1050 temperamentum
763 981 948 1038 calicis
992 997 1149 1037 suum
1211 983 1527 1052 sanguinem
1585 984 1783 1040 contir-

220 1087 401 1127 masse
431 1073 477 1105 '°
510 1090 524 1128 :
560 1089 679 1127 eum
697 1073 944 1140 calicem,
969 1075 1059 1144 qui
1088 1081 1171 1128 est
1198 1084 1471 1139 creatura,
1506 1076 1778 1146 proprium

219 1165 539 1234 sanguinem
571 1163 878 1220 confessum
907 1179 1046 1230 esse,
1081 1177 1135 1221 et
1167 1179 1290 1220 eum
1333 1181 1551 1236 panem,
1579 1167 1673 1235 qui
1699 1179 1782 1223 est

218 1270 249 1309 a
281 1265 552 1320 creatura,
581 1259 854 1326 proprium
883 1272 1079 1328 corpus
1109 1273 1449 1315 asseverasse
1482 1278 1495 1314 :
1525 1262 1782 1330 quemad-

217 1350 438 1405 modum
469 1365 695 1421 granum
722 1351 886 1407 tritici
914 1352 1168 1408 decidens
1195 1355 1245 1408 in
1279 1363 1502 1422 terram,
1522 1365 1577 1410 et
1605 1355 1782 1411 disso-

219 1440 416 1505 lutum,
446 1442 720 1512 multiplex
773 1443 959 1514 surgit'
986 1458 1083 1512 per
1131 1446 1379 1513 spiritum
1422 1446 1512 1502 Dei
1545 1463 1560 1511 ;
1590 1447 1781 1502 deinde

218 1549 316 1601 per
343 1534 662 1603 sapientiam
690 1535 784 1590 Dei
829 1554 847 1588 ι
877 1539 1214 1592 convertitur
1256 1537 1308 1592 in
1341 1553 1553 1608 panem,
1579 1545 1638 1593 ut
1673 1557 1692 1592 ς
1725 1539 1777 1593 in

217 1641 375 1679 usum
401 1627 638 1682 hominis
669 1628 865 1684 veniat.
898 1647 916 1682 ι
956 1643 1018 1684 ac
1046 1630 1260 1684 demum
1286 1647 1304 1681 ι
1333 1630 1636 1701 percipiens
1658 1646 1781 1686 ver-

216 1720 344 1772 bum
374 1717 465 1771 Dei
496 1717 836 1773 Eucbaristia
866 1717 945 1784 ﬁt,
983 1719 1124 1789 quod
1150 1729 1232 1775 est
1261 1736 1455 1790 corpus
1479 1732 1532 1777 et
1559 1722 1779 1794 sanguis

217 1803 424 1859 Christi
451 1822 466 1870 ;
504 1806 582 1860 sic
617 1814 672 1859 et
698 1821 928 1877 corpora
958 1817 1142 1863 nostra
1179 1823 1245 1864 ex
1276 1824 1339 1864 ea
1365 1812 1589 1880 nutrita,
1622 1822 1675 1868 et
1701 1829 1781 1868 re-

217 1897 395 1963 posita
422 1896 476 1949 in
511 1904 737 1962 terram,
765 1907 821 1953 ct
849 1898 1091 1954 resoluta
1124 1900 1176 1955 in
1205 1915 1291 1967 ea,
1323 1921 1342 1955 ι
1375 1902 1568 1959 iterum
1595 1913 1775 1960 trans-

217 1995 434 2041 mutata
465 1989 518 2041 in
551 2004 772 2044 carnem
811 2007 828 2042 ι
869 2000 1244 2047 resurrectura
1274 1993 1328 2048 in
1363 2008 1462 2049 suo
1514 2002 1776 2066 tempore,

215 2074 398 2133 Verbo
432 2079 524 2134 Dei
557 2083 1012 2138 resurrectionem
1043 2084 1118 2139 eis
1164 2085 1430 2154 donante;
1459 2097 1518 2143 ut
1543 2089 1778 2145 sciamus

213 2171 431 2238 etquid,
464 2171 600 2226 Deus
633 2183 833 2241 potest.
874 2185 928 2230 et
984 2177 1113 2245 Quid
1153 2179 1314 2235 homo
1359 2181 1605 2239 beneﬁcii
1635 2185 1779 2238 acci-

215 2261 294 2330 pit
337 2262 405 2314 οι.
468 2280 486 2314 ο
557 2262 800 2332 Denique
830 2263 1069 2335 Cyrillus
1133 2281 1186 2324 et
1235 2271 1530 2343 Gregorius
1580 2275 1774 2345 aiunt,

219 2369 241 2402 ο
279 2349 483 2406 Christi
514 2368 713 2424 corpus
764 2366 817 2410 et
846 2359 1164 2428 sanguinem
1215 2363 1266 2415 in
1301 2367 1540 2421 membra
1589 2379 1773 2424 nostra

215 2444 492 2510 distribui,
542 2444 635 2497 τοῦ
709 2447 956 2516 σώματος
987 2451 1146 2504 αὐτοῦ
1185 2453 1274 2505 καὶ
1308 2455 1399 2508 τοῦ
1431 2458 1659 2528 αἵματος
1693 2461 1773 2524 εἰς

213 2536 282 2590 τὰ
319 2538 563 2607 ἡμέτερα
593 2537 969 2609 ἀναδιδομένου
1007 2542 1417 2615 μέληηηοείμιθ
1453 2562 1512 2601 ea
1563 2551 1777 2606 ratione

220 2647 238 2674 ι
275 2628 391 2682 ﬁeri
425 2644 590 2681 unum
621 2644 742 2684 cum
798 2631 1017 2688 Christo
1069 2649 1265 2703 corpus
1288 2645 1340 2690 et
1374 2640 1712 2710 sangdinem,
1753 2663 1771 2695 ι

216 2732 282 2771 ac
326 2735 345 2767 ι
386 2717 883 2790 Christophoros“
917 2743 929 2776 :
969 2742 986 2777 ι
1025 2723 1224 2780 Christi
1261 2745 1278 2776 ι
1309 2743 1509 2798 corpus
1558 2733 1776 2789 immor-

219 2809 324 2864 tale
361 2825 460 2879 per
507 2824 657 2865 esum
679 2821 734 2866 et
761 2815 1031 2882 potionem
1079 2819 1299 2873 ‘misceri
1336 2821 1634 2880 visceribus
1681 2841 1776 2882 no-

214 2903 370 2966 stris,
397 2921 493 2972 per
518 2920 739 2961 carnem
769 2907 932 2962 inseri
963 2911 1216 2966 omnibus
1239 2915 1599 2983 credentibus,
1625 2933 1774 2973 com-

217 2994 440 3047 mistum
472 3003 526 3048 et
559 3003 1018 3066 contemperatum
1074 3005 1393 3071 corporibus
1443 3007 1777 3065 credentium

211 3083 281 3138 ⁹³.
323 3103 342 3136 ι
372 3083 615 3143 Justinus
637 3099 690 3143 et
715 3089 947 3145 lrenmus
977 3093 1163 3148 dicunt
1195 3114 1213 3146 ι
1249 3113 1313 3151 ex
1357 3113 1417 3152 ea
1444 3100 1493 3153 in
1520 3116 1624 3171 qua
1653 3118 1780 3172 gra-

1883 629 1986 683 que
2040 615 2274 684 simplici
2304 631 2365 672 ac
2390 618 2597 684 sedato,
2628 621 3013 689 exposuerint;
3065 625 3346 697 nullosque
3375 642 3442 683 eo

1884 700 1936 757 in
1970 704 2188 771 saeculo,
2215 721 2323 775 quo
2356 714 2468 761 tum
2499 707 2805 765 sanctitatis
2849 719 2905 766 et
2936 713 3257 771 eruditionis
3282 714 3444 771 laude

1883 793 2112 851 ﬂorebat
2136 795 2394 862 Ecclesia,
2421 811 2483 852 ea
2513 797 2563 850 in
2594 813 2652 854 re
2697 802 2905 870 experti
2957 803 3444 860 frterint‘adversa-

1884 889 2015 951 rios,
2071 903 2138 942 ne
2197 888 2412 958 quidem
2450 889 2678 944 Arianos
2723 891 2885 960 ipsos,
2920 892 3312 951 infensissimos
3348 912 3444 952 eo-

1881 995 2000 1035 rum
2023 980 2235 1046 hostes;
2255 978 2427 1034 nullos
2445 979 2655 1032 demum
2674 982 2763 1049 qui
2788 993 3156 1052 portentosum
3179 1000 3443 1050 errorem,

1882 1083 1992 1138 quo
2044 1070 2208 1123 trium
2252 1069 2496 1139 priorum
2567 1071 2888 1127 saeculorum
2947 1074 3079 1129 ﬁdes
3114 1115 3129 1138 ,
3197 1076 3445 1144 plurimis

1881 1163 2058 1231 quarti
2082 1163 2266 1218 saeculi
2291 1162 2541 1219 Patribus
2568 1166 2731 1236 probe
2756 1176 2902 1233 nota,
2938 1176 3041 1220 tam
3064 1167 3206 1223 {inde
3233 1167 3444 1224 labefa-

1884 1255 2158 1319 ctabatur,
2216 1255 2337 1309 data
2395 1271 2557 1324 opera
2611 1257 2966 1324 confutariut,
3017 1260 3284 1328 avitzeque
3318 1258 3444 1317 ﬁdei

1882 1344 2189 1422 desertores
2216 1346 2373 1402 simul
2407 1358 2460 1402 et
2508 1363 2788 1404 eversores
2808 1349 2859 1402 in
2895 1349 3140 1404 conciliis
3163 1359 3274 1405 tum
3308 1358 3446 1407 lem-

1882 1438 2028 1506 poris
2085 1435 2543 1508 frequentissimis
2601 1441 2844 1496 damnari
2921 1443 3283 1498 curaverint?
3335 1442 3445 1500 Sed

1883 1544 2074 1586 vereor
2100 1544 2166 1585 ne
2192 1539 2347 1584 extra
2380 1531 2728 1601 przescriptos
2760 1531 2961 1588 limites
2999 1544 3310 1590 excurreret
3335 1536 3444 1592 dis-

1881 1624 2124 1678 sertatio.
3206 1617 3214 1624 ’

1954 1716 2074 1771 100.
2107 1715 2165 1770 Si
2201 1716 2332 1787 quid
2363 1726 2542 1771 autem
2595 1715 2665 1773 cl.
2695 1714 2900 1774 Grabio
2945 1719 3197 1790 gratulati
3228 1735 3439 1791 sumus,

1881 1809 2025 1878 quod
2057 1809 2168 1864 suis
2192 1811 2399 1880 aequior
2432 1811 2660 1879 ingenue
2683 1809 2963 1867 conlessus
2985 1809 3154 1867 luerit
3177 1812 3445 1868 Euchari-

1880 1902 2040 1956 stiam
2067 1917 2188 1958 esse
2212 1919 2400 1958 verum
2455 1918 2604 1959 nova:
2633 1902 2766 1974 legis
2793 1903 3150 1973 sacriﬁcium,
3179 1918 3241 1957 ac
3265 1905 3442 1974 Cyril-

1879 1993 1989 2048 lum
2051 1993 2640 2065 Hierosolymitanum,
2703 1993 3025 2065 Gregorium
3089 1993 3435 2066 hyssenum;

1878 2086 2168 2157 pluresque
2215 2086 2403 2142 Patres
2429 2086 2724 2143 credidisse
2764 2087 2968 2142 Christi
2999 2101 3197 2157 corpus
3229 2096 3284 2141 et
3312 2101 3436 2143 san-

1878 2179 2094 2249 guinem
2129 2179 2180 2231 in
2236 2180 2424 2233 eadem
2450 2178 2788 2232 Eucharistia
2818 2193 2913 2246 per
2937 2192 3120 2232 veram
3163 2190 3218 2232 et
3243 2178 3439 2233 realem

1879 2270 2032 2339 panis
2061 2277 2116 2323 et
2142 2267 2250 2322 vini
2281 2267 2791 2324 transmutationem
2823 2269 2939 2324 sisti
2989 2269 3351 2339 corporaliter
3386 2277 3443 2324 et

1877 2357 2317 2413 substantialiter
2347 2357 2664 2426 praesentia;
2714 2373 2875 2412 unum
2921 2368 2999 2414 est
3035 2358 3442 2429 quodjustissi-

1879 2468 2023 2511 mam
2053 2461 2194 2527 apud
2251 2471 2437 2511 omnes
2468 2455 2942 2525 reprehensionem
2983 2464 3274 2522 mereatur,
3300 2456 3442 2523 quod

1877 2547 2132 2602 nimirum
2161 2557 2354 2617 praeter
2374 2546 2464 2616 jus
2484 2556 2538 2602 et
2566 2546 2648 2602 las
2679 2549 2880 2603 Irenaeo
2927 2549 3318 2603 intolerandum
3355 2561 3442 2602 er«

1879 2655 2056 2695 rorem
2108 2639 2344 2709 allingat.
2393 2639 2693 2696 Occasione
2723 2641 2988 2709 siquidem
3038 2654 3224 2695 eorum
3254 2639 3308 2693 S.
3344 2638 3444 2693 Do-

1878 2734 2042 2789 ctoris
2079 2733 2397 2799 verborum,
2454 2749 2572 2805 quae
2625 2733 2880 2803 leguntur
2908 2731 3003 2787 lib.
3031 2747 3104 2797 tv,
3133 2747 3183 2786 c.
3216 2733 3270 2796 8,
3295 2747 3350 2784 η.
3383 2729 3435 2791 3,

1876 2825 1946 2881 al.
1972 2840 2090 2896 cap.
2114 2827 2184 2881 20
2213 2849 2224 2882 ;
2256 2846 2274 2879 ‹
2307 2827 2507 2883 Omnes
2529 2827 2661 2896 justi
2693 2824 3080 2881 sacerdotalem
3135 2824 3334 2878 habent
3355 2840 3441 2878 or-

1875 2918 2091 2987 dinem,
2126 2938 2144 2972 ι
2174 2909 2430 2975 scribitin
2454 2919 2617 2982 notis,
2652 2934 2671 2968 ι
2719 2916 2976 2970 ιτεηωιιηι
3011 2916 3064 2969 in
3100 2919 3286 2972 eadem
3329 2918 3440 2972 fere

1876 3026 1996 3066 cum
2022 3010 2637 3067 Tertullianosententia
2662 3008 2830 3061 luisse
2857 3008 3046 3072 videri,
3084 3012 3224 3079 quod
3252 3027 3441 3068 omnes

1877 3099 2061 3154 ﬁdeles
2087 3101 2196 3155 sint
2242 3101 2557 3154 sacerdotali
2588 3101 2778 3155 ordine
2805 3115 2866 3153 ac
2896 3109 3162 3168 potestate
3208 3103 3437 3170 praediti,

215 3178 303 3231 tiae
349 3190 650 3247 suntactae,
700 3184 979 3249 alimonia,
1040 3188 1307 3244 incarnati
1339 3190 1463 3246 Jesu
1502 3210 1667 3249 carne
1723 3205 1843 3271 etc
1878 3189 2102 3258 Eiusque
2135 3191 2486 3254 exercitium.
2527 3190 2618 3243 ubi
2671 3189 2970 3243 necessitas
3013 3190 3258 3259 requirit,
3287 3191 3442 3248 obire

214 3272 502 3338 sanguine,
548 3276 868 3344 sanguinem
900 3287 953 3332 et
980 3293 1174 3334 carnes
1226 3292 1439 3339 nostras
1472 3300 1568 3354 per
1602 3295 1774 3344 muta-

219 3363 421 3414 tionem
447 3364 514 3416 ali
543 3365 588 3397 ⁹⁸
621 3382 633 3418 :
671 3382 889 3422 carnem
927 3388 947 3422 ι
980 3381 1216 3426 nostram
1251 3392 1268 3425 ί
1305 3390 1527 3446 corpore
1563 3379 1773 3436 Domini

211 3463 266 3506 et
293 3460 557 3523 sanguine
588 3458 656 3511 ali
691 3479 701 3511 τ
735 3474 797 3515 eo
818 3461 1004 3525 calice,
1035 3479 1196 3532 quem
1239 3469 1513 3537 proprium
1551 3475 1772 3542 sangui-

214 3559 337 3598 nem
373 3549 654 3605 confessus
675 3561 786 3616 est,
839 3559 1026 3623 augeri
1075 3567 1315 3612 nostrum
1347 3563 1685 3631 sanguinem,
1721 3571 1774 3618 et

208 3652 277 3692 eo
306 3654 468 3706 pane,
497 3656 656 3709 quem
697 3646 972 3713 proprium
1036 3663 1232 3718 corpus
1278 3651 1639 3719 conﬁrmavit,
1681 3672 1774 3710 no-

210 3739 321 3785 stra
342 3734 528 3802 augeri
571 3749 823 3803 corpora,
857 3739 1159 3794 consistere
1192 3743 1370 3798 carnis
1414 3754 1611 3800 nostra:
1650 3748 1776 3801 sub-

207 3826 492 3891 stantiam,
524 3827 737 3893 nutriri,
772 3838 878 3885 etc.
905 3829 971 3882 '5.
1002 3848 1020 3881 ι
1057 3829 1250 3887 Omnia
1275 3836 1388 3889 lucc
1419 3836 1553 3892 adeo
1576 3838 1771 3893 similia

209 3927 365 3980 sunt,
387 3919 519 3972 adeo
541 3919 746 3980 eadem,
778 3921 980 3976 eaedem
1012 3925 1232 3980 omnino
1251 3929 1548 3994 sententiae,
1579 3940 1630 3984 et
1659 3939 1772 3984 tan-

212 4020 325 4064 tum
355 4025 456 4064 non
484 4013 673 4074 eadem
707 4014 893 4081 verba,
951 4027 1008 4072 ut
1040 4020 1283 4088 quisquis
1340 4035 1673 4091 unaquaeque
1706 4040 1770 4079 ex

212 4103 488 4170 aequitatis
544 4119 732 4158 norma
782 4107 1073 4174 mstimare,
1105 4124 1204 4164 nec
1237 4109 1431 4179 iniquis
1484 4116 1772 4170 momentis

213 4198 514 4264 ponderare
554 4197 806 4261 voluerit,
856 4199 1048 4268 oppido
1104 4199 1331 4256 fateatur
1361 4217 1517 4257 ovum
1549 4221 1651 4259 ovo
1693 4207 1767 4261 si-

210 4288 394 4343 utilius
431 4302 553 4343 esse
595 4305 698 4343 non
729 4305 907 4359 posse.
936 4291 992 4345 Si
1020 4293 1186 4362 igitur
1213 4293 1395 4365 Cyrilli
1421 4305 1475 4352 et
1525 4295 1768 4367 Gregorii

203 4382 374 4437 dictis
399 4382 588 4437 ﬁctitia
619 4384 706 4437 illa
739 4383 933 4439 solutio
961 4385 1142 4456 ﬁgurae
1175 4386 1429 4456 elﬁcacis,
1472 4400 1524 4447 et
1557 4395 1770 4450 virtutis

208 4474 415 4530 Christi
439 4478 684 4545 corporis
715 4480 910 4548 aptari,
965 4480 1197 4548 ipsomet
1248 4483 1389 4539 ultro
1445 4489 1769 4544 concedente

1878 3291 2117 3352 queant;
2156 3282 2286 3337 licet
2325 3282 2604 3337 ordinaria
2639 3281 2844 3334 functio
2900 3281 3116 3335 nonnisi
3167 3283 3439 3338 ordinatis

1877 3377 1944 3430 ad
1978 3390 2133 3432 sacra
2161 3376 2341 3428 munia
2387 3374 2648 3429 ministris
2683 3383 2979 3444 competat.
3017 3393 3034 3426 ι
3065 3374 3200 3429 Tum
3235 3376 3435 3431 decan-

1880 3476 2049 3521 taturn
2075 3466 2222 3521 illum
2252 3465 2567 3521 Tertulliani
2617 3465 2792 3521 locum
2841 3483 2904 3522 ex
2933 3466 3025 3521 lib.
3061 3466 3136 3520 De
3173 3467 3435 3524 exhortat.

1876 3559 2076 3621 castit.,
2111 3557 2236 3620 c.7,
2281 3557 2498 3626 allegat,
2535 3557 2794 3626 pluraque
2838 3558 2986 3611 addit
3014 3571 3113 3612 nec
3152 3557 3438 3614 admodum

1875 3653 2142 3715 consulta,
2181 3665 2280 3704 nec
2304 3651 2368 3704 ad
2399 3665 2508 3703 rem
2539 3649 2815 3704 facientia.
2857 3649 2948 3704 Sic
3003 3649 3146 3705 forte
3183 3651 3435 3719 scripsis-

1875 3752 1958 3796 set
1985 3741 2275 3796 Puritanus
2309 3742 2600 3810 quispiam,
2632 3740 2790 3794 obvia
2815 3755 3042 3810 quaeque
3076 3740 3293 3795 Patrum
3321 3741 3435 3795 loca

1878 3845 2078 3889 temere
2115 3835 2430 3897 corradens,
2487 3844 2543 3885 ut
2572 3834 2910 3899 desperatam
2967 3847 3181 3888 causam
3214 3832 3430 3899 fulciat;

1879 3926 1972 3980 sed
2001 3925 2141 3995 quod
2175 3924 2243 3988 is,
2270 3925 2358 3993 qui
2396 3923 2692 3991 Anglorum
2723 3922 3105 3993 episcopalium
3133 3924 3432 3980 doctrinam

1874 4018 2180 4088 proﬁtetur,
2216 4016 2753 4084 ecclesiasticamque
2806 4015 3168 4070 hicrarchiam
3229 4026 3432 4073 sartatn

1877 4120 2072 4164 lectam
2099 4124 2219 4164 esse
2251 4108 2382 4169 vult.
2414 4108 2672 4163 Irenaeum
2700 4109 2938 4176 ejusdem
2989 4108 3236 4162 hostibus
3262 4107 3434 4178 gratis

1872 4203 2114 4269 omnino,
2143 4202 2434 4256 ctobtorto
2467 4200 2605 4254 collo
2631 4201 2835 4264 tradat;
2875 4200 2925 4254 id
2983 4200 3203 4264 mirum,
3244 4210 3298 4254 et
3323 4200 3435 4254 An-

1872 4294 1974 4365 glis
2025 4295 2154 4362 ipsis
2186 4293 2426 4362 iniquum
2481 4289 2710 4346 forsitan
2759 4291 3049 4345 videbitur.
3102 4291 3336 4346 lreaaaus
3365 4304 3433 4345 eo

1873 4387 1990 4441 loco
2029 4387 2241 4456 probat,
2291 4392 2526 4438 veterem
2556 4383 2728 4452 legem
2773 4397 2804 4436 a
2837 4382 3054 4438 Christo
3107 4383 3428 4450 abrogatum

1873 4479 2060 4544 fuisse,
2094 4493 2200 4533 non
2242 4478 2386 4547 quod
2420 4475 2558 4529 mala
2610 4485 2775 4541 esset,
2808 4484 2857 4531 et
2884 4490 2913 4530 a
2963 4477 3102 4530 malo
3143 4477 3252 4532 Deo
3298 4476 3430 4543 lata,

205 4567 436 4635 Granio,
466 4584 570 4624 non
608 4580 817 4639 potest;
864 4573 957 4640 qui
1000 4570 1194 4630 Justini
1225 4587 1279 4631 et
1326 4576 1514 4635 lrenaei
1567 4583 1762 4647 verbis,
1799 4563 1842 4617 D
1867 4573 1960 4628 sed
1995 4570 2135 4640 (ιυοά
2161 4569 2272 4639 iam.
2324 4569 2539 4638 impleta
2571 4570 2641 4625 ab
2671 4568 2760 4625 “10
2807 4567 3014 4624 ίυίεεεῑ·
3041 4567 3098 4623 δῖ
3131 4583 3256 4625 Vero
3289 4570 3426 4624 idem

207 4660 398 4717 illaesis
433 4671 593 4717 recta:
624 4663 850 4718 rationis
880 4663 1109 4735 legibus,
1150 4669 1388 4734 poterit?
1416 4669 1691 4726 Potuisset
1719 4684 1770 4728 et

1769 4720 1770 4725 η
1867 4663 2112 4718 Christus
2154 4659 2407 4716 Sabbatis
2444 4659 2757 4724 curaverit,
2807 4675 2824 4710 ι
2874 4658 3003 4712 nihil
3052 4668 3204 4712 extra
3257 4657 3426 4729 legem

203 4755 399 4809 eadem
431 4757 760 4825 comparatio
792 4756 998 4810 institui
1047 4759 1187 4812 inter
1215 4760 1471 4830 Cyrillum
1516 4763 1771 4821 Hieroso-

1767 4797 1771 4806 .
1863 4758 2095 4822 fecisse;
2125 4769 2236 4810 non
2271 4753 2415 4808 enim
2465 4753 2808 4822 prohibuisse
2854 4756 3023 4821 legem
3054 4753 3231 4806 curari
3253 4753 3424 4807 homi-

206 4847 555 4911 lvtnitanum,
585 4848 902 4917 Gregorium
969 4847 1268 4921 Nyssenum
1297 4863 1350 4908 et
1386 4856 1520 4909 alios
1582 4874 1768 4915 omnes
1867 4865 1962 4903 nes
1997 4848 2272 4911 Sabhatis,
2302 4861 2418 4915 quae
2451 4845 2948 4900 etcircumcidebat
2976 4861 3068 4900 eos
3094 4846 3147 4900 in
3190 4847 3291 4900 hac
3315 4847 3421 4910 die,

202 4933 424 5006 Patres,
475 4939 776 5009 invicteque
825 4941 1201 5010 demonstrari,
1252 4945 1369 5012 hos,
1403 4946 1547 5015 ipsos
1605 4951 1766 5005 etiam
1864 4951 1918 4995 et
1943 4955 2042 5009 pro
2071 4939 2520 5010 pupulojubebal
2570 4939 2872 4992 ministeria
2907 4938 3273 4992 sacerdotibus
3302 4953 3425 5006 per-

200 5028 516 5095 Africanos,
568 5031 701 5085 nihil
755 5033 934 5090 minus
984 5035 1091 5089 illis
1150 5034 1350 5091 dixisse
1386 5052 1449 5092 ac
1488 5041 1762 5095 sensisse;
1866 5036 2025 5088 licere
2048 5033 2115 5088 “.
2153 5051 2170 5084 ι
2230 5031 2352 5085 Ideo
2398 5046 2528 5085 vero
2570 5031 2925 5085 sacerdotalia
2974 5031 3274 5085 ministeria
3309 5032 3422 5102 lege

200 5131 473 5192 possetet
519 5124 748 5179 Grabius
803 5138 866 5179 ea
921 5127 1299 5184 molestissima
1346 5131 1637 5199 quaestione
1677 5149 1767 5186 ιιι-ο
1862 5125 2012 5179 liCila
2043 5134 2222 5189 erat".
2290 5123 2417 5192 (ιυῑει
2452 5123 2715 5191 spiritalia
2775 5137 2937 5192 φρενί]
2971 5133 3124 5176 em"
3153 5132 3207 5176 εί
3237 5123 3419 5179 bona:

197 5216 326 5286 geri
355 5231 370 5271 :
397 5230 491 5270 Cur
540 5216 772 5287 Cyrillus
801 5216 1320 5289 llierosolytnitanus
1369 5231 1423 5276 et
1472 5226 1764 5295 Gregorius
1861 5219 2031 5290 legem
2061 5228 2244 5273 autem
2269 5233 2296 5270 a
2325 5215 2609 5271 servilibus
2634 5215 2847 5284 quidem
2866 5215 3116 5283 operibus
3147 5215 3423 5269 abstinere

196 5307 506 5379 Nyssenus,
539 5323 673 5376 quos
695 5310 897 5375 primos
944 5311 1181 5363 omnium
1245 5312 1409 5367 fuisse
1456 5330 1764 5384 supponere
1855 5310 2104 5380 juSSiSa‘e.
2142 5324 2259 5365 non
2299 5319 2479 5364 autem
2511 5324 2540 5361 a
2571 5305 2943 5376 ερίτίιυδιίὺυε
2987 5314 3041 5358 el
3093 5304 3271 5369 bonis.
3301 5320 3419 5374 quae

197 5402 444 5462 videtur,
469 5401 559 5470 qui
593 5400 828 5458 insolens
887 5403 1015 5456 illud
1058 5402 1125 5456 de
1176 5406 1444 5473 corporali
1482 5406 1679 5462 Christi
1708 5410 1761 5464 in
1861 5415 1917 5459 ut
1946 5403 2340 5464 sacerdotibus,
2373 5403 2451 5455 sic
2477 5409 2526 5454 et
2551 5399 2759 5453 caeteris
2785 5399 3032 5453 omnibus
3058 5398 3204 5452 licita
3237 5408 3415 5456 erant.

195 5491 549 5549 Eucharistia
581 5493 860 5559 praesentia
883 5503 936 5548 et
970 5497 1592 5567 transsubstantiatione,
1614 5501 1761 5568 prio-
1859 5501 1922 5554 Et
1948 5501 2071 5554 hinc
2097 5498 2370 5552 concludit
2399 5497 2652 5557 lrenzeus,
2705 5495 2973 5548 Christum
3003 5490 3180 5566 [tZLll]
3205 5495 3419 5562 aagrotis

194 5587 359 5643 ribus
405 5584 571 5638 tribus
612 5585 821 5640 sreculis
873 5587 1169 5642 inauditum
1226 5588 1444 5659 dogma,
1475 5591 1525 5644 in
1569 5591 1758 5647 orbem
1858 5607 2010 5662 opem
2049 5589 2329 5654 ferentem,
2368 5606 2384 5638 ‹
2445 5600 2548 5640 non
2599 5585 2844 5650 soltisse,
2891 5586 2984 5636 sed
3040 5583 3416 5652 adimplevisse

1905 5774 1948 5806 9°
1979 5773 2109 5828 Ibid.
2143 5788 2262 5841 cap.
2295 5773 2383 5840 5‘5,
2421 5792 2474 5830 n.
2510 5775 2563 5829 2.
2663 5774 2702 5806 ⁹¹
2738 5773 2870 5827 lhid.
2905 5772 2939 5824 l.
2973 5787 3022 5835 ν,
3053 5787 3172 5839 cap.
3203 5771 3256 5835 2,
3292 5787 3346 5824 n.
3380 5771 3416 5826 2

266 5776 316 5806 “
350 5774 515 5838 lren.,
549 5771 585 5826 l.
620 5788 693 5832 tv.
735 5787 782 5826 c.
819 5773 898 5838 l7,
931 5787 984 5825 n.
1015 5772 1065 5825 5.
1141 5772 1184 5803 ⁸⁵
1217 5773 1349 5826 lbid.
1398 5788 1514 5841 cap.
1556 5774 1636 5838 18,
1669 5790 1721 5827 n.
1754 5775 1806 5828 4.
1905 5774 1948 5806 ³⁸
1979 5773 2109 5828 Ibid.
2143 5788 2262 5841 cap.
2295 5773 2383 5840 5'5,
2421 5792 2474 5830 n.
2510 5775 2563 5829 2.
2663 5774 2702 5806 ⁹¹
2738 5773 2870 5827 lhid.
2905 5772 2939 5824 l.
2973 5787 3022 5835 ν,
3053 5787 3172 5839 cap.
3203 5771 3256 5835 2,

274 5847 332 5899 5.
444 5844 488 5875 θ’
519 5843 700 5899 Cvrill.
743 5845 834 5897 cit.
911 5845 954 5876 ⁵³
982 5841 1139 5899 Cres.
1186 5846 1278 5897 cit.
1355 5842 1640 5899 "lusum.
1676 5846 1768 5898 rit.
1843 5843 1886 5876 "
1927 5843 2092 5899 lren..
2133 5845 2267 5898 locis
2299 5845 2390 5899 cit.
2468 5846 2512 5877 "
2549 5846 2712 5899 lren..
2747 5844 2841 5898 lib.
2875 5859 2944 5899 tv.
2978 5859 3022 5896 c.
3056 5845 3107 5899 8.
3142 5859 3196 5896 n.
3229 5844 3262 5895 2

2675 5883 2712 5908 Ι,
2747 5881 2841 5898 IIII.
2875 5881 2944 5909 IV,
2979 5881 3022 5896 υ.
3057 5881 3107 5909 ν,
3142 5881 3196 5896 ΙΙ.
3231 5881 3281 5896 -σ

2812 5912 2820 5919 .

191 5859 245 5902 et
274 5847 332 5902 5.
444 5844 488 5875 ⁹²
519 5843 700 5914 Cyrill.
743 5845 834 5897 cit.
911 5845 954 5876 ⁵³
982 5841 1139 5912 Greg.
1186 5846 1278 5897 cit.
1355 5842 1640 5909 “lusum,
1676 5846 1768 5898 rit.
1843 5843 1886 5876 "
1927 5843 2092 5911 lren.,
2133 5845 2267 5898 locis
2299 5845 2390 5900 cit.
