4188 6336
806 426 913 484 $55

1607 415 2201 477 DISSERTATIONES
2232 415 2533 473 ΡΒΔΞῊᾹΞ
2567 415 2632 471 1N
2661 412 2914 469 IRENJEI
2947 412 3215 468 LlBBOS.

3922 414 4019 470 336

806 549 1015 615 legem;
1053 562 1072 597 ι
1106 544 1233 613 quia
1269 559 1286 594 s
1348 540 1543 596 summi
1599 540 1903 594 sacerdotis
1952 552 2171 607 operam
2204 536 2371 606 perfi-
2402 542 2443 598 Α
2476 534 2689 590 violatae
2729 534 2863 603 legis
2900 533 3053 601 argui
3118 541 3345 601 possunt
3383 546 3397 584 :
3459 531 3735 587 Dominica
3781 534 3978 604 quippe
4009 574 4023 600 ,

804 637 1008 700 ciebat,
1035 634 1332 705 propitians
1353 647 1452 703 pro
1504 632 1813 689 hominibus
1847 631 2034 695 Deum,
2064 632 2366 683 emundans

804 726 1050 796 leprosos
1084 735 1139 781 et
1168 723 1414 779 infirmos
1439 737 1660 779 curans.
1701 742 1720 774 ι
1757 721 1907 775 Hauc
1947 730 2127 774 autem
2169 721 2364 775 summi

803 816 1105 872 sacerdotis
1133 832 1381 887 operam,
1434 830 1538 871 non
1562 816 1749 885 utique
1777 814 2050 881 servilem,
2076 814 2170 871 sed
2200 814 2365 884 spiri-

802 910 961 965 talem
988 918 1043 966 et
1070 910 1287 977 bonam,
1320 909 1364 963 si
1395 909 1608 964 caeteris
1637 908 1967 971 hominibus,
1989 907 2145 963 laicis
2171 907 2359 972 etiam,

800 1001 1069 1070 perficere
1095 1001 1175 1057 fas
1211 1001 1345 1065 fuit;
1372 1014 1401 1052 a
1440 998 1899 1057 fortiori,Cliristo
1945 998 2193 1055 Domino.
2226 997 2363 1053 Tum

799 1107 1095 1150 occurrens
1120 1094 1275 1149 alteri
1301 1091 1615 1164 objectioni,
1649 1106 1715 1146 ex
1746 1105 1810 1147 eo
1840 1092 2023 1161 petitae
2052 1092 2195 1161 quod
2242 1092 2364 1147 Sal-

801 1186 1007 1242 vatoris
1030 1186 1300 1257 discipuli,
1332 1186 1447 1256 ipso
1478 1184 1761 1253 probante,
1783 1184 1960 1254 spicas
1992 1183 2252 1240 vellerent
2275 1187 2364 1241 die

801 1272 1017 1330 Sabbati
1065 1292 1081 1341 ;

799 1368 1060 1437 colligere
1093 1369 1143 1421 in
1171 1368 1428 1422 horreum
1459 1385 1479 1419 ι
1516 1367 1686 1437 legem
1724 1382 1744 1417 ί
1777 1366 2045 1434 vetuisse;
2086 1384 2105 1419 ι
2133 1383 2242 1423 non
2271 1383 2364 1423 au-

800 1469 907 1515 tem
943 1476 963 1509 s
1015 1457 1315 1512 esurientes
1356 1455 1602 1525 accipere
1658 1455 1915 1512 Sabbatis
1972 1472 2153 1513 escam
2182 1475 2247 1513 es
2276 1459 2364 1515 his

796 1563 917 1619 quae
943 1546 1286 1616 adiacebant.
1316 1545 1383 1599 Et
1414 1545 1554 1609 ideo,
1596 1564 1614 1599 ι
1670 1545 1868 1615 inquit,
1903 1565 1920 1599 ι
1962 1546 2221 1604 Dominus
2254 1550 2359 1616 his,

799 1640 890 1710 qui
924 1638 1249 1693 incusabant
1290 1635 1585 1706 discipulos
1635 1637 1775 1706 ejus,
1815 1640 2067 1706 quoniam
2101 1640 2363 1695 vellentes

796 1731 974 1799 spicas
1026 1727 1447 1795 manducabant,
1496 1728 1638 1782 dixit
1678 1728 1763 1781 ἐξ
1816 1727 1928 1783 Nec
1982 1731 2078 1783 hoc
2135 1731 2361 1801 legistis,

793 1829 933 1896 quod
960 1828 1083 1899 fecit
1138 1825 1304 1882 David
1334 1844 1453 1881 cum
1486 1828 1778 1892 esttriisset,
1812 1827 2253 1896 quemadmodum
2279 1828 2363 1879 in-

1141 1277 1427 1344 respondet
1476 1275 1542 1337 ",
1577 1293 1596 1327 ι
1654 1286 1855 1329 metere
1907 1292 1925 1325 ι
1980 1276 2194 1344 quidem
2240 1294 2258 1329 ι
2309 1284 2374 1333 et

2469 643 2574 683 non
2603 628 2905 691 saecularia,
2938 625 3293 695 perficiebant
3323 625 3643 682 ministeria.

2539 721 2659 777 lOl.
2693 719 2803 774 Hoc
2832 718 3016 772 lrenzci
3048 729 3422 787 argumentum
3454 728 3559 784 est,
3592 719 3731 787 quod
3766 726 3932 773 totum
3969 735 4026 774 eo

2466 811 2734 884 principio
2782 811 3000 875 nititur,
3033 810 3176 879 quod
3230 807 3455 864 cuilibet
3505 811 3706 864 homini
3746 812 3833 865 die
3894 810 4025 864 Sab-

2465 906 2601 971 bati,
2626 914 2681 959 et
2704 904 2757 957 in
2790 902 2912 958 aliis
2963 902 3286 972 quibusdam
3325 901 3698 957 occasionibus
3721 915 3869 958 certa
3895 920 4025 974 qua-

2422 1022 2425 1027 ‹
2466 995 2585 1049 dam
2612 993 2824 1051 ratione
2864 993 3104 1059 licuerit,
3133 993 3278 1063 quod
3326 993 3699 1048 sacerdotibus
3731 996 3880 1063 ipsis,
3909 1011 4025 1065 per-

2465 1088 2716 1141 mittente
2763 1084 2900 1159 lege,
2953 1083 3183 1154 licebat;
3217 1085 3318 1141 hos
3367 1098 3495 1141 vero
3519 1085 3564 1139 si
3621 1085 3741 1141 ideo
3773 1088 3887 1157 lege
3923 1103 4022 1142 non

2468 1187 2797 1246 tenerentur,
2827 1178 2951 1247 quia
2984 1178 3262 1234 Dominica
3311 1179 3609 1233 ministeria
3650 1180 4023 1249 perficiebant,

2464 1286 2583 1340 quae
2624 1274 2759 1326 bona
2797 1279 2953 1325 erant
3006 1285 3194 1341 opera,
3228 1272 3345 1341 pia,
3404 1272 3630 1325 honesta
3654 1281 3706 1327 et
3731 1273 4021 1341 spiritalia,

2464 1382 2570 1422 non
2600 1364 2879 1421 saecularia
2909 1373 2961 1418 et
2986 1364 3237 1429 servilia;
3268 1380 3369 1419 nec
3391 1364 3528 1420 alios
3557 1364 3803 1421 homines
3836 1366 4022 1420 eadem

2464 1456 2581 1526 lege
2630 1457 2952 1512 constrictos
3006 1454 3192 1519 fuisse,
3224 1469 3345 1509 cum
3392 1455 3531 1509 bona
3565 1471 3727 1526 opera
3776 1455 4023 1524 perﬁcie-

2465 1548 2612 1613 bant,
2645 1549 2729 1618 pia
2779 1557 2835 1603 et
2869 1547 3133 1617 spiritalia
3162 1565 3175 1613 ;
3223 1547 3346 1616 quia
3379 1547 3658 1602 Dominica
3719 1548 4022 1601 ministeria

2465 1651 2612 1708 sunt,
2639 1656 2738 1696 nec
2776 1641 2895 1710 lege
2956 1642 3152 1707 verita,
3206 1650 3452 1708 respectu
3512 1656 3745 1710 quorum
3797 1640 4024 1709 quilibet

2463 1734 2625 1788 homo
2667 1734 2923 1788 sacerdos
2970 1744 3077 1788 est.
3138 1733 3204 1786 Et
3256 1732 3382 1786 hinc
3413 1731 3686 1787 Christum
3735 1732 4018 1787 Dominum

2464 1823 2718 1880 Sabbatis
2745 1835 3025 1881 curantem
3057 1842 3160 1882 non
3185 1825 3417 1880 violasse
3451 1824 3641 1896 legem,
3676 1826 3801 1895 quia
3825 1826 4018 1880 summi

795 1893 971 1973 troivil
994 1919 1049 1971 in
1078 1919 1291 1972 domum
1316 1918 1432 1981 Dei,
1466 1928 1513 1972 et
1536 1932 1696 1986 panes
1727 1893 2102 1987 propositionis
2134 1918 2353 1973 mandu—
2390 1893 2432 1948 Β
2460 1918 2757 1972 sacerdotis
2780 1931 2995 1986 operam
3032 1916 3365 1987 perficiebat.
3398 1893 3533 1971 Hinc
3578 1893 3836 1972 Davidem
3867 1917 4018 1986 pani-

794 2008 948 2075 cavit,
981 2020 1027 2061 et
1056 2010 1198 2062 dedit
1222 2010 1296 2062 eis
1333 2012 1423 2079 qui
1462 2024 1579 2061 cum
1626 2025 1683 2063 eo
1712 2018 1883 2073 erant,
1921 2026 2051 2078 quos
2106 2026 2209 2065 non
2240 2012 2359 2065 lice-

795 2100 881 2153 bat
936 2102 1281 2167 manducare,
1312 2101 1415 2155 nisi
1467 2101 1595 2155 solis
1636 2100 2046 2155 sacerdotibus?
2092 2117 2189 2171 per
2225 2103 2357 2172 legis

792 2193 958 2247 verba
989 2191 1283 2263 discipulos
1312 2208 1436 2248 suos
1456 2208 1741 2258 excusans,
1774 2202 1829 2249 et
1854 2194 2171 2264 significans
2192 2194 2357 2250 licere

791 2285 1165 2340 sacerdotibus
1219 2284 1389 2338 libere
1430 2298 1611 2354 agere.
1647 2281 1913 2339 Sacerdos
1954 2292 2139 2337 autem
2174 2284 2351 2339 scitus

790 2374 969 2431 fuerat
991 2373 1159 2430 David
1187 2374 1324 2445 apud
1353 2374 1545 2442 Deum,
1576 2376 1823 2445 quamvis
1867 2375 1994 2429 Saul
2023 2376 2354 2444 persecutio-

790 2480 915 2521 nem
943 2466 1147 2523 faceret
1170 2468 1245 2523 ei.
1275 2465 1475 2522 Omnes
1497 2468 1641 2520 enim
1662 2466 1792 2537 justi
1836 2466 2225 2523 sacerdotalem
2258 2468 2355 2522 ba-

789 2562 921 2617 bent
965 2560 1233 2616 ordinem.
1286 2560 1612 2615 Sacerdotes
1666 2570 1846 2615 autem
1877 2570 2004 2616 sunt
2032 2575 2222 2617 omnes
2250 2562 2355 2615 Do-

791 2653 922 2707 mini
987 2652 1238 2724 apostoli,
1307 2651 1398 2722 qui
1454 2667 1626 2722 neque
1681 2667 1860 2722 agros,
1925 2665 2100 2721 neque
2164 2652 2352 2707 domos

791 2743 1108 2798 haereditant
1162 2743 1270 2809 bic,
1315 2742 1411 2798 sed
1461 2755 1677 2811 semper
1727 2740 1885 2795 altari
1929 2751 1984 2796 et
2019 2740 2131 2795 Deo
2167 2743 2352 2796 deser-

789 2838 965 2892 viunt.
998 2856 1017 2888 )
1053 2836 1260 2904 Quibus
1314 2838 1505 2908 probat
1555 2834 1811 2900 lrenaeus,
1850 2833 2128 2890 Christum
2166 2835 2350 2890 verbis

786 2930 901 2984 suis
952 2927 1289 2998 significasse
1319 2926 1633 2982 sacerdotes
1665 2926 1777 2996 lege
1820 2924 2089 2979 interdum
2141 2926 2350 2981 solutos

786 3021 973 3083 fuisse,
1016 3020 1295 3089 libereque
1355 3033 1517 3087 agere
1545 3019 1818 3089 potuisse;
1876 3018 2026 3088 quia,
2056 3025 2117 3071 ut
2159 3027 2349 3087 postea

756 3130 759 3133 ·
786 3114 955 3176 addit,
989 3111 1265 3166 Dominiea
1299 3111 1601 3165 ministeria
1618 3110 2005 3180 perficiebant;
2037 3125 2101 3165 ac
2126 3108 2351 3180 proinde

784 3210 945 3265 etsuis
970 3208 1060 3279 qui
1080 3206 1390 3276 adjacebanl
1414 3206 1641 3275 panibus
1662 3206 2067 3275 propositionis,
2104 3207 2351 3261 esurien-

786 3312 873 3355 tes
920 3312 1101 3355 escam
1143 3298 1395 3366 accipere
1424 3298 1683 3365 potuiSse.
1728 3296 1917 3365 Atqui,
1960 3298 2059 3364 ait,
2102 3300 2350 3353 sacerdos

786 3392 960 3460 fuerat
992 3389 1183 3456 David,
1236 3402 1342 3443 non
1374 3388 1563 3456 stirpe,
1614 3402 1721 3442 non
1771 3403 2016 3453 munere,
2075 3407 2179 3446 non
2210 3392 2353 3461 apud

787 3484 1057 3548 homines,
1090 3481 1182 3536 sed
1222 3480 1385 3534 scitus
1409 3479 1550 3547 apud
1585 3478 1769 3543 Deum,
1804 3479 1898 3546 qui
1939 3480 2187 3550 spiritum
2218 3481 2352 3551 legis

786 3573 857 3628 ab
888 3572 1129 3640 ejusdem
1164 3569 1345 3622 littera
1402 3567 1569 3637 probe
1594 3576 1910 3634 secernens,
1934 3584 1997 3623 ea
2030 3570 2133 3624 sibi
2160 3570 2347 3637 licere,

785 3670 1011 3732 urgente
1038 3661 1378 3723 necessitate,
1403 3657 1524 3727 jure
1572 3660 1942 3727 existimabat,
1973 3675 2093 3730 quae
2149 3661 2231 3715 lex
2259 3678 2350 3717 sa-

780 3754 1090 3811 cerdotibus
1114 3752 1500 3823 permittebat;
1540 3753 1664 3820 quia
1701 3761 1755 3805 et
1782 3753 1893 3822 ipse
1922 3753 2047 3823 fuga
2074 3752 2176 3808 sibi
2206 3754 2348 3807 salu-

781 3853 890 3898 tem
924 3852 1135 3912 petens,
1175 3840 1453 3896 Dominica
1488 3841 1791 3895 ministeria
1842 3843 2179 3912 perficiebat.
2218 3844 2346 3898 0m-

782 3952 873 3992 nes
933 3934 1069 3989 enim
1128 3934 1264 4003 justi
1331 3933 1712 3987 sacerdotalem
1778 3935 1970 3989 habent
2039 3937 2272 3990 ordinem
2326 3952 2347 3991 .'

780 4026 1061 4083 Dominica
1111 4028 1311 4095 quippe
1341 4025 1645 4081 ministeria
1675 4025 1984 4096 perficiunt,
2032 4042 2097 4082 ac
2124 4029 2346 4097 proinde

776 4117 953 4174 libere
982 4132 1144 4187 agere
1197 4128 1444 4187 possunt,
1489 4128 1542 4173 et
1570 4132 1653 4185 ea,
1715 4130 1993 4189 premente
2032 4120 2223 4175 saltem
2251 4136 2345 4176 ne-

774 4209 1052 4276 cessitate,
1086 4210 1326 4277 operari,
1376 4224 1495 4279 quae
1542 4211 1757 4280 spiritui
1806 4211 1941 4281 legis
1982 4224 2341 4269 consentanea

775 4312 917 4361 sunt.
937 4303 1092 4371 Quod
1118 4304 1161 4357 si
1201 4318 1327 4359 vero
1351 4304 1607 4360 sacerdos
1627 4303 1791 4360 fuerit
1819 4307 1989 4360 scitus
2009 4308 2147 4375 apud
2171 4306 2339 4360 Deum

774 4396 963 4463 David,
988 4398 1033 4452 si
1056 4410 1247 4450 omnes
1298 4396 1426 4465 justi
1458 4398 1647 4451 eadem
1683 4398 1891 4452 ratione
1942 4397 2337 4452 sacerdotalem

775 4488 977 4543 habent
1000 4486 1287 4550 ordinem;
1320 4486 1442 4554 quis
1495 4486 1711 4552 negabit
1752 4488 2052 4540 sacerdotes
2089 4502 2207 4541 esse
2228 4504 2338 4541 om-

776 4590 862 4627 nes
902 4571 1111 4627 Domini
1148 4573 1432 4639 apostolos,
1485 4574 1579 4645 qui
1609 4576 1834 4644 perinde
1870 4591 1935 4631 ac
1966 4578 2220 4632 Aaronici
2246 4595 2337 4631 ne-

773 4680 871 4735 que
905 4680 1080 4733 agros,
1110 4680 1274 4735 neque
1300 4666 1481 4717 domos
1545 4666 1856 4721 hwreditant
1883 4668 1987 4731 hic,
2019 4667 2107 4721 sed
2136 4683 2335 4735 semper

773 4758 933 4812 altari
965 4770 1011 4813 et
1036 4759 1144 4813 Deo
1173 4760 1444 4823 serviunt;
1484 4769 1536 4812 et
1569 4760 1795 4829 proinde
1854 4760 2127 4831 discipulis
2151 4759 2331 4815 leviti-

772 4868 889 4909 cam
921 4854 1279 4909 substantiam
1322 4852 1645 4908 habentibus
1686 4854 1904 4909 licuisse
1944 4854 2328 4923 esurientibus,

771 4946 911 5014 quod
940 4946 1213 5000 veteribus
1237 4946 1412 5003 levitis
1438 4954 1493 4999 et
1519 4946 1892 5003 sacerdOtibus
1934 4946 2151 5011 licebat,
2180 4948 2327 5002 vide-

771 5038 898 5094 licet
944 5056 962 5091 s
998 5055 1027 5093 a
1070 5041 1369 5097 seminibus
1419 5043 1666 5112 accipere
1715 5056 1935 5105 escam,
2000 5042 2196 5111 dignus
2246 5054 2330 5097 est

770 5129 913 5185 enim
954 5132 1236 5201 operarius
1286 5146 1407 5187 esca
1440 5132 1577 5188 sua?
1608 5150 1627 5185 ι
1657 5133 1712 5187 Si
1750 5151 1767 5185 ς
1801 5134 2134 5200 sacerdotes,
2175 5153 2192 5186 ι
2229 5136 2326 5190 ad-

771 5220 853 5276 dit
895 5220 1146 5284 lreuaeus,
1179 5240 1199 5274 ι
1236 5224 1290 5278 in
1342 5224 1538 5294 templo
1593 5224 1887 5280 Sabbatum
1943 5223 2321 5293 profanabant,

768 5324 825 5368 et
852 5314 927 5369 rei
960 5329 1063 5369 non
1112 5325 1305 5381 erant;
1342 5321 1431 5387 qui
1464 5334 1586 5373 cum
1616 5327 1801 5374 essent
1845 5315 1897 5369 in
1949 5320 2164 5391 templo,
2218 5334 2324 5373 non

770 5406 1075 5473 saecularia,
1135 5410 1227 5463 sed
1268 5410 1545 5465 Dominica
1590 5411 1943 5481 perficiebant
1998 5412 2323 5477 ministeria,

772 5498 939 5568 legem
964 5499 1335 5570 adimplentes,
1365 5518 1468 5558 non
1482 5514 1659 5558 autem
1676 5513 2060 5575 praetereuntes
2078 5504 2268 5575 legem;
2299 5524 2318 5556 ι

772 5605 870 5647 nec
928 5592 1175 5663 discipuli
1206 5593 1444 5660 Domini,
1494 5604 1548 5648 ct
1592 5596 1690 5665 ipsi
1736 5596 1974 5665 ejusdem
2000 5596 2321 5655 conditionis

768 5698 890 5741 cum
949 5687 1307 5742 sacerdotibus
1382 5686 1643 5743 vellentes
1691 5690 1872 5761 spicas
1930 5689 2019 5745 die
2053 5687 2317 5759 Sabbati,

870 5868 915 5902 ⁸¹
947 5867 1009 5924 Ν.
1040 5869 1093 5927 ὃ.
1166 5870 1209 5903 ⁸⁸
1245 5868 1375 5926 Luc.
1407 5884 1480 5936 vl,
1509 5872 1563 5937 ὃ,
1585 5869 1638 5925 αἱ.

2459 2011 2557 2065 bus
2589 2009 2976 2079 propositionis
3022 2018 3250 2077 urgente
3280 2008 3423 2063 fame
3452 2016 3686 2078 pastum,
3714 2018 3907 2063 contra
3938 2009 4015 2062 le-

2457 2117 2577 2173 gem
2624 2117 2728 2156 non
2762 2100 3135 2165 commisisse;
3168 2100 3293 2169 quia
3338 2100 3591 2154 sacerdos
3624 2100 3795 2154 scitus
3845 2098 4018 2152 fuerat

2459 2197 2599 2263 apud
2630 2195 2818 2257 Deum,
2848 2194 2931 2249 cui
2962 2194 3129 2249 libere
3158 2207 3319 2263 agere
3350 2192 3573 2248 licebat.
3610 2192 3745 2247 Hinc
3782 2193 4016 2261 denique

2458 2289 2747 2359 discipulos
2772 2288 3031 2343 vellentes
3059 2287 3236 2358 spicas
3274 2288 3362 2342 die
3416 2286 3662 2351 Sabbati,
3704 2285 3880 2357 legem
3907 2302 4011 2340 non

2456 2381 2815 2450 perfregisse;
2840 2382 2965 2449 quia
3016 2382 3329 2437 sacerdotes
3355 2388 3535 2439 erant.
3568 2380 3620 2433 in
3649 2378 3753 2433 hoc
3782 2376 4016 2432 leviticis

2454 2473 2770 2537 similiores,
2825 2474 2967 2541 quod
2995 2471 3290 2529 Leviticam
3343 2472 3609 2527 duntaxat
3653 2470 4015 2526 substantiam

2455 2560 2741 2617 haberent.
2802 2560 3001 2617 Omnes
3033 2564 3173 2618 enim
3208 2561 3339 2631 justi
3389 2560 3534 2631 justa.
3569 2570 3626 2615 et
3673 2561 3816 2615 bona
3851 2575 4015 2631 opera

2454 2651 2820 2719 perlicientes,
2857 2652 3247 2707 sacerdotalem
3297 2653 3501 2707 habent
3559 2653 3849 2719 ordinem;
3889 2654 4012 2721 quia

2453 2745 2519 2799 ad
2560 2745 2951 2802 sacerdotalem
2982 2746 3226 2801 ordinem
3265 2747 3498 2815 pertinet
3534 2746 3816 2802 Dominica
3856 2746 4014 2801 mmi-

2452 2840 2615 2895 steria
2637 2838 2804 2893 libere
2835 2839 3094 2908 perficere
3115 2858 3128 2905 ;
3152 2849 3209 2893 at
3252 2855 3414 2909 opera
3442 2839 3493 2893 in
3526 2854 3584 2894 se
3602 2842 3762 2903 bona,
3789 2838 4013 2896 honesta

2451 2940 2505 2985 et
2534 2930 2701 2998 licita,
2733 2930 3009 2988 Dominica
3051 2933 3350 2987 ministeria
3404 2941 3548 2987 sunt.
3608 2932 3890 2998 Quatenus
3925 2948 4018 2986 va-

2451 3024 2561 3078 leat
2584 3024 2721 3079 istud
2742 3024 2927 3081 lrenaai
2952 3035 3351 3095 argumentum,
3377 3039 3517 3079 nunc
3535 3041 3639 3080 non
3661 3026 4011 3095 inquirimus:

2452 3118 2545 3174 sed
2576 3119 2700 3188 quid
2728 3116 2787 3173 S.
2826 3118 3014 3175 doctor
3066 3120 3316 3173 senserit.
3365 3115 3573 3173 Viderit
3620 3120 3731 3190 jam
3766 3117 3836 3174 cl.
3878 3118 4013 3175 Gra-

2378 3248 2423 3308 C
2456 3212 2581 3266 bius
2604 3212 2731 3281 quid
2768 3212 2880 3266 haec
2922 3209 3333 3275 Puritanorum,
3386 3212 3582 3281 quibus
3612 3213 4011 3281 patrocinatur,

2454 3319 2671 3359 causam
2696 3302 2912 3370 juvent;
2942 3303 3160 3368 viderit,
3200 3311 3253 3357 et
3298 3303 3408 3372 ipse
3434 3302 3664 3373 judicet,
3698 3318 3804 3373 qua
3842 3304 4012 3374 aequi-

2456 3404 2563 3449 tate
2594 3396 2840 3449 insanum
2867 3392 2995 3449 illud
3022 3394 3211 3465 dogma
3230 3393 3437 3450 lrenno
3471 3395 3724 3467 afﬁngere
3753 3397 4009 3467 potuerit,

2459 3508 2477 3541 s
2542 3490 2729 3542 ﬁdeles
2778 3502 2966 3543 omnes
3017 3488 3343 3541 sacerdotali
3391 3488 3581 3545 ordine
3637 3497 3689 3542 et
3742 3498 4012 3558 potestate

2451 3584 2710 3653 praeditos
2768 3598 2909 3649 esse,
2935 3581 3161 3651 ejusque
3203 3581 3547 3647 exercitium,
3584 3583 3673 3636 ubi
3710 3582 4010 3636 necessitas

2451 3675 2703 3745 requirit,
2736 3676 2890 3730 obire
2940 3690 3121 3745 posse.
3155 3694 3175 3728 ι
3210 3674 3267 3729 Si
3324 3675 3467 3730 enim
3499 3675 3551 3731 id
3580 3690 3642 3729 ex
3672 3675 3858 3730 Irenaei
3890 3689 4011 3731 ver-

2447 3766 2533 3821 bis
2577 3766 2763 3822 inferri
2808 3782 2962 3837 posse
3015 3776 3195 3835 putat,
3226 3766 3417 3821 eodem
3449 3777 3597 3821 certe
3639 3777 3695 3822 et.
3717 3779 3824 3821 tam
3855 3783 4011 3837 aequo

2444 3860 2568 3928 jure
2622 3860 2759 3913 alius
2812 3860 2988 3929 quivis
3045 3859 3325 3924 intulerit,
3388 3857 3665 3914 Christum
3719 3861 4009 3915 Dominum

2448 3953 2617 4009 fuisse
2641 3968 2912 4009 summum
2970 3954 3171 4007 veteris
3226 3953 3361 4022 legis
3414 3953 3786 4017 sacerdotem;
3844 3954 4007 4008 Davi~

2448 4050 2595 4113 dem,
2628 4048 2920 4117 apostolos,
2954 4049 3248 4119 discipulos
3280 4048 3515 4117 Domini,
3540 4065 3839 4119 omnesque
3871 4052 4009 4104 anti-

2445 4140 2535 4210 qui
2567 4139 2896 4195 Testamenti
2923 4140 3117 4208 justos,
3148 4141 3313 4197 fuisse
3363 4156 3517 4196 veros
3546 4142 3783 4211 ejusdem
3810 4142 4005 4197 Testa-

2443 4234 2966 4297 mentisacerdotes,
3009 4248 3073 4289 ac
3126 4234 3375 4303 proinde,
3406 4236 3729 4289 necessitate
3751 4245 4003 4303 urgente,

2441 4326 2679 4395 potuisse
2731 4326 2979 4381 victimas
3034 4337 3090 4379 et
3136 4326 3403 4379 sacrificia
3441 4327 3493 4378 in
3529 4325 3726 4394 templo
3778 4325 4002 4389 offerre,

2440 4419 2655 4487 aliaque
2682 4419 2834 4473 obire
2857 4417 3178 4484 ministeria,
3202 4433 3321 4487 quae
3348 4417 3479 4471 solis
3500 4417 3782 4471 Aaronicis
3814 4432 4004 4473 sacer-

2440 4511 2656 4565 dotibus
2706 4510 2978 4575 licebant;
3017 4526 3139 4564 nam
3193 4512 3261 4565 de
3319 4510 3492 4564 veteri
3524 4509 3643 4577 lege
3680 4510 3766 4563 hic
3821 4512 4003 4580 agitur

2367 4585 2413 4646 ο
2436 4603 2695 4669 omnino;
2753 4604 2817 4659 de
2844 4618 2996 4658 novae
3040 4613 3220 4658 autem
3272 4603 3405 4673 legis
3450 4603 3752 4659 sacerdotio
3779 4618 3851 4657 ne
3881 4607 4001 4657 κατ’

2437 4696 2567 4767 ὄναρ
2595 4696 2813 4765 quidem
2860 4695 3123 4767 cogitavit
3150 4694 3407 4751 Irenaaus.
3460 4696 3613 4761 Quod
3650 4695 3813 4751 etiam
3846 4711 4000 4767 aper-

2437 4791 2644 4844 tissime
2694 4790 2863 4858 liquet
2905 4804 2971 4845 ex
3002 4788 3102 4844 lib.
3133 4804 3185 4856 v,
3232 4803 3281 4843 c.
3322 4788 3415 4855 24,
3439 4805 3495 4845 n.
3520 4788 3572 4853 5,
3616 4788 3705 4843 ubi
3733 4803 3795 4843 ea
3826 4790 3999 4857 respi-

2434 4888 2583 4943 ciens
2641 4902 2760 4957 qute
2792 4887 2929 4943 libro
2968 4898 3020 4940 tv
3045 4888 3209 4942 citato
3263 4886 3497 4955 scripsit,
3530 4886 3605 4938 ait
3638 4904 3650 4939 :
3687 4903 3704 4937 ι
3742 4883 4000 4941 Ostendi-

2434 5008 2552 5048 mus
2585 4994 2636 5046 in
2663 4990 2927 5061 superiori
2952 4990 3110 5056 libro,
3158 4991 3411 5059 quoniam
3444 4988 3619 5043 levita:
3648 4997 3703 5043 et
3741 4991 3996 5045 sacerdo-

2433 5104 2513 5150 tes
2540 5103 2665 5149 suut
2701 5091 2950 5162 discipuli
2988 5106 3177 5147 omnes
3202 5090 3409 5146 Domini
3440 5108 3454 5156 ;
3493 5091 3584 5159 qui
3614 5099 3667 5144 et
3692 5086 3990 5145 Sabbatum

2428 5197 2481 5251 in
2535 5194 2732 5264 templo
2786 5192 3144 5263 profanabant
3188 5203 3243 5247 et
3274 5191 3393 5246 sine
3418 5189 3572 5258 culpa
3623 5197 3769 5244 sunt.
3802 5208 3824 5242 ι
3859 5188 3989 5243 Tam

2429 5296 2587 5353 facile
2634 5305 2855 5366 possent
2884 5308 2915 5349 a
2969 5292 3156 5350 Grabii
3207 5290 3684 5347 criminationibus
3722 5288 3987 5345 vindicari

2428 5400 2829 5463 Tertullianus,
2879 5409 2933 5453 et
2995 5399 3395 5456 Atnbrosiaster
3453 5397 3503 5449 in
3570 5394 3865 5450 Commeat.
3917 5393 3985 5445 ad

2425 5492 2613 5559 E;.hes.
2641 5508 2714 5555 iv,
2752 5492 2806 5556 2,
2843 5506 2973 5559 quos
3006 5492 3057 5544 in
3092 5490 3362 5544 Puritanze
3409 5502 3588 5542 causa:
3613 5486 3984 5541 defensionem

2423 5594 2641 5664 allegat,
2672 5594 2773 5648 nisi
2800 5593 2998 5646 diutius
3026 5593 3078 5645 in
3104 5592 3268 5645 rebus
3292 5588 3682 5644 Eucharisticis
3701 5587 3984 5642 immorari

2425 5698 2664 5752 ttederet.
2692 5694 2819 5767 Legi
2850 5705 3075 5764 possunt
3108 5693 3244 5749 liber
3289 5690 3584 5764 singularis
3624 5689 3982 5749 eruditissimi
