4188 6336
253 400 358 453 55Ἶ

1197 391 1649 446 DISSERTATIO
1689 390 1775 452 Ill,
1813 391 1900 443 DE
1941 390 2194 443 ΙΠΕΝΛΞΙ
2235 387 2600 443 υΟεΤιιιΝΑ.

3373 396 3476 450 358

239 514 573 583 Albaspintei
606 513 683 566 De
733 509 1082 565 Eucharistiw
1130 509 1412 575 sacriﬁcio,
1449 509 1653 563 Gallice
1683 509 1820 562 serio
1845 542 1891 595 Α
1923 511 2111 562 eodem
2169 518 2511 578 argumento,
2543 524 2663 563 cum
2709 508 2948 575 ejusdem
2977 514 3069 565 lib.
3101 529 3158 566 ιιι
3189 513 3260 567 De
3292 517 3475 569 eceles.

239 623 388 684 ptus,
416 613 469 667 in
509 629 616 682 quo
647 611 1034 666 Tertullianutn
1069 626 1096 662 a
1119 607 1500 663 Puritanorum
1525 606 1809 661 calumniis

237 706 456 775 egregie
482 715 686 765 tuetur,
747 712 803 756 et
857 701 1162 756 doctissimi
1215 698 1422 754 Petavii
1459 699 1705 752 Diatriha
1746 698 1812 749 de

1917 603 2177 658 hierarch.
2205 602 2286 655 Ad
2319 618 2410 657 eas
2434 603 2501 657 ab
2530 604 2936 656 Ambrosiastro
2959 605 3303 674 depellendas
3322 607 3475 662 δυω-

1920 695 2026 747 ciat
2054 695 2227 763 ipsum
2254 695 2430 750 locum
2471 695 2695 751 citatum
2729 697 2921 765 legere.

1343 973 2009 1066 ARTICULUS
2079 971 2373 1064 VIII.

932 1162 1024 1223 De
1053 1160 1424 1239 angelorum
1466 1166 1722 1231 natura,
1765 1155 2127 1227 ordinibus,
2165 1162 2418 1232 peccato
2451 1161 2510 1216 et
2545 1157 2765 1231 ptenis.

300 1448 426 1505 102.
455 1447 632 1504 Pauca
660 1447 727 1503 de
758 1448 1075 1520 angelorum
1125 1457 1322 1502 natura
1351 1448 1511 1502 habet
1539 1448 1795 1502 lrenaeus.

229 1541 490 1609 Quaedam
549 1543 808 1596 duntaxat
858 1540 1125 1609 aliquibus
1167 1540 1220 1594 in
1272 1541 1404 1595 locis
1460 1540 1704 1603 inseruit,
1737 1552 1802 1592 ex

226 1634 433 1702 quibus
455 1633 588 1703 quid
619 1633 855 1688 senserit
884 1642 1162 1700 utcunque
1208 1632 1387 1702 colligi
1418 1641 1615 1701 potest.
1648 1629 1799 1685 Scri-

226 1725 308 1778 bit
363 1725 455 1779 lib.
513 1740 595 1788 ιιι,
621 1739 738 1793 cap.
779 1723 867 1790 20,
901 1738 1050 1778 num.
1077 1724 1130 1787 4,
1166 1741 1184 1773 ι
1226 1725 1342 1777 sine
1371 1738 1533 1778 carne
1580 1721 1802 1793 angelos

222 1833 384 1876 esse:
421 1837 440 1869 ι
466 1833 574 1887 quo
623 1818 838 1887 quidem
873 1816 1093 1885 angelos
1120 1817 1310 1872 eximit
1353 1832 1382 1872 a
1418 1819 1620 1882 carnis,
1652 1833 1804 1873 cras-

225 1907 497 1975 siorisque
535 1904 780 1975 corporis
806 1906 983 1972 mole;
1017 1923 1122 1963 non
1175 1916 1355 1962 autem
1386 1907 1451 1962 ab
1473 1907 1712 1963 atthereo
1739 1923 1801 1964 ac

225 1997 526 2062 subtiliori,
562 1998 706 2066 quod
758 1997 910 2062 nihil,
938 1998 1226 2068 quominus
1276 1998 1498 2067 spiritus
1524 1999 1799 2068 appellen-

227 2100 338 2153 tur,
373 2091 666 2158 prohibere
713 2100 918 2161 posset.
965 2090 1077 2146 Hoc
1111 2091 1254 2145 enim
1290 2093 1557 2160 posterius
1585 2091 1788 2163 [CLIII]

222 2183 477 2252 corporis
523 2197 693 2252 genus
726 2181 934 2252 angelis
975 2182 1280 2238 tribuerunt
1331 2199 1395 2236 ex
1428 2185 1664 2254 antiquis
1692 2186 1786 2239 Pa-

225 2274 402 2328 trihus
434 2290 543 2329 non
574 2275 757 2344 pauci.
783 2274 841 2328 In
871 2275 1121 2330 eamdem
1155 2290 1280 2331 vero
1313 2273 1630 2332 sententiam
1661 2293 1790 2334 con-

220 2368 459 2423 cessisse
484 2369 741 2424 Irenaeum
779 2384 846 2425 ex
892 2385 957 2424 eo
1015 2369 1133 2423 erui
1166 2384 1327 2439 posse
1380 2371 1614 2436 videtur,
1649 2377 1789 2440 quod

219 2460 414 2514 scribit
439 2469 553 2513 tum
585 2459 678 2512 lib.
720 2475 792 2524 tv,
821 2473 870 2513 c.
899 2461 984 2526 16,
1023 2477 1071 2515 ιι.
1110 2461 1164 2526 2,
1199 2473 1249 2516 et
1278 2479 1322 2517 c.
1365 2466 1450 2530 50,
1489 2482 1540 2518 ιι.
1569 2467 1636 2532 4;
1672 2476 1782 2519 tum

218 2553 316 2606 lib.
345 2568 398 2614 v,
423 2566 473 2604 c.
499 2551 568 2605 Ξῖ)
590 2591 602 2610 .
628 2567 680 2603 n.
707 2550 762 2614 ‘2,
794 2571 812 2603 ι
849 2552 1080 2621 Angelos
1129 2562 1494 2624 transgressos
1523 2558 1786 2611 decidisse

223 2645 280 2697 in
303 2652 522 2696 .terram
567 2642 620 2694 in
665 2642 947 2710 judicium,
997 2663 1013 2696 ι
1057 2645 1108 2698 id
1150 2655 1232 2700 est
1263 2647 1313 2699 in
1342 2647 1542 2714 peccati
1571 2662 1785 2716 pmnam

222 2733 529 2804 praecipites
553 2747 583 2786 e
606 2733 742 2788 ccelo
762 2732 816 2786 in
847 2743 1044 2787 terram
1066 2743 1239 2802 actos,
1268 2736 1447 2807 ibique
1469 2737 1781 2793 hominibus

216 2827 561 2888 commistos,
611 2827 713 2882 hoc
750 2835 852 2891 est,
886 2827 1174 2882 mulierum
1217 2840 1404 2897 captos
1455 2832 1632 2898 specie
1663 2848 1783 2887 cum

215 2916 286 2971 iis
339 2917 514 2987 stupri
566 2917 1010 2972 consuetudinem
1045 2919 1322 2985 habuisse,
1352 2936 1382 2974 e
1415 2937 1640 2989 quorum
1666 2933 1783 2977 satu

214 3017 404 3061 natum
444 3009 737 3077 pessimum
766 3007 1039 3063 hominum
1085 3023 1277 3080 genus,
1321 3026 1456 3080 quos
1499 3012 1784 3068 ultricibus

214 3098 406 3153 diluvii
437 3100 596 3168 aquis
628 3099 825 3153 delevit
856 3100 997 3154 Deus
1025 3118 1037 3153 :
1095 3112 1382 3172 pr0pterea
1414 3105 1687 3159 Euochum
1715 3107 1782 3160 ad

217 3198 562 3257 stupratores
609 3190 730 3244 illos
758 3190 1001 3260 angelos,
1049 3198 1104 3245 et
1136 3193 1200 3247 ad
1239 3195 1482 3250 homines
1537 3198 1603 3250 ab
1633 3196 1698 3251 iis
1731 3200 1783 3252 in

214 3282 607 3347 idoloiatriam,
644 3282 950 3353 {cedamque
982 3286 1231 3341 vitiorum
1259 3288 1542 3344 colluviem
1575 3290 1783 3345 demer-

210 3389 330 3438 sos,
362 3385 616 3443 tanquam
660 3377 751 3430 Dei
782 3377 1014 3446 legatum
1066 3389 1228 3447 atque
1253 3381 1567 3449 prephetam
1592 3397 1778 3438 acces-

210 3465 380 3532 sisse,
428 3467 674 3522 divinum
723 3469 987 3538 judicium
1053 3469 1519 3526 denuntiaturum.
1577 3473 1776 3528 Eadem

211 3558 330 3613 fere
387 3561 658 3616 sententia
686 3561 786 3614 fuit
819 3561 1018 3617 Justini
1065 3562 1339 3632 Martyris,
1398 3566 1776 3637 Athenagorae,
1807 3588 1846 3645 α

208 3649 508 3705 Clementis
531 3651 901 3727 Alexandrini,
941 3653 1281 3719 Tertulliani,
1320 3656 1613 3722 Lactantii,
1642 3660 1777 3714 alio-

210 3757 443 3811 rumque
463 3758 570 3797 non
601 3759 894 3812 paucorum
922 3761 936 3811 ;
967 3748 1160 3817 quibus
1193 3749 1464 3814 omnibus,
1521 3761 1579 3806 ut
1607 3753 1660 3806 in
1691 3769 1782 3808 no-

212 3834 285 3887 tis
311 3833 380 3886 ad
408 3833 572 3887 citata
602 3835 787 3889 lreuazi
821 3835 937 3891 loca
969 3840 1340 3907 exposuimus,
1375 3844 1579 3898 erroris
1617 3858 1780 3898 occa-

211 3930 296 3978 sio
351 3923 467 3990 fuit,
518 3934 628 3978 tum
683 3927 824 3994 quod
855 3927 987 3983 Gen.
1027 3945 1078 3984 vr
1109 3932 1169 3983 de
1228 3931 1460 3998 filiorum
1513 3933 1610 3986 Dei
1646 3951 1776 3990 con-

207 4030 400 4082 gressu
430 4030 549 4070 cum
590 4017 803 4084 ﬁliabus
835 4017 1104 4074 hominum
1165 4022 1373 4092 legitur,
1408 4035 1517 4078 tum
1548 4041 1779 4095 apocry-

210 4107 354 4176 phus
383 4106 587 4162 Enochi
623 4109 778 4164 liber.
810 4109 865 4163 In
893 4126 956 4166 eo
982 4121 1158 4165 tamen
1193 4113 1258 4165 ab
1296 4115 1486 4167 horum
1520 4117 1772 4181 Opinione

208 4199 510 4254 discedisse
539 4202 753 4256 videtur
773 4201 1031 4268 Irenaeus,
1059 4208 1201 4274 quod
1247 4223 1311 4260 ex
1364 4208 1482 4262 istis
1530 4209 1775 4279 plerique

208 4291 402 4358 velint,
431 4294 723 4349 mulierum
755 4297 988 4364 speciem
1020 4313 1083 4353 ac
1115 4302 1559 4357 consuetudinem
1607 4318 1770 4373 ange-

209 4383 298 4448 Iis,
317 4384 386 4439 iis
405 4384 591 4440 saltem
621 4387 713 4455 qui
738 4388 952 4444 diabolo
980 4390 1262 4446 inferiores
1282 4404 1427 4456 sunt,
1449 4395 1618 4448 ruinae
1644 4411 1769 4447 cau-

206 4489 328 4529 sam
355 4474 517 4530 fuisse
559 4493 571 4530 :
612 4491 736 4531 cum
794 4479 1104 4534 econtrario
1156 4495 1462 4551 supponere
1516 4483 1771 4535 videatur

205 4566 468 4632 Irenazus,
506 4583 600 4623 eos
649 4570 864 4624 nonnisi
888 4570 999 4640 jam
1058 4572 1195 4627 coelo
1241 4574 1290 4626 in
1319 4575 1524 4642 peccati
1553 4587 1767 4642 poenam

206 4663 691 4732 pulsos,mulieres
733 4675 1028 4737 stuprasse.
1063 4668 1375 4724 Falsissima
1402 4673 1620 4739 quidem
1654 4673 1769 4726 haec

202 4755 475 4810 etlrenaei
505 4767 558 4812 et
606 4758 838 4812 aliorum
895 4760 1078 4828 opinio
1133 4771 1248 4828 est;
1300 4763 1533 4817 ostendit
1583 4773 1764 4819 tamen

203 4860 504 4914 corporeos
544 4847 612 4902 ab
643 4847 731 4904 illo
780 4850 1107 4906 constitutos
1134 4867 1255 4907 esse
1287 4855 1532 4920 angelos;
1573 4856 1765 4910 absur-

1907 1443 2218 1498 distinxisse
2254 1442 2524 1511 reperitur
2559 1440 2796 1498 lrenaeus
2845 1463 2857 1498 :
2905 1446 3013 1501 imo
3062 1448 3340 1506 diabolum
3387 1455 3464 1508 sic

1905 1537 2188 1606 apostasia:
2229 1535 2529 1605 principem
2580 1544 2756 1600 vocat,
2812 1543 2869 1588 ut
2913 1537 3144 1594 rebelles
3179 1558 3199 1592 ι
3243 1545 3466 1611 angelos

1902 1635 2176 1697 apostatas
2221 1625 2392 1680 factos
2423 1639 2542 1678 esse
2576 1640 2698 1679 cum
2733 1640 2798 1680 eo
2827 1628 2905 1693 8’;
2951 1628 3224 1685 diabolum
3253 1634 3355 1688 sibi
3408 1643 3464 1688 et

1903 1719 2128 1788 reliquis
2153 1718 2355 1773 factum
2385 1732 2506 1772 esse
2546 1719 2905 1773 abscessionis
2932 1735 3151 1777 causam
3178 1725 3230 1790 1;
3258 1745 3275 1777 ι
3305 1728 3464 1782 deni-

1898 1825 2001 1880 que
2027 1827 2045 1861 ‹
2077 1826 2240 1865 unum
2270 1823 2390 1865 esse
2416 1824 2479 1862 ex
2505 1810 2714 1880 angelis
2749 1811 2853 1876 his,
2891 1813 2982 1880 qui
3017 1828 3183 1885 super
3215 1819 3462 1886 spiritum

1899 1903 2042 1958 aeris
2077 1902 2352 1973 prazpositi
2384 1905 2424 1967 ³,
2465 1921 2484 1954 ›
2513 1918 2541 1955 a
2569 1902 2676 1958 Deo
2703 1903 3049 1972 defecerunt,
3076 1908 3278 1964 diserte
3307 1926 3461 1967 asse-

1897 1995 1987 2049 rit.
2023 1995 2232 2060 Quibus
2265 1993 2576 2064 signiﬁcare
2612 1996 2846 2062 videtur,
2875 2014 3044 2054 unum
3077 2002 3315 2055 omnium
3337 2019 3461 2072 pec-

1894 2097 2078 2141 catum
2109 2085 2507 2144 fuisse._Porro
2546 2088 2785 2157 primum
2823 2089 3024 2144 diaboli
3065 2103 3345 2160 peccatum
3381 2095 3463 2149 in-

1899 2178 2122 2243 vidiam,
2152 2193 2254 2245 qua
2298 2176 2563 2248 ﬂagrabat
2605 2180 2658 2232 in
2707 2180 3001 2235 humanum
3045 2165 3464 2252 genus,luisse

1895 2274 2070 2326 docet.
2107 2288 2125 2322 ι
2165 2269 2398 2334 Extunc,
2437 2289 2456 2322 ι
2485 2271 2681 2339 inquit,
2720 2290 2739 2322 ι
2768 2284 3012 2341 apostata
3045 2274 3221 2331 factus
3250 2285 3333 2332 est
3364 2293 3462 2334 an-

1891 2362 2063 2429 gelus,
2089 2372 2143 2416 et
2171 2361 2446 2423 inimicus,
2497 2375 2563 2414 ex
2596 2375 2701 2430 quo
2735 2363 2931 2417 zelavit
2973 2365 3179 2433 plasma
3224 2366 3321 2423 Dei
3357 2369 3398 2422 ³.
3433 2387 3454 2422 ι

1889 2452 1956 2506 Ει
1991 2452 2118 2506 alibi
2155 2470 2167 2504 :
2211 2469 2230 2503 ι
2259 2451 2532 2516 Diabolus,
2568 2466 2694 2506 cum
2735 2455 2805 2506 sit
2838 2469 2973 2509 unus
3019 2471 3084 2510 ex
3113 2458 3317 2526 angelis
3351 2460 3457 2524 his,

1890 2544 1981 2612 qui
2029 2558 2194 2611 super
2237 2545 2490 2612 Spiritum
2534 2545 2679 2600 aeris
2724 2548 3000 2614 praepositi
3043 2559 3283 2605 sunt.....
3314 2553 3454 2605 invi-

1890 2635 2024 2687 dens
2055 2633 2279 2697 homini,
2313 2644 2557 2701 apostata
2590 2649 2619 2687 a
2657 2637 2840 2690 divina
2886 2636 3059 2691 factus
3085 2650 3167 2694 est
3197 2641 3310 2709 lege
3334 2659 3348 2706 ;
3375 2643 3456 2696 in-

1889 2724 2034 2780 vidia
2056 2724 2200 2778 enim
2230 2724 2403 2778 aliena
2430 2734 2514 2779 est
2537 2740 2566 2778 a
2592 2725 2703 2779 Deo
2737 2728 2779 2782 ‘.
2807 2747 2826 2780 ι
2865 2730 2992 2795 Quae
3023 2745 3150 2786 vero
3187 2731 3351 2788 fuerit
3377 2734 3454 2788 is-

1891 2817 1999 2870 tius
2028 2816 2242 2870 invidia:
2271 2831 2458 2884 causa,
2508 2834 2614 2872 non
2659 2819 2894 2888 explicat
2939 2832 3126 2876 auctor
3154 2835 3374 2879 noster:
3410 2829 3452 2880 si

1888 2907 2014 2976 quid
2053 2914 2234 2960 tamen
2265 2910 2596 2978 conjecturis
2642 2909 2920 2978 indulgere
2973 2911 3165 2978 liceat,
3210 2917 3456 2972 crcdidoo

1887 2999 1988 3054 rim
2022 3000 2107 3055 vel
2130 3015 2250 3055 eum
2281 3015 2402 3054 cum
2439 3001 2704 3070 Gregorio
2735 3001 2982 3072 Nysseno
3013 3004 3032 3034 '
3067 3015 3120 3058 et
3143 3005 3453 3076 Cypriano'

1886 3092 2148 3156 sensisse,
2175 3092 2451 3148 diabolum
2479 3109 2639 3162 super
2663 3095 2910 3163 spiritum
2943 3095 3099 3161 aeris,
3130 3109 3183 3150 et
3217 3110 3456 3154 terrena-

1886 3199 2003 3237 rum
2033 3198 2213 3238 rerum
2238 3184 2699 3238 administrationi
2722 3186 3088 3253 prwpusitum,
3107 3203 3249 3255 aegre
3270 3190 3454 3246 tulisse

1885 3276 2027 3346 quod
2076 3276 2256 3339 homo,
2296 3283 2405 3328 tam
2459 3291 2569 3345 pra:
2620 3291 2677 3331 se
2728 3286 3092 3347 contemptum
3151 3279 3447 3350 opiﬁcium,

1884 3382 2095 3436 suoque
2119 3367 2418 3436 praesertim
2451 3367 2678 3436 imperio
2705 3368 3032 3436 subjectum,
3066 3370 3133 3424 ad
3163 3369 3449 3441 imaginem

1883 3461 1975 3514 Dei
2007 3459 2185 3513 factus
2215 3471 2270 3512 et
2299 3475 2588 3527 expressus
2625 3470 2768 3514 esset
2803 3478 2815 3514 :
2864 3461 2949 3515 vel
2996 3479 3116 3516 cum
3163 3464 3451 3521 Anastasio

1885 3551 2094 3603 Sinaita
2147 3551 2167 3580 ⁷
2214 3551 2586 3617 existimasse,
2647 3553 2918 3607 diabolum
2984 3554 3126 3610 ferre
3188 3572 3294 3612 non
3354 3575 3450 3627 po-

1882 3642 2052 3696 tuisse
2097 3642 2239 3710 quod
2303 3642 2508 3696 homini
2568 3643 2797 3699 collatus
2848 3657 2991 3701 esset
3031 3664 3060 3701 a
3112 3648 3221 3704 Deo
3273 3660 3445 3705 terre-

1882 3747 2074 3785 narum
2105 3731 2346 3785 omnium
2383 3749 2563 3786 rerum
2614 3734 2941 3804 dominatus,
2980 3754 3141 3808 quem
3194 3741 3308 3810 ipse
3335 3758 3449 3796 am-

1879 3823 2086 3878 biebat.

1951 3935 2075 3990 104.
2110 3935 2370 4003 Quamvis
2419 3949 2598 3991 autem
2647 3938 2883 3994 Irenaaus
2938 3941 3177 4009 angelos,
3224 3947 3365 4013 quod
3393 3955 3445 4000 et

1880 4029 2017 4085 idem
2050 4032 2115 4084 de
2159 4032 2441 4086 animabus
2499 4033 2751 4086 humanis
2800 4035 3111 4103 dicendum,
3160 4048 3220 4093 ut
3259 4048 3442 4107 postea

1877 4123 2260 4190 explicabitur,
2294 4139 2519 4192 corpore
2542 4127 2792 4193 praeditos
2824 4129 3204 4195 constituerit;
3237 4141 3442 4183 utram-

1878 4227 1982 4279 que
2037 4223 2218 4267 tamen
2271 4216 2632 4269 substantiam
2693 4226 2890 4271 natura
2941 4234 3036 4272 sua
3082 4221 3439 4276 immortalem

1875 4318 1994 4359 esse
2048 4307 2332 4373 perspicue
2366 4305 2563 4359 docuit.
2615 4306 2735 4362 Lib.
2766 4324 2826 4371 ιι,
2872 4324 2920 4365 c.
2970 4311 3060 4372 55,
3099 4321 3361 4366 assertam
3408 4331 3438 4370 a

1873 4394 2146 4450 Gnosticis
2195 4397 2687 4466 metempsychosin
2729 4398 3018 4463 refellens,
3062 4401 3255 4454 scribit
3297 4417 3349 4454 n.
3382 4403 3436 4471 5,

1879 4504 1897 4537 ι
1938 4486 2233 4557 adimpleto
2262 4503 2511 4551 numero,
2545 4503 2703 4557 quem
2741 4490 2880 4543 Deus
2923 4492 3062 4559 apud
3095 4505 3154 4546 se
3183 4503 3308 4547 ante
3344 4496 3438 4550 de-

1873 4578 2035 4643 ﬁniit,
2072 4593 2281 4643 omnes,
2313 4579 2621 4648 quicunque
2658 4589 2784 4633 sunt
2812 4583 2996 4648 scripti
3029 4583 3079 4635 in
3117 4584 3315 4652 vitam,
3353 4602 3436 4639 re-

1871 4679 2238 4737 surrecturos,
2283 4687 2377 4726 sua
2410 4687 2638 4740 corpora
2670 4686 2724 4726 et
2755 4689 2881 4726 suas
2913 4675 3123 4730 animas
3149 4676 3431 4743 habentes,

1869 4770 1922 4815 et
1968 4775 2096 4816 suos
2135 4762 2396 4830 spiritus,
2448 4763 2499 4815 in
2541 4763 2754 4830 quibus
2795 4763 3112 4830 placuerunt
3144 4765 3285 4831 Deo;
3340 4770 3430 4837 qui

1870 4864 2048 4909 autem
2091 4870 2250 4925 poena
2291 4865 2416 4909 sunt
2449 4855 2621 4926 digni,
2651 4856 2894 4912 abituros
2934 4858 2985 4911 in
3018 4874 3157 4922 eam,
3185 4870 3239 4914 et
3285 4862 3432 4930 ipsos

204 4939 339 4991 dum
374 4937 571 5008 quippe
625 4950 706 4996 est
733 4951 983 4997 naturam
1037 4945 1282 5014 corporis
1333 4957 1632 5016 expertem,
1674 4959 1766 5002 aut
1799 4948 1842 5001 D
1869 4962 1994 5001 suas
2040 4947 2301 5002 habentes
2338 4948 2570 5010 animas,
2616 4956 2669 5000 et
2711 4963 2803 5001 sua
2847 4964 3090 5018 corpora,
3129 4952 3182 5004 in
3235 4954 3429 5022 quibus

201 5046 496 5099 corporum
541 5031 808 5090 illecebris
862 5036 1085 5104 tentari,
1143 5047 1237 5092 aut
1280 5052 1401 5093 cum
1446 5040 1768 5108 corporibus

204 5136 451 5177 IIIISCCI'I.

278 5211 403 5267 105.
436 5212 551 5267 Dixi
584 5229 690 5269 non
725 5230 843 5270 eam
873 5217 1040 5274 fuisse
1067 5218 1252 5275 [renati
1284 5222 1626 5285 sententiam,
1663 5238 1766 5277 an-

195 5313 341 5388 gelis
367 5313 575 5369 diabolo
613 5313 962 5371 inferioribus
1002 5315 1261 5372 mulieres
1306 5318 1476 5371 ruina:
1521 5320 1765 5373 occasio-

195 5421 333 5463 nem
361 5405 543 5461 fuisse.
578 5406 836 5474 Quamvis
861 5409 1006 5462 enim
1039 5409 1260 5477 quidam
1291 5424 1320 5463 e
1350 5412 1622 5465 veteribus
1650 5410 1765 5464 dia-

192 5499 334 5562 boli,
371 5497 647 5552 rebellium
676 5498 989 5568 angelorum
1029 5499 1326 5569 principis,
1359 5515 1577 5554 causam
1606 5514 1634 5551 a
1669 5515 1757 5553 re~

192 5591 373 5663 liquis
421 5591 724 5662 sejungant,
779 5592 1038 5661 illumque
1088 5593 1326 5659 invidia,
1377 5593 1477 5646 hos
1537 5592 1757 5646 libidine

192 5682 588 5739 exstimulante
619 5681 890 5736 excidisse
923 5681 1116 5746 velint;
1160 5682 1408 5752 nuspiam
1460 5693 1635 5736 tamen
1682 5683 1755 5735 ita

263 5805 312 5836 ⁸⁵
352 5802 514 5864 lren.,
543 5801 633 5855 lib.
666 5815 745 5866 ιιι,
779 5815 827 5852 c.
858 5799 946 5866 25,
978 5815 1029 5855 n.
1064 5817 1116 5852 ο.

244 5876 373 5933 Lib.
407 5888 462 5940 v,
493 5886 610 5942 cap.
639 5871 729 5938 Ἡ,
761 5887 815 5925 ιι.
841 5869 896 5926 4.
972 5872 991 5902 ⁵
1024 5871 1175 5926 Orat.
1230 5870 1477 5937 Catech.,
1510 5886 1559 5927 c.
1594 5873 1644 5924 6.

1195 5803 1207 5832 ’
1257 5801 1473 5864 l..1b.tv,
1525 5815 1574 5854 c.
1606 5801 1694 5866 Al,
1732 5816 1784 5853 n.
1820 5800 1875 5855 2.

1734 5877 1754 5908 ⁸
1785 5871 1904 5928 Lib.
1938 5873 2002 5926 tle
2026 5871 2139 5924 Zel.
2171 5881 2220 5926 et
2249 5869 2365 5924 Liv.

1867 5040 2195 5093 abstiterunt
2239 5055 2267 5093 a
2303 5040 2393 5094 Dei
2443 5041 2700 5094 bonitate.
2755 5059 2773 5090 ι
2827 5041 2891 5094 Ει
2935 5057 3053 5110 cap.
3107 5057 3219 5113 seq.
3267 5044 3425 5100 allata

1865 5132 2050 5186 divitis
2100 5131 2345 5201 epulonis
2403 5143 2455 5187 et
2507 5131 2698 5186 Lazari
2758 5135 3046 5200 parabola,
3104 5136 3421 5191 concludit:

1871 5243 1889 5274 ι
1926 5240 2023 5293 per
2057 5225 2170 5277 haec
2201 5224 2647 5278 manifestissime
2679 5226 3016 5281 declaratum
3048 5243 3187 5292 esse,
3217 5239 3270 5283 et
3302 5245 3422 5298 per-

1862 5333 2115 5372 severare
2135 5319 2360 5383 animas,
2382 5328 2436 5371 et
2461 5320 2645 5372 nonde
2673 5334 2901 5387 corpore
2933 5321 2984 5373 in
3016 5336 3216 5389 corpus
3243 5333 3421 5375 trans-

1861 5410 1966 5464 ire.
2029 5427 2046 5459 ›
2087 5408 2192 5461 Sed
2237 5409 2438 5462 clarius
2485 5410 2577 5464 lib.
2613 5426 2664 5475 v,
2706 5426 2755 5464 c.
2787 5411 2840 5474 4,
2879 5414 3092 5465 eosdem
3134 5410 3418 5466 Gnosticos

1866 5499 2170 5563 confutans,
2198 5500 2286 5566 qui
2319 5514 2604 5568 corporum
2638 5503 3086 5559 resurrectionem
3126 5502 3415 5568 negabant,

1861 5594 1939 5646 sic
1974 5602 2374 5661 argumentatur
2406 5609 2459 5647 n.
2503 5593 2526 5644 I
2564 5610 2576 5644 :
2611 5610 2628 5642 ς
2669 5592 2802 5646 Cum
2834 5594 3016 5646 dicant
3048 5608 3109 5646 ea
3145 5608 3263 5661 quae
3296 5608 3414 5644 om-

1863 5685 2017 5737 nibus
2044 5691 2167 5737 sunt
2202 5682 2506 5746 manifesta,
2532 5686 2783 5752 quoniam
2814 5695 3160 5752 perseverant
3192 5684 3414 5736 immor-

1969 5803 1987 5830 ³
2020 5799 2136 5852 ιιι).
2176 5815 2228 5855 v.
2272 5815 2387 5868 cap.
2429 5801 2518 5863 ‘24,
2557 5802 2689 5853 11.4.
2765 5801 2783 5830 ³
2827 5800 3034 5862 Lib.tv,
3069 5816 3118 5854 c.
3153 5801 3311 5862 40,n.
3354 5798 3406 5853 5.

2442 5872 2459 5902 ⁷
2501 5872 2554 5927 In
2597 5869 2834 5939 Ὀδηγῷ,
2868 5887 2913 5924 c.
2941 5872 2992 5926 4.
