4188 6336
781 403 886 460 559

1573 403 2160 467 DlSSERTATIONES
2197 401 2496 458 PR/EVUE
2538 403 2602 458 IN
2639 403 2892 460 IRENASI
2934 405 3198 465 LIBROS.

3874 415 3978 473 360

783 525 930 590 talia,
962 534 1015 578 ut
1048 534 1173 593 puta
1213 523 1437 594 spiritus
1465 535 1521 580 et
1545 526 1747 591 anima,
1785 536 1839 580 et
1874 540 1990 596 quae
2014 534 2138 580 sunt
2173 525 2323 585 talia,
2355 527 2400 583 A
2427 523 2715 588 beneﬁcio,
2745 539 2863 593 quas
2894 522 3150 593 Spiritum
3190 533 3436 581 sanctum
3479 526 3533 582 in
3579 527 3848 598 baptismo
3883 545 3977 586 ac-

782 618 1031 684 quoniam
1065 616 1405 671 viviﬁcantur
1443 631 1470 671 a
1497 615 1696 678 Patre;
1747 608 1892 671 aliud
1941 627 2142 681 autem,
2186 618 2324 682 quod

781 727 887 765 non
922 711 1054 764 alias
1087 706 1414 772 viviﬁcatur,
1457 708 1558 763 nisi
1611 708 1686 762 illi
1743 709 1885 763 Deus
1929 718 2168 778 prmstet,
2215 709 2325 761 vita

782 799 1116 870 derelinqui;
1146 807 1238 854 aut
1280 799 1628 869 impotentem
1675 809 1726 854 et
1773 798 2046 852 inﬁrmum
2091 800 2328 853 ostendit

782 891 994 947 Patrem
1052 891 1326 961 ipsorum,
1385 899 1479 944 aut
1533 890 1773 943 invidum
1823 898 1877 945 et
1926 888 2172 944 lividum.
2223 891 2326 944 De-

780 984 994 1050 miurgo
1037 986 1180 1038 enim
1230 991 1285 1037 et
1318 982 1408 1037 hic
1448 983 1756 1038 viviﬁcante
1800 981 2044 1036 mortalia
2101 994 2324 1050 corpora

783 1081 991 1136 nostra,
1024 1077 1077 1124 et
1095 1069 1544 1128 resurrectionem
1564 1069 1644 1123 eis
1664 1082 1759 1137 per
1782 1067 2069 1138 prophetas
2099 1075 2326 1139 promit-

784 1171 947 1222 tente.
978 1162 1425 1230 quemadmodum
1457 1163 1794 1217 ostendimus
1824 1179 1838 1224 ;
1887 1161 2006 1229 quis
2035 1162 2322 1229 potentior,

781 1261 835 1305 et
869 1251 1090 1318 fortior,
1129 1260 1184 1306 et
1217 1267 1344 1306 vere
1387 1254 1560 1306 bonus
1595 1252 1937 1309 ostenditur?
1990 1251 2177 1306 Utrum
2227 1252 2328 1306 De-

781 1345 1046 1413 miurgns,
1090 1344 1182 1414 qui
1232 1353 1404 1398 totum
1453 1344 1690 1398 vivillcat
1744 1343 2042 1408 hominem,
2087 1359 2152 1397 an
2195 1343 2326 1399 falso

780 1435 1183 1506 cognominatus
1208 1435 1442 1502 ipsorum
1476 1433 1673 1499 Pater;
1730 1434 1821 1502 qui
1851 1449 1913 1489 ea
1954 1435 2167 1504 quidem
2207 1452 2325 1506 qua

779 1535 904 1580 sunt
930 1535 1120 1580 natura
1153 1526 1502 1592 immortalia,
1531 1526 1727 1595 quibus
1758 1540 1788 1578 a
1825 1540 1919 1580 sua
1952 1538 2143 1580 natura
2176 1529 2326 1582 adest

778 1619 979 1683 \ivere,
1017 1619 1168 1688 lingit
1198 1633 1255 1673 se
1282 1617 1594 1682 viviﬁcare;
1635 1616 1830 1686 quibus
1872 1628 2047 1673 autem
2085 1633 2218 1688 opus
2243 1628 2324 1672 est

779 1712 845 1763 ab
873 1725 937 1764 eo
963 1709 1310 1776 adiutorium,
1341 1720 1397 1764 ut
1417 1710 1628 1771 vivant,
1671 1726 1771 1763 non
1805 1708 2082 1764 viviﬁcans
2110 1710 2197 1763 illa
2226 1709 2323 1764 be-

777 1800 958 1868 nigne,
981 1800 1071 1854 sed
1098 1799 1405 1868 relinquens
1433 1799 1525 1853 i'tla
1566 1799 1897 1867 negligenter
1930 1799 1981 1852 in
2013 1800 2270 1854 mortem?
2297 1818 2316 1852 ι

2428 615 2705 684 ceperint;
2746 625 2970 669 ceteras
3008 629 3228 680 omnes,
3287 631 3407 686 qua:
3467 621 3793 689 evangelicae
3844 621 3979 694 legis

2428 713 2769 758 sacramento
2791 706 3082 766 caruerint,
3113 705 3404 774 aliquando
3426 708 3821 775 dissolvendae.
3843 724 3896 767 et
3922 715 3974 766 in

2428 794 2650 848 nihilum
2700 797 2960 848 abituras.
2996 794 3201 867 [CLIV]
3233 794 3385 861 Quod
3429 807 3614 854 tamen
3662 816 3726 855 ex
3765 800 3979 857 lrenao

2426 886 2724 940 extundere
2754 901 2857 939 non
2887 894 3087 955 potest,
3112 885 3219 941 nisi
3249 889 3412 942 verba
3441 888 3556 957 ejus
3586 901 3639 944 et
3677 890 3979 949 adulterina

2427 978 2695 1041 versione,
2745 987 2799 1030 et
2842 987 3090 1032 contorta
3137 979 3498 1048 explicatione
3547 982 3690 1038 finde
3739 1001 3981 1040 corrum-

2426 1068 2618 1135 pendo.
2666 1066 2900 1125 Irenzeus
2941 1069 3135 1124 Latine
3169 1072 3415 1141 loquens,
3457 1075 3758 1142 perspicuis
3801 1079 3979 1133 verbis

2425 1160 2656 1222 asserit,
2710 1177 2728 1211 ι
2775 1174 2838 1214 ea
2871 1163 3122 1216 omnibus
3173 1177 3297 1217 esse
3350 1165 3669 1229 manifesta,
3720 1168 3978 1235 quoniam

2426 1258 2773 1316 perseverant
2805 1251 3130 1306 immortalia
3152 1293 3166 1315 ,
3193 1261 3384 1323 utputa
3425 1255 3648 1323 spiritus
3681 1267 3733 1310 et
3759 1259 3934 1311 anima
3963 1272 3978 1320 ;

2425 1347 2478 1390 et
2511 1353 2630 1407 qua:
2661 1347 2787 1392 sunt
2819 1340 2967 1403 talia,
3014 1342 3268 1409 quoniam
3326 1343 3668 1399 vivilicantur
3705 1361 3734 1398 a
3781 1345 3976 1413 Patre,

2427 1442 2510 1490 ea,
2553 1445 2570 1477 ι
2601 1428 2848 1496 spiritum
2881 1428 3154 1489 videlicet.
3186 1431 3422 1485 animam
3458 1444 3513 1486 et
3537 1433 3756 1501 similia,
3803 1453 3822 1487 ι
3858 1451 3981 1491 esse

2426 1531 2618 1573 natura
2676 1520 3024 1586 immortalia,
3072 1521 3136 1573 iis
3183 1536 3212 1574 a
3256 1538 3351 1577 sua
3405 1535 3600 1578 natura
3655 1527 3848 1582 adesse
3901 1530 3984 1583 vi-

2424 1627 2569 1677 vere,
2604 1620 2708 1668 etc.
2750 1629 2767 1662 ι
2804 1611 3037 1666 lrenaeus
3073 1627 3200 1666 vero
3238 1615 3463 1683 Anglice
3492 1633 3519 1671 a
3560 1618 3833 1675 Dodwello
3858 1624 3981 1677 red-

2425 1704 2565 1758 ditus
2594 1703 2911 1772 simpliciter
2933 1703 3127 1758 scribit
3149 1704 3248 1773 (a),
3281 1723 3298 1756 I
3336 1722 3397 1760 ea
3426 1707 3688 1764 vlviﬁcari
3720 1728 3748 1765 a
3775 1712 3941 1768 Patre
3960 1752 3978 1780 ,

2423 1809 2540 1864 qua:
2581 1795 2817 1848 fatentur
2855 1810 3047 1849 omnes
3075 1811 3422 1863 perseverare
3465 1799 3516 1852 iu
3541 1816 3635 1854 sua
3661 1805 3982 1858 exsistentia

777 1891 875 1946 Hic
909 1890 1138 1946 lrenaeus
1165 1891 1365 1946 diserte
1390 1891 1638 1955 atﬁrmat,
1674 1889 1911 1947 omnibus
1947 1906 2056 1944 esse
2095 1891 2321 1959 manifc-
2350 1877 2392 1932 Β
2421 1899 2542 1957 post
2567 1894 2814 1954 mortem,
2856 1886 3036 1956 qualia
3069 1901 3195 1942 sunt
3243 1890 3490 1960 spiritus,
3533 1894 3710 1948 anima
3746 1906 3800 1950 et
3831 1897 3983 1950 simi-

775 1993 931 2050 stum,
970 1986 1208 2052 spiritum
1231 1996 1278 2039 et
1316 1987 1568 2049 animant,
1595 1994 1643 2040 et
1677 2001 1794 2051 qute
1819 1996 1940 2040 sunt
1971 1985 2124 2050 talia,
2159 1984 2210 2040 id
2242 1993 2325 2041 est

775 2074 1084 2145 spirituales
1121 2089 1309 2130 omnes
1357 2075 1710 2139 substantias,
1747 2073 1932 2142 quales
1961 2083 2084 2128 sunt
2125 2075 2322 2144 angeli,

774 2172 830 2216 et
875 2163 1068 2217 anima!
1122 2162 1392 2225 humanae,
1441 2176 1768 2231 perseverare
1808 2160 2166 2226 immortales,
2216 2177 2324 2215 esse

772 2260 962 2306 natura
996 2270 1093 2307 sua
1131 2252 1469 2314 immortales,
1500 2253 1667 2315 iisque
1708 2267 1737 2302 a
1786 2260 1977 2305 natura
2008 2267 2106 2304 sua
2145 2253 2325 2304 adesse

771 2346 965 2409 vivere,
997 2345 1228 2414 indeque
1257 2344 1640 2399 Gnostieorum
1673 2343 1886 2397 Patrem
1927 2353 2019 2396 aut
2060 2343 2324 2412 impoten-

774 2436 882 2500 tiae,
919 2451 1014 2490 aut
1038 2436 1347 2488 invidentia:
1387 2434 1564 2504 arguit
1599 2454 1610 2487 :
1659 2433 1801 2502 quod
1843 2447 1925 2494 ea,
1969 2447 2086 2501 qua:
2133 2442 2321 2484 natura

772 2541 864 2580 sua
900 2537 1021 2580 sunt
1056 2526 1405 2588 immortalia,
1439 2525 1736 2592 ,viviﬁcare
1777 2538 1834 2578 se
1883 2523 2080 2592 ﬁngat;
2128 2524 2322 2592 quibus

771 2626 948 2670 autem
979 2617 1247 2686 adjutorio
1269 2632 1402 2685 opus
1425 2624 1505 2671 est
1533 2624 1590 2670 ut
1622 2618 1825 2683 vivant,
1851 2616 2013 2668 vitam
2053 2623 2232 2684 neget.
2259 2613 2321 2666 Et

771 2723 890 2779 cap.
937 2709 988 2775 '7,
1041 2725 1094 2761 η.
1135 2709 1187 2773 1,
1240 2708 1480 2763 eamdem
1528 2723 1818 2777 corporum
1868 2706 2318 2761 resurrectionem

773 2801 856 2854 his
894 2799 1135 2868 Apostoli
1176 2799 1357 2853 verbis
1403 2798 1551 2855 Rom.
1588 2815 1717 2863 vui,
1770 2800 1865 2863 li,
1906 2807 2155 2852 astruens
2197 2811 2211 2849 :
2261 2795 2321 2850 Si

769 2901 941 2943 autem
961 2890 1188 2958 Spiritus
1221 2889 1355 2957 ejus,
1380 2891 1467 2958 qui
1508 2890 1778 2943 suscitavit
1807 2889 1986 2943 Jesum
2013 2906 2044 2942 a
2074 2890 2315 2955 mortuis,

771 2981 972 3032 nabitat
997 2981 1054 3032 in
1086 2979 1268 3043 vobis;
1296 2979 1384 3049 qui
1415 2981 1679 3032 suscitavit
1720 2978 1984 3031 Christum
2013 2994 2044 3030 a
2077 2979 2318 3043 mortuis,

773 3071 1051 3138 viviﬁcabit
1074 3081 1121 3124 et
1152 3071 1396 3123 mortalia
1420 3086 1635 3139 corpora
1660 3058 2144 3134 restra‘;ostendit,
2179 3083 2321 3123 mor-

771 3163 898 3218 talia
927 3163 1014 3217 illa
1051 3174 1278 3229 corpora
1319 3175 1434 3214 esse
1475 3177 1494 3210 ι
1532 3161 1759 3228 plasma,
1805 3159 1856 3212 id
1893 3167 1976 3212 est
2002 3173 2254 3221 carnem;
2293 3175 2331 3222 ι,

2425 1981 2526 2045 lia;
2582 1994 2666 2044 ea,
2703 1997 2722 2030 ι
2772 1993 2961 2049 nempe
3013 1981 3300 2048 spiritum,
3358 1984 3591 2038 animam
3656 1996 3709 2041 et
3759 1988 3978 2057 similia,

2430 2087 2446 2118 ι
2487 2077 2680 2121 natura
2717 2079 2810 2120 sua
2842 2079 3123 2134 superesse
3166 2084 3278 2124 sua:
3324 2085 3352 2122 a
3395 2075 3712 2140 corporibus
3753 2077 3982 2133 dissolu-

2427 2158 2577 2221 tioni,
2606 2167 2661 2213 et
2691 2173 2719 2211 a
2749 2166 2938 2212 natura
2979 2174 3075 2214 sua
3109 2174 3418 2231 comparata
3463 2180 3618 2233 esse,
3666 2178 3722 2220 ut
3752 2183 3878 2238 sepa
3893 2185 3982 2223 ra-

2425 2253 2519 2304 tint
2549 2254 2764 2318 vivant;
2800 2268 2816 2301 ι
2857 2269 2960 2307 ηοη
3001 2254 3188 2323 utique
3220 2250 3437 2326 semper
3474 2267 3528 2312 et
3557 2259 3608 2312 in
3634 2270 3980 2329 perpetuum,

2425 2350 2482 2395 ut
2524 2343 2756 2413 explicat
2801 2345 3123 2412 Dodwellus,
3173 2350 3266 2402 sed
3309 2349 3548 2416 quandiu
3595 2351 3837 2406 Creatori
3896 2369 3984 2408 se-

2425 2439 2658 2490 cundum
2689 2449 2977 2493 consuetas
3017 2447 3073 2492 et
3109 2438 3414 2494 ordinarias
3459 2441 3820 2498 Providentiae
3867 2460 3982 2498 suae

2424 2526 2567 2596 leges
2600 2530 2776 2596 agenti
2809 2524 3097 2596 placuerit.
3147 2524 3311 2590 Quasi
3355 2527 3592 2580 animam
3637 2543 3755 2583 esse
3783 2539 3981 2584 natura

2421 2635 2517 2673 sua
2550 2619 2925 2684 immortalem,
2974 2618 3022 2671 ei
3071 2633 3099 2671 a
3148 2625 3339 2672 natura
3388 2633 3483 2673 sua
3527 2619 3712 2675 adesse
3764 2621 3978 2685 vivere,

2421 2712 2552 2767 nihil
2580 2713 2722 2766 aliud
2754 2713 3038 2780 signiﬁcet,
3072 2726 3231 2780 quam
3258 2724 3374 2764 eam
3403 2718 3523 2779 post
3545 2710 3790 2780 corporis
3824 2726 3980 2766 mor-

2424 2817 2529 2875 tem
2563 2806 2872 2877 aliquandiu
2905 2807 3250 2877 superstitem
3289 2821 3547 2872 manere,
3586 2815 3640 2860 et
3684 2808 3979 2875 separatim

2425 2897 2490 2951 ab
2523 2913 2588 2952 eo
2617 2897 2795 2950 vivere
2827 2911 3003 2964 posse.
3035 2894 3099 2948 Et
3133 2904 3309 2948 tamen
3345 2895 3434 2949 ﬁdi
3463 2897 3776 2966 interpretis
3800 2895 3981 2951 ofﬁcio

2423 2987 2664 3043 functum
2691 3003 2749 3042 se
2773 3003 2891 3042 esse
2918 2987 3178 3056 gloriatur
3200 2986 3501 3042 Dodwellus
3524 2989 3568 3052 ’,
3591 2988 3982 3058 depravatique

2423 3077 2608 3132 lrenaei
2634 3076 2814 3144 inique
2844 3077 3174 3144 postulatum
3201 3091 3259 3131 se
3290 3076 3669 3143 conqueritur;
3697 3092 3803 3147 qua
3827 3079 3893 3131 de
3923 3094 3981 3131 re

2423 3170 2654 3223 lectores
2683 3168 2914 3237 appellat
2939 3167 3170 3237 judices.
3212 3167 3658 3239 EXSpectabimus
3703 3168 3860 3238 quale
3892 3168 3980 3224 fu-

768 3269 875 3307 non
902 3261 1047 3308 certe
1075 3252 1304 3318 animas,
1329 3266 1450 3320 quae
1479 3251 1618 3319 quod
1655 3249 1815 3303 ﬁatus
1844 3250 1966 3304 vita:
1995 3251 2104 3304 sint
2143 3249 2315 3304 insuf-
2345 3232 2387 3289 (ἶ
2424 3272 2601 3316 iurum
2653 3262 2722 3316 sit
2771 3261 3108 3332 Anglicanm,
3155 3272 3198 3315 ul

2369 3232 2387 3289 Ῐ
2424 3272 2601 3316 turum
2653 3262 2722 3316 sit
2771 3261 3108 3332 Anglicanm,
3155 3269 3213 3315 ut
3257 3269 3477 3328 vocant,
3511 3261 3785 3328 Ecclesiae,
3817 3263 3980 3332 cujus

767 3349 926 3400 ﬂatus
971 3359 1000 3397 a
1056 3343 1164 3397 Deo
1213 3345 1265 3398 in
1321 3342 1513 3397 faciem
1563 3342 1827 3404 hominis,
1882 3359 1900 3394 t
1959 3341 2322 3411 incorporales

768 3445 913 3499 sunt,
945 3446 1205 3506 quantum
1240 3435 1306 3489 ad
1343 3435 1798 3503 comparationem
1833 3448 2144 3501 corporum.
2171 3448 2270 3487 nec
2295 3450 2316 3485 ι

768 3530 989 3597 proinde
1023 3546 1042 3578 ι
1077 3527 1335 3581 mortales
1367 3535 1594 3595 possunt
1624 3524 1753 3583 dici.
1796 3542 1814 3575 ι
1846 3522 1912 3577 Et
1948 3533 2165 3593 propter
2193 3523 2317 3584 hoc.

770 3622 964 3690 inquit,
998 3636 1015 3670 ι
1054 3619 1217 3672 David
1247 3618 1320 3670 ait
1353 3634 1364 3668 :
1398 3616 1464 3669 Et
1501 3615 1675 3669 anima
1716 3628 1836 3668 mea
1868 3615 1941 3669 illi
1975 3617 2154 3678 vivet;
2200 3626 2320 3668 tan-

769 3729 928 3782 quam
971 3709 1258 3764 immortali
1305 3707 1604 3763 substantia
1650 3707 1764 3775 ejus
1807 3708 2124 3763 exsistente.
2162 3726 2180 3758 ι
2216 3709 2320 3761 De-

768 3804 931 3872 nique
977 3816 1096 3870 cap.
1123 3800 1213 3865 1'5,
1245 3814 1394 3853 num.
1446 3801 1501 3861 5,
1532 3798 1724 3853 scribit
1767 3812 2010 3860 carnem,
2045 3815 2066 3846 ι
2096 3813 2216 3851 cum
2250 3797 2322 3852 sit

769 3888 1016 3943 mortalis
1044 3898 1097 3942 et
1130 3887 1530 3955 corruptibilis,
1578 3884 1937 3940 immortalem
1979 3885 2092 3940 ﬁeri
2133 3895 2184 3938 et
2234 3887 2319 3937 in-

769 3980 1208 4050 cnrruptibilem;
1253 3994 1356 4032 non
1404 3979 1698 4032 secundum
1744 3979 2019 4046 prepriam
2066 3977 2321 4031 subsmn-

771 4075 925 4135 tiam,
969 4072 1061 4124 sed
1108 4070 1404 4124 secundum
1454 4069 1665 4122 Domini
1710 4069 2078 4138 Operationem
2139 4086 2152 4121 :
2203 4067 2319 4122 ani-

771 4176 909 4215 mam
943 4174 1069 4213 vero
1100 4158 1381 4213 mortalem
1416 4174 1522 4212 non
1559 4173 1701 4223 esse,
1735 4176 1753 4209 ι
1795 4173 1987 4225 nempe
2024 4159 2315 4213 secundum

769 4249 1041 4319 propriam
1069 4248 1430 4302 substantiam
1456 4287 1469 4312 ,
1499 4257 1554 4302 et
1591 4248 1642 4301 in
1671 4247 1772 4302 hoc
1812 4246 2029 4302 diﬁ‘erre
2061 4262 2088 4300 a
2132 4263 2315 4303 carne.

769 4339 961 4394 Omnia
991 4338 1102 4391 htec
1132 4338 1314 4392 lrenaei
1348 4352 1482 4402 aevo,
1515 4345 1568 4391 et
1595 4338 1795 4392 Irenaro
1825 4339 1958 4408 ipsi,
1987 4350 2041 4393 et
2071 4341 2318 4396 omnibus

771 4431 889 4486 aliis
928 4429 1209 4485 manifesta
1257 4438 1416 4484 erant
1447 4446 1460 4482 :
1493 4438 1543 4482 at
1575 4428 1850 4485 Dodwello
1878 4431 1899 4462 ⁸
1944 4433 2170 4486 obscura
2202 4434 2318 4487 visa

772 4529 915 4574 sunt.
951 4519 1025 4574 Eo
1055 4521 1196 4575 enim
1240 4521 1356 4589 ipso
1403 4519 1540 4584 loco,
1593 4534 1750 4588 quem
1803 4523 1960 4577 modo
2000 4523 2316 4578 adduximus

773 4629 836 4664 ex
870 4613 962 4667 lib.
991 4627 1047 4679 v,
1087 4626 1208 4681 cap.
1249 4610 1305 4675 4,
1342 4627 1395 4666 η.
1446 4614 1497 4677 1,
1547 4613 1804 4678 abutitur,
1847 4623 1905 4668 ut
1951 4630 2137 4670 recens
2185 4615 2312 4670 illud

773 4719 834 4757 ac
868 4703 1088 4772 impium
1116 4710 1481 4756 commentum
1522 4704 1841 4769 conﬁrmet;
1872 4706 2082 4759 animas
2111 4706 2315 4760 scilicet

773 4798 1035 4852 humanas
1059 4796 1328 4866 spiritales
1369 4811 1476 4849 non
1522 4787 1667 4862 esse,
1711 4813 1811 4853 nec
1852 4800 2077 4869 proinde
2119 4811 2313 4855 natura

772 4900 864 4938 sua
890 4885 1044 4939 aliter
1075 4883 1406 4940 immortales
1426 4926 1441 4952 ,
1472 4886 1573 4940 nisi
1623 4896 1890 4956 quatenus
1928 4904 1957 4942 a
1995 4891 2314 4960 corporibus

773 4987 1031 5044 separata:
1064 4975 1373 5044 aliquandiu
1422 4979 1743 5046 superstites
1788 4989 2027 5046 manent,
2077 4985 2310 5051 quandiu

776 5066 1024 5120 nimirum
1055 5067 1195 5122 Deus
1227 5069 1548 5137 superstites
1576 5085 1794 5125 manere
1815 5071 2045 5127 voluerit
2075 5091 2087 5127 :
2113 5090 2314 5143 easque

773 5157 915 5212 solas
947 5167 1203 5227 perpetua
1233 5158 1630 5214 immortalitate
1679 5161 1864 5216 donari
1889 5203 1903 5228 ,
1943 5164 2033 5218 Dei
2063 5167 2232 5234 gratia
2260 5175 2316 5222 et

2422 3367 2509 3407 res
2550 3354 2765 3421 agitur,
2812 3353 2877 3408 de
2924 3353 3169 3407 abnormi
3225 3352 3315 3406 illa
3375 3352 3644 3422 theologia
3690 3353 3975 3423 judicium.

2421 3445 2550 3498 Eam
2581 3444 2670 3513 qui
2695 3444 2883 3498 solidis
2921 3445 3220 3498 rationibus
3262 3444 3639 3512 impugnaret,
3670 3460 3860 3499 vereor
3906 3462 3978 3500 ne

2421 3536 2604 3589 statim
2646 3534 2723 3589 illi
2764 3535 3141 3588 Terentianum
3172 3536 3298 3590 illud
3345 3538 3770 3607 impingeretur:
3820 3555 3838 3588 ι
3881 3537 3976 3592 Ni-

2420 3627 2528 3680 hilo
2560 3627 2675 3694 plus
2721 3642 2870 3696 agas,
2913 3642 3072 3695 quam
3116 3628 3159 3681 si
3203 3629 3298 3683 des
3348 3643 3587 3697 operam,
3618 3641 3677 3684 ut
3723 3646 3844 3684 cum
3885 3647 3975 3684 ra-

2419 3721 2564 3773 tione
2597 3719 2854 3772 insanias.
2883 3741 2900 3772 ι
2930 3719 3104 3774 Unum
3125 3722 3443 3775 observasse
3480 3720 3732 3787 suﬁiciat,
3759 3721 3976 3777 scilicet

2419 3809 2613 3878 duplex
2647 3809 3072 3864 immortalitatis
3099 3824 3286 3878 genus,
3323 3810 3463 3880 quod
3498 3811 3798 3866 Dodvrellus
3835 3828 3969 3866 nus-

2419 3915 2578 3970 quam
2612 3901 2884 3968 distinxit,
2918 3902 3011 3956 sed
3033 3903 3213 3971 p0tius
3251 3903 3322 3958 ita
3351 3904 3615 3969 confudit,
3641 3912 3699 3957 ut
3737 3904 3970 3957 alterum

2417 4006 2514 4060 pro
2546 3991 2717 4046 altero
2747 3992 3013 4059 habuerit,
3041 3991 3240 4046 fontem
3273 4007 3519 4049 errorum
3555 3993 3792 4048 omnium
3826 3993 3974 4048 illius

2415 4097 2554 4137 esse.
2582 4082 2968 4137 lmmortalitas
3011 4083 3208 4153 quippe
3236 4084 3556 4149 animarum,
3602 4084 3705 4137 alia
3743 4094 3973 4139 natura-

2417 4177 2504 4243 lis,
2542 4176 2643 4230 alia
2698 4176 3147 4246 snpernaturalis.
3200 4175 3357 4230 Prior
3408 4177 3731 4231 substantiis
3773 4185 3967 4231 natura

2390 4282 2514 4322 .sua
2568 4266 2924 4332 simplicibus,
2969 4277 3024 4319 et
3071 4268 3136 4320 ab
3183 4265 3331 4321 omni
3387 4267 3611 4321 materia
3665 4271 3968 4338 segregatis

2419 4356 2638 4426 propria
2670 4364 2788 4420 est;
2823 4370 2928 4425 qua
2970 4355 3167 4410 nullius
3201 4357 3421 4411 omnino
3474 4368 3667 4412 creata:
3703 4359 3779 4412 rei
3815 4360 3866 4413 vi
3911 4370 3968 4415 et

2416 4447 2702 4502 efﬁcientia
2733 4447 2951 4501 dissolvi
2987 4457 3043 4500 et
3072 4447 3344 4514 exstingui
3390 4457 3636 4517 possunt.
3689 4448 3971 4507 Posterior

2349 4561 2393 4616 ο
2420 4539 2701 4593 animabus
2752 4538 2924 4592 beatis
2973 4539 3264 4606 peculiaris
3296 4549 3412 4605 est;
3449 4554 3552 4609 qua
3609 4538 3718 4596 Deo
3757 4553 3813 4596 et
3838 4557 3964 4597 eum

2417 4633 2525 4687 Deo
2547 4641 2808 4687 aeternum
2836 4631 3096 4695 viventes,
3125 4630 3382 4687 felicitate
3406 4647 3679 4702 nunquam
3719 4635 3962 4691 desitura

2416 4723 2665 4778 fruuntur
2699 4724 2749 4776 in
2782 4721 2953 4776 ccelis.
2990 4721 3288 4790 Utramque
3323 4722 3536 4792 quidem
3579 4725 3672 4780 Dei
3726 4729 3962 4795 gratiam

2415 4829 2537 4868 esse
2561 4814 2661 4868 dici
2699 4823 2893 4882 potest,
2924 4815 3017 4867 sed
3053 4814 3260 4868 diversa
3298 4829 3518 4882 prorsus
3558 4816 3802 4884 ratione;
3835 4834 3965 4888 pos-

2417 4900 2693 4965 teriorem,
2730 4901 2826 4954 Dei
2873 4910 2930 4954 ut
2964 4903 3202 4956 auctoris
3229 4905 3414 4972 gratias
3463 4918 3525 4960 ac
3566 4906 3830 4960 bonorum
3865 4922 3965 4962 su-

2417 4993 2876 5060 pernaturalium,
2924 4995 3312 5063 promissisque
3370 4997 3520 5062 suis,
3579 4997 3704 5068 quia
3747 5015 3961 5057 summe

2416 5100 2578 5138 verax
2610 5094 2714 5151 est,
2749 5085 3008 5139 inviolate
3027 5086 3249 5150 stantis;
3275 5087 3530 5156 priorem,
3557 5089 3647 5144 Dei
3685 5101 3738 5144 ut
3763 5101 3960 5147 aucto-

2420 5174 2494 5228 ris
2529 5185 2754 5241 naturae,
2791 5175 2883 5243 qui
2911 5183 2966 5228 ut
3006 5190 3093 5230 res
3128 5186 3337 5231 creatas
3370 5176 3538 5233 libere
3571 5181 3838 5248 condidit,
3876 5182 3962 5238 sic

844 5273 1304 5360 ξι-,Αη-ξέρὶζξρζαξῃ
1339 5273 1621 5360 discourse,
1655 5277 1942 5360 etc..inﬂ-8.,
1979 5279 2131 5360 1706.
2161 5280 2260 5360 ld.,
2291 5283 2331 5332 Α
2364 5283 2942 5360 preliminarydefence
2964 5289 3026 5356 of
3059 5290 3141 5341 tlte
3180 5287 3484 5360 Epistolary
3520 5291 3959 5360 discourse,etc.,

775 5341 1210 5436 1297:‘ld::fltc
1239 5341 1549 5412 Scripture‘s
1577 5358 1794 5399 account
1818 5351 1874 5416 of
1893 5349 1977 5400 the
2016 5351 2214 5402 eternal
2249 5341 2482 5405 rewards
2522 5371 2580 5406 or
2603 5341 3009 5425 punishment“.
3039 5369 3170 5423 etc.,
3202 5341 3329 5422 iit-8,

778 5416 878 5467 l8t
909 5421 963 5467 et
993 5429 1139 5482 seqq,

844 5507 930 5627 ςαὶ
957 5504 1063 5559 For
1107 5506 1259 5560 when
1303 5505 1427 5591 they
1467 5522 1581 5576 say.
1636 5508 1775 5589 That
1822 5509 1971 5563 those
2002 5510 2174 5580 things
2204 5527 2296 5566 are

853 5591 894 5627 ις
936 5575 1066 5627 ened
1102 5576 1168 5627 liv
1204 5578 1290 5627 tlte
1325 5576 1541 5627 hather.
1590 5579 1764 5627 which
1799 5579 1870 5627 all
1907 5595 2068 5627 agree
2094 5591 2146 5627 tn
2171 5597 2296 5627 mm-

778 5575 1066 5642 quickened
1100 5576 1175 5648 by,
1204 5578 1290 5630 the
1314 5575 1541 5648 _Father,
1590 5579 1764 5632 which
1799 5579 1871 5632 all
1907 5595 2068 5648 agree
2094 5575 2146 5634 to
2171 5597 2298 5634 con-

779 5648 922 5697 tinue
970 5648 1021 5697 in
1075 5647 1213 5698 their
1243 5646 1511 5712 existence
1546 5648 1682 5702 alter
1716 5651 1893 5710 death,
1924 5646 2052 5704 such
2100 5666 2159 5703 as
2203 5653 2291 5703 the

775 5715 953 5788 spirit,
974 5716 1074 5788 and
1104 5717 1191 5788 the
1221 5715 1609 5788 son_l_,_an_d_the
1647 5717 1749 5775 like
1789 5721 1986 5788 things,
2014 5730 2117 5774 etc.
2157 5721 2297 5776 Who

778 5781 890 5854 (the
913 5781 1088 5837 Makcr
1119 5786 1178 5839 ol'
1203 5785 1290 5838 the
1313 5783 1521 5856 World)
1558 5789 1806 5855 pretends
1839 5800 1892 5843 to
1908 5781 2128 5845 enliven
2157 5792 2305 5844 those

2403 5512 2812 5596 things,_}vhich
2852 5516 2919 5587 by
2946 5518 3092 5596 their
3132 5536 3254 5596 ovrn
3305 5532 3497 5596 nature
3545 5529 3765 5581 survive
3813 5529 3962 5584 their

2403 5585 2716 5669 dissolution
2749 5585 2899 5669 from‘
2920 5589 3057 5669 their
3082 5592 3289 5669 bodies,
3325 5595 3427 5647 and
3465 5611 3571 5669 are,
3591 5598 3818 5666 capable
3835 5600 3959 5669 ,_by

2398 5653 2540 5724 their
2577 5670 2694 5707 own
2742 5665 2948 5724 nature,
2994 5659 3053 5713 of
3097 5661 3220 5714 livin

2404 5723 2714 5789 Scripture's
2754 5739 3006 5795 account,
3035 5743 3155 5799 pag.
3190 5723 3315 5785 i36.

3299 5677 3433 5733 .sepa
3443 5665 3612 5735 rater
3629 5707 3643 5732 ,
3664 5665 3669 5666 “
3691 5678 3799 5722 etc.
3849 5665 3960 5723 The
