4188 6336
153 379 233 438 36!
1043 369 1495 429 DISSERTATIO
1535 371 1624 434 lll,
1668 371 1755 424 DE
1793 368 2051 425 [BEN/El
2090 368 2457 426 DOCTRINA.

3263 373 3370 427 552

157 493 549 566 sapientissimis
591 492 799 565 legibus
833 507 863 546 a
907 507 965 546 se
1018 492 1327 546 constitutis
1381 492 1663 546 immulabi
1727 498 1768 548 A
1799 491 1912 543 vult
1953 515 1962 544 ;
1999 507 2105 545 uno
2170 492 2332 544 verho
2387 505 2567 545 rerum
2616 495 2922 542 creatarutn
2983 489 3369 545 immortalita-

156 591 256 652 liter
290 588 505 653 affixus,
534 586 699 640 libere
734 595 933 648 tamen,
960 595 1266 648 conservat,
1303 599 1368 636 eo
1393 584 1554 637 modo
1580 601 1689 652 quo

155 681 450 737 conservari
494 678 728 747 postulat
759 693 845 739 ea,
888 693 1049 746 quant
1099 676 1326 744 singulis
1365 675 1561 728 indidit
1608 690 1702 728 na-

156 782 276 826 tura.
325 772 604 826 Posterior
645 769 779 822 nulli
821 771 990 838 magis
1025 769 1202 822 debita
1242 775 1358 833 est,
1395 783 1556 836 quam
1590 768 1699 836 ipsa

154 865 305 934 gratia
335 865 770 932 supernaturalis
816 877 912 930 per
944 877 1104 930 quam
1160 861 1502 930 acquiritur:
1552 864 1701 929 prior

145 959 233 1010 etsi
271 956 518 1010 absolute
553 957 824 1024 loquendo
853 971 960 1012 non
996 955 1170 1023 magis
1193 953 1374 1007 debita
1415 953 1503 1014 sit,
1534 967 1695 1021 quam

154 1047 247 1115 ipsa
274 1047 518 1113 ereatio;
555 1047 657 1100 hac
701 1056 883 1101 tamen
926 1045 1096 1101 semel
1134 1044 1432 1113 supposita,
1468 1044 1547 1097 sic
1583 1044 1696 1096 ani-

152 1140 316 1192 mabus
348 1138 397 1190 vi
435 1138 609 1205 legum
644 1152 672 1189 a
699 1137 806 1191 Deo
839 1137 1252 1192 constitutarum
1290 1135 1469 1188 debita
1501 1144 1605 1201 est,
1639 1147 1694 1190 ut

151 1230 318 1284 iisdem
344 1227 556 1296 legibus
585 1227 996 1281 immortalitate
1028 1227 1314 1291 donentur,
1341 1225 1542 1293 quibus
1564 1239 1694 1279 con-

152 1323 362 1384 duntur;
415 1320 548 1372 adeo
603 1328 661 1372 ut
715 1331 776 1371 ea
826 1318 1078 1371 frustrari
1136 1330 1408 1384 nunquam
1455 1317 1686 1383 possint,

150 1415 232 1468 nisi
258 1413 400 1468 Deus
437 1412 646 1480 legibus
676 1410 790 1464 suis
824 1407 1161 1463 naturalibus
1195 1406 1404 1472 deesse,
1432 1417 1486 1461 et
1522 1407 1690 1476 impc-

151 1506 264 1558 ritus
296 1503 515 1568 artifex,
553 1502 764 1571 sibique
811 1516 1001 1570 parum
1042 1509 1298 1554 constans
1332 1515 1453 1556 esse
1489 1517 1690 1571 suppo-

151 1606 306 1649 natur.
341 1595 420 1648 Εο
455 1611 619 1648 sensu
647 1595 784 1648 ratio
813 1592 1096 1646 animabus
1129 1593 1297 1646 indita
1332 1604 1388 1646 et
1421 1595 1688 1649 naturalis

150 1689 232 1747 est,
254 1693 306 1735 et
339 1681 432 1736 Dei
467 1681 639 1750 gratia
670 1695 686 1734 :
717 1681 890 1748 gratia
932 1683 1148 1751 quidem
1175 1721 1192 1746 ,
1231 1683 1356 1750 quia
1393 1683 1535 1737 Deus
1570 1685 1688 1737 ani-

148 1791 242 1828 mas
277 1773 539 1828 facultate
573 1774 938 1844 cognoscendi
985 1773 1240 1843 praeditas
1286 1785 1478 1841 sponte
1521 1790 1583 1828 ac
1629 1776 1686 1830 li-

1810 595 1916 634 tem
1962 582 2260 649 precariam
2303 596 2446 644 esse,
2481 595 2507 633 a
2549 579 2659 634 Deo
2695 591 2972 648 acceptam
3004 620 3019 644 ,
3053 593 3109 636 et
3141 580 3237 637 uni
3269 584 3364 641 Dei

1807 673 2065 728 voluntati
2091 684 2364 744 acceptam
2395 672 2770 738 referendam,
2809 673 2860 726 in
2894 675 3131 729 nihilum
3160 678 3363 732 reditu-

1808 783 2013 832 rarum,
2044 771 2182 823 unde
2205 771 2361 823 initio
2384 780 2559 823 ortum
2597 779 2946 839 acceperunt,
2981 771 3082 824 nisi
3113 770 3206 826 Dei
3236 787 3363 841 ope,

1806 873 1890 925 eo,
1932 874 2040 922 quo
2073 875 2236 929 supra
2274 858 2651 928 explicuimus,
2678 860 2838 912 modo
2861 870 3313 915 conservarentur
3347 880 3360 916 :

1803 965 2112 1020 quanquam
2156 951 2357 1005 ezedem
2388 952 2517 1021 ipsa:
2550 961 2740 1005 natura
2781 952 3137 1019 immortales,
3176 955 3362 1008 incor-

1802 1051 2080 1111 ruptzeque
2111 1044 2238 1109 sint,
2265 1045 2308 1098 si
2343 1044 2519 1113 legum
2563 1047 2630 1098 ab
2664 1055 2888 1098 auctore
2921 1055 3125 1100 natura:
3161 1046 3365 1100 constio

1800 1143 2038 1187 totarum
2076 1135 2216 1188 ratio
2256 1135 2538 1199 habeatur,
2569 1144 2623 1189 et
2656 1151 2778 1189 cum
2813 1135 3085 1192 efﬁciente
3128 1151 3185 1191 re
3214 1152 3362 1191 com-

1795 1234 2074 1292 parentur,
2111 1241 2228 1295 quae
2269 1227 2412 1280 nulla
2449 1237 2567 1291 est,
2611 1242 2639 1280 a
2678 1240 2780 1294 qua
2819 1229 3027 1296 possint
3066 1228 3360 1297 exstingui.

1804 1334 1821 1365 ι
1859 1315 2099 1380 Discant,
2149 1318 2244 1381 ait,
2306 1320 2556 1386 quoniam
2609 1322 2724 1376 sine
2776 1320 2932 1374 initio
2975 1327 3032 1374 et
3073 1319 3190 1374 sine
3230 1321 3358 1386 fine,

1793 1421 1919 1460 vere
1968 1415 2022 1460 et
2068 1423 2282 1478 semper
2331 1410 2472 1465 idem
2513 1419 2568 1466 et
2601 1413 2792 1468 eodem
2841 1412 2999 1466 modo
3027 1426 3085 1466 se
3129 1412 3358 1475 habens,

1792 1497 1938 1550 solus
1972 1506 2054 1552 est
2086 1497 2245 1558 Deus.
2284 1500 2374 1569 qui
2400 1510 2482 1555 est
2503 1502 2748 1556 omnium
2784 1502 3062 1556 Dominus.
3100 1501 3230 1569 Qua:
3261 1519 3360 1556 au-

1793 1599 1897 1640 tem
1925 1600 2051 1642 sunt
2087 1591 2155 1644 ab
2186 1590 2277 1644 illo
2310 1592 2520 1658 omnia,
2566 1607 2897 1662 quaecunque
2935 1592 3077 1649 facta
3124 1603 3274 1660 sunt,
3303 1603 3359 1649 et

1791 1679 1946 1743 fiunt,
1973 1679 2187 1734 initium
2213 1682 2433 1752 quidem
2460 1699 2617 1738 suum
2649 1685 2923 1755 accipiunt
2966 1686 3353 1755 generationis,

1793 1779 1848 1822 et
1880 1786 1977 1838 per
2002 1772 2102 1826 hoc
2128 1772 2384 1827 inferiora
2421 1783 2549 1828 sunt
2579 1776 2646 1828 ab
2677 1789 2773 1840 eo,
2807 1777 2897 1844 qui
2936 1790 3000 1830 ea
3027 1775 3180 1841 fecit,
3214 1789 3353 1844 quos

149 1866 277 1931 bere,
309 1867 566 1935 nullaque
601 1866 928 1921 necessitate
981 1866 1207 1919 adactus
1244 1880 1432 1919 creare
1480 1867 1687 1932 voluit;
1720 1850 1762 1904 Β
1793 1861 1938 1914 niam
1976 1878 2079 1916 non
2110 1874 2232 1917 sunt
2267 1864 2538 1933 ingenita;
2572 1875 2920 1936 perseverant
2954 1875 3132 1920 autem
3176 1874 3228 1922 ct
3256 1880 3356 1920 ex-

147 1959 387 2013 uaturalis
434 1973 588 2024 vero,
637 1960 760 2027 quia
795 1973 858 2012 ea
898 1968 982 2014 est
1023 1958 1327 2013 animarum
1363 1969 1583 2022 natura,
1631 1969 1690 2014 ut

146 2051 266 2103 nulla
301 2067 420 2105 esse
454 2051 647 2119 possit,
683 2067 803 2120 quae
831 2053 1037 2106 ratione
1070 2053 1292 2120 prsedita
1333 2067 1437 2105 non
1475 2053 1564 2106 sit.
1596 2051 1685 2106 Sic

144 2144 282 2199 facile
311 2145 657 2212 explicantur
707 2145 856 2198 varia
914 2154 1222 2199 sanctorum
1270 2143 1492 2197 Patrum
1539 2146 1689 2198 testi-

143 2233 324 2297 metria,
360 2247 592 2301 quorum
623 2233 726 2286 alia
757 2231 968 2284 animas
991 2231 1193 2300 gratia,
1231 2229 1335 2283 alia
1363 2237 1556 2282 natura
1588 2229 1689 2282 im-

142 2322 380 2378 mortales
409 2337 529 2378 esse
559 2330 826 2377 statuunt.
881 2319 952 2375 Ut
996 2320 1142 2376 enim
1196 2320 1468 2382 omittam,
1531 2317 1684 2387 plura

140 2430 230 2469 non
262 2416 329 2470 de
353 2414 484 2478 alia,
521 2430 682 2483 quam
732 2414 798 2468 de
849 2415 1007 2468 beata
1063 2411 1471 2466 immortalitate
1530 2411 1686 2464 intel-

139 2506 214 2576 ligi
249 2522 436 2576 posse;
469 2516 764 2575 utrumque
792 2520 981 2561 verum
1010 2513 1091 2559 est
1114 2543 1128 2569 ,
1158 2518 1322 2557 sensu
1358 2517 1483 2556 mox
1513 2502 1686 2572 expli-

137 2609 243 2654 cato
288 2618 302 2653 :
354 2599 581 2668 perinde
635 2607 800 2667 atque
845 2611 1032 2650 verum
1085 2603 1170 2650 est
1222 2594 1432 2648 animas
1487 2603 1686 2646 natura

137 2688 280 2740 simul
341 2697 396 2741 et
451 2687 627 2755 gratia
682 2686 945 2741 facultate
1012 2682 1374 2755 cognoscendi
1431 2684 1687 2754 praeditas

135 2792 257 2834 esse.
283 2779 748 2845 Quemadmodum
796 2790 976 2833 autem
1023 2794 1088 2832 ex
1134 2794 1198 2832 eo
1243 2777 1385 2846 quod
1438 2777 1579 2830 Deus
1629 2786 1685 2830 ut

137 2871 310 2923 au'ctOr
342 2881 546 2924 natura:
580 2870 945 2939 cognoscendi
968 2869 1275 2925 facultatem
1307 2870 1473 2923 libere
1508 2879 1564 2921 et
1595 2868 1685 2921 bc-

135 2959 295 3012 neﬁcii
335 2960 451 3014 loco
478 2960 767 3013 animabus
794 2959 1074 3023 indiderit,
1114 2958 1303 3013 inferri
1334 2973 1440 3010 non
1479 2967 1682 3025 potest,
1721 2999 1734 3016 ,

134 3065 236 3103 eam
267 3054 551 3106 animabus
590 3051 849 3106 humanis
885 3051 1186 3105 naturalem
1229 3066 1333 3103 non
1365 3064 1513 3113 esse;
1555 3047 1680 3116 quia

1792 1952 2085 2007 tenduntur
2125 1954 2187 2008 in
2227 1954 2615 2025 longitudinem
2664 1955 3003 2025 saeculorum,
3056 1959 3352 2011 secundum

1787 2044 2119 2100 voluntatem
2150 2046 2374 2103 factoris
2402 2048 2495 2102 Dei
2523 2066 2537 2102 :
2580 2049 2653 2102 ita
2681 2058 2740 2102 ut
2776 2049 2854 2103 sic
2885 2049 3038 2104 initio
3067 2050 3354 2115 ﬁerent,et

1788 2143 1993 2203 postea,
2021 2146 2080 2189 ut
2107 2137 2234 2199 sint,
2273 2139 2352 2193 eis
2382 2139 2564 2194 donat.
2590 2139 2700 2195 Deo
2732 2140 2916 2210 itaque
2950 2141 3116 2195 vitam
3148 2150 3199 2197 et
3228 2156 3354 2212 per-

1787 2234 2000 2295 petuam
2037 2228 2497 2295 perseverantiam
2531 2223 2772 2285 donante
2795 2270 2810 2294 ,
2847 2232 2995 2301 capit
3040 2242 3095 2287 et
3137 2233 3352 2289 animas

1793 2319 1952 2388 (idem
1990 2319 2053 2372 de
2096 2320 2368 2389 spiritibus
2412 2320 2570 2391 paulo
2617 2333 2738 2376 ante
2779 2321 2936 2393 dixit)
2979 2321 3211 2392 primum
3243 2335 3352 2376 non

1796 2412 2120 2466 exsistentes
2172 2411 2368 2468 dehinc
2399 2428 2764 2482 perseverare,
2811 2427 2934 2468 cum
2981 2426 3074 2468 eas
3122 2415 3265 2469 Deus
3302 2422 3358 2469 et

1790 2521 1912 2561 esse
1939 2515 1991 2561 et
2015 2507 2310 2562 subsistere
2339 2507 2590 2562 voluerit.
2623 2505 2924 2577 Principari
2949 2507 3093 2561 enim
3119 2506 3277 2561 debet
3303 2505 3358 2561 in

1788 2598 2041 2653 omnibus
2075 2607 2128 2653 et
2158 2598 2427 2653 dominari
2457 2600 2706 2654 voluntas
2737 2597 2867 2664 Dei;
2901 2597 3110 2668 reliqua
3169 2606 3354 2653 autem

1789 2689 1974 2743 omnia
2011 2690 2137 2744 huic
2161 2690 2352 2745 cedere
2387 2699 2443 2745 et
2472 2692 2686 2746 subdita
2722 2706 2865 2755 esse,
2900 2699 2949 2744 et
2985 2689 3039 2744 in
3071 2688 3353 2742 servitium

1785 2778 1982 2832 dedita.
2015 2798 2032 2831 ι
2060 2779 2259 2834 Eadem
2284 2781 2504 2834 omnino
2533 2781 2727 2849 repetit
2753 2781 2847 2835 lib.
2882 2796 2954 2845 tv,
2990 2795 3038 2833 c.
3069 2778 3159 2844 58,
3202 2795 3259 2832 n.
3294 2779 3348 2832 5.

1858 2863 2036 2935 [CLV]
2079 2864 2199 2917 106.
2230 2864 2339 2919 Nec
2373 2866 2643 2934 negotium
2671 2869 2924 2934 cuiquam
2956 2869 3226 2926 facessere
3257 2875 3350 2927 de-

1785 2956 1898 3019 bet,
1932 2956 2074 3024 quod
2120 2956 2212 3013 lib.
2249 2971 2285 3008 ιι
2328 2957 2447 3022 cit.,
2488 2971 2607 3024 cap.
2641 2958 2730 3021 '54,
2763 2974 2816 3012 n.
2845 2958 2899 3024 5,
2934 2959 3160 3015 innuere
3200 2964 3351 3017 vide-

1787 3057 1891 3113 tur,
1922 3061 1952 3098 a
1993 3045 2153 3100 Patre
2190 3048 2432 3102 euntium
2467 3049 2661 3100 donari
2698 3067 2716 3099 ι
2767 3050 2818 3103 in
2865 3051 3122 3106 saeculum
3165 3058 3348 3110 saeculi

132 3145 351 3196 animam
384 3145 621 3213 aliquant
653 3159 773 3198 esse
819 3153 1106 3212 repugnat,
1149 3157 1270 3212 quae
1298 3143 1540 3211 cogitare
1577 3156 1680 3192 non
1709 3179 1750 3234 ϐ
1787 3139 2248 3208 perseverantiam
2281 3140 2364 3192 his
2387 3140 2476 3207 qui
2510 3140 2644 3193 salvi
2677 3141 2827 3203 ﬁunt,
2867 3161 2886 3194 ι
2914 3145 3069 3212 quasi
3112 3146 3164 3200 in
3201 3148 3349 3201 nihi-

132 3234 322 3300 possit;
367 3236 447 3288 sic
497 3236 703 3304 pariter
752 3235 878 3286 licet
927 3234 1068 3287 Deus
1117 3244 1174 3286 ut
1237 3243 1421 3286 auctor
1475 3241 1681 3283 natnrze

131 3329 328 3383 animas
376 3335 591 3383 nostras
646 3327 1063 3381 immortalitate
1093 3326 1263 3379 libere
1296 3325 1482 3387 donet,
1513 3339 1576 3376 ex
1618 3339 1682 3377 eo

130 3421 361 3474 concludi
386 3436 487 3474 non
523 3431 722 3490 potest,
752 3437 869 3474 eam
902 3436 1005 3474 non
1035 3435 1156 3475 esse
1183 3421 1489 3472 animarum
1518 3425 1680 3469 natu-

129 3528 232 3564 rant
281 3521 341 3566 ut
389 3511 730 3565 immortales
782 3511 925 3575 sint,
983 3511 1107 3578 quia
1144 3523 1368 3578 prorsus
1418 3516 1683 3575 repugnat

129 3606 350 3658 animam
381 3607 635 3672 'aliquam
685 3602 943 3658 facultate
985 3602 1347 3672 cognoscendi
1395 3601 1680 3671 praeditam

126 3709 256 3758 esse,
281 3710 400 3764 quae
435 3694 700 3764 spiritalis
735 3709 840 3748 non
865 3693 958 3761 sit,
993 3694 1224 3762 simplex
1257 3702 1419 3762 atque
1454 3693 1681 3745 immor-

126 3785 257 3839 talis.

187 3879 305 3932 105.
350 3878 503 3945 Quod
542 3879 709 3948 igitur
739 3877 978 3932 irenzeus
1021 3877 1114 3931 lib.
1152 3892 1213 3938 ll,
1251 3892 1300 3930 c.
1346 3876 1435 3940 54,
1475 3892 1528 3928 n.
1562 3875 1615 3940 2,
1645 3876 1677 3928 5

123 3978 170 4019 et
201 3969 254 4030 4,
294 3970 503 4032 statuit,
539 3970 754 4023 animas
803 3978 859 4023 et
906 3968 1130 4038 spiritus
1179 3986 1196 4018 ι
1239 3982 1589 4035 perseverare
1624 3977 1678 4018 et

122 4061 326 4113 extendi
374 4061 425 4113 in
469 4051 862 4129 longitudinem
897 4058 1217 4113 saeculorum
1253 4057 1545 4112 secundum
1582 4071 1677 4107 vo-

122 4148 376 4205 luntatem
412 4151 637 4205 factoris
672 4150 786 4214 Dei,
834 4164 1185 4218 perseverare
1224 4148 1579 4217 quoadusque
1612 4159 1672 4196 ea

121 4240 253 4296 Deus
286 4254 343 4297 et
373 4257 492 4296 esse
516 4249 572 4296 et
598 4255 949 4310 perseverare
975 4239 1230 4300 voluerit,
1258 4258 1274 4290 ›
1305 4237 1481 4305 iisque
1504 4236 1670 4289 vitam

119 4335 245 4401 dari,
277 4354 294 4385 ι
326 4351 431 4390 non
459 4351 528 4390 ex
558 4343 770 4397 natura,
804 4339 895 4386 sed
924 4331 1221 4386 secundum
1257 4330 1344 4382 Dei
1368 4329 1621 4398 gratiam,
1650 4346 1667 4378 ι

119 4437 268 4494 supra
314 4427 472 4481 dictis
520 4439 625 4477 non
663 4431 945 4492 repugnat.
1000 4419 1211 4473 Etenim
1261 4432 1532 4487 occupans
1576 4419 1673 4470 ob-

1785 3225 1894 3277 ium
1942 3225 2143 3278 abituri
2178 3237 2365 3281 essent
2395 3227 2624 3294 spiritus
2651 3240 2703 3283 et
2744 3233 2940 3286 animae
2973 3244 3347 3302 peccatorum.

1790 3335 1808 3367 ‹
1841 3316 1956 3369 Non
1989 3317 2134 3372 enim
2169 3332 2235 3370 ex
2273 3319 2449 3378 nobis,
2477 3319 2576 3386 ait,
2609 3337 2783 3390 neque
2824 3340 2886 3377 ex
2933 3335 3117 3380 nostra
3153 3338 3348 3382 natura

1785 3410 1894 3462 vita
1926 3421 2042 3476 est;
2077 3412 2170 3465 sed
2199 3413 2498 3467 secundum
2527 3416 2759 3480 gratiam
2793 3417 2885 3471 Dei
2919 3419 3097 3472 datur.
3131 3420 3196 3473 Et
3225 3421 3348 3476 ideo

1784 3504 1874 3569 qui
1905 3505 2204 3558 servaverit
2231 3504 2414 3558 datum
2446 3505 2589 3572 vitae,
2612 3517 2672 3561 et
2703 3510 2908 3578 gratias
2945 3513 3117 3579 egerit
3142 3514 3215 3578 ei,
3255 3515 3346 3582 qui

1783 3595 2061 3663 prazstitit,
2097 3597 2413 3661 accipiet‘et
2453 3597 2508 3649 in
2548 3599 2803 3653 szeculum
2847 3603 3028 3657 sarculi
3055 3604 3349 3675 longitudi-

1784 3702 1904 3738 nem
1933 3687 2163 3741 dierum.
2195 3687 2296 3752 Qui
2333 3701 2511 3742 autem
2546 3691 2805 3757 ahjecerit
2841 3710 2986 3759 cant,
3012 3705 3068 3750 et
3102 3698 3347 3766 ingratus

1782 3777 2054 3830 exstiterit
2092 3777 2314 3842 facturi,
2351 3778 2418 3830 ob
2461 3782 2562 3832 hoe
2598 3784 2739 3849 quod
2777 3783 2956 3839 factus
2995 3797 3099 3851 est,
3143 3798 3197 3842 ct
3238 3804 3344 3843 non

1782 3869 2097 3935 cognoverit
2127 3884 2249 3922 eum
2276 3870 2367 3938 qui
2393 3883 2635 3940 prmstat,
2668 3890 2777 3940 pse
2798 3889 2856 3929 se
2884 3878 3059 3945 privat
3085 3879 3135 3931 in
3169 3874 3347 3933 smc'u.

1781 3960 1888 4010 lum
1945 3960 2126 4013 saeculi
2183 3964 2608 4028 perseverantia.
2659 3984 2678 4017 ι
2731 3965 2825 4019 His
2882 3969 3026 4021 enim
3071 3971 3347 4039 signiﬁcat

1780 4049 2033 4113 lrenaeus,
2067 4064 2126 4105 ttt
2166 4067 2230 4106 ex
2261 4063 2372 4108 toto
2399 4065 2653 4110 contextu
2697 4060 2967 4114 sermonis
3006 4060 3198 4128 liquet,
3236 4064 3344 4116 im-

1779 4142 1919 4208 pios,
1954 4161 1971 4193 ε
2011 4144 2114 4211 qui
2151 4145 2202 4197 in
2243 4147 2454 4200 modica
2494 4150 2778 4216 temporali
2814 4150 2921 4204 vita
2951 4152 3145 4221 ingrati
3174 4157 3346 4208 exsti-

1781 4243 1963 4287 terunt
1993 4234 2124 4300 Deo,
2152 4237 2243 4305 qui
2266 4252 2383 4289 eam
2414 4238 2688 4306 praestitit,
2715 4238 2862 4307 juste
2888 4257 2994 4296 non
3023 4259 3341 4313 recepturos

1779 4328 1848 4376 ah
1875 4340 1939 4380 eo
1962 4326 2013 4378 in
2039 4327 2297 4380 saeculum
2325 4329 2510 4381 sa-culi
2546 4330 2940 4398 longitudinem
2973 4333 3202 4400 dierum,
3222 4352 3343 4405 quae

1777 4419 2070 4470 secundum
2112 4419 2342 4487 gratiam
2397 4421 2491 4474 Dei
2532 4423 2709 4484 datur,
2750 4441 2768 4473 ι
2798 4439 3024 4493 qumque
3067 4428 3179 4480 sola
3210 4443 3342 4484 vera

111 4515 420 4583 jectionem,
451 4532 575 4586 qua:
615 4517 715 4570 sibi
752 4533 780 4568 a
814 4513 1087 4568 Gnosticis
1110 4511 1338 4580 proponi
1385 4509 1668 4578 potuisset,
1703 4518 1748 4575 ι)
1777 4510 2156 4564 immortalitas
2183 4526 2266 4564 esr
2295 4530 2309 4577 ;
2346 4516 2439 4568 sed
2475 4523 2737 4568 aeternam
2770 4516 2874 4570 sibi
2908 4527 3162 4583 mortem,
3189 4536 3338 4573 sem-

120 4625 136 4656 ι
175 4625 276 4663 non
309 4623 471 4679 posse
500 4607 858 4675 anitnas‘eas,
896 4620 1017 4674 qua:
1057 4604 1218 4672 paulo
1249 4613 1374 4656 ante
1407 4617 1526 4656 esse
1557 4616 1672 4653 coe—

114 4703 302 4769 perint,
332 4704 386 4754 in
419 4701 646 4755 multum
689 4699 946 4766 temporis
974 4709 1346 4768 perseverare,
1383 4695 1475 4748 sed
1512 4708 1672 4760 opor-

116 4802 218 4846 tere
239 4808 338 4847 eas
374 4803 467 4845 aut
501 4791 854 4847 innascibiles
890 4805 1032 4851 esse,
1065 4797 1123 4841 ut
1159 4787 1266 4840 sint
1303 4785 1667 4849 immortales;

113 4883 187 4934 vel
229 4884 273 4937 si
320 4883 692 4952 generationis
738 4881 953 4934 initium
996 4878 1338 4946 acceperint,
1381 4891 1500 4929 cum
1555 4877 1671 4942 ipso

113 4989 332 5043 corpore
368 4973 543 5038 mori;
578 4992 597 5024 ›
637 4973 929 5042 respondet
953 4971 1005 5025 id
1035 4968 1368 5025 discriminis
1401 4969 1542 5020 inter
1577 4967 1668 5020 Dei

111 5076 158 5117 et
203 5067 516 5120 animarum
578 5081 641 5120 ac
674 5065 955 5134 spirituum
991 5060 1453 5116 immortalitatem
1501 5059 1673 5111 inter-

113 5169 258 5220 esse,
321 5155 468 5224 quod
523 5154 664 5209 Deus
711 5154 857 5208 solus
895 5150 1359 5206 immortalitatem
1409 5148 1604 5202 habeat
1639 5163 1669 5201 a

108 5263 159 5300 se
190 5250 329 5318 ipso,
359 5262 462 5303 nec
495 5261 616 5302 eam
652 5248 902 5316 cuiquam
948 5245 1103 5298 alteri
1136 5244 1366 5308 debeat,
1400 5241 1490 5310 qui
1529 5242 1669 5296 hanc

108 5342 174 5402 ei,
209 5341 259 5395 si
307 5341 465 5405 velit,
512 5337 725 5394 auferre
757 5339 966 5406 possit;
1010 5336 1160 5392 solus
1205 5335 1667 5388 immortalitatem

110 5430 297 5486 habeat
358 5430 788 5495 immutabilem,
841 5430 1086 5498 nullique
1151 5427 1519 5482 vicissitudini
1570 5427 1669 5480 oh-

111 5527 354 5588 noaiatn;
388 5531 585 5577 caetera
625 5524 756 5576 vero
806 5536 1138 5590 qna-cunque
1186 5528 1371 5574 creata
1420 5527 1583 5582 sunt,
1619 5518 1666 5570 si

110 5611 435 5667 immortalia
465 5614 593 5676 sint,
639 5613 1091 5667 immortalitatem
1132 5612 1225 5666 Dei
1259 5611 1520 5665 beneﬁcio
1550 5624 1666 5662 sor-

110 5703 196 5753 tita
229 5719 380 5768 esse,
405 5717 599 5775 eaque,
625 5704 749 5759 licet
786 5715 1133 5776 perseverent
1163 5705 1216 5756 in
1239 5712 1526 5766 aeternum,
1558 5718 1662 5755 non

111 5799 278 5849 tamen
304 5795 382 5850 ita
422 5810 792 5864 perseverare,
830 5796 930 5849 nisi
978 5798 1102 5864 quia
1139 5795 1280 5851 Deus
1313 5808 1664 5864 perseverare

417 5891 691 5950 Parnm“
740 5888 858 5949 Gn.
899 5889 1034 5949 VII.

1773 4601 2038 4668 piternam
2068 4601 2320 4655 videlicet
2357 4621 2384 4657 a
2418 4604 2550 4668 Deo,
2589 4605 2857 4673 beataqne
2881 4608 2988 4660 vita
3032 4613 3336 4678 separatio-

1775 4709 1896 4745 ncm
1945 4694 2331 4749 accersituros.
2375 4694 2478 4750 Ubi
2511 4697 2655 4750 enim
2700 4698 2958 4752 disseruit
2995 4700 3228 4757 lrenacus
3270 4703 3338 4758 de

1773 4785 2006 4837 naturali
2038 4787 2349 4855 angelorum
2383 4797 2437 4841 et
2465 4790 2772 4844 animarum
2803 4792 3224 4860 immortalitate,
3267 4797 3334 4852 ad

1772 4874 1997 4928 alterum
2031 4876 2464 4931 immortalitatis
2495 4881 2754 4947 speciem,
2786 4897 2907 4950 quae
2938 4899 3033 4952 per
3069 4900 3334 4955 superna-

1776 4967 2008 5021 turalem
2036 4968 2129 5021 Dei
2163 4970 2398 5037 gratiam
2439 4973 2765 5042 acquiritur,
2801 4974 2978 5043 iisque
3004 4976 3273 5033 duntaxat
3301 4999 3332 5031 a

1774 5060 1935 5114 Patre
1975 5063 2216 5114 omnium
2249 5062 2502 5128 donatur,
2534 5066 2628 5134 qui
2672 5067 2806 5119 salvi
2836 5067 2993 5134 ﬁunt,
3022 5070 3238 5136 transit,
3263 5074 3331 5126 ad

1772 5154 2008 5221 priorem
2051 5152 2246 5205 iterum
2288 5169 2441 5208 nunt.
2490 5158 2740 5226 sequenti
2787 5172 2912 5212 mox
2949 5159 3246 5216 rediturus.
3274 5161 3331 5214 ltl

1773 5254 1949 5297 autem
1991 5257 2115 5296 esse
2152 5232 2367 5313 uirique
2393 5261 2682 5302 commune
2711 5251 2909 5305 merito
2945 5250 3157 5322 statuit,
3184 5254 3331 5321 quod

1774 5348 2002 5405 utraque
2035 5337 2129 5390 Dei
2163 5338 2435 5390 voluntati
2475 5350 2695 5408 accepta
2727 5339 3010 5396 referenda
3040 5342 3149 5408 sit;
3176 5345 3329 5413 prior

1770 5430 2011 5497 quidem,
2040 5428 2133 5483 Dei
2175 5437 2235 5480 ut
2277 5429 2517 5484 auctoris
2554 5440 2785 5498 natura),
2827 5433 3100 5502 posterior
3128 5434 3218 5489 Dei
3268 5441 3330 5488 ut

1769 5519 2011 5573 auctoris
2033 5519 2218 5587 gratia:
2248 5536 2261 5572 :
2295 5536 2416 5574 cum
2462 5522 2566 5576 hoc
2591 5532 2773 5576 tamen
2803 5525 3146 5588 discrimine,
3179 5522 3328 5592 quod

1768 5610 1916 5679 prior
1966 5609 2378 5676 immortalitas,
2418 5613 2462 5665 si
2519 5613 2867 5680 sempiternae
2913 5613 3192 5669 felicitatis
3250 5613 3327 5666 sit

1768 5716 1978 5766 exsors,
2012 5716 2157 5754 mors
2184 5703 2363 5768 potius
2392 5718 2552 5771 quam
2591 5704 2698 5757 vita
2731 5706 2802 5760 sit
2839 5707 3132 5761 censenda.
3163 5704 3327 5768 Nam,

1767 5804 1824 5847 ut
1851 5794 2053 5849 ootime
2078 5794 2151 5848 ait
2185 5794 2280 5850 lib.
2307 5810 2379 5862 tv,
2415 5809 2461 5849 c.
2486 5794 2575 5862 20,
2604 5813 2658 5852 tt.
2682 5798 2744 5852 ὗε
2779 5816 2798 5850 t
2838 5799 3104 5866 Quoniam
3137 5798 3322 5852 vivere

2973 5893 3046 5953 12
