4188 6336
761 407 866 465 565

1560 387 2145 450 DlSSERTATlONES
2179 381 2482 441 ΡΒᾹΞἮᾹΞ
2518 379 2581 434 ιιι
2617 375 2877 434 ῙΗΕΝᾸΞῘ
2917 373 3183 432 LIBROS.

3894 369 4000 424 ὅθι

764 527 888 579 sine
925 520 1034 574 vita
1067 513 1402 588 impossibile
1433 521 1548 579 est,
1591 511 1944 566 subsistentia
1993 516 2171 563 autem
2204 505 2328 559 vita:
2356 508 2404 566 Α
2432 499 2631 564 buerit,
2662 499 2766 552 nisi
2809 497 2854 551 is
2884 497 2974 566 qui
3015 506 3109 549 aut
3148 493 3410 547 irenteum
3457 503 3738 561 nunquam
3773 487 3993 558 legerit,

769 620 836 672 tle
887 612 978 670 Dei
1021 611 1438 684 participatione
1480 606 1693 672 evenit,
1750 602 2098 676 participatio
2140 610 2323 654 autem

769 708 865 763 Dei
891 715 975 761 est
1003 705 1190 759 videre
1241 701 1402 756 Deum
1441 711 1499 754 et
1539 698 1642 752 frui
1685 699 2020 764 benignitate
2053 695 2187 764 ejus;
2230 691 2326 745 ho-

771 798 950 851 mines
989 795 1154 865 igitur
1193 793 1449 846 videbunt
1478 789 1644 843 Deum
1693 796 1747 842 et
1786 787 1989 849 vivent,
2026 800 2122 855 per
2167 782 2330 836 visio-

771 904 893 943 nem
942 884 1286 942 immortales
1326 882 1478 935 facti.
1525 900 1544 933 ι
1582 879 1690 934 Nec
1734 889 1913 934 tamen
1959 877 2164 932 sentire
2205 889 2328 944 pro-

772 991 957 1050 pterea
988 979 1185 1048 potuit,
1217 975 1430 1045 penitus
1475 972 1797 1026 interiturus
1846 984 1938 1023 seu
1981 967 2203 1036 angelos
2234 981 2328 1020 seu

772 1073 1016 1127 homines
1051 1069 1241 1134 malos,
1275 1069 1367 1138 qui
1415 1068 1508 1122 lib.
1549 1083 1610 1130 ιι,
1644 1081 1765 1135 eap.
1798 1065 1888 1127 5'5,
1929 1079 1984 1117 n.
2021 1062 2075 1127 5,
2117 1068 2222 1112 tam
2259 1059 2335 1112 di-

772 1175 920 1220 serte
982 1162 1232 1233 scripsit,
1286 1178 1305 1211 t
1349 1158 1640 1227 adimpleto
1695 1171 1938 1216 numero,
1985 1168 2142 1222 quem
2192 1153 2334 1206 Deus

773 1256 914 1324 apud
941 1269 998 1310 se
1025 1268 1152 1309 ante
1187 1252 1416 1313 tlefiniit,
1448 1250 1976 1316 0mnes,quicunque
1996 1257 2120 1301 sunt
2144 1242 2333 1313 scripti

773 1348 827 1401 in
858 1347 1024 1400 vitam
1049 1387 1063 1411 ,
1100 1352 1540 1409 resurrecturos,
1582 1358 1678 1396 sua
1725 1355 1950 1410 corpora
1985 1349 2040 1393 et
2075 1353 2199 1393 suas
2238 1339 2334 1391 ha-

769 1439 962 1492 bentes
988 1436 1218 1500 animas,
1257 1445 1313 1489 et
1357 1450 1484 1490 suos
1516 1435 1762 1503 spiritus,
1799 1431 2074 1501 inquibus
2113 1430 2334 1498 placue-

775 1538 901 1584 runt
939 1528 1072 1584 Deo.
1107 1527 1208 1594 Qui
1251 1536 1457 1592 autem,
1498 1545 1516 1577 ›
1548 1524 1721 1586 addit,
1754 1543 1772 1575 ι
1805 1537 1960 1592 pmna
2005 1531 2131 1577 sunt
2162 1522 2333 1588 digni,

776 1619 1006 1673 abibunt.
1051 1620 1106 1674 in
1149 1634 1292 1683 eam,
1327 1626 1383 1671 et
1433 1617 1530 1685 ipsi
1572 1632 1699 1670 suas
1731 1617 1994 1670 habentes
2021 1615 2249 1675 animas,
2285 1624 2340 1665 et

776 1728 871 1766 sua
900 1727 1127 1782 corpora
1157 1713 1206 1766 in
1232 1712 1431 1781 quibus
1465 1711 1793 1764 abstiterunt
1818 1725 1845 1762 a
1885 1709 1975 1762 Dei
2011 1708 2277 1761 bonitate.
2315 1724 2332 1757 ι

776 1804 894 1859 Non
926 1805 1093 1872 igitur
1129 1804 1184 1858 in
1221 1803 1450 1858 nihilum
1495 1803 1693 1856 abituri
1726 1811 1849 1855 sunt
1893 1800 2068 1870 angeli
2104 1800 2250 1865 ntali,
2285 1810 2338 1853 et

2431 604 2520 648 aut
2556 589 2897 661 apertissima
2935 601 3165 658 quaeque
3201 584 3426 639 Patrum
3453 583 3620 648 dicta,
3655 582 3839 636 invitis
3870 580 3998 632 licet

2431 701 2496 738 ac
2526 680 2924 738 reluctantibus
2955 678 3291 742 auctoribus,
3314 677 3610 730 obscurare
3629 674 3820 742 gestit,
3846 682 3904 725 ut
3933 670 3999 725 iis

2434 775 2690 830 invidiam
2751 773 2938 827 faciat.
2987 769 3212 839 Legesis
3267 783 3386 837 quae
3446 781 3512 820 eo
3566 765 3632 820 de
3672 772 3998 833 argumento

2432 868 2649 937 scripsit
2697 864 3103 920 eruditissimus
3152 862 3212 917 D.
3252 859 3537 913 Matthmus
3564 857 3901 912 Petittlidier.
3956 863 3996 906 t.

2432 960 2476 1013 ll
2526 959 2949 1012 Adnotationum
3000 956 3053 1009 in
3085 954 3461 1007 Bibliothecam
3508 962 3786 1003 auctorum
3836 944 4001 1000 eccle-

2431 1053 2788 1114 siasticarum,
2824 1064 2945 1118 pag.
2977 1048 3105 1110 405,
3136 1056 3191 1101 et
3237 1059 3418 1112 seqq.,
3450 1041 3585 1096 edit.
3625 1039 3804 1094 Paris.
3837 1037 3997 1091 1699..

2507 1143 2626 1199 107.
2672 1143 2824 1211 Quod
2867 1151 3048 1195 autem
3094 1139 3330 1193 Irenaeus
3383 1136 3502 1189 loco
3549 1135 3796 1203 proxime
3834 1132 4002 1184 citato

2436 1240 2606 1305 dixit,
2647 1255 2664 1288 ι
2706 1240 2899 1292 beatos
2946 1248 3166 1302 semper
3213 1229 3494 1300 percipere
3538 1230 3760 1295 regnum
3798 1222 3919 1288 Dei,
3950 1234 4005 1276 et

2436 1329 2723 1400 prolicere,
2779 1347 2798 1378 ι
2846 1328 2900 1378 in
2954 1322 3271 1377 memoriam
3335 1326 3554 1372 revocat
3603 1314 3742 1382 quod
3805 1312 3900 1366 lib.
3942 1327 4004 1374 ιι,

2438 1437 2486 1475 c.
2528 1419 2619 1482 28,
2658 1437 2712 1472 ιι.
2748 1418 2806 1481 3,
2851 1415 3036 1469 scribit
3064 1455 3078 1480 ,
3115 1412 3351 1467 obscura
3399 1407 3644 1478 qua-dam
3690 1415 3907 1459 exstare
3952 1402 4005 1453 in

2439 1508 2758 1578 Scripturis,
2783 1521 2905 1575 qua:
2937 1505 3043 1558 Deo
3077 1500 3509 1557 commendanda
3543 1499 3671 1564 sint,
3711 1515 3729 1547 ι
3771 1510 3874 1548 non
3916 1509 4009 1546 so-

2443 1600 2552 1652 lum
2590 1599 2642 1651 in
2691 1597 2792 1650 hoc
2829 1595 3049 1657 saeculo,
3084 1593 3179 1647 sed
3224 1602 3278 1646 et
3319 1592 3371 1645 in
3414 1588 3634 1654 futuro;
3684 1595 3741 1639 ut
3787 1598 4007 1654 semper

2440 1691 2658 1761 quidem
2699 1689 2838 1742 Deus
2883 1688 3097 1748 doceat,
3138 1687 3301 1738 homo
3349 1691 3529 1735 autem
3572 1693 3786 1747 semper
3829 1679 4008 1731 discat

2444 1800 2564 1852 qua:
2592 1792 2720 1834 sunt
2743 1798 2770 1833 a
2804 1781 2933 1833 Deo.
2971 1776 3120 1831 Sicut
3141 1774 3507 1845 etApostolus
3530 1771 3666 1825 dixit
3690 1771 3753 1833 ¹¹,
3781 1767 4010 1836 reliquis

777 1897 942 1951 animi
966 1897 1283 1966 impiorum,
1310 1896 1396 1964 qui
1424 1896 1473 1948 in
1504 1894 1797 1961 diejudicii
1823 1893 2021 1948 cedent
2044 1895 2094 1946 in
2122 1906 2335 1961 poenam
2373 1873 2414 1929 η
2444 1876 2692 1946 νπιίυυε
2745 1873 3062 1935 (ίθειτυειίει
3112 1870 3183 1923 δίε

2444 1876 2692 1946 partibus
2745 1873 3062 1935 destructis,
3112 1870 3228 1923 haec
3282 1878 3409 1922 tunc
3454 1876 3842 1934 perseverare,
3887 1876 4010 1929 quas

779 1987 1190 2056 sempiternam.
1229 1986 1574 2054 Sempiterna
1602 1988 1798 2054 quippe
1822 2000 1940 2038 esse
1963 1986 2341 2038 damnatorum

778 2078 1040 2148 supplicia
1083 2088 1191 2130 tam
1240 2075 1386 2129 clare
1438 2091 1600 2145 quam
1648 2076 1967 2143 frequenter
2001 2073 2342 2143 pronuntiat.

785 2187 803 2220 ι
845 2169 1133 2236 Quoniam,
1166 2168 1241 2221 ait
1277 2168 1464 2222 eodem
1498 2167 1614 2230 li.b.,
1658 2182 1706 2219 c.
1742 2166 1831 2228 28,
1869 2184 1922 2219 ιι.
1948 2167 2000 2230 7,
2035 2175 2341 2235 transgres-

780 2259 1000 2312 soribus
1041 2258 1182 2326 ignis
1228 2265 1465 2310 aeternus
1496 2266 1834 2324 praeparatus
1868 2264 1968 2319 est,
2004 2262 2058 2308 et
2087 2253 2346 2308 Dominus

780 2347 1072 2402 manifeste
1093 2348 1253 2409 dixit,
1270 2356 1324 2401 et
1353 2346 1574 2414 reliquae
1597 2347 1973 2399 demonstrant
1995 2343 2338 2413 Scriptum.»

777 2440 852 2494 Et
890 2439 985 2493 lib.
1016 2453 1100 2502 ιιι,
1132 2453 1185 2491 c.
1215 2437 1286 2491 25
1325 2460 1336 2494 :
1375 2456 1393 2488 ι
1435 2437 1693 2491 Dominus
1724 2437 1774 2488 in
1812 2436 2097 2505 Evangelio
2126 2436 2228 2500 his,
2253 2435 2344 2504 qui

781 2548 814 2586 a
853 2532 1089 2586 sinistris
1129 2531 1510 2591 inveniuntur,
1564 2526 1640 2580 ait
1681 2541 1697 2580 :
1739 2527 1923 2592 Abite,
1961 2522 2254 2590 maledicti,
2292 2527 2346 2578 in

780 2624 950 2693 ignem
983 2633 1258 2685 internum,
1283 2637 1433 2690 quem
1457 2615 1949 2689 prteparavilI‘ater
1972 2636 2114 2673 meus
2138 2619 2345 2673 diabolo

783 2725 834 2767 et
865 2712 1062 2782 angelis
1100 2711 1214 2780 ejus
1241 2711 1314 2776 '°;
1341 2711 1659 2780 signillcans
1701 2710 1958 2778 quoniam
2003 2725 2107 2762 non
2143 2708 2346 2762 homini

787 2804 1170 2875 principaliter
1213 2811 1553 2873 praeparatus
1585 2809 1669 2856 est
1697 2810 1934 2855 :eternus
1959 2801 2117 2870 ignis,
2145 2800 2238 2854 sed
2273 2799 2345 2867 ei,

785 2900 882 2970 qui
915 2898 1154 2965 seduxit,
1175 2895 1520 2953 etoﬂ'endere
1546 2894 1674 2950 fecit
1692 2894 2080 2959 hominem,ei,
2107 2895 2348 2961 inquam,

786 2991 879 3062 qui
927 2991 1178 3062 princeps
1208 2988 1495 3058 apostasia:
1525 2996 1629 3053 est,
1655 2994 1709 3040 et
1745 2986 1828 3039 his
1857 2985 2059 3055 angelis
2091 2985 2183 3054 qui
2221 3000 2349 3052 apo-

790 3092 943 3138 stata:
970 3081 1099 3136 facti
1142 3091 1268 3135 sunt
1306 3095 1429 3135 cum
1464 3095 1564 3143 eo;
1601 3094 1758 3148 quem
1784 3079 2003 3148 quidem
2042 3078 2188 3148 juste
2230 3093 2342 3147 per-

789 3177 994 3245 cipient
1029 3176 1193 3228 etiam
1229 3173 1306 3236 hi,
1337 3173 1427 3242 qui
1459 3172 1710 3226 similiter
1734 3179 1791 3224 ut.
1829 3171 1902 3224 illi
1935 3171 2051 3224 sine
2085 3170 2352 3238 poeniten-

791 3267 888 3329 tia,
922 3276 970 3320 et
1012 3267 1130 3319 sine
1162 3278 1413 3332 regressu
1455 3264 1509 3315 in
1550 3262 1768 3316 malitia:
1793 3270 2138 3331 perseverant
2169 3261 2348 3331 aperi-

791 3358 914 3412 bus.
953 3375 968 3408 ι
1012 3357 1116 3410 Sed
1144 3355 1278 3410 nihil
1311 3356 1512 3409 clarius
1538 3356 1603 3409 iis
1626 3371 1743 3423 qua:
1763 3355 1927 3408 habet
1962 3355 2054 3408 lib.
2084 3369 2158 3418 tv,
2185 3370 2233 3408 c.
2259 3353 2348 3418 28,

791 3467 848 3506 ιι.
883 3450 939 3516 2,
969 3450 1059 3503 ubi
1100 3448 1338 3519 probans
1376 3449 1633 3516 majorem
1666 3447 1799 3501 Novi
1840 3447 2177 3501 Testamenti
2223 3463 2350 3515 gra-

795 3545 946 3608 tiam,
977 3543 1238 3611 majorem
1265 3542 1427 3596 etiam
1454 3557 1480 3594 a
1507 3541 1660 3595 nobis
1684 3540 2075 3610 perfectionem
2101 3544 2350 3611 exigere:

799 3653 818 3685 ι
859 3634 1047 3700 Poena,
1077 3636 1272 3704 inquit,
1295 3648 1479 3688 eorum
1506 3635 1596 3702 qui
1628 3649 1733 3687 non
1766 3636 1998 3688 credunt
2026 3636 2202 3689 Verbo
2237 3635 2351 3699 Dei,

792 3738 848 3783 et
888 3735 1245 3782 contemnunt
1305 3727 1448 3796 ejus-
1475 3730 1765 3780 adventum
1792 3766 1806 3792 ,
1856 3737 1910 3781 et
1968 3737 2354 3781 convertuntur

794 3831 1117 3886 retrorsum,
1152 3820 1476 3888 adampliata
1506 3832 1626 3884 est;
1671 3835 1773 3873 non
1811 3819 1984 3874 solum
2021 3820 2352 3888 temporalis,

793 3913 888 3968 sed
932 3923 989 3966 et
1033 3921 1233 3964 aeterna
1285 3910 1448 3964 facta.
1495 3909 1921 3978 Quibuscunque
1970 3911 2113 3962 enim
2158 3911 2354 3965 dixerit

795 4011 1054 4065 Dominus
1089 4025 1102 4061 :
1138 4007 1402 4059 Discedite
1436 4022 1468 4059 α
1490 4023 1594 4072 me,
1629 4006 1918 4070 maledicti,
1945 4007 1996 4058 in
2014 4006 2182 4072 ignem
2209 4020 2358 4059 teter-

795 4124 953 4172 num;
995 4107 1079 4160 isti
1115 4113 1275 4160 erunt
1302 4117 1517 4171 semper
1551 4103 1828 4168 damnati;
1863 4113 1916 4155 et
1945 4102 2357 4171 quibuscunqlte

795 4201 996 4255 dixerit
1029 4215 1043 4253 :
1095 4197 1292 4263 Venite,
1332 4197 1588 4248 benedicti
1619 4194 1799 4247 Patris
1829 4197 1947 4256 mei,
1978 4196 2224 4264 percipite
2251 4194 2356 4246 lue-

798 4294 1074 4345 reditatem
1108 4288 1276 4357 regni,
1313 4287 1451 4356 quod
1486 4295 1838 4353 praeparatum
1871 4294 1944 4338 est
1976 4285 2116 4338 vobis
2144 4285 2196 4338 in
2225 4302 2357 4338 sem-

796 4386 1056 4452 piternum
1073 4382 1138 4412 ¹⁰·
1159 4399 1173 4446 ;
1196 4379 1248 4433 hi
1273 4393 1486 4446 semper
1517 4378 1815 4448 percipient
1841 4392 2086 4447 regnum,
2105 4388 2157 4432 et
2194 4378 2358 4446 proli--

796 4480 963 4534 cient.
1009 4496 1026 4528 ι
1067 4475 1166 4530 llic
1199 4474 1574 4527 damnatorum
1617 4485 1830 4539 pcenam
1875 4471 2096 4541 opponit
2125 4470 2359 4525 lrenazus

2441 1979 2569 2026 sunt
2612 1970 2767 2037 fides,
2814 1982 2949 2034 spes,
2996 1975 3043 2018 et
3089 1961 3343 2015 Charitas.
3395 1979 3413 2010 ι
3459 1958 3632 2024 Quam
3675 1955 4009 2010 sententiam

2447 2062 2798 2132 reprehendit
2834 2057 3143 2120 Scultetus,
3177 2055 3265 2108 cui
3315 2049 3585 2105 consentit
3618 2057 3673 2102 et
3713 2045 4012 2110 Gallasios,

2442 2154 2597 2225 quasi
2639 2154 2762 2208 inde
2800 2159 3085 2220 sequatur,
3116 2166 3132 2198 ι
3187 2147 3239 2200 in
3273 2145 3381 2198 vita
3411 2153 3615 2197 aeterna
3657 2155 3755 2196 nos
3803 2137 4013 2209 aliquid

2443 2247 2783 2309 edocendos;
2816 2245 2872 2297 in
2915 2257 3018 2312 qua
3044 2240 3157 2295 sola
3181 2239 3388 2310 vigebit
3416 2235 3682 2299 charitas,
3722 2248 3828 2288 non
3857 2231 4012 2294 fides,

2445 2358 2551 2396 non
2597 2355 2742 2408 spes,
2787 2354 2894 2392 non
2939 2338 2992 2391 in
3030 2333 3278 2390 doctrina
3324 2330 3639 2402 quotidiana
3686 2325 3951 2381 accessio.
3992 2342 4009 2373 ι

2447 2437 2551 2491 Sed
2582 2435 2764 2503 iniqua
2796 2441 2879 2486 est
2906 2445 3161 2486 censura.
3190 2426 3343 2495 Quod
3382 2425 3526 2479 enim
3563 2424 3620 2477 S.
3659 2423 3847 2476 doctor
3884 2419 4017 2474 bea-

2448 2539 2627 2581 torum
2655 2526 2940 2580 scientiam
2971 2522 3125 2576 novis
3150 2519 3335 2589 augeri
3364 2533 3522 2588 posse
3551 2514 3681 2568 velit
3713 2514 4017 2568 incremen-

2447 2623 2539 2682 tis,
2582 2637 2611 2674 a
2647 2618 2916 2673 eotnntuni
2955 2616 3329 2684 theologorum
3382 2611 3660 2673 doctrina,
3707 2606 3792 2660 cui
3845 2605 4012 2656 etiam

2447 2712 2778 2779 sullragatur
2821 2708 2986 2769 ratio,
3033 2720 3139 2760 non
3177 2701 3420 2765 recedit;
3457 2699 3658 2769 quibus
3703 2704 3758 2749 ut
3793 2702 4016 2748 constat

2451 2813 2691 2867 sanctos,
2727 2810 2942 2856 :cteruae
2987 2796 3272 2852 felicitatis
3305 2804 3607 2863 compotes,
3642 2788 3878 2844 divinam
3928 2800 4016 2840 es»

2448 2900 2702 2958 sentiam,
2729 2903 2781 2948 et
2815 2908 2877 2948 ea
2909 2892 3116 2957 omnia,
3142 2904 3261 2959 quae
3285 2903 3412 2943 cum
3443 2902 3505 2941 ea
3540 2883 3848 2940 necessario
3883 2895 4017 2934 con-

2444 2991 2630 3058 juncta
2666 2997 2812 3054 sunt,
2850 2987 2993 3040 clare
3026 2981 3312 3043 contueri;
3339 2982 3417 3034 sic
3447 2977 3649 3048 pariter
3675 2982 3882 3028 certum
3911 2978 4016 3035 est,

2453 3098 2558 3136 non
2607 3081 2850 3149 perfecto
2914 3077 3096 3143 aliquo
3137 3074 3343 3128 notitia:
3400 3083 3599 3139 genere
3649 3067 3870 3127 videre,
3909 3077 4019 3130 quo

2453 3173 2715 3244 quidquid
2743 3173 2796 3224 in
2831 3171 2959 3234 Deo,
2986 3169 3211 3238 ejusque
3239 3166 3290 3217 vi
3326 3179 3387 3217 ac
3411 3161 3649 3231 potentia
3685 3157 4017 3219 continetur,

2454 3283 2592 3323 eave
2635 3267 2837 3327 omnia,
2880 3277 2999 3331 qua:
3041 3275 3108 3315 ex
3154 3259 3264 3314 sola
3308 3265 3364 3310 et
3409 3254 3574 3307 libera
3609 3249 3701 3304 Dei
3736 3247 4020 3307 voluntate

2453 3360 2713 3427 pendent,
2757 3355 2981 3409 omnino
3012 3351 3331 3421 percipiant.
3368 3346 3503 3402 Cum
3544 3343 3708 3413 igitur
3740 3354 3858 3393 cum
3893 3337 4022 3389 inii-

2457 3454 2569 3505 nita
2597 3447 3011 3518 onmipotentize
3041 3445 3182 3500 illius
3218 3438 3573 3510 amplitudine
3603 3432 4022 3501 intelligentiam

2456 3561 2518 3598 ac
2556 3544 2842 3598 scientiam
2889 3556 2996 3593 non
3037 3539 3324 3605 adaequent
3367 3546 3556 3593 suam;
3594 3528 3720 3597 quid
3767 3533 3918 3579 vetat
3954 3538 4020 3577 ex

2460 3637 2528 3689 iis
2558 3650 2679 3705 qua:
2715 3635 2854 3688 Deus
2891 3641 3049 3685 extra
3095 3643 3153 3682 se
3193 3627 3360 3679 libere
3400 3632 3492 3677 aut
3530 3621 3679 3682 facit,
3709 3629 3801 3670 aut
3840 3615 4023 3669 facere

2456 3737 2653 3798 potest,
2690 3742 2887 3780 novam
2925 3721 3152 3794 subinde
3210 3718 3491 3772 beatorum
3540 3710 3782 3767 scientia:
3830 3721 4022 3761 acces-

2455 3825 2687 3883 sionem,
2735 3833 2857 3871 cum
2890 3817 3033 3870 Deus
3087 3812 3302 3883 aperire
3340 3807 3598 3868 voluerit,
3652 3803 3768 3857 fieri
3817 3799 4023 3871 posse?

2458 3911 2553 3963 Sic
2587 3908 2798 3961 Daniel.
2827 3922 2856 3959 Χ
2897 3905 3063 3958 futuri
3101 3901 3346 3971 perinde,
3387 3914 3450 3952 ac
3487 3897 3683 3950 divina:
3719 3895 4021 3948 voluntatis

2460 4001 2653 4056 incerti
2710 4000 3050 4052 altercantur
3085 3994 3314 4047 invicem
3371 3989 3578 4058 angeli;
3618 3985 3812 4055 quibus
3850 3986 4020 4039 etiam

2458 4092 2684 4146 extremi
2719 4091 2909 4157 judicii
2962 4091 3100 4143 diem
3151 4087 3390 4151 ignotum
3436 4097 3554 4135 esse
3589 4080 3838 4134 Christus
3871 4077 4020 4130 alIir-

2460 4197 2602 4247 mat;
2637 4198 2794 4248 quem
2832 4180 3078 4248 proinde,
3115 4193 3238 4230 cum
3281 4174 3574 4244 aliquando
3606 4172 3713 4224 Deo
3744 4169 4022 4222 revelante

2459 4275 2733 4336 noverint,
2766 4272 2992 4325 scientia
3035 4285 3221 4324 eorum
3264 4284 3460 4322 novum
3493 4266 3668 4334 capiet
3707 4263 4020 4316 incremen-

2461 4381 2594 4423 tum.
2630 4365 2781 4433 Quod
2815 4376 2991 4418 autem
3025 4363 3171 4416 addit
3203 4363 3460 4425 lrenaeus,
3491 4361 3646 4414 fidem
3683 4367 3738 4411 et
3773 4371 3926 4426 spem
3963 4355 4018 4408 in

2459 4463 2628 4516 altera
2663 4461 2773 4512 vita
2805 4473 3111 4521 mansuras,
3151 4470 3256 4510 non
3299 4469 3513 4518 moror;
3547 4453 3722 4522 palam
3759 4467 3904 4506 enim
3935 4459 4022 4504 est.

799 4574 1087 4628 beatorum
1124 4566 1406 4631 felicitati;
1441 4577 1495 4620 et
1520 4563 1973 4635 quemadmodum
2009 4565 2122 4618 haec
2156 4563 2355 4630 sempi-
2387 4556 2430 4609 D
2459 4555 2681 4610 cordato
2711 4555 2923 4622 cuique,
2964 4552 3120 4605 fidem
3149 4561 3202 4604 et
3228 4565 3376 4617 spem
3411 4549 3498 4603 hic
3531 4547 3720 4616 accipi,
3753 4562 3858 4600 non
3886 4561 4023 4614 qua-

801 4675 954 4717 terna
985 4673 1089 4726 est,
1125 4662 1206 4716 sic
1239 4669 1293 4713 et
1328 4659 1555 4713 alteram
1589 4654 1973 4723 sempiternam
2001 4669 2119 4708 esse
2143 4655 2353 4708 statuit.

802 4757 901 4811 Ubi
950 4756 1041 4825 qui
1097 4755 1194 4806 has
1248 4767 1427 4814 voces,
1468 4762 1696 4803 attemus
1732 4748 1888 4816 ignis,
1935 4757 2128 4800 aeterna
2183 4762 2355 4814 poma,

801 4864 1003 4917 semper
1031 4846 1290 4909 damnati,
1322 4841 1613 4897 detorserit
1642 4840 1705 4894 ad
1750 4839 2063 4909 longissima
2096 4838 2357 4891 duntaxat

802 4939 1088 5010 supplicia,
1136 4937 1229 4992 sed
1287 4938 1665 4990 damnatorum
1717 4932 1937 4986 interitu
1993 4931 2205 4984 tandem
2259 4931 2356 4983 ali-

801 5030 1017 5100 quando
1047 5029 1323 5091 desitura;
1358 5026 1624 5088 advertat,
1656 5039 1757 5078 nec
1787 5023 2069 5085 Irenaeum,
2102 5032 2355 5076 caeteros-

801 5137 908 5191 que
939 5121 1146 5182 Patres,
1177 5120 1280 5172 imo
1316 5132 1416 5172 nec
1468 5117 1639 5184 ipsam
1677 5116 2015 5184 Scripturam
2056 5116 2176 5169 aliis
2213 5115 2357 5168 voci-

801 5215 902 5268 bus
930 5214 1212 5282 designare
1259 5209 1642 5278 sempiternam
1681 5207 1958 5261 beatorum
2000 5207 2350 5271 felicitatem;

801 5323 940 5378 quas
970 5306 1198 5376 proinde
1240 5303 1414 5372 impii,
1442 5309 1656 5370 arrepta
1695 5301 1819 5354 hinc
1857 5299 2164 5362 occasione,
2201 5301 2353 5352 sitni-

803 5405 926 5454 liter
969 5400 1293 5466 detorquere
1333 5406 1555 5464 possent
1593 5395 1659 5446 ad
1696 5395 1906 5460 longam
1947 5393 2205 5446 duntaxat
2239 5392 2354 5444 feli-

801 5493 1043 5554 citatem,
1082 5488 1371 5557 aliquando
1401 5497 1577 5539 tamen
1610 5484 1917 5538 finiendam.
1945 5482 2047 5536 Sed
2076 5484 2149 5535 uti
2175 5491 2352 5551 poste-

806 5583 998 5634 riorem
1051 5581 1189 5633 hanc
1237 5578 1557 5633 sententiam
1596 5576 1792 5637 nullus,
1833 5576 1876 5630 si
1919 5591 2083 5629 sanus
2115 5576 2205 5639 sit,
2242 5572 2352 5628 lre-

802 5688 918 5726 naco
960 5671 1294 5739 ascripserit;
1333 5671 1408 5723 sic
1441 5684 1538 5722 nec
1588 5667 1942 5738 posteriorem
1980 5680 2215 5733 unquam
2255 5666 2354 5718 tri-

877 5850 915 5878 "
952 5846 1136 5900 Matth.
1175 5864 1299 5906 ιμ’,
1338 5849 1426 5902 si.
1508 5847 1566 5876 ¹⁰¹
1595 5846 1749 5912 lbid.,
1778 5845 1863 5898 34.

1947 5849 1982 5874 ”
2018 5845 2032 5898 ι
2066 5848 2186 5899 (lor.
2222 5857 2335 5898 xm.
2372 5842 2428 5894 ΓΤ

2460 4656 2620 4700 tenus
2648 4645 2818 4698 altera
2848 4644 3261 4707 obscuritatem,
3295 4643 3462 4695 altera
3495 4639 3794 4695 absentiam
3822 4638 4021 4704 objecti

2461 4738 2626 4791 habet
2670 4737 3012 4804 adjunctam;
3069 4734 3162 4787 sed
3218 4742 3483 4800 quatenus
3539 4731 3800 4783 duntaxat
3843 4729 4020 4782 altera

2461 4831 2649 4883 ﬁrmus
2675 4837 2757 4883 est
2807 4829 2964 4881 rebus
2997 4825 3227 4895 cegnitis
3254 4839 3533 4887 assensus,
3567 4821 3738 4876 altera
3774 4831 3923 4875 certa
3966 4819 4019 4872 in

2460 4921 2628 4974 Deum
2660 4920 2878 4975 fiducia.
2917 4918 3022 4972 Sed
3057 4920 3167 4972 btec
3201 4917 3377 4971 obiter
3410 4917 3552 4970 dicta
3589 4916 3716 4980 sint,
3741 4915 3808 4968 ad
3838 4912 4024 4982 depelo

2461 5013 2646 5067 lendas
2677 5009 3064 5065 malevolorum
3100 5012 3376 5064 hominum
3407 5008 3836 5062 criminationes.

2535 5106 2736 5177 [CLVI]
2783 5105 2903 5159 108.
2948 5107 3026 5159 Ad
3065 5105 3326 5159 malorum
3371 5102 3680 5172 angelorum
3725 5113 3916 5168 pugnas
3963 5107 4021 5150 ut

2465 5201 2701 5265 redeam,
2739 5200 2903 5252 sentit
2936 5199 3166 5252 Irenzens
3197 5213 3290 5253 eos
3329 5198 3407 5250 sic
3438 5197 3505 5249 ad
3534 5205 3795 5249 aeternum
3840 5194 4020 5262 ignem

2463 5293 2748 5345 damnatos
2781 5293 2927 5360 justa
2971 5292 3063 5345 Dei
3109 5292 3377 5346 sententia
3411 5289 3599 5350 fuisse,
3643 5297 3699 5338 ut
3737 5301 3802 5339 eo
3837 5295 4020 5338 tamen

2463 5394 2588 5440 ante
2619 5395 2923 5439 extremum
2952 5386 3140 5454 judicii
3176 5385 3320 5438 diem
3361 5381 3709 5437 excruciandi
3745 5395 3851 5434 non
3888 5380 4019 5434 sint.

2464 5477 2760 5546 Eapropter
2797 5477 2892 5530 lib.
2927 5492 2964 5536 l.
3008 5492 3127 5545 cap.
3155 5476 3245 5539 lO,
3275 5493 3328 5528 ιι.
3366 5475 3418 5540 5,
3454 5475 3619 5527 Deum
3649 5473 4020 5537 commendat,

2463 5571 2604 5636 quod
2642 5571 3014 5639 magnanimus
3045 5569 3323 5623 exstiterit
3350 5570 3400 5622 in
3434 5577 3894 5633 transgressorum
3929 5579 4025 5616 an-

2463 5664 2702 5733 gelorum
2741 5666 3034 5733 apostasia.
3073 5662 3223 5727 Quod
3250 5673 3427 5716 tamen
3455 5662 3530 5714 sic
3553 5659 3791 5730 explicat
3819 5656 4020 5712 Feuarv
