4188 6336
131 361 218 416 665
1018 358 1470 418 DlSSEHTATlO
1512 357 1597 428 ιιι,
1632 359 1721 416 DE
1757 359 1785 416 ll

1018 358 1470 418 DlSSEHTATlO
1512 357 1597 428 ιιι,
1632 359 1721 416 DE
1757 358 2011 421 lRENEl
2050 364 2414 426 DOCTRINA.

3237 375 3346 434 866

129 483 357 547 dentius,
404 481 566 551 quasi
613 496 677 537 ex
717 480 774 540 S.
814 481 1076 536 antistitis
1110 495 1292 536 mente
1326 482 1483 536 malis
1519 496 1685 551 ange-
1711 486 1758 542 Α
1789 481 2004 550 quidem
2028 485 2347 540 essentiales
2367 497 2655 550 vocantur,
2680 487 2910 559 theol0gi
2939 489 3053 545 fere
3073 493 3344 559 sentiunt;

131 577 183 631 lis
209 585 330 645 post
358 587 641 643 peccatum
665 590 921 633 concessa
949 575 1114 630 fuerit
1139 576 1204 628 ad
1231 577 1679 644 resipiscendum,

128 669 163 721 si
193 668 518 731 voluissent,
549 668 826 736 aliquanta
870 667 1131 734 temporis
1167 683 1314 719 mora
1378 667 1528 721 lianc
1562 670 1684 738 qui-

129 764 235 811 dem
295 761 626 813 sententiam
689 772 933 813 veterum
998 761 1206 830 aliquot
1262 761 1430 816 fuisse
1491 763 1682 816 scribit

128 849 396 904 Nemesius
429 851 784 919 philosophus
818 851 1185 918 Christianus,
1222 853 1318 907 lib.
1352 852 1466 908 ID:
1506 854 1681 906 homi-

127 942 196 993 nis
222 942 423 1010 opiﬁc.,
451 957 573 1011 cap.
605 943 656 995 l.
693 942 747 996 ln
783 943 1034 997 eamdem
1077 943 1230 997 abire
1275 944 1527 998 videntur
1571 943 1677 996 Da-

127 1048 400 1087 mascenus
427 1034 520 1087 lib.
560 1050 620 1098 ll,
651 1050 700 1089 c.
728 1033 783 1099 4,
812 1044 866 1089 et
895 1034 1169 1103 Rupertus
1203 1035 1499 1090 Tuitiensis
1537 1036 1630 1090 lib.
1661 1053 1678 1091 ι

125 1125 191 1178 De
209 1127 424 1179 victoria
465 1125 621 1179 Verbi
653 1125 772 1187 Dei,
802 1142 923 1194 cap.
948 1127 1036 1191 2|,
1071 1139 1127 1182 et
1150 1128 1240 1182 lib.
1267 1144 1326 1183 ιιι
1354 1128 1430 1182 De
1447 1129 1672 1200 glori/ie.

126 1215 302 1271 Triuit.
333 1233 457 1287 cap.
486 1219 519 1273 9
550 1227 599 1272 et
636 1217 721 1271 l0.
764 1217 877 1272 Nec
912 1218 1013 1273 alia
1041 1219 1289 1275 Cassiani
1319 1220 1418 1274 fuit
1466 1222 1675 1290 Opinio,

124 1309 425 1377 qniCollat.
454 1310 508 1375 8,
542 1326 594 1365 c.
637 1310 725 1376 10,
770 1311 965 1380 duplex
1011 1313 1064 1367 in
1102 1315 1438 1369 daemonibus
1486 1333 1680 1385 pecca-

127 1415 223 1456 tum
249 1404 531 1458 exstitisse
555 1404 685 1466 vult,
720 1406 1032 1473 superbiam
1059 1407 1271 1460 scilicet
1305 1418 1358 1461 et
1389 1407 1672 1474 invidiam,

123 1511 177 1550 ac
207 1498 422 1551 nonnisi
459 1511 580 1568 post
623 1507 920 1554 secundum
973 1513 1093 1554 esse
1138 1501 1395 1569 dejectos.
1431 1502 1533 1554 Sed
1568 1511 1673 1554 tam

126 1592 519 1660 iinprobahilem
577 1608 817 1661 sensum,
863 1609 1023 1664 quem
1074 1598 1254 1649 caateri
1301 1595 1490 1650 Patres
1547 1594 1669 1662 reji-

124 1683 280 1748 riunt,
309 1699 414 1740 nec
439 1685 680 1739 admittit
706 1687 868 1747 ratio,
906 1684 1052 1740 solus
1082 1687 1133 1738 iu
1168 1686 1350 1741 lrenaei
1384 1703 1505 1742 mox
1540 1687 1674 1742 alle-

123 1775 248 1840 gatis
297 1776 485 1830 verbis
549 1777 935 1832 animadvertit
987 1777 1381 1832 Feuardeutius
1428 1797 1443 1833 :
1496 1780 1674 1834 nullus

122 1865 282 1928 alius,
324 1865 430 1918 nisi
477 1867 584 1918 vim
629 1867 819 1921 iisdem
863 1866 1099 1934 inferat,
1144 1868 1455 1937 perspiciet.
1491 1869 1675 1938 Longe

121 1953 331 2019 certius,
361 1953 621 2009 Irenaeum
661 1957 1022 2021 existimasse,
1065 1957 1117 2012 in
1169 1959 1271 2013 hoc
1308 1958 1546 2014 eluxisse
1580 1961 1670 2014 Dei

123 2045 456 2112 patientiam,
493 2046 638 2118 quod
669 2048 948 2104 daemonas
975 2058 1102 2104 ante
1141 2051 1495 2106 novissimum
1522 2052 1670 2122 judi-

120 2139 185 2194 cii
217 2139 356 2194 diem
389 2141 608 2195 vindice
651 2140 741 2194 illo
789 2142 916 2211 igne
955 2144 1190 2197 cremari
1231 2143 1483 2198 noluerit.
1530 2143 1670 2210 Quin

121 2232 252 2286 enim
292 2233 409 2288 haec
442 2232 516 2288 sit
547 2234 786 2289 auctoris
823 2236 994 2290 nostri
1025 2237 1315 2302 sententia,
1348 2237 1533 2306 negari
1564 2252 1670 2290 non

120 2333 284 2394 potest
313 2339 328 2375 :
353 2340 472 2381 eam
509 2326 776 2394 siquidem
817 2327 1097 2396 conceptis
1140 2327 1325 2382 verbis
1363 2328 1414 2382 in
1457 2327 1672 2383 Justino

119 2417 300 2483 probat
335 2415 433 2471 lib.
470 2433 524 2482 v,
554 2436 603 2472 c.
632 2417 724 2482 26,
765 2434 821 2472 n.
857 2417 914 2485 2,
945 2419 1053 2472 imo
1089 2435 1212 2473 cum
1249 2421 1437 2475 eodem
1471 2422 1673 2475 asserit

120 2509 389 2574 Satanam,
441 2519 570 2565 ante
613 2511 814 2567 Christi
851 2512 1178 2576 adventum,
1220 2514 1288 2568 de
1335 2515 1668 2584 sempiterna

118 2602 457 2658 damnatione
481 2617 578 2657 sua
608 2620 714 2658 non
742 2603 877 2659 adeo
901 2615 1106 2660 certum
1133 2607 1319 2670 fuisse,
1339 2608 1466 2676 quin
1495 2607 1672 2664 adhuc

117 2707 230 2761 spes
261 2693 443 2764 aliqua
474 2696 782 2750 obtinenda
816 2713 912 2766 per
949 2696 1100 2750 illum
1139 2697 1334 2753 salutis
1367 2698 1667 2767 aﬁulgeret,

117 2795 270 2852 atque
297 2787 502 2841 idcirco
538 2787 778 2842 nondum
815 2788 1141 2842 immanitati
1170 2804 1300 2855 sum,
1333 2800 1388 2844 et
1419 2791 1473 2845 in
1501 2792 1665 2846 Deum

118 2880 394 2946 protervize
442 2880 595 2934 frena
639 2880 878 2934 laxasse.
915 2898 934 2931 ι
966 2878 1134 2946 Bene,
1179 2883 1374 2952 inquit,
1423 2884 1670 2940 Justinus

117 2971 275 3035 dixit,
319 2972 575 3042 quoniam
627 2982 753 3026 ante
797 2972 1012 3026 Domini
1056 2974 1346 3029 adventum
1389 2991 1668 3046 nunquam

117 3079 268 3120 ausus
297 3075 380 3119 est
415 3065 648 3120 Satanas
677 3066 1055 3135 hlasphemare
1083 3066 1272 3131 Deum,
1308 3071 1504 3139 quippe
1527 3088 1666 3126 non-

1786 591 1890 627 non
1913 585 1996 628 est
2028 586 2208 630 tamen
2242 579 2464 640 erroris,
2501 579 2697 632 nedum
2729 580 2950 635 haeresis
2982 584 3344 649 accusandus,

1785 668 1876 735 qui
1916 679 2124 722 asserat
2157 668 2452 733 diabolum,
2491 678 2544 724 et
2568 670 2684 738 ejus
2712 672 2957 741 angelos,
2992 676 3230 730 nondum
3257 692 3349 731 ex-

1785 769 1959 813 tremo
1982 775 2046 815 ac
2075 777 2291 815 summo
2320 761 2588 830 supplicio
2621 763 2882 830 cruciari,
2907 764 3020 820 sive
3063 765 3204 836 ignis
3229 767 3347 822 elli-

1783 852 2038 904 cientiam
2100 853 2371 920 experiri,
2426 853 2478 906 in
2536 868 2640 922 qua
2683 853 3047 912 damnationis
3098 859 3344 924 illorum,

1781 941 1926 1010 quod
1956 944 2022 995 ad
2066 956 2306 1006 sensum,
2342 952 2397 996 et
2431 944 2838 1014 perpessionem
2882 948 3098 1014 attinet,
3128 965 3344 1005 summa

1783 1035 2087 1088 consistit.»
2121 1034 2258 1088 Hine
2282 1035 2342 1090 S.
2360 1034 2597 1091 Thomas
2629 1053 2643 1091 ι
2671 1055 2747 1107 p.,
2777 1054 2832 1108 q.
2857 1039 2947 1103 64,
2981 1050 3087 1095 art.
3115 1041 3169 1106 4,
3197 1044 3263 1097 ad
3282 1043 3340 1110 ι,

1783 1141 1903 1179 eum
1951 1142 2069 1180 eam
2110 1139 2594 1184 commemorasset
2639 1131 2972 1199 opinionem,
3019 1148 3125 1188 non
3148 1134 3346 1204 probat

1781 1218 2033 1284 quidem;
2098 1221 2190 1273 sed
2247 1220 2295 1274 ei
2345 1219 2542 1274 nullam
2599 1221 2827 1292 imponit
2875 1225 3082 1280 erroris
3131 1236 3338 1283 notam.

1779 1307 1984 1364 Probat
2039 1324 2173 1364 vero
2209 1309 2533 1377 Cajetanus,
2569 1322 2624 1366 et
2676 1313 3050 1382 amplectitur,
3095 1317 3150 1371 in
3182 1318 3344 1375 Com-

1786 1399 2068 1454 mentariis
2111 1401 2176 1453 ad
2227 1416 2348 1470 cap.
2391 1416 2428 1454 ll
2476 1403 2725 1457 secundae
2763 1405 3018 1473 Epistolas
3062 1405 3119 1462 S.
3163 1407 3340 1465 Petri.

1783 1508 1801 1539 «
1857 1487 2026 1556 Quam
2079 1489 2319 1558 Cajetani
2379 1492 2744 1559 sententiam,
2791 1510 2811 1544 ι
2861 1494 3014 1548 addit
3064 1493 3342 1563 Petavius,

1782 1600 1802 1632 ι
1843 1581 2136 1637 Catholicae
2174 1583 2294 1637 fidei
2321 1585 2648 1638 contrariam
2689 1599 2793 1639 non
2823 1599 2966 1649 esse,
2989 1595 3200 1642 certum
3233 1598 3340 1644 est.

1779 1669 1911 1726 Nam
1943 1687 2119 1743 neque
2149 1673 2458 1743 Scriptura,
2489 1687 2664 1743 neque
2686 1672 2974 1728 concilium
3003 1675 3174 1730 ullum
3205 1675 3341 1731 hac-

1779 1773 1936 1819 tenus
1967 1765 2172 1830 docuit,
2196 1766 2472 1822 daemones
2510 1777 2757 1822 extrema
2789 1768 2878 1822 illa
2919 1770 3184 1840 supplicia
3215 1785 3341 1842 per-

1776 1857 1906 1928 peti,
1933 1873 2054 1928 qua:
2091 1869 2278 1928 parata
2306 1859 2374 1914 iis
2404 1857 2704 1927 essejudex
2745 1861 2859 1929 ipse
2887 1863 3036 1917 dicit.
3083 1881 3103 1917 ι
3135 1862 3344 1920 Viderit

1775 1966 1904 2020 ergo
1932 1950 2002 2005 cl.
2035 1950 2291 2016 Grabius,
2321 1969 2390 2007 an
2422 1953 2507 2009 vel
2528 1953 2822 2017 eruditum,
2852 1953 2937 2009 vel
2980 1956 3178 2012 sinceri
3209 1972 3341 2012 can-

1774 2045 1919 2100 doris
1943 2045 2217 2100 hominem
2245 2046 2486 2114 deceret,
2509 2048 2562 2102 in
2582 2047 2693 2102 suis
2717 2048 2786 2102 ad
2829 2047 2926 2103 lib.
2956 2068 2970 2104 ι
2998 2049 3186 2106 lreutei
3215 2066 3337 2121 cap.

1776 2138 1866 2200 l0,
1897 2136 1969 2190 al.
1996 2136 2054 2202 4,
2089 2137 2568 2206 Adnotationibus,
2597 2138 2893 2196 Romanam
2924 2141 3227 2198 Ecclesiam
3254 2159 3341 2201 re-

1773 2229 2134 2295 prehendere,
2167 2229 2333 2299 quod,
2378 2229 2576 2300 inquit,
2608 2249 2627 2284 ι
2665 2240 2725 2286 ιιι
2769 2231 2823 2286 in
2871 2232 3013 2298 aliis,
3059 2235 3133 2290 ita
3177 2243 3236 2292 et
3282 2235 3342 2293 in

1774 2319 1904 2386 hoc,
1935 2338 1963 2374 a
1992 2319 2093 2375 SS.
2137 2321 2388 2388 Patrum,
2435 2323 2786 2392 ipsorumque
2832 2327 2916 2381 sui
2961 2325 3339 2394 fundatorum.

1775 2411 1922 2467 Petri
1974 2423 2032 2468 et
2089 2413 2238 2468 Pauli
2297 2416 2574 2470 sententia
2624 2417 2962 2474 discesserit.
3009 2438 3029 2473 ι
3078 2419 3345 2479 Crederet

1771 2505 1952 2573 quivis
1980 2507 2095 2560 haec
2126 2505 2328 2574 legens,
2369 2522 2493 2562 mox
2542 2507 2803 2579 exposita:
2841 2520 3085 2567 veterum
3115 2521 3340 2570 senten-

1774 2595 1884 2661 tiae,
1932 2606 2119 2664 aperte
2166 2594 2495 2666 suﬂ'ragatos
2546 2612 2668 2652 esse
2703 2593 2927 2655 Petrum
2978 2609 3035 2654 et
3083 2599 3337 2667 Paulum,

1771 2701 2000 2756 eamque
2017 2704 2047 2741 a
2074 2687 2316 2743 Romana
2345 2689 2585 2745 Ecclesia
2606 2700 2792 2759 aperte
2814 2692 3124 2748 damnatam
3146 2693 3336 2762 fuisse,

1772 2781 1856 2835 vel
1879 2781 2208 2836 solemnibus
2231 2783 2584 2838 conciliorum
2612 2783 2729 2853 ejus
2755 2784 2984 2840 decretis
3012 2788 3336 2857 comproba-

1773 2885 1880 2928 tam
1933 2874 2252 2928 hodiernam
2292 2875 2678 2944 plerarumque
2707 2876 3082 2948 theologorum
3113 2889 3336 2936 senten-

1773 2965 1901 3019 tiam
1939 2984 1953 3018 :
1983 2966 2124 3034 quod
2157 2981 2319 3035 quam
2349 2967 2644 3021 abhorreat
2673 2984 2702 3021 a
2738 2983 2885 3034 vero,
2918 2969 3205 3026 evidenter
3235 2970 3335 3028 de-

1769 3067 2077 3113 monstrant
2114 3073 2235 3128 quae
2277 3059 2438 3113 modo
2483 3058 2750 3127 diximus;
2788 3060 2927 3115 vidit
2962 3071 3016 3117 et
3049 3063 3161 3132 ipse
3192 3063 3334 3120 Gra-

115 3160 230 3210 dum
261 3157 439 3211 sciens
470 3158 875 3213 damnationem
904 3174 1087 3226 suam;
1115 3163 1369 3229 quoniam
1395 3171 1448 3217 et
1485 3163 1536 3217 in
1567 3180 1661 3232 pa-
1689 3161 1736 3221 C
1769 3153 1913 3217 bills:
1947 3154 2039 3222 qui
2069 3168 2260 3222 Parum
2307 3152 2411 3206 Sibi
2460 3162 2740 3220 (έοηδιθηεν
2775 3151 2840 3206 ad
2874 3169 2997 3224 capo
3026 3155 3120 3218 εδ,
3144 3156 3240 3212 “b-
3274 3172 3331 3222 νο

117 3246 329 3312 rabolis,
360 3257 416 3302 et
442 3249 741 3319 allegoriis,
776 3264 806 3304 a
846 3251 1124 3320 prophetis
1151 3253 1216 3306 de
1249 3268 1314 3307 eo
1344 3253 1424 3308 sic
1459 3255 1660 3308 dictum

113 3347 204 3395 est.
237 3340 365 3394 Post
403 3350 585 3396 autem
635 3343 922 3396 adventum
954 3344 1190 3408 Domini,
1225 3361 1289 3399 ex
1323 3347 1665 3402 sermonibus

113 3429 301 3484 Christi
326 3441 378 3485 et
410 3432 782 3501 apostolorum
809 3435 926 3502 ejus
963 3435 1177 3491 discens
1205 3438 1489 3493 manifeste
1537 3455 1668 3509 quo-

114 3520 244 3575 riam
293 3524 432 3593 ignis
474 3535 712 3579 aeternus
747 3527 793 3581 ei
827 3541 1166 3596 praeparatus
1199 3538 1303 3594 est,
1336 3544 1401 3584 ex
1430 3545 1525 3585 sua
1568 3547 1664 3584 νου

114 3615 307 3670 luntate
335 3615 706 3672 abscedentia
741 3618 872 3684 Deo,
906 3629 960 3674 et
1001 3621 1250 3674 omnibus
1277 3625 1370 3692 qui
1404 3623 1520 3677 sine
1543 3636 1662 3691 pae-

113 3709 335 3763 nitentia
368 3721 723 3780 perseverant
765 3712 818 3766 in
865 3713 1173 3783 apostasia;
1224 3730 1320 3784 per
1356 3717 1662 3785 hujusmodi

112 3798 350 3857 homines
401 3802 742 3873 (Gnosticos)
782 3803 1117 3874 blasphemat
1155 3822 1279 3862 eum
1330 3809 1521 3874 Deum,
1569 3811 1661 3880 qui

107 3891 357 3957 judicium
421 3897 702 3965 importat,
762 3898 920 3967 quasi
966 3897 1079 3965 jam
1137 3902 1551 3966 condemnatus,
1609 3912 1664 3957 et

110 3999 378 4053 peccatum
411 4003 521 4043 suae
556 3991 843 4059 apostasite
869 3993 1133 4047 conditori
1181 4010 1279 4048 suo
1318 3997 1568 4064 imputat,
1607 4006 1663 4052 et

110 4094 205 4133 non
248 4095 358 4135 sum
388 4080 655 4135 voluntati
697 4089 749 4134 et
787 4083 1094 4146 sentenlize,
1134 4102 1152 4133 ι
1187 4093 1293 4138 etc.
1325 4084 1501 4139 Citata
1541 4088 1664 4155 qui-

111 4173 220 4226 dem
245 4175 316 4229 ab
351 4175 558 4228 lrenteo
588 4173 786 4228 Justiui
818 4175 1008 4238 verba,
1037 4177 1088 4228 in
1127 4176 1191 4230 iis
1221 4192 1340 4245 qua:
1373 4191 1661 4247 supersunt

109 4263 255 4330 hujus
303 4264 581 4334 operibus,
639 4281 742 4319 non
789 4276 1047 4319 exstant:
1089 4277 1142 4318 at
1192 4268 1463 4323 tlzemonas
1521 4270 1660 4339 ignis

108 4372 282 4424 paznas
306 4359 545 4413 nondum
574 4360 810 4428 experiri
847 4361 1008 4413 tradit
1034 4362 1084 4413 in
1122 4370 1350 4430 utraque
1376 4363 1656 4432 Apologia.

109 4438 212 4506 Nec=
244 4468 308 4505 ea
347 4455 620 4508 sententia
665 4451 851 4508 lrenaai
890 4455 1154 4508 duntaxat
1191 4465 1240 4508 et
1286 4454 1484 4509 .lustini
1534 4473 1658 4525 pro-

109 4547 210 4610 pria
239 4545 362 4611 fuit,
396 4547 491 4599 sed
527 4548 665 4600 inter
694 4545 794 4601 SS.
829 4541 1044 4610 Patres,
1081 4563 1312 4616 quorum
1351 4550 1655 4603 testimonia

111 4637 262 4693 refert
292 4638 554 4693 Petavius
604 4638 699 4694 lib.
730 4655 788 4692 ιιι
829 4638 900 4691 De
943 4641 1143 4707 angelis
1192 4657 1312 4707 cap.
1338 4641 1391 4705 4,
1429 4643 1662 4696 maxime

109 4731 405 4784 communis
429 4728 664 4783 exstitit.
691 4727 959 4782 Nimirum
995 4729 1080 4782 his
1123 4731 1328 4797 verbis,
1365 4745 1394 4782 a
1443 4731 1661 4786 Christo

107 4823 272 4889 judice
305 4823 355 4876 in
390 4821 694 4876 novissimo
722 4823 806 4876 die
840 4821 1202 4890 proferendis,
1241 4823 1408 4876 innixi
1437 4837 1450 4876 :
1479 4823 1660 4878 Disce-

109 4917 201 4968 dite
233 4931 264 4968 a
289 4931 392 4979 me,
425 4914 710 4974 maledicti,
737 4915 790 4966 in
819 4915 987 4983 ignem
1016 4925 1290 4978 (uernum,
1322 4917 1410 4982 qui
1439 4927 1655 4982 parum:

109 5015 174 5056 est
199 5006 410 5059 diabolo
444 5016 492 5058 et
525 5006 720 5075 angelis
769 5008 880 5074 ejus
911 5008 994 5072 ";
1035 5007 1276 5062 sentiunt
1303 5018 1503 5060 aeterna
1542 5009 1662 5076 qui-

110 5096 214 5149 dem
243 5099 355 5167 jam
391 5109 577 5168 parata
626 5113 744 5152 esse
789 5099 1124 5153 daemonibus
1165 5101 1434 5164 incendia,
1481 5100 1546 5153 iis
1581 5113 1661 5154 ta-

110 5203 218 5242 men
252 5191 372 5245 illos
416 5190 653 5244 nondum
679 5191 1004 5254 excruciari,
1035 5192 1128 5245 sed
1162 5193 1212 5245 in
1251 5193 1660 5259 exspectatione

110 5283 275 5336 adhuc
303 5297 448 5348 esse,
483 5285 608 5336 dum
637 5280 824 5351 judicii
854 5284 968 5338 dies
995 5284 1268 5338 adveniat.

170 5374 287 5429 l09.
324 5373 452 5428 llaec
475 5384 653 5429 autem
690 5393 708 5426 ‹
744 5385 990 5429 veterum
1021 5376 1259 5442 Opinio,»
1291 5378 1367 5430 ait
1397 5378 1649 5430 doctissi-

109 5484 212 5524 mus
240 5469 498 5525 Petavius
525 5471 710 5526 eodem
744 5469 881 5525 libro
902 5479 958 5525 et
986 5470 1178 5538 capite,
1211 5473 1236 5542 §
1276 5473 1357 5534 19,
1385 5471 1454 5525 20
1479 5482 1533 5526 et
1555 5473 1646 5536 2|,

114 5577 128 5608 ι
161 5562 256 5614 etsi
296 5562 402 5616 hoc
429 5569 673 5630 tempore
711 5572 928 5631 recepta
985 5579 1088 5618 non
1125 5573 1243 5627 est;
1277 5565 1400 5632 quia
1449 5565 1650 5617 daemo-

109 5667 190 5706 ncs
212 5654 579 5707 damnationis
606 5668 717 5709 sua:
738 5669 929 5724 pmnas
960 5670 1145 5711 omnes
1175 5656 1503 5724 expendere,
1530 5670 1650 5725 quae

191 5813 235 5848 “
257 5814 451 5872 Hatth.
493 5831 620 5881 xxv,
651 5815 736 5869 41.

1691 4499 1738 4557 D

1767 3246 2168 3300 adnotationem
2209 3246 2556 3300 Feuardentii
2587 3247 2904 3314 asserentis,
2946 3263 3068 3303 eam
3090 3258 3333 3307 veterum

1767 3343 2094 3396 sententiam
2123 3359 2150 3394 a
2184 3342 2334 3396 nullo
2380 3342 2619 3398 concilio
2663 3344 2930 3401 hactenus
2970 3349 3335 3417 proscriptam

1772 3435 1965 3498 fuisse,
1997 3433 2166 3488 refert
2193 3443 2248 3488 et
2269 3435 2486 3488 silentio
2512 3449 2609 3489 suo
2636 3437 2852 3503 probat.

1838 3527 1961 3580 ll0.
1996 3526 2249 3595 Ejusdem
2283 3525 2451 3594 iniqui
2489 3527 2652 3580 animi
2683 3527 2828 3582 aliud
2866 3528 2918 3582 in
2946 3543 3010 3584 eo
3033 3529 3334 3600 ipso,un

1766 3635 1912 3675 nunc
1962 3628 2382 3688 pertractamus,
2421 3630 2742 3688 argumento
2783 3621 2848 3675 de
2892 3622 3120 3691 angelis,
3150 3622 3332 3693 speci-

1765 3727 1889 3767 men
1939 3711 2054 3765 edit
2096 3709 2356 3764 Grabius.
2394 3708 2598 3765 Scribit
2644 3709 2882 3768 lrenaeus
2916 3714 3012 3768 lib.
3047 3730 3110 3777 ιι.
3149 3729 3200 3769 c.
3238 3715 3330 3781 32,

1766 3821 1824 3858 η.
1857 3805 1913 3864 5,
1945 3802 2249 3857 Ecclesium
2288 3821 2306 3854 ‹
2347 3817 2447 3857 nec
2482 3803 2920 3859 invocationihus
2959 3805 3218 3875 angelicis
3249 3807 3342 3861 fa-

1765 3911 1891 3952 cere
1914 3896 2141 3964 aliquid,
2173 3910 2272 3949 nec
2302 3894 2786 3975 incantationibus,
2816 3910 2916 3951 nec
2939 3897 3143 3966 reliqua
3166 3912 3332 3966 prava

1765 3990 2124 4055 curiositate;
2153 3989 2245 4042 sed
2277 3989 2492 4053 munde,
2529 3996 2583 4041 et
2611 4001 2767 4055 pure,
2807 3997 2863 4062 et
2891 3989 3178 4044 manifeste
3204 4005 3332 4045 ora-

1768 4083 1943 4137 tiones
1967 4082 2289 4149 dirigentem
2322 4081 2388 4134 ad
2419 4079 2729 4143 Dominum,
2768 4081 2858 4147 qui
2885 4080 3065 4134 omnia
3093 4081 3244 4149 fecit,
3276 4092 3332 4136 et

1764 4188 1962 4228 nomen
1997 4173 2207 4226 Domini
2235 4171 2408 4225 nostri
2439 4169 2569 4226 Jesu
2594 4171 2794 4224 Christi
2824 4170 3190 4238 invocantem,
3220 4175 3331 4228 vir-

1766 4276 1905 4320 tutes
1933 4265 1998 4318 ad
2033 4264 2299 4318 utilitates
2333 4263 2636 4328 hominum,
2664 4263 2757 4316 sed
2804 4277 2910 4316 non
2941 4261 3011 4316 ad
3051 4264 3329 4319 seductio-

1764 4371 1886 4410 nem
1909 4355 2196 4424 perlicere.
2228 4373 2246 4405 ›
2278 4353 2535 4422 Quisquis
2559 4361 2728 4406 totum
2758 4353 2858 4406 hoc
2888 4362 3075 4421 caput,
3102 4369 3165 4408 ac
3185 4370 3328 4424 pra:-

1763 4451 1961 4503 cedens
1993 4458 2198 4501 attente
2229 4445 2442 4515 legerit,
2475 4445 2718 4498 advertet
2750 4443 2839 4496 hic
2867 4443 3128 4499 Ecclesiae
3156 4449 3326 4501 mira-

1763 4542 1882 4597 cula
1913 4542 2293 4596 haereticorum
2327 4538 2620 4608 prmstigiis
2659 4535 2859 4604 opponi
2887 4552 2901 4588 :
2928 4536 3143 4606 aliaque
3173 4539 3326 4608 puris

1761 4646 1816 4690 et
1839 4633 2052 4688 mundis
2069 4631 2428 4691 orationibus,
2455 4637 2508 4681 et
2531 4626 2856 4682 invocationi
2883 4628 3085 4682 nomini
3111 4627 3326 4684 Domini

1761 4727 1928 4782 nostri
1959 4724 2087 4778 Jesu
2125 4723 2322 4778 Christi
2355 4721 2554 4783 tribui;
2593 4720 2695 4773 alia
2735 4734 2865 4774 vero
2906 4720 3210 4776 dzemonum
3243 4724 3326 4776 in-

1760 4820 2172 4882 vocationibus,
2221 4813 2687 4869 incantationibus
2725 4821 2778 4866 et
2822 4813 3047 4882 magicis
3090 4813 3323 4868 artibus.

1759 4915 1872 4971 lloc
1911 4913 2085 4981 ipsum
2121 4919 2203 4963 est
2245 4909 2389 4975 quod
2426 4922 2546 4974 cap.
2579 4905 2905 4976 prmcedenti
2943 4904 3118 4959 fusius
3153 4920 3325 4974 expo-

1760 5014 1966 5066 suerat,
1998 5019 2027 5056 a
2062 4999 2391 5054 Simonianis
2424 5007 2477 5052 et
2512 4996 2984 5065 Carpocratianis,
3013 5014 3032 5047 ι
3071 5005 3126 5051 et
3151 4998 3195 5051 si
3228 4997 3321 5066 qui

1760 5099 1850 5151 alii
1883 5097 2116 5149 virtutes
2155 5091 2368 5157 Operari
2423 5091 2697 5152 dicuntur,
2735 5103 2840 5142 non
2880 5087 2934 5142 in
2967 5087 3170 5144 virtute
3201 5087 3319 5152 Dei,

1758 5204 1933 5258 neque
1974 5188 2025 5239 in
2059 5187 2323 5248 veritate,
2365 5184 2459 5238 sed
2509 5181 2561 5234 in
2601 5180 2901 5248 perniciem
2947 5188 2996 5234 et
3049 5194 3315 5243 errorem,

1756 5297 1854 5351 per
1883 5281 2122 5350 magicas
2156 5277 2448 5337 elusiones,
2473 5282 2528 5327 et
2557 5273 2809 5325 universa
2831 5269 3021 5324 fraude
3058 5270 3196 5340 apud
3225 5287 3318 5326 eus

1758 5387 2020 5433 errorem,
2049 5379 2102 5421 et
2139 5367 2529 5429 seductionem,
2573 5371 2625 5414 et
2669 5361 2937 5428 magicam
2973 5359 3314 5428 phantasiam

1761 5467 1814 5519 in
1841 5461 2116 5532 speculatu
2151 5460 2430 5514 hominum
2459 5456 2621 5524 impie
2661 5453 2779 5506 ﬁeri
2811 5471 2823 5505 :
2851 5468 2946 5505 eos
2975 5452 3168 5506 fraude
3199 5451 3322 5505 uni-

1760 5570 1934 5619 versa,
1979 5563 2035 5607 et
2065 5550 2495 5620 adinspiratione
2536 5545 2873 5615 apostatica,
2909 5553 2964 5598 et
3000 5541 3318 5611 operatione

1762 5647 2110 5714 diemoniaca,
2145 5654 2200 5701 et
2232 5645 2608 5714 phantasmate
2643 5635 2958 5692 idololatriae
3004 5648 3100 5704 per
3134 5633 3318 5688 otunia
