4188 6336
812 349 914 404 367

1641 335 2226 396 DlSSERTATlONES
2259 336 2558 392 PREVUE
2599 336 2664 392 IN
2704 335 2960 391 lRENJEI
3001 335 3266 392 LIBROS.

3940 335 4045 390 368

814 469 1054 538 repletos
1075 479 1224 532 esse;
1262 483 1284 518 ι
1324 476 1444 532 quat
1483 462 1662 517 omnla
1698 460 1836 517 satis
1870 475 2145 531 superque
2175 460 2376 514 conﬁr-
2405 479 2451 530 Α
2481 455 2725 525 regimini
2766 454 3089 523 praepositos
3139 453 3552 508 arbitrabantur
3574 450 3841 517 Gnosticr,
3881 468 4038 522 quos,

814 565 1034 616 mantur
1073 574 1143 614 ex
1188 557 1258 614 iis
1299 569 1420 625 quas
1466 563 1579 609 tum
1617 554 1731 623 ipse
1768 553 1989 622 scripsit
2027 554 2164 607 libro
2203 553 2376 620 primo

812 655 880 711 de
917 652 1222 719 Marcosiis,
1255 649 1609 716 Simonianis,
1635 647 2103 718 Carpocratianis,
2148 647 2377 714 aliisque

811 742 1383 814 ejusmodifpestihus,
1424 749 1539 795 tum
1576 739 1927 808 Epiphanius,
1955 739 2154 809 aliique
2187 740 2252 793 de
2285 738 2378 791 iis-

815 839 937 892 dem
959 835 1370 892 edisseruerunt
1407 852 1420 887 :
1459 851 1476 885 t
1515 833 1570 887 in
1596 831 1842 887 Ecclesia
1868 842 2048 886 autem
2073 831 2380 885 miseratio-

814 941 962 992 nem,
994 934 1046 980 et
1075 924 1528 987 misericordiam,
1561 931 1617 977 et
1652 923 1986 986 ﬁrmitatem,
2012 931 2066 977 et
2092 923 2376 977 veritatem

815 1017 879 1072 ad
909 1016 1318 1087 opitulationem
1358 1015 1635 1071 hominum
1673 1013 1896 1084 perﬁci,
1934 1033 1953 1067 ι
1981 1022 2086 1068 etc.
2117 1013 2256 1068 Ecce
2300 1025 2379 1066 ta-

818 1124 940 1163 men
993 1107 1226 1164 Grabius
1255 1107 1338 1162 his
1374 1107 1604 1172 voculis,
1649 1123 1669 1158 ι
1713 1106 2144 1162 invocationibus
2177 1105 2378 1175 angeli-

814 1201 918 1263 cis,
950 1219 970 1252 ι
1001 1203 1053 1254 in
1090 1209 1462 1275 transversum
1495 1207 1672 1265 actus,
1701 1199 1976 1261 observat,
2017 1215 2035 1248 ι
2069 1198 2242 1250 bonos
2281 1211 2378 1248 an-

812 1291 964 1361 gelos
988 1291 1058 1346 ah
1076 1290 1317 1345 Ecclesia
1342 1290 1408 1344 ad
1433 1289 1684 1344 virtutem
1704 1289 2087 1344 miraculorum
2117 1289 2378 1344 edendam

814 1387 868 1440 in
897 1383 1163 1438 auxilium
1199 1389 1422 1437 vocatos
1462 1383 1717 1452 nuspiam
1749 1381 2054 1453 legittimo,
2097 1382 2298 1450 inquit,
2325 1382 2379 1435 id

813 1492 921 1530 nou
954 1476 1155 1530 factum
1175 1489 1293 1530 esse
1321 1489 1386 1529 ex
1420 1475 1522 1528 hoc
1541 1475 1657 1544 ipso
1682 1475 1871 1529 Irettzei
1896 1477 2015 1530 loco
2033 1474 2171 1528 haud
2203 1475 2380 1542 inepte

810 1563 1105 1631 colligitur.
1147 1583 1170 1617 ι
1206 1564 1316 1619 lmo
1349 1564 1531 1632 inepte
1561 1564 1875 1632 colligitur,
1923 1574 1978 1619 et
2014 1564 2194 1633 inepte
2235 1563 2380 1618 seri-

812 1654 961 1709 bitur
996 1655 1050 1710 in
1098 1653 1280 1711 lodice
1306 1656 1569 1724 generali,
1602 1657 1746 1710 hunc
1776 1657 1953 1725 ipsum
1982 1655 2168 1710 lrenmi
2203 1655 2378 1709 locum

815 1747 1172 1816 indigitando,
1209 1767 1228 1800 ι
1264 1749 1585 1819 angelorum
1615 1749 1997 1804 invocationes
2038 1750 2092 1803 in
2137 1748 2378 1803 Ecclesia

2479 564 2544 603 ne
2597 558 2879 613 nocerent,
2912 549 3156 618 impense
3213 547 3479 612 colebant,
3520 557 3574 602 et
3615 563 3749 617 quos
3792 548 3858 602 ad
3916 563 4043 602 suas

2477 641 2782 712 praestigias
2808 641 3141 696 exercendas
3173 638 3396 710 [CLVII]
3429 640 3482 693 in
3523 654 3678 708 opem
3723 639 4046 708 frequenter

2478 735 2795 789 evocabant.
2818 732 2968 799 Quod
2989 734 3172 801 igitur,
3197 731 3398 786 lrenazo
3424 742 3580 797 teste,
3595 733 3853 801 ejusmodi
3882 733 4045 802 spiris

2482 837 2631 881 tuum
2660 826 3094 882 invocationihus
3122 825 3259 878 nihil
3298 825 3462 878 faciat
3489 824 3757 890 Ecclesia,
3796 825 3924 879 hinc
3957 827 4045 878 iu-

2482 919 2668 971 tulerit
2708 917 2941 973 Grabius
2985 920 3250 973 bonorum
3305 917 3620 987 angelorum
3670 917 4045 969 invocationes

2479 1009 2530 1062 in
2561 1008 2806 1062 Ecclesia
2841 1008 3131 1064 inusitatas
3162 1007 3366 1063 fuisse?
3399 1007 3724 1061 Praeclarum
3755 1021 4048 1074 argumen-

2482 1101 2628 1153 tandi
2665 1115 2836 1168 genus
2871 1117 2883 1153 :
2917 1097 3141 1169 Magicis
3176 1101 3389 1154 artibus
3422 1114 3528 1154 non
3567 1097 3746 1152 studet
3776 1097 4044 1163 Ecclesia,

2481 1191 2753 1246 tlzemones
2775 1191 2838 1244 ad
2862 1193 3192 1247 exercendas
3214 1192 3518 1262 prmstigias
3542 1207 3646 1246 non
3662 1203 3856 1247 evocat
3879 1210 3893 1244 :
3919 1207 4047 1261 ergo

2479 1280 2648 1337 honos
2677 1281 2896 1351 angelos
2923 1296 3030 1336 non
3070 1282 3312 1339 invocat.
3350 1283 3419 1337 At
3449 1283 3484 1337 ii
3517 1292 3642 1337 sunt
3672 1282 4048 1338 Protestantes

2479 1374 2746 1444 plerique,
2776 1385 2832 1429 ut
2867 1391 3022 1431 arma
3055 1377 3135 1431 eis
3161 1377 3473 1432 ministrent
3495 1376 3648 1432 obvia
3678 1391 3908 1446 quaeque
3940 1374 4042 1430 SS.

2481 1465 2702 1521 Patrum
2739 1467 2903 1522 dicta.
2953 1468 3226 1539 Angelicis
3255 1470 3689 1525 invocationibus
3740 1468 4045 1524 Ecclesiam

2480 1560 2616 1616 nihil
2661 1559 2841 1615 facere
2886 1562 3084 1616 scribit
3123 1562 3391 1628 irenteus;
3440 1563 3571 1618 satis
3608 1572 3691 1618 est
3719 1580 3730 1615 :
3759 1562 3939 1617 bonos
3977 1579 4045 1616 an

2479 1657 2649 1712 tnalos
2702 1657 2923 1729 angelos
2979 1658 3276 1728 intelligat,
3335 1659 3470 1714 nihil
3539 1660 3821 1716 interest:
3866 1659 4046 1723 illico,

2478 1749 2624 1805 velut
2649 1760 3010 1820 opportunam
3045 1751 3389 1807 occasionem
3424 1763 3638 1818 nactus,
3666 1753 3913 1808 monebit
3940 1753 4051 1807 edi-

812 1836 1112 1894 iuusitatas'
1146 1837 1337 1894 fuisse.
1378 1858 1397 1893 ι
1440 1838 1704 1907 Malignos
1755 1840 1980 1910 Spiritus
2021 1841 2111 1895 hic
2148 1839 2372 1907 intelligi
2405 1838 2450 1898 Β
2483 1851 2600 1906 tor,
2655 1841 2976 1911 angelorum
3025 1841 3399 1899 invocationes
3458 1843 3512 1896 in
3569 1843 3742 1898 veteri
3795 1843 4045 1900 Ecclesia

808 1939 964 1986 certo
996 1931 1204 1988 certius
1243 1940 1348 1996 est,
1380 1945 1478 1987 eos
1521 1930 1779 1990 nimirum
1811 1947 1946 2001 quos
1983 1932 2170 1987 mundi
2211 1931 2370 2000 hujus

2474 1932 2764 1987 inusitatas
2803 1930 2992 1988 fuisse.

1980 2241 2644 2334 ABTICULUS
2719 2244 2888 2334 IX.

886 2434 977 2495 De
1005 2433 1286 2496 hominis
1316 2433 1708 2514 perfectione
1738 2451 1813 2498 ac
1841 2434 2043 2497 libero
2074 2434 2340 2497 arbitrio
2361 2479 2376 2507 ,
2410 2433 2684 2516 ejusque
2713 2437 2790 2499 ad
2837 2435 3187 2516 imaginem
3221 2444 3280 2501 et
3312 2437 3799 2501 similitudinem
3841 2437 3961 2501 Dei

1340 2539 1683 2602 creatione.
1729 2541 1820 2601 De
1853 2547 2110 2619 peccato
2141 2539 2465 2618 originali,
2503 2551 2564 2603 et
2595 2541 2810 2620 gratiae
2834 2540 3071 2603 divina)
3103 2540 3503 2605 necessitate.

879 2843 1002 2898 Hi.
1031 2843 1178 2898 Inter
1207 2843 1402 2907 varios,
1433 2842 1628 2915 quibus
1655 2841 1840 2898 lrenmi
1880 2843 2180 2899 doctrinam
2225 2843 2369 2896 iniu-

809 2935 947 2991 srari
982 2946 1199 3006 putant,
1245 2953 1450 3004 naevos,
1477 2939 1887 2993 Centuriatores
1935 2938 2365 3009 Magdeburgen—

808 3041 898 3081 ses
928 3027 972 3058 "
1006 3036 1060 3081 et
1098 3027 1369 3084 Scultetus
1421 3030 1563 3084 hunc
1613 3038 1845 3084 notant:
1897 3033 2039 3100 quod
2099 3047 2204 3086 non
2251 3032 2370 3085 sine

807 3132 997 3174 errore
1028 3121 1247 3189 dixerit,
1286 3119 1571 3176 Hominem
1599 3138 1706 3176 non
1734 3138 1854 3178 esse
1883 3125 2159 3178 conditum
2205 3139 2234 3176 a
2259 3125 2368 3178 Deo

808 3211 1135 3280 perfectum,
1168 3222 1224 3267 et
1254 3214 1517 3266 artiﬁcem
1557 3212 1723 3267 Deum
1776 3214 1830 3268 in
1886 3216 2055 3270 veteri
2106 3216 2368 3283 plasmate

808 3302 1080 3372 quidpiam
1137 3305 1573 3372 praetermisisse,
1600 3306 1740 3373 quod
1771 3315 1955 3371 postea
1986 3307 2221 3361 Verbum
2270 3309 2372 3360 itu-

808 3392 1054 3461 pieverit.
1082 3393 1186 3447 Sed
1211 3394 1476 3449 insontem
1504 3406 1660 3449 vexat
1685 3397 2068 3453 malevolorum
2093 3400 2370 3454 hominum

807 3501 1058 3545 censura.
1080 3488 1297 3556 quibus,
1332 3497 1388 3541 ut
1415 3497 1470 3542 et
1496 3488 1751 3556 Gallasio,
1776 3492 2072 3560 displicuit,
2096 3503 2153 3547 ut
2183 3503 2371 3562 aperte

806 3579 1154 3648 proﬁtentur,
1187 3581 1327 3648 quod
1361 3578 1598 3635 Irenmus
1631 3581 1900 3637 hominetn
1953 3583 2105 3637 liberi
2159 3587 2370 3641 arbitrii

805 3669 1067 3725 facultate
1120 3672 1406 3736 praeditum
1467 3687 1588 3728 esse
1647 3683 1752 3727 tam
1786 3675 1989 3730 diserte
2029 3679 2366 3747 pronuntiet,

804 3777 860 3823 ct
907 3775 1015 3822 tam
1065 3769 1267 3824 invicte
1315 3772 1553 3839 probet,
1603 3783 1663 3825 ιιι
1719 3774 1898 3829 nullus
1957 3775 2169 3846 eﬁugiis
2221 3779 2370 3833 locus

805 3862 896 3916 sit.
940 3860 1064 3916 Hac
1109 3865 1256 3917 enim
1302 3865 1587 3919 calumniae
1648 3881 1837 3933 causa;
1895 3870 2040 3937 quod
2089 3873 2368 3941 explican-

809 3951 952 4006 dum.

877 4040 1003 4096 “2.
1040 4040 1419 4099 Gnosticorum
1481 4046 1583 4101 hoc
1642 4058 1764 4102 erat
1812 4048 2067 4114 effatum,
2121 4059 2178 4104 ut
2243 4053 2368 4107 alibi

808 4130 1064 4196 diximus,
1098 4131 1350 4188 homines
1378 4135 1641 4202 quosdam
1673 4146 1864 4189 natura
1892 4137 2081 4204 bonos,
2105 4139 2368 4206 quosdam

807 4229 1001 4273 natura
1033 4223 1254 4280 malosa
1286 4222 1398 4279 Deo
1422 4226 1676 4280 conditos
1708 4227 1875 4281 fuisse
1905 4246 1918 4281 :
1952 4244 2058 4296 quo
2101 4230 2370 4298 ﬁatigioso

803 4314 1072 4383 principio
1118 4316 1185 4370 ab
1231 4317 1338 4370 imo
1387 4318 1580 4372 ruebat
1635 4322 1808 4374 omnis
1861 4336 2083 4388 prorsus
2134 4323 2367 4390 eligendi

805 4415 1063 4473 potestas,
1100 4406 1360 4477 i‘atalique
1411 4410 1737 4465 necessitate
1779 4412 1857 4465 sic
1900 4414 2370 4482 constringchatur

804 4499 1039 4555 humana
1071 4501 1343 4567 voluntas,
1380 4513 1436 4556 ut
1466 4520 1570 4558 uno
1597 4504 1880 4572 duntaxat,
1910 4507 2022 4560 sive
2058 4507 2221 4570 bono,
2255 4508 2368 4562 sive

2475 2859 2578 2913 qua
2609 2844 2682 2897 ita
2723 2845 2788 2896 ad
2820 2859 2984 2896 unum
3035 2844 3512 2908 determinarelur,
3563 2853 3621 2897 ut
3673 2845 3900 2900 alterius
3949 2861 4043 2902 vo-

2479 2934 2621 2988 lendi
2648 2943 2886 3002 potestas
2913 2933 3265 2998 adimeretur,
3305 2949 3369 2988 ac
3401 2936 3626 3002 proinde
3659 2938 4042 2992 necessitatem

2476 3029 2639 3081 etiam
2667 3043 2784 3096 qua:
2829 3027 3058 3097 simplex
3094 3028 3312 3082 dicitur.
3356 3028 3486 3082 Eam
3523 3030 3667 3082 enim
3723 3029 3774 3082 in
3819 3030 4046 3083 homine

2475 3123 2778 3179 libertatem
2810 3138 2931 3177 esse
2973 3122 3165 3177 merito
3184 3124 3463 3177 contendit
3493 3123 3745 3186 lrenacus,
3776 3139 3898 3192 qua:
3952 3139 4047 3192 po-

2478 3225 2725 3270 testatem
2757 3215 3043 3269 electionis
3086 3215 3350 3276 includat,
3384 3215 3455 3268 ita
3489 3225 3543 3267 ttt
3572 3231 3692 3268 cum
3755 3216 3808 3268 itt
3872 3231 4042 3268 unum

2477 3320 2668 3378 sponte
2692 3309 2992 3378 propendet
3019 3311 3290 3370 voluntas,
3324 3307 3514 3375 possit,
3537 3307 3576 3360 si
3608 3307 3750 3371 velit,
3784 3321 3848 3358 eo
3875 3322 4043 3375 repu-

2478 3403 2642 3466 diato,
2668 3401 2718 3453 in
2753 3400 3055 3468 oppositum
3087 3399 3235 3452 ferri.
3275 3417 3293 3450 ι
3335 3398 3546 3462 Posuit,
3588 3399 3780 3467 inquit,
3820 3398 3968 3452 Deus
3994 3399 4043 3451 in

2477 3493 2696 3546 homine
2728 3501 3044 3561 potestatem
3075 3491 3372 3550 electionis.
3409 3490 3858 3558 quemadmodum
3887 3500 3946 3543 et
3991 3490 4040 3542 in

2477 3585 2682 3652 angelis
2721 3583 2942 3653 (etenim
2978 3583 3151 3652 angeli
3193 3581 3564 3649 rationabiles)
3595 3600 3606 3635 :
3634 3583 3706 3635 uti
3745 3581 4042 3649 hiquidem

2474 3679 2562 3745 qui
2587 3675 2918 3739 obedissent,
2946 3675 3089 3744 juste
3113 3674 3313 3729 bonum
3335 3675 3444 3728 sint
3466 3673 3824 3741 possidentes,
3851 3675 4042 3728 datum

2474 3769 2691 3836 quidem
2722 3783 2748 3821 a
2805 3769 2933 3831 Deo,
2969 3776 3240 3820 servatum
3274 3781 3399 3821 vero
3431 3767 3499 3819 ab
3525 3766 3678 3834 ipsis.
3713 3765 3812 3831 Qui
3854 3777 4041 3820 autem

2477 3876 2580 3913 non
2606 3859 2955 3923 obedierunt,
2983 3859 3127 3925 juste
3154 3875 3259 3913 tton
3285 3859 3625 3912 invenientur
3651 3874 3771 3912 cum
3793 3859 3967 3925 bono,
3994 3870 4045 3914 et

2477 3953 2722 4005 meritam
2755 3965 2968 4018 poenam
2997 3951 3300 4018 percipient
3327 3967 3340 4016 ;
3367 3952 3618 4018 quoniam
3646 3951 3786 4005 Deus
3817 3952 4041 4020 quidem

2474 4044 2618 4097 dedit
2649 4043 2879 4110 benigne
2929 4045 3151 4108 bonum,
3184 4043 3282 4112 ipsi
3319 4057 3444 4096 vero
3497 4057 3604 4095 non
3662 4043 4043 4099 custodierunt

2473 4136 2760 4205 diligenter
2781 4135 2933 4199 illttd,
2955 4149 3128 4204 neque
3148 4135 3443 4202 pretiosum
3467 4135 3722 4189 arbitrati
3759 4147 3912 4201 sunt,
3947 4141 4042 4193 sed

2473 4227 2988 4295 supereminentiam
3046 4225 3305 4280 bonitatis
3361 4237 3826 4295 contempserunt.
3891 4228 4042 4294 Abji-

2473 4319 2678 4372 cientes
2713 4318 2875 4385 igitur
2901 4318 3124 4382 bonum,
3157 4328 3211 4372 et
3263 4319 3416 4388 quasi
3464 4328 3799 4387 respuentes,
3840 4324 4039 4376 merito

2473 4425 2662 4464 omnes
2710 4411 2914 4478 justum
2955 4409 3219 4478 judicium
3263 4412 3499 4465 incident
3555 4410 3671 4475 Dei,
3702 4429 3720 4462 ›
3761 4421 3866 4466 etc.
3901 4413 4037 4467 Tum

2474 4514 2657 4572 postea
2708 4503 2909 4557 clarius
2958 4503 3136 4556 adhuc
3180 4503 3460 4572 explicans
3508 4513 3831 4572 potestatem
3889 4505 4036 4562 illam

807 4591 949 4646 malo
973 4593 1391 4664 circumscripta
1410 4611 1473 4650 ac
1491 4597 1737 4662 deﬁnita,
1770 4601 2074 4669 opposiium
2100 4601 2232 4654 velle
2262 4617 2365 4654 non
2400 4603 2442 4658 ι)
2473 4593 2780 4657 electionis,
2816 4607 2976 4659 quam
3011 4591 3215 4645 homini
3243 4594 3449 4658 tribuit,
3479 4603 3533 4647 et
3565 4593 3618 4647 iu
3664 4593 4038 4648 indifferentia

807 4691 1008 4750 posset.
1043 4685 1333 4740 Exitiosam
1368 4690 1666 4743 doctrinam
1717 4691 2006 4746 identidem
2067 4703 2176 4745 toto
2201 4708 2367 4759 Opere

807 4773 998 4828 refellit
1021 4775 1270 4830 lrenaeus.
1305 4779 1408 4832 Sed
1434 4796 1551 4834 eam
1573 4783 1783 4836 demum
1808 4783 1928 4837 libri
1955 4786 2129 4852 quarti
2156 4801 2276 4854 cpp.
2296 4787 2364 4839 57

805 4875 858 4920 et
889 4865 978 4932 '59,
1011 4869 1077 4922 ab
1105 4868 1238 4938 ipsis
1267 4869 1542 4924 radicibus
1571 4873 1878 4928 convellere
1908 4877 2240 4944 aggreditur,
2274 4878 2362 4930 tibi

805 4960 1069 5030 principio
1097 4962 1435 5031 probandum
1463 4965 1564 5018 sibi
1593 4967 1842 5036 suscipit,
1881 4970 2023 5036 quod
2082 4989 2098 5018 ι
2135 4969 2363 5023 liberum

805 5050 1076 5106 hominem
1104 5053 1246 5109 Deus
1289 5054 1416 5108 iecit
1448 5056 1516 5109 ab
1548 5056 1722 5124 initio,
1763 5058 2044 5113 habentem
2077 5077 2227 5113 suam
2272 5078 2365 5129 po-

809 5152 1080 5210 testatem,
1109 5147 1246 5200 sicut
1268 5157 1321 5201 et
1369 5162 1522 5201 suam
1553 5149 1811 5213 animam,
1847 5151 1910 5204 ad
1947 5153 2202 5205 utendum
2241 5167 2364 5205 seu-

808 5235 976 5287 tentia
1028 5234 1120 5289 Dei
1153 5237 1475 5300 voluntarie,
1510 5247 1562 5292 et
1594 5255 1700 5292 non
1750 5249 1998 5294 coactum
2032 5257 2060 5294 a
2112 5242 2243 5296 Deo.
2275 5244 2364 5298 Vis

807 5326 975 5392 enim,
1021 5328 1220 5397 inquit,
1259 5346 1286 5382 a
1318 5330 1425 5384 Deo
1469 5346 1574 5385 non
1620 5332 1698 5394 tit,
1750 5332 1842 5385 sed
1901 5334 2040 5387 bona
2093 5337 2360 5389 sententia

811 5417 966 5472 adest
995 5418 1066 5472 illi
1121 5434 1349 5489 semper.
1384 5438 1401 5471 ι
1435 5421 1614 5490 Neque
1642 5434 1797 5491 putes
1837 5424 1928 5478 hic
1965 5435 2173 5480 tantum
2235 5427 2360 5481 elidi

808 5509 917 5562 vim
941 5520 1237 5577 externam,
1269 5527 1391 5582 quae
1417 5516 1754 5571 extrinsecus
1789 5517 2109 5583 adhibetur;
2145 5536 2360 5573 onmem

807 5611 1032 5666 prorsus
1064 5617 1093 5656 a
1133 5603 1406 5660 voluntate
1441 5607 1819 5665 necessitatem
1853 5610 2040 5680 procul
2087 5611 2356 5671 excludit.

880 5773 924 5808 “
957 5770 1110 5825 Cent.
1141 5786 1198 5838 tt,
1224 5787 1271 5826 c.
1300 5773 1352 5828 4.

2475 4687 2539 4739 ad
2563 4685 2875 4738 utrumlibet
2898 4685 3056 4738 sitam
3087 4698 3205 4738 esse
3237 4685 3636 4751 demonstrans,
3664 4685 3813 4738 addit
3844 4703 3856 4738 :
3892 4704 3910 4736 ι
3947 4685 4041 4740 De-

2475 4777 2551 4830 dit
2584 4791 2713 4844 ergo
2749 4775 2890 4828 Deus
2922 4775 3143 4840 bonum,
3173 4776 3630 4845 quemadmodum
3655 4787 3708 4832 et
3746 4779 4038 4847 Apostolus

2473 4873 2823 4937 testiﬁcatur;
2857 4881 2913 4926 et
2937 4872 3028 4940 qui
3060 4881 3349 4939 operantur
3373 4872 3589 4942 quidem
3619 4873 3770 4939 illud,
3804 4874 4036 4942 gloriam

2470 4978 2522 5022 ct
2559 4970 2818 5022 honorem
2844 4967 3162 5037 percipient,
3208 4966 3462 5034 quoniam
3507 4965 3714 5035 operati
3757 4979 3889 5022 sunt
3942 4969 4037 5022 bo-

2471 5077 2617 5127 utnn,
2658 5075 2781 5115 cotn
2815 5059 3021 5128 possint
3047 5073 3152 5111 non
3182 5059 3399 5127 operari
3451 5057 3614 5123 illud;
3647 5058 3700 5113 hi
3727 5073 3909 5114 autem
3946 5061 4034 5129 qui

2469 5153 2596 5204 illttd
2623 5169 2724 5205 non
2755 5161 3076 5220 operantur,
3103 5151 3366 5218 judicium
3392 5149 3592 5217 justum
3617 5151 3892 5220 excipient
3918 5152 4033 5215 Dei,

2470 5246 2720 5312 quoniam
2751 5261 2854 5298 non
2883 5252 3006 5297 sunt
3043 5243 3248 5313 operati
3274 5243 3494 5305 bonum,
3521 5257 3639 5295 cum
3665 5243 3877 5309 possint
3901 5258 4034 5312 ope.

2468 5337 2570 5388 rari
2599 5337 2749 5390 illud.
2807 5355 2824 5387 i
2879 5334 3027 5390 Hauc
3061 5350 3188 5389 vero
3235 5334 3531 5388 voluntatis
3578 5332 4032 5399 indiﬂ‘erentiam,

2461 5427 2755 5479 etiamnum
2781 5427 2832 5479 in
2866 5426 3084 5480 homine
3129 5434 3594 5493 perseverantem,
3622 5424 3851 5479 subinde
3899 5441 4028 5492 pro-

2461 5517 2552 5571 bat
2604 5517 2855 5572 omnibus
2889 5518 3270 5588 .argumentis,
3321 5516 3519 5585 quibus
3577 5517 3656 5569 uti
3722 5517 3926 5584 solent,
3961 5520 4027 5572 ad

2463 5609 2741 5664 haereticos
2765 5607 3101 5677 refellendos,
3128 5607 3389 5665 Catholici
3408 5609 3696 5673 doctores;
3726 5618 3856 5680 puta
3875 5610 4023 5680 quod
