4188 6336
160 437 262 492 569

1102 436 1555 493 DISSERTATIO
1588 436 1679 501 III,
1715 435 1804 491 DE
1838 435 2091 493 ΙΒΕΝᾹΞΙ
2126 436 2490 494 DOC'I‘RINA.

3287 439 3393 498 570

161 557 203 608 si
238 554 575 609 inelitctabili
608 564 935 611 necessitate
955 554 1233 612 ferrentur
1261 557 1510 612 homines
1542 557 1596 610 in
1635 556 1729 611 bo-
1756 560 1801 618 Α
1831 569 1969 623 esse,
2004 573 2123 627 qua:
2171 559 2436 613 naturalis
2481 556 2573 622 sit,
2622 565 2675 625 et
2708 557 2760 612 in
2796 558 2986 614 ordine
3030 567 3235 614 natura!
3275 559 3391 615 hat-

164 662 288 699 nnm
324 656 418 699 aut
454 649 682 711 malum,
715 663 814 702 nec
844 647 991 702 laudi
1019 664 1117 703 nec
1154 648 1289 702 vitio
1319 649 1479 702 tribui
1521 658 1726 717 posset,

158 738 301 808 quod
328 736 417 791 alii
451 738 598 804 boni,
623 738 710 792 alii
750 739 878 792 mali
918 747 1099 794 essent
1130 780 1143 793 .
1167 740 1309 810 quod
1348 740 1549 795 frustra
1578 757 1697 796 man

159 832 301 891 data,
334 830 588 895 consilia,
619 831 821 885 monita
854 831 1166 887 hominibus
1202 834 1353 887 daret
1373 833 1516 889 Deus
1545 853 1557 887 :
1585 838 1726 904 quod

158 920 303 973 nulla
364 929 552 975 essent
605 923 869 977 bonorum
926 937 1151 991 operum
1206 930 1423 989 merita,
1473 940 1539 980 eo
1582 926 1723 994 quod

156 1011 363 1065 nullum
424 1012 655 1082 amplius
722 1025 999 1070 certamen
1050 1026 1103 1071 et
1155 1033 1355 1073 corona
1410 1021 1722 1073 certaminis

156 1113 465 1170 superesset
494 1122 509 1156 :
540 1105 683 1174 quod
734 1105 1006 1161 incassum
1034 1107 1230 1163 bonum
1261 1123 1290 1162 a
1337 1110 1477 1163 malo
1518 1109 1724 1164 discer-

157 1196 311 1250 nendi
345 1196 663 1252 facultatem
692 1200 995 1268 accepisset
1025 1216 1051 1254 a
1082 1200 1192 1255 Deo
1226 1202 1409 1267 homo,
1436 1203 1540 1258 nisi
1578 1204 1719 1258 facta

156 1287 439 1357 utriusque
455 1292 859 1358 comparatione
881 1292 1112 1349 alterum
1138 1294 1293 1348 alteri
1323 1310 1420 1349 sua
1444 1296 1720 1352 voluntate

153 1385 204 1432 et
225 1377 500 1435 electione
524 1382 787 1449 praeferre
810 1393 1023 1452 posset;
1053 1394 1113 1441 et
1142 1387 1248 1439 alia
1277 1387 1566 1458 ejusmodi,
1596 1402 1717 1457 qua:

151 1472 330 1526 malim
361 1473 505 1542 apud
540 1485 818 1531 auctorem
846 1463 1095 1531 nostrum
1131 1480 1259 1550 legi.

215 1564 339 1619 115.
370 1564 478 1619 Sed
523 1566 739 1621 interim
772 1568 1003 1641 vulgatae
1041 1570 1166 1627 huic
1202 1574 1487 1643 impiorum
1518 1589 1716 1645 quere-

151 1653 211 1709 la
238 1654 525 1717 satisfacit,
561 1656 701 1723 Quid
742 1662 966 1730 angelos
994 1672 1086 1716 aut
1126 1664 1371 1718 homines
1410 1667 1716 1722 condiderit

147 1747 490 1817 omnipotens
516 1751 658 1807 Deus
686 1753 840 1818 tales,
868 1754 962 1823 qui
995 1756 1178 1809 statim
1207 1758 1277 1811 ab
1298 1772 1363 1812 eo
1393 1759 1707 1821 deficerent;

147 1853 263 1892 cum
307 1841 483 1896 satius
533 1840 691 1912 longe
736 1843 946 1909 fuisset,
978 1856 1033 1901 ιιι
1077 1862 1306 1917 peccare
1355 1847 1500 1903 nullo
1551 1850 1710 1905 modo

1832 659 1982 714 reat;
2011 649 2105 703 sed
2131 649 2196 703 de
2220 664 2281 704 ea
2306 652 2570 705 duntaxat
2598 663 2717 720 quae
2750 651 3044 722 superioris
3075 652 3304 719 ordinis,
3331 660 3388 706 ct

1829 756 1857 794 a
1899 739 2031 804 Deo,
2065 752 2336 809 quatenus
2381 753 2574 796 auctor
2632 743 2821 810 gratiae
2865 752 2983 808 est,
3022 743 3389 812 exspectanda

1827 840 1916 893 sit.
1950 837 2069 893 Uno
2106 838 2272 891 verbo
2309 839 2474 893 tetius
2524 841 2788 897 orationis
2832 851 3127 898 contextus
3156 843 3388 899 demou-

1825 940 1983 994 strat,
2018 944 2083 984 eo
2135 940 2384 999 spectare
2411 932 2766 1001 quaestionem
2825 952 2839 988 :
2888 933 3099 1003 Ecquid
3131 936 3193 989 ab
3232 936 3388 991 initio

1826 1021 1965 1077 Deus
1998 1023 2158 1076 talem
2191 1024 2493 1078 condiderit
2530 1025 2827 1090 hominem,
2863 1026 2954 1095 qui
2976 1042 3239 1082 coronam
3282 1026 3382 1080 sibi

1826 1123 1972 1168 tanto
2023 1129 2148 1169 cum
2191 1114 2378 1170 labore
2424 1126 2478 1170 et
2528 1117 2752 1186 ancipiti
2812 1133 2878 1173 ac
2933 1134 3161 1189 operoso
3214 1133 3385 1188 agone

1821 1214 2186 1274 comparatam
2233 1206 2660 1275 adipisceretur;
2698 1217 2751 1263 et
2792 1223 2897 1263 non
2932 1210 3112 1279 putius
3163 1211 3257 1280 qni
3312 1210 3382 1262 ad

1820 1298 2094 1350 videndum
2130 1306 2180 1351 et
2209 1298 2516 1365 capiendum
2544 1297 2713 1352 Deum
2752 1298 2936 1353 statim
2970 1314 3231 1364 maturus,
3255 1300 3383 1355 huic

1818 1402 1882 1441 eo
1912 1386 2202 1455 perfectius
2228 1387 2551 1455 adhwreret,
2581 1404 2688 1457 quo
2712 1389 2937 1459 justitite
2969 1391 3384 1447 immutabilitcr

1819 1477 2027 1545 affixus,
2060 1477 2129 1531 ab
2173 1479 2319 1533 omni
2362 1479 2633 1535 versatilis
2688 1478 3066 1537 indifferentia:
3120 1497 3382 1550 perverso
3446 1500 3451 1509 π

1816 1587 1913 1624 usu
1948 1570 2317 1641 peccandique
2351 1572 2603 1642 periculo
2639 1580 2785 1627 tutus
2826 1573 3008 1627 esset?
3037 1572 3092 1628 Id
3120 1576 3285 1630 etiam
3311 1590 3381 1632 ex

1813 1660 2057 1726 subjecta
2104 1666 2455 1731 reSponsione
2484 1662 2773 1718 manifeste
2817 1662 3111 1735 colligitur.
3153 1664 3371 1737 Regerit

1811 1750 1955 1803 enim
2010 1749 2293 1819 lrenmus,
2340 1770 2357 1804 ‹
2406 1751 2514 1808 Deo
2569 1753 2814 1821 quidem,
2873 1770 2994 1810 cum
3042 1772 3256 1828 semper
3306 1769 3381 1814 sit

1813 1846 1971 1909 idem,
2006 1853 2060 1899 et
2094 1846 2336 1913 innatus,
2380 1857 2645 1915 quantum
2701 1849 2771 1904 ad
2831 1849 3006 1919 ipsum
3042 1858 3142 1916 est,
3192 1853 3380 1907 omnia

144 1934 400 1999 possent?
435 1952 455 1986 ‹
495 1934 605 1991 Sed
639 1941 922 2007 oportebat
948 1955 1072 1995 eum
1116 1957 1290 2010 neque
1329 1943 1547 2012 angelos
1570 1945 1706 1998 tales
1737 1918 1779 1972 Β
1809 1939 2082 2005 possibilia
2108 1960 2126 1992 ι
2184 1955 2323 1995 esse.
2376 1961 2393 1992 ι
2422 1941 2550 2008 Quae
2602 1950 2780 1997 autem
2824 1942 2969 1998 facta
3017 1953 3144 1999 sunt
3183 1945 3251 2001 ab
3285 1960 3375 2012 eo,

142 2021 361 2086 fecisse.
399 2034 461 2079 ut
494 2038 715 2097 possent
744 2032 1073 2099 transgredi,
1108 2048 1281 2103 neque
1314 2033 1580 2101 homines,
1612 2037 1702 2103 qui

141 2115 318 2170 statim
382 2117 580 2189 ingrati
624 2123 950 2177 exsisterent
1005 2122 1059 2178 in
1104 2140 1247 2180 eum.
1310 2146 1329 2179 ι
1390 2126 1702 2197 Respondet

140 2206 369 2264 Ireuazus
396 2210 459 2277 ιδ,
490 2213 635 2280 quod
663 2213 707 2267 si
741 2214 1005 2279 homines,
1040 2215 1343 2273 belluarum
1370 2234 1538 2283 more,
1570 2238 1587 2270 ‹
1620 2219 1701 2273 ἰη-

138 2296 419 2366 ﬂexibiles,
447 2312 501 2355 et
523 2304 642 2358 sine
669 2302 896 2371 judicio,
925 2320 1047 2360 cum
1079 2310 1404 2365 necessitate
1425 2322 1479 2365 et
1506 2312 1556 2363 vi
1587 2322 1699 2365 tra—

137 2393 396 2447 herentur
447 2397 515 2449 ad
546 2398 765 2464 bonum,
815 2400 893 2453 sic
916 2415 1018 2455 nec
1060 2416 1227 2457 suave
1276 2411 1420 2458 esset
1454 2407 1535 2458 eis
1558 2405 1699 2473 quod

133 2495 213 2537 est
233 2484 454 2550 bonum,
482 2504 658 2558 neque
682 2491 915 2558 pretiosa
944 2494 1368 2550 communicatio
1382 2496 1497 2561 Dei,
1527 2510 1699 2564 neque

133 2590 457 2646 magnopere
488 2584 844 2649 appetendum
879 2584 1100 2651 bonum,
1128 2587 1267 2655 quod
1291 2586 1406 2643 sine
1436 2603 1534 2642 suo
1576 2605 1698 2657 pro-

130 2670 243 2737 prio
263 2681 436 2736 motu,
462 2682 517 2725 et
540 2689 693 2741 cura,
720 2685 775 2730 et
798 2677 978 2732 studio
1017 2680 1374 2748 provenisset,
1426 2683 1518 2736 sed
1562 2681 1696 2735 ultra

128 2768 181 2812 et
224 2760 403 2816 otiose
448 2762 705 2831 insitum;
741 2765 812 2820 ita
860 2776 918 2826 ut
959 2778 1139 2823 essent
1182 2768 1379 2825 nullius
1437 2774 1693 2826 momenti

126 2845 269 2913 boni,
296 2864 361 2904 eo
382 2853 527 2921 quod
559 2864 752 2909 natura
805 2856 997 2926 magis,
1034 2872 1196 2929 quam
1238 2860 1513 2916 t'o'luntate
1563 2862 1695 2917 tales

127 2942 471 3007 exsisterent,
504 2954 557 2999 et
584 2946 886 3002 ultroneum
919 2950 1179 3005 haberent
1206 2952 1426 3018 bonum,
1466 2956 1560 3010 sed
1589 2972 1692 3011 non

124 3031 419 3086 secundum
446 3034 795 3105 electionem;
827 3050 882 3094 et
911 3050 1129 3111 propter
1151 3043 1251 3098 hoc
1269 3059 1367 3099 nec
1393 3046 1493 3100 hoc
1521 3048 1691 3115 ipsum

126 3121 511 3193 intelligenles,
545 3131 802 3196 quoniam
848 3132 1132 3202 pulchrum
1185 3136 1257 3189 sit
1287 3139 1432 3206 quod
1464 3139 1689 3203 bonum,

1806 2033 2099 2086 secundum
2134 2032 2279 2101 quod
2318 2043 2503 2102 postea
2530 2034 2753 2092 facturae
2777 2038 2989 2092 initium
3040 2038 3375 2106 habuerunt,

1806 2125 2106 2177 secundum
2140 2123 2243 2179 hoc
2272 2134 2328 2177 et
2359 2127 2570 2180 minora
2594 2143 2717 2183 esse
2740 2128 3054 2198 oportuisse
3083 2144 3172 2207 eo,
3201 2131 3293 2200 qui
3316 2144 3377 2187 se

1804 2214 2029 2281 fecerit;
2056 2230 2155 2270 nec
2191 2218 2338 2273 enim
2369 2228 2627 2288 poterant
2654 2220 2855 2279 infecta
2876 2236 3019 2288 esse,
3041 2236 3162 2292 quae
3203 2236 3376 2293 nuper

1803 2305 1945 2360 facta
1974 2317 2121 2362 sunt.
2165 2306 2393 2378 Propter
2435 2312 2577 2379 quod
2617 2322 2803 2367 autem
2839 2331 2945 2370 non
2982 2324 3112 2370 sunt
3150 2314 3372 2380 infecta,

1802 2407 2022 2466 propter
2061 2400 2165 2454 hoc
2196 2407 2250 2454 et
2284 2400 2547 2457 deficiunt
2570 2418 2600 2457 a
2631 2404 2894 2473 perfecto.
2922 2424 2944 2458 ι
2976 2406 3131 2463 Unde
3153 2407 3372 2468 conclu-

1801 2490 1900 2554 dit,
1933 2491 2098 2545 Deum
2134 2493 2308 2560 ipsum
2348 2494 2567 2563 quidem
2599 2514 2618 2547 ε
2654 2507 2932 2565 potentem
2967 2498 3133 2556 fuisse
3165 2500 3371 2559 homini

1800 2594 2060 2650 praestare
2093 2585 2489 2653 perfectionem
2521 2590 2591 2643 ab
2617 2588 2796 2658 initio,
2824 2590 3098 2647 hominem
3128 2604 3363 2659 autem,»

1800 2674 1981 2729 habita
2019 2678 2229 2733 ratione
2254 2680 2775 2749 sapientissimarum
2802 2698 2832 2737 a
2872 2683 3051 2738 divina
3072 2686 3369 2754 providen-

1802 2768 1871 2821 tia
1900 2778 2233 2823 statutarum
2271 2772 2471 2841 legum,
2520 2793 2539 2824 ‹
2590 2777 2943 2843 impotentem
2980 2777 3149 2833 fuisse
3192 2780 3370 2848 perci-

1797 2873 1927 2927 pere
1960 2859 2108 2914 illam
2142 2875 2158 2914 :
2199 2861 2555 2919 infans-enim
2586 2864 2711 2921 fuit.
2740 2850 2767 2917 ι’
2797 2867 2995 2923 Debuit
3022 2870 3186 2940 igitur
3203 2870 3369 2925 homo

1797 2952 1961 3006 certis
1986 2954 2313 3021 quibusdam
2352 2957 2627 3026 gradibus,
2663 2968 2814 3014 certa
2840 2961 3077 3031 quadam
3104 2979 3124 3014 α
3145 2961 3366 3017 ordina-

1799 3046 1944 3100 tione
1973 3065 1993 3098 ι
2029 3058 2085 3100 et
2138 3066 2157 3099 ι
2187 3050 2567 3104 convenientia
2604 3069 2623 3103 ›
2676 3055 2962 3121 pervenire
2978 3056 3057 3129 ad
3098 3055 3360 3114 visionem

1799 3139 1913 3207 Dei,
1951 3155 2054 3208 qua
2084 3140 2176 3195 fiat
2212 3142 2555 3212 immortalis,
2587 3156 2640 3202 et
2661 3162 2725 3202 ea
2759 3148 2968 3203 ratione
2995 3149 3267 3219 perfectus
3294 3166 3361 3208 ac

123 3228 293 3282 neque
344 3215 587 3275 fruentes
637 3236 720 3287 eo;
761 3241 780 3275 ι
839 3225 1013 3279 satius
1064 3240 1193 3296 ergo
1250 3227 1439 3295 fuisse,
1490 3229 1689 3300 Deique
1718 3253 1758 3310 ρ
1796 3230 1904 3285 Deo
1928 3234 2230 3300 proximus.
2253 3234 2336 3285 ιθ(
2362 3234 2688 3306 Oportuerat
2719 3238 2988 3294 hominem
3024 3241 3198 3310 primo
3216 3242 3360 3309 fieri,

120 3310 514 3377 providentiam
579 3314 752 3385 magis
791 3315 1059 3386 decuisse,
1084 3328 1141 3373 ut
1194 3319 1328 3376 tales
1372 3334 1687 3378 crearentur

122 3401 385 3469 homines,
415 3406 509 3475 qui
542 3407 743 3461 bonum
774 3406 944 3465 libera
986 3411 1255 3469 electione
1291 3428 1690 3486 prosequeren-

119 3504 223 3561 tur,
244 3499 388 3553 etad
416 3499 544 3554 illud
577 3515 699 3555 cum
730 3500 919 3559 labore
954 3513 1008 3560 et
1034 3507 1427 3565 exercitatione
1466 3520 1687 3566 conten-

117 3586 327 3657 derent,
370 3607 441 3646 ne
493 3609 512 3644 ι
544 3602 689 3649 esset
738 3596 991 3667 videlicet
1043 3609 1293 3656 nostrum
1350 3603 1684 3661 insensatum

118 3676 336 3746 bonum,
371 3683 515 3751 quod
542 3690 687 3741 esset
734 3685 1171 3757 inexercitatum,
1206 3702 1265 3748 ut
1294 3703 1360 3750 'et
1388 3698 1682 3767 pretiosam

118 3771 450 3829 arbitremur
480 3792 762 3845 coronam,
786 3794 907 3849 quas
930 3800 1027 3854 per
1054 3799 1281 3854 agonem
1309 3790 1469 3845 nobis
1499 3793 1685 3862 acqui-

116 3865 270 3933 ritur,
301 3869 395 3923 sed
437 3886 544 3927 non
578 3874 721 3930 ultro
754 3878 1043 3946 coalitam;
1070 3889 1124 3935 et
1160 3891 1366 3952 quanto
1417 3900 1515 3955 per
1557 3902 1684 3956 ago-

116 3972 233 4013 nem
266 3962 425 4017 nobis
446 3967 684 4032 advenit,
722 3978 872 4027 tanto
896 3973 969 4027 sit
1003 3975 1323 4041 pretiosior;
1354 3988 1557 4046 quanto
1583 3995 1681 4033 au-

115 4058 214 4104 tem
240 4054 552 4122 pretiosior,
581 4065 731 4114 tanto
760 4074 879 4115 eam
910 4078 1126 4134 semper
1158 4065 1479 4137 diligamus;
1505 4089 1523 4121 ι
1554 4070 1679 4126 inde

115 4146 323 4211 quidem
346 4152 591 4218 evenire,
619 4160 677 4204 ut
726 4152 883 4209 nobis
915 4155 1048 4226 ipsis
1091 4167 1399 4230 nostraeque
1421 4161 1678 4219 electioni

113 4239 352 4304 permissi
405 4240 678 4295 interdum
728 4241 994 4313 labamur,
1025 4260 1079 4303 et
1109 4266 1138 4303 a
1168 4249 1277 4306 Deo
1310 4254 1628 4311 deficiamus
1660 4275 1673 4311 :

114 4338 163 4380 at
211 4332 411 4385 malum
464 4333 595 4388 illud
631 4350 700 4391 ex
733 4352 796 4393 eo
839 4342 1210 4409 eompensari,
1245 4346 1387 4413 quod
1439 4347 1675 4416 propriis

112 4411 344 4483 lapsibus
378 4422 719 4492 erudiamur,
740 4425 993 4506 factaque
1034 4448 1054 4480 ‹
1092 4411 1498 4500 comparatione
1538 4411 1673 4494 Iucis

112 4515 160 4557 et
197 4509 564 4579 tenebrarum,
589 4513 715 4569 vitae
743 4526 800 4571 et
829 4518 1023 4573 mortis
1052 4560 1066 4585 ,
1097 4536 1196 4590 per
1221 4526 1402 4579 omnia
1449 4531 1668 4585 erudia-

1792 3332 1845 3377 et
1881 3322 2083 3380 factum
2120 3328 2324 3394 augeri,
2349 3338 2403 3383 et
2432 3340 2655 3384 auctum
2688 3331 3055 3400 corroborari,
3087 3342 3144 3389 et
3164 3349 3356 3390 corro-

1788 3418 2038 3473 boratum
2088 3422 2467 3491 multiplicari,
2515 3432 2570 3477 et
2624 3423 3044 3496 multiplicatum
3097 3430 3356 3486 convale-

1786 3522 1963 3574 scere,
1996 3513 2461 3591 convalescentem
2494 3530 2624 3573 vero
2652 3518 2971 3588 glorificari,
2993 3529 3049 3574 et
3079 3520 3357 3592 glorifica-

1788 3608 1904 3653 tum
1945 3602 2128 3659 videre
2184 3620 2340 3659 suum
2379 3607 2683 3664 Dominum.
2742 3610 2884 3667 Deus
2914 3613 3059 3667 enim
3090 3612 3197 3682 est,
3259 3617 3351 3685 qui

1784 3697 1950 3752 habet
1973 3697 2145 3753 videri
2182 3718 2194 3758 ;
2224 3700 2359 3753 visio
2393 3710 2571 3756 autem
2615 3703 2709 3758 Dei
2740 3704 2930 3762 efIicax
2981 3716 3065 3765 est
3093 3708 3351 3765 incorru-

1781 3786 1938 3856 ptelte
1969 3809 1981 3843 :
2009 3788 2375 3857 incorruptela
2401 3807 2525 3846 vero
2546 3793 3009 3861 proximum‘facit
3029 3812 3149 3855 esse
3178 3800 3340 3855 Deum

1781 3880 1913 3946 Quae
1956 3882 2140 3937 omnia
2188 3886 2536 3950 persuadent,
2566 3889 2711 3957 quod
2761 3889 2895 3950 dixi.
2940 3890 3007 3946 de
3034 3906 3096 3946 ea
3131 3900 3341 3950 tantum

1780 3972 2118 4042 perfectione
2164 3976 2251 4031 hic
2298 3976 2419 4046 agi,
2470 3993 2630 4047 quam
2674 3982 3028 4052 consequitur
3078 3984 3241 4040 homo
3288 3985 3342 4040 iu

1780 4065 1946 4120 altera
1985 4066 2119 4132 vita,
2150 4065 2318 4120 Deum
2342 4068 2579 4123 intuitive
2608 4069 2870 4135 videndo;
2904 4087 3176 4143 quamque
3206 4074 3341 4145 legi-

1780 4158 1911 4213 timo
1937 4160 2205 4215 versatilis
2226 4160 2294 4215 ad
2327 4159 2642 4215 utrumlibet
2669 4161 3053 4219 indifferentia}
3075 4179 3175 4220 usu
3213 4182 3335 4222 eum

1776 4251 1878 4306 sibi
1926 4251 2125 4306 mereri
2159 4253 2385 4309 decebat
2414 4271 2429 4307 :
2461 4253 2597 4308 adeo
2642 4264 2702 4310 ut
2734 4269 2797 4309 ea
2828 4271 2935 4310 non
2958 4267 3103 4312 esset
3129 4267 3339 4315 natura)

1774 4356 1887 4396 sum
1924 4345 2304 4415 praerogativa,
2333 4346 2425 4400 sed
2460 4343 2665 4403 laboris
2692 4357 2742 4401 et
2766 4348 3172 4405 exercitationis
3201 4366 3336 4421 prae-

1773 4433 1942 4486 mium
1999 4448 2064 4487 ac
2117 4435 2333 4491 virtutis
2384 4450 2613 4492 merces.
2639 4438 2791 4504 Quod
2842 4442 3007 4495 etiam
3054 4442 3228 4513 magis
3272 4458 3335 4498 ac

1774 4526 1945 4595 magis
1971 4525 2333 4581 confirmatur
2366 4544 2434 4582 ex
2468 4530 2533 4584 iis
2579 4545 2701 4600 quae
2732 4532 2880 4589 addit
2910 4547 3033 4603 cap.
3062 4538 3351 4604 sequenti,~

108 4611 256 4665 mur;
292 4610 350 4654 ut
380 4601 432 4656 in
478 4604 733 4661 omnibus
793 4609 845 4663 in
896 4609 1139 4667 futurum
1187 4616 1356 4671 simus
1394 4622 1560 4685 cauti,
1613 4633 1669 4678 et
1700 4602 1745 4657 Ῐ)
1771 4620 1860 4674 ubi
1890 4636 1948 4674 n.
1995 4621 2181 4675 2'ait:
2221 4639 2241 4673 ι
2278 4622 2742 4689 Quemadmodum
2796 4601 2989 4697 igiturﬁ
3015 4630 3119 4685 erit
3168 4632 3331 4699 Deus,

108 4707 509 4760 perseveremus
536 4698 588 4751 in
620 4700 764 4754 omni
796 4702 887 4755 Dei
916 4703 1229 4771 dilectione,
1272 4710 1668 4771 rationabiliter

105 4784 271 4840 edocti
305 4786 534 4857 diligere
576 4788 782 4844 Deum:
819 4790 928 4846 Deo
979 4794 1197 4863 quidem
1242 4805 1665 4869 magnanimita-

108 4886 203 4932 tem
232 4892 532 4951 praastante
556 4884 609 4938 in
642 4886 915 4953 apostasia
941 4888 1209 4961 hominis;
1238 4895 1457 4955 homine
1483 4912 1659 4958 autem

104 4975 303 5030 erudito
331 4992 427 5045 per
455 4993 597 5044 eam,
623 4995 642 5028 ι
682 4988 787 5035 etc.

164 5066 281 5120 114.
310 5066 386 5120 Ex
407 5083 469 5121 ea
500 5078 681 5124 autem
705 5075 1058 5140 responsione
1089 5078 1265 5135 oritur
1298 5082 1470 5140 altera
1506 5104 1659 5158 quaa-

102 5155 215 5219 stio,
240 5174 403 5227 quam
434 5161 619 5215 statim
652 5163 757 5218 sibi
790 5167 1046 5235 proponit
1072 5169 1305 5231 Irenazus
1339 5178 1402 5245 ιδ,
1431 5155 1660 5250 qumque

100 5243 531 5303 Centuriatorum
546 5261 601 5306 et
624 5252 853 5310 Sculteti
870 5256 1238 5319 criminationi
1260 5243 1617 5325 ansatnvdedit
1642 5290 1654 5325 :

107 5351 122 5385 t
148 5335 220 5400 Si,
245 5339 465 5402 ait,hoc
499 5341 642 5396 dicat
671 5345 903 5416 aliquis:
931 5350 1071 5417 Quid
1097 5356 1279 5409 enim?
1301 5356 1414 5411 Non
1444 5370 1658 5428 poterat

100 5429 157 5481 ab
183 5430 337 5485 initio
363 5431 506 5488 Deus
537 5436 835 5504 perfectum
860 5440 1062 5499 fecisse
1097 5446 1367 5503 hominem
1395 5451 1418 5504 ?
1448 5470 1466 5503 ι
1500 5453 1656 5519 Quis-

100 5522 211 5581 quis
242 5520 307 5575 ad
344 5536 410 5575 ea
446 5539 567 5593 qua:
596 5542 1024 5599 praeesserunt,
1058 5551 1284 5607 qumque
1314 5542 1471 5595 modo
1502 5558 1651 5596 com-

101 5613 282 5702 pendio
316 5612 569 5691 [CLVIII]
624 5622 930 5689 retulimus,
980 5632 1292 5696 attenderit,
1343 5648 1374 5686 e
1420 5637 1648 5702 vestigio

99 5700 476 5772 deprehendet,
512 5722 621 5762 non
660 5711 725 5766 de
756 5726 817 5767 ea
853 5716 1190 5783 perfectione
1222 5736 1527 5779 sermonem
1561 5728 1648 5781 hic

1767 4711 1860 4780 qui
1892 4712 2128 4768 nondum
2161 4712 2340 4769 factus
2359 4725 2442 4769 est
2469 4715 2674 4771 homo?
2699 4722 2969 4789 quomodo
2996 4729 3174 4776 autem
3206 4738 3330 4791 per-

1767 4801 1958 4862 fectus.
1979 4819 2149 4873 nuper
2199 4805 2461 4873 effectus,
2493 4808 2585 4877 qui
2642 4807 2698 4863 in
2750 4820 2943 4865 natura
2975 4814 3188 4868 mortali
3220 4830 3329 4871 non

1764 4895 2002 4950 obedivit
2031 4895 2264 4953 facturi?
2295 4916 2315 4950 ι
2359 4897 2493 4953 Tum
2525 4900 2673 4955 addit
2697 4902 2841 4958 hunc
2871 4918 2900 4957 a
2931 4905 3038 4960 Deo
3063 4909 3327 4962 constitu-

1765 4994 1877 5041 tum
1912 4987 2154 5042 ordinem
2207 5003 2347 5055 esse,
2385 5000 2445 5045 ut
2484 4992 2639 5061 prius
2692 5010 2710 5045 ι
2741 4995 3080 5063 praebeamus
3130 4998 3180 5053 ei
3232 5013 3327 5053 cor

1764 5090 2006 5135 nostrum
2052 5078 2212 5134 molle
2249 5089 2304 5134 et
2335 5083 2641 5148 tractabile,
2672 5099 2739 5139 ac
2780 5087 3055 5142 tradamus
3082 5088 3129 5141 ei
3178 5090 3322 5159 quod

1762 5180 1844 5227 est
1875 5182 2143 5238 nostrum,
2168 5174 2220 5227 id
2252 5183 2338 5229 est
2368 5175 2523 5229 fidem
2554 5176 2606 5229 in
2635 5190 2760 5230 eum
2792 5188 2845 5232 et
2861 5180 3317 5247 subiectionem”

1762 5272 1876 5317 tum
1910 5279 2039 5318 vero
2075 5283 2094 5316 ι
2134 5280 2473 5322 ascensuros.
2497 5285 2595 5325 nos
2634 5273 2700 5325 ad
2745 5272 3065 5342 perfectum,
3097 5283 3151 5327 et
3202 5275 3319 5329 fore

1759 5354 2058 5423 perfectum
2090 5370 2225 5424 opus
2251 5358 2366 5411 Dei.
2402 5357 2457 5412 Si
2495 5369 2698 5426 autem,
2731 5363 2827 5427 ait,
2858 5376 2962 5416 non
3014 5363 3314 5421 credideris

1758 5445 1827 5509 ei,
1852 5455 1906 5499 ct
1934 5446 2135 5515 fugeris
2158 5464 2350 5503 manus
2378 5450 2515 5519 ejus,
2548 5453 2653 5507 erit
2697 5468 2859 5509 causa
2879 5454 3313 5524 ‘imperfectionis

1757 5535 1905 5601 inte,
1935 5538 2025 5605 qui
2056 5553 2159 5592 non
2187 5540 2439 5606 obedisti,
2464 5543 2555 5596 sed
2585 5558 2688 5598 non
2718 5546 2772 5599 in
2799 5546 2910 5614 illo,
2933 5548 3025 5616 qui
3045 5548 3304 5603 vocavita

1755 5631 1825 5684 At.
1857 5632 1984 5686 illud
2027 5633 2203 5687 meriti
2255 5650 2445 5703 genus,
2474 5646 2525 5692 et
2551 5652 2633 5703 ea,
2664 5655 2786 5708 quae
2828 5640 2955 5697 huic
3004 5644 3309 5700 necessario

1754 5726 2214 5795 prmsnpponitur,
2260 5727 2620 5785 indifferentia
2672 5731 2959 5801 libertatis,
2990 5734 3305 5806 Magdebur-

160 5885 200 5919 “
230 5887 348 5945 Lib.
397 5906 477 5961 tv,
503 5907 621 5968 cap.
648 5894 736 5965 '57,
770 5912 823 5952 η.
853 5897 904 5956 6.
971 5900 1013 5934 ¹⁸
1040 5900 1099 5959 C.
1135 5903 1220 5973 58,
1250 5922 1305 5962 η.
1340 5907 1386 5962 Ι.
1463 5910 1505 5943 ¹⁶
1538 5907 1698 5972 Ihid.,
1728 5926 1783 5966 η.
1810 5911 1864 5966 5.
