4188 6336
872 413 968 470 57!

1672 403 2260 465 DlSSERTATlONES
2287 401 2586 458 Pﬂr‘EVlAﬁ
2621 401 2686 456 IN
2719 399 2977 456 ΙΒΕΝᾸΖΙ
3011 394 3278 454 LIBROS.

3967 386 4069 444 572

873 531 1130 603 gensibus
1175 545 1298 588 cum
1349 529 1717 601 displicerent,
1768 533 2038 587 struenda:
2086 531 2285 586 lrenmo
2333 544 2422 583 ca-
2451 528 2586 586 Alis
2617 527 2735 582 labe
2780 526 3095 580 maculatos.
3132 522 3373 576 Viderint
3393 533 3522 590 ergo
3563 517 3652 588 qui
3701 523 3807 571 tam
3852 508 4069 567 disertis

875 623 1093 681 lumnia:
1119 626 1332 680 occasio
1354 625 1587 680 fuerunt.

949 717 1072 773 H5.
1119 716 1227 771 Nec
1277 727 1451 772 tamen
1507 717 1694 771 merita
1761 716 2020 770 honorum
2071 729 2290 783 operum
2347 714 2419 766 ita

876 808 1050 866 libero
1076 809 1300 865 arbitrio
1329 809 1566 863 vindicat
1593 808 1652 864 S.
1679 809 1886 872 doctor.
1926 817 1984 862 nt
2017 807 2200 878 gratiae
2229 807 2422 859 divinae

877 900 1252 955 necessitatem
1301 900 1576 954 excludat.
1618 901 1728 955 lme
1782 910 1984 954 tantam
2042 912 2160 951 esse
2219 905 2423 949 natura:

878 994 1129 1045 humanae
1160 1002 1383 1060 peccato
1400 991 1644 1060 originali
1663 992 1863 1046 vitiatze
1881 988 2278 1058 corruptionem
2301 985 2422 1055 jure

874 1081 1073 1137 merito
1122 1083 1420 1148 contendit,
1454 1093 1512 1137 ut
1550 1085 1753 1138 nullum
1810 1085 1933 1139 boni
1980 1082 2158 1151 operis
2191 1082 2420 1134 fructum

875 1186 1103 1242 usquam
1129 1174 1345 1229 editura
1365 1177 1455 1242 sit,
1482 1176 1583 1230 nisi
1618 1175 1816 1230 Christi
1845 1175 2016 1246 gratia
2039 1183 2259 1228 sanetur
2282 1180 2334 1225 et
2355 1172 2422 1223 ad

875 1266 1141 1334 agendum
1185 1270 1489 1322 roboretur.
1538 1267 1658 1322 Lib.
1688 1283 1770 1330 ιιι,
1807 1282 1854 1322 c.
1896 1267 1988 1330 22,
2023 1282 2079 1320 n.
2119 1266 2172 1330 4,
2212 1262 2419 1328 scribit,

879 1372 901 1406 ι
939 1355 1106 1410 Evam
1149 1357 1546 1413 inobedientem
1578 1358 1852 1418 factam,et
1908 1358 2032 1419 sibi,
2082 1368 2137 1410 et
2172 1356 2421 1410 universo

876 1448 1061 1516 generi
1117 1447 1351 1504 humano
1380 1465 1597 1505 causam
1629 1450 1827 1504 factam
1858 1464 1976 1505 esse
2008 1449 2218 1511 mortis,
2254 1467 2272 1500 ι
2316 1463 2420 1501 non

876 1539 1188 1608 temporalis
1221 1540 1514 1606 modo,sed
1547 1554 1855 1604 etaeternae,
1877 1551 1937 1595 ut
1964 1556 2028 1595 ex
2063 1545 2234 1594 altero
2272 1554 2420 1594 com-

876 1629 1181 1698 parationis
1220 1630 1476 1702 'membro
1512 1633 1799 1703 perspicue
1830 1640 1978 1701 patet
2011 1649 2023 1684 :
2080 1650 2098 1681 ι
2137 1630 2358 1684 Mariam
2397 1647 2416 1678 ι

876 1729 1054 1776 autem
1115 1739 1135 1774 ι
1169 1722 1534 1789 obedientem,
1569 1735 1623 1780 et
1662 1723 1792 1789 sibi,
1849 1731 1904 1777 et
1939 1722 2191 1776 universo
2239 1721 2421 1790 generi

877 1813 1114 1869 humano
1141 1829 1365 1869 causam
1397 1816 1594 1870 factam
1616 1829 1735 1870 esse
1768 1814 2006 1869 salutis.»
2028 1813 2190 1866 Addit
2212 1822 2420 1882 postea,

877 1904 1020 1970 quod
1059 1923 1076 1955 ι
1109 1905 1496 1975 primogenitus
1523 1915 1855 1961 mortuorum
1877 1915 2034 1958 natus
2062 1905 2340 1967 Dominus,
2371 1913 2425 1958 et

878 1994 932 2048 in
965 1995 1140 2050 sinum
1181 1984 1347 2051 suum‘
1369 1998 1634 2065 recipiens
1671 1997 1928 2066 pristinos
1951 2004 2166 2064 patres,
2201 2008 2425 2063 regene-

879 2084 1022 2139 ravit
1047 2100 1143 2142 eos
1176 2088 1228 2142 in
1262 2088 1428 2141 vitam
1473 2087 1592 2152 Dei,
1618 2088 1731 2156 ipse
1769 2087 1977 2141 initium
2021 2087 2311 2140 viventium
2346 2085 2425 2137 fa-

879 2182 1019 2238 ctus,
1040 2176 1290 2243 quoniam
1311 2176 1477 2231 Adam
1497 2175 1707 2230 initium
1734 2177 2074 2230 morientium
2096 2177 2270 2231 factus
2291 2186 2421 2232 est.»

880 2264 1014 2320 Tum
1058 2268 1148 2323 lib.
1181 2283 1234 2335 v,
1277 2284 1329 2325 c.
1364 2272 1417 2335 1,
1456 2287 1510 2325 ιι.
1543 2274 1597 2338 5,
1642 2273 1833 2338 docet,
1871 2292 1891 2326 ι
1932 2274 2143 2328 Patrem
2187 2274 2425 2327 omnium

877 2371 1162 2428 operatum
1219 2377 1338 2417 esse
1382 2364 1806 2420 incarnationem
1850 2366 1970 2420 Filii
2021 2367 2123 2431 sui,
2156 2377 2204 2421 et
2235 2384 2425 2423 novam

880 2453 1180 2509 ostendisse
1211 2457 1615 2524 generationem
1661 2473 1675 2511 :
1729 2459 1804 2511 uti
1855 2462 2302 2522 quemadmodum
2334 2476 2429 2529 per

880 2541 1118 2608 priorem
1154 2548 1555 2613 generationem
1589 2559 1815 2603 mortem
1851 2550 2315 2612 luereditavimus,
2352 2553 2430 2606 sic

881 2644 979 2700 per
1036 2637 1443 2703 generationem
1496 2639 1636 2693 hanc
1680 2639 2125 2696 haaredilaremus
2178 2643 2362 2696 vitam.
2406 2663 2424 2694 ι

880 2720 1032 2788 Quod
1070 2733 1126 2780 et
1168 2726 1219 2782 in
1265 2727 1374 2784 fine
1401 2731 1594 2799 capitis
1634 2733 1850 2801 repetit.
1876 2734 1940 2788 Et
1967 2749 2084 2802 cap.
2114 2735 2202 2800 14,
2231 2751 2286 2788 n.
2317 2736 2367 2798 1,
2394 2736 2430 2789 2

879 2824 934 2869 et
958 2816 1015 2882 5,
1042 2817 1317 2874 Christum
1350 2823 1628 2878 Dominum
1666 2842 1685 2877 ι
1717 2825 1957 2881 salvasse
1988 2827 2039 2880 in
2062 2829 2350 2897 semetipso
2376 2828 2428 2882 in

880 2907 990 2965 ﬁne
1024 2909 1155 2965 illud
1185 2914 1330 2982 quod
1357 2915 1594 2982 perierat
1639 2915 1689 2969 in
1725 2916 1988 2986 principio
2030 2917 2081 2970 in
2120 2918 2306 2972 Adam.
2330 2919 2429 2974 Ju-

881 3006 1022 3054 stam
1052 3015 1269 3057 carnem
1317 3004 1750 3061 reconciliavisse
1787 3022 1903 3062 eam
1936 3024 2189 3074 carnem,
2223 3027 2341 3080 quae
2376 3014 2428 3067 in

883 3101 1107 3161 peccato
1160 3092 1518 3162 detinebatur,
1576 3105 1630 3150 et
1690 3098 1745 3150 in
1807 3099 2097 3153 amicitiam
2147 3103 2430 3158 adduxisse

883 3183 1013 3237 Deo.
1052 3201 1072 3237 ι
1121 3180 1227 3238 Per
1257 3182 1528 3239 Christum
1564 3204 1583 3238 ι
1620 3188 2025 3243 reconciliatum
2071 3190 2238 3246 fuisse
2295 3193 2419 3256 Deo,
2451 3209 2494 3266 α

882 3274 1025 3346 quod
1047 3291 1141 3346 per
1158 3277 1637 3345 transgressionem
1670 3276 1871 3333 factum
1895 3277 2072 3334 fuerat
2097 3282 2425 3340 inimicum.»

882 3368 1090 3435 Quibus
1134 3372 1384 3427 omnibus
1448 3375 1660 3442 gemina
1719 3382 1844 3429 sunt
1897 3391 2017 3445 quas
2070 3377 2286 3446 scribit,
2318 3387 2432 3434 tum

884 3459 980 3514 lib.
1004 3477 1080 3525 iv,
1117 3476 1172 3517 c.
1207 3462 1262 3528 2,
1287 3479 1343 3517 n.
1377 3464 1410 3518 '7
1439 3483 1451 3519 :
1489 3483 1508 3517 ι
1543 3465 1658 3522 Νοη
1691 3466 1846 3520 aliter
1870 3469 2066 3534 salvari
2099 3473 2343 3527 homines
2369 3473 2436 3528 ab

885 3552 1108 3622 antiqua
1154 3555 1425 3624 serpentis
1474 3555 1649 3626 plaga,
1692 3558 1792 3611 nisi
1833 3559 2052 3612 credant
2089 3562 2138 3615 in
2171 3577 2315 3624 eum,
2343 3563 2433 3630 qui

886 3643 1182 3699 secundum
1242 3645 1646 3701 similitudinem
1696 3650 1878 3704 carnis
1929 3653 2137 3720 peccati
2187 3654 2238 3705 in
2292 3652 2435 3720 ligno

877 3733 1136 3804 imartyrii
1168 3733 1446 3791 etaltatur
1470 3751 1497 3789 a
1525 3746 1688 3802 terra,
1715 3748 1763 3792 et
1795 3741 1971 3794 omnia
1997 3742 2160 3795 trahit
2185 3743 2249 3796 ad
2281 3757 2358 3805 se,
2383 3750 2435 3795 et

880 3825 1132 3880 'uviﬁcat
1184 3835 1464 3881 mortuos:
1497 3845 1516 3878 ι
1545 3836 1661 3887 tum
1696 3845 1814 3897 qua:
1848 3830 1941 3888 lib.
1973 3847 2025 3896 v,
2059 3846 2108 3886 ο.
2163 3832 2251 3897 16,
2284 3850 2338 3886 n.
2378 3834 2434 3899 2,

887 3923 985 3980 ait,
1024 3934 1042 3969 ι
1073 3916 1240 3972 Deum
1274 3917 1325 3972 in
1358 3918 1531 3988 primo
1562 3920 1775 3988 quidem
1797 3923 1967 3976 Adam
1993 3939 2092 3977 nos
2126 3925 2436 3988 offendisse,

889 4024 995 4065 non
1022 4007 1287 4066 facientes
1323 4011 1438 4079 ejus
1481 4022 1839 4082 prmceptum;
1882 4015 1932 4068 in
1967 4019 2202 4074 secundo
2258 4031 2436 4074 autem

888 4102 1059 4156 Adam
1093 4103 1470 4159 reconciliatos
1499 4119 1595 4159 nos
1620 4104 1803 4170 fuisse,
1836 4107 2147 4163 obedientes
2168 4126 2343 4179 .usqne
2371 4113 2437 4166 ad

891 4204 1115 4250 mortem
1154 4195 1343 4250 factos.
1382 4195 1564 4265 Neque
1593 4197 1738 4251 enim
1781 4197 1936 4253 alteri
1972 4201 2182 4254 cuidam
2221 4218 2438 4258 eramus

890 4289 1181 4353 debitores,
1215 4289 1308 4342 sed
1340 4288 1418 4342 illi
1467 4288 1618 4358 cujus
1652 4299 1705 4345 et
1747 4301 2070 4360 praeceptum
2115 4295 2436 4364 transgressi

890 4379 1170 4437 fueramus
1195 4383 1263 4437 ab
1287 4381 1460 4447 initio;
1485 4401 1504 4434 ι
1571 4391 1684 4436 tum
1702 4397 1821 4452 cap.
1851 4384 1938 4451 54,
1970 4400 2026 4440 ιι.
2056 4386 2112 4447 2,
2155 4404 2173 4436 ‹
2215 4402 2436 4455 percus-

887 4489 1008 4530 sum
1028 4488 1147 4529 esse
1173 4474 1442 4529 hominem
1477 4475 1629 4529 initio
1673 4476 1723 4529 in
1751 4476 1922 4531 Adam
1963 4477 2383 4542 inobedientem;
2413 4499 2431 4532 ι

2524 618 2709 672 lrenaei
2742 616 3062 672 testimoniis
3113 615 3220 667 vim
3263 621 3504 683 apertam
3547 607 3858 668 inferentes,
3885 618 3949 658 ea
3992 601 4068 654 sic

2528 708 2748 763 cludere
2787 707 3024 768 student,
3059 714 3117 757 ut
3157 704 3413 756 lrenaeum
3448 700 3686 766 aliosque
3735 697 3894 750 trium
3923 692 4072 761 prio-

2524 816 2639 854 rum
2671 798 2984 854 sazculorum
3017 796 3201 850 Patres
3249 794 3560 848 meminisse
3601 791 3819 858 quidem
3863 783 4067 856 peccati

2522 890 2804 958 originalis
2854 888 3281 958 paeuarum,sed
3326 899 3427 938 non
3482 883 3720 952 ejusdem
3775 889 3957 934 reatus
4017 887 4070 928 et

2523 980 2925 1048 culpmdemere
2950 978 3309 1040 contendant;
3344 975 3579 1028 viderint
3631 986 3696 1024 an
3731 969 3931 1023 clarius
3984 965 4068 1018 vel

2521 1069 2588 1122 ab
2612 1070 2727 1136 ipso
2756 1069 3058 1137 Augustino
3089 1068 3256 1121 asseri
3288 1067 3553 1134 potuisset
3596 1061 3800 1129 peccati
3832 1058 4070 1129 origina-

2521 1161 2587 1215 lis
2611 1170 2795 1214 reatus
2825 1170 2878 1213 et
2912 1159 3143 1213 macula.
3173 1157 3312 1224 Quid
3337 1157 3477 1226 quod
3519 1154 3658 1208 idem
3685 1151 3918 1206 lrenaeus
3947 1148 4072 1201 hinc

2522 1268 2644 1308 cum
2674 1252 2972 1320 Augustino
3005 1249 3313 1314 concludat,
3348 1247 3671 1316 baptismum
3704 1241 3950 1296 omnibus
3977 1239 4073 1293 he—

2521 1342 2774 1406 minibus,
2795 1354 2848 1396 et
2880 1341 3009 1409 ipsis
3037 1339 3279 1409 parvulis
3301 1348 3356 1392 et
3378 1335 3677 1390 infantibus
3706 1328 4072 1385 necessarium

2521 1450 2660 1498 esse,
2685 1445 2742 1488 ut
2761 1449 2853 1503 per
2877 1448 2999 1486 eum
3032 1431 3257 1501 regeniti
3285 1429 3524 1498 pristinae
3548 1423 3916 1498 generationis
3946 1437 4074 1476 sor-

2521 1529 2614 1582 des
2643 1525 2898 1580 abluant?
2927 1543 2945 1576 ι
2987 1523 3209 1587 Omnes,
3242 1525 3314 1575 ait
3358 1522 3448 1575 lib.
3480 1537 3540 1584 ll,
3574 1535 3623 1575 ς.
3646 1518 3736 1580 22,
3774 1516 3924 1570 venit
3977 1528 4076 1583 per

2520 1621 2866 1687 semetipsum
2894 1617 3100 1672 salvare
3128 1617 3377 1671 Christus
3418 1631 3433 1667 :
3467 1628 3677 1673 onmes,
3706 1611 3948 1688 inquam,
3984 1607 4075 1672 qui

2521 1729 2615 1785 per
2646 1729 2768 1766 eum
2797 1718 3154 1765 renascuntur
3181 1708 3232 1761 in
3268 1707 3455 1770 Deum,
3485 1689 3740 1769 infantes,
3764 1711 3817 1756 et
3869 1714 4075 1770 parvu-

2525 1806 2627 1869 los,
2650 1814 2704 1858 et
2746 1817 2964 1873 pueros.
2995 1810 3050 1855 et
3094 1800 3342 1868 juvenes,
3376 1807 3429 1852 et
3470 1795 3727 1851 seniores.
3755 1813 3774 1846 ι
3800 1793 3863 1846 Et
3896 1792 3995 1846 lib.
4022 1806 4075 1853 v,

2453 1867 2499 1926 Β
2529 1912 2577 1950 c.
2616 1867 2708 1958 l5,
2819 1894 2889 1947 ’ὅτ
2929 1911 2946 1943 ι
2969 1890 3034 1945 Et
3067 1889 3317 1959 quoniam
3338 1889 3400 1941 in
3434 1887 3518 1940 illa
3546 1885 3922 1955 plasmatione,
3953 1895 4078 1949 qua

2526 1983 2817 2039 secundum
2871 1983 3040 2036 Adam
3073 1979 3197 2043 fuit,
3232 1979 3285 2033 in
3314 1976 3740 2046 transgressione
3771 1973 3945 2028 factus
3979 1974 4078 2027 he-

2527 2092 2636 2138 mo,
2693 2074 2969 2141 indigebat
3021 2071 3235 2124 lavacro
3276 2066 3737 2138 regenerationis;
3787 2075 4077 2135 postquam

2527 2170 2702 2224 linivit
2759 2168 3051 2237 (Christus)
3097 2167 3266 2219 lutum
3315 2179 3475 2233 super
3527 2162 3713 2218 oculos
3763 2161 3880 2229 ejus
3928 2159 4077 2228 (croci

2528 2261 2662 2331 nati)
2687 2260 2821 2313 dixit
2855 2259 2901 2312 ei
2930 2275 2943 2313 :
2982 2256 3119 2310 Vade
3145 2257 3199 2308 in
3227 2254 3447 2320 Siloam,
3466 2263 3512 2308 et
3547 2253 3725 2307 lavare
3747 2249 3994 2315 “‘,simul
4028 2261 4082 2304 et

2529 2351 2961 2423 plasmationem,
3003 2358 3057 2404 et
3099 2362 3254 2410 eam,
3306 2361 3424 2414 quae
3478 2353 3560 2400 est
3618 2359 3711 2411 per
3777 2343 4078 2404 lavacrum,

2529 2444 2992 2516 regenerationem
3017 2441 3306 2495 restituens
3339 2439 3407 2492 ei.
3448 2436 3510 2491 Et
3544 2443 3766 2504 propter
3793 2433 3896 2487 hoc
3941 2432 4081 2485 lotus

2529 2542 2677 2594 venit
2705 2539 2918 2604 videns,
2942 2547 3001 2589 ut
3022 2544 3078 2590 et
3109 2549 3266 2588 suum
3289 2537 3641 2601 cognosceret
3665 2529 4080 2598 plasmatorem,

2529 2642 2583 2688 et
2625 2633 2857 2685 disceret
2893 2630 3052 2683 homo
3076 2641 3222 2689 emn,
3250 2625 3338 2693 qui
3374 2622 3592 2675 donavit
3627 2619 3674 2673 ei
3703 2618 3893 2670 vitam.
3930 2634 3949 2668 ι
3992 2615 4082 2667 Di-

2531 2735 2675 2780 serta
2705 2731 2878 2778 estea
2928 2720 3068 2774 ratio
3098 2735 3112 2773 :
3141 2716 3350 2783 lndiget
3390 2714 3605 2767 lavacro
3655 2705 4084 2780 regenerationis

2531 2819 2710 2876 homo,
2744 2813 2869 2882 quia
2911 2811 2963 2864 in
3020 2807 3454 2877 transgressione
3501 2803 3678 2858 factus
3711 2817 3808 2856 seu
3869 2799 4085 2868 genitus

2530 2917 2634 2964 est.
2664 2905 2743 2959 Ad
2770 2905 2821 2959 id
2849 2917 2978 2971 ergo
3008 2899 3371 2955 necessarium
3396 2910 3516 2952 esse
3545 2894 3873 2964 baptismum
3897 2891 4085 2945 existi-

2531 3000 2698 3053 mavit
2725 2997 2980 3057 lrenmus,
3013 3002 3073 3048 ut
3105 3007 3199 3061 per
3224 3005 3345 3045 eum
3367 2989 3627 3042 liberetur
3657 2986 3819 3040 homo
3846 2999 3875 3036 a
3903 2991 4086 3036 trans-

2533 3089 2824 3161 gressionis
2853 3097 3025 3148 reatu,
3054 3098 3211 3154 quem
3242 3083 3294 3136 in
3321 3080 3489 3134 Adam
3515 3076 3810 3132 contraxit.

2594 3178 2796 3255 [CLIX]
2829 3177 2944 3230 116.
2975 3175 3322 3241 Consequens
3348 3179 3486 3234 erat,
3520 3178 3581 3221 ut
3612 3166 3700 3234 qui
3726 3163 4007 3219 hominem
4031 3163 4082 3216 in

2532 3254 2736 3331 Adame
2754 3282 3046 3333 mortuum,
3064 3268 3277 3321 miserae
3292 3263 3561 3317 addictum
3581 3254 4089 3321 servituti,vinculis

2533 3367 2914 3428 constrictum,
2953 3377 3016 3417 ac
3046 3358 3239 3415 lethali
3291 3356 3519 3410 vulnere
3571 3352 3872 3406 sauciatum
3913 3363 4088 3418 agno-

2532 3465 2702 3525 verat,
2763 3457 2953 3526 gratias
3006 3453 3218 3512 divinae,
3269 3463 3430 3518 quam
3478 3460 3571 3514 per
3608 3443 3809 3498 Christi
3870 3441 4089 3494 redem-

2533 3551 2725 3620 ptoris,
2757 3563 2823 3603 ac
2868 3545 3173 3599 liberatoris
3207 3540 3374 3596 nostri
3416 3536 3606 3591 merita
3646 3533 3800 3587 nobis
3831 3531 4083 3599 imperti-

2533 3649 2620 3695 tur
2651 3640 2810 3705 Deus,
2859 3653 2965 3708 qua
3015 3637 3406 3695 iustauremur,
3438 3642 3709 3689 sanentur,
3744 3635 3798 3679 et
3843 3624 3911 3677 ad
3941 3621 4087 3676 obti-

2535 3731 2765 3785 neudam
2790 3742 2886 3799 per
2918 3729 3055 3782 bona
3087 3739 3249 3794 epera
3277 3723 3442 3777 vitam
3490 3729 3746 3774 aaternam
3801 3715 3951 3767 vires
4001 3727 4090 3766 ca.

2534 3824 2767 3892 planius,
2800 3819 3176 3874 necessitatem
3221 3814 3469 3877 sentiret,
3494 3809 3944 3880 pnedicaretque.
3985 3803 4088 3856 Ea-

2535 3923 2754 3983 propter
2787 3913 2944 3964 toties
2977 3907 3235 3974 asserit”
3284 3903 3644 3958 necessariam
3703 3898 3870 3952 fuisse
3918 3894 4089 3949 Verbi

2538 4007 2700 4062 divini
2726 4004 3176 4064 incarnationem,
3206 4017 3223 4050 ‹
3258 4009 3315 4051 ιιι
3362 3994 3597 4050 hominis
3625 3993 3904 4061 antiquam
3939 3989 4093 4058 plas-

2538 4101 2826 4154 mationem
2855 4097 2905 4150 in
2937 4110 2996 4149 se
3030 4092 3432 4162 recapitularet,
3462 4087 3739 4141 occideret
3773 4093 4088 4147 peccatum,

2537 4199 2822 4247 evacuaret
2854 4195 3101 4250 mortem,
3162 4193 3216 4237 et
3277 4182 3578 4235 viviﬁcaret
3631 4177 3929 4230 hominem.
3968 4194 3986 4225 ι
4038 4175 4092 4228 ld

2537 4283 2800 4352 siquidem
2831 4279 2942 4342 lex,
2977 4276 3102 4329 licet
3135 4275 3277 4327 bona
3328 4281 3384 4324 et
3436 4267 3768 4338 spiritualis,
3823 4275 4093 4335 przestare

2536 4391 2641 4431 non
2679 4378 2950 4443 potuerat;
2993 4373 3175 4434 utpote
3207 4378 3323 4432 quae
3360 4381 3376 4413 ς
3422 4358 3848 4414 manifestaverit
3881 4366 4110 4409 tantum-

2539 4467 2695 4521 modo
2739 4471 3040 4534 peccatum,
3096 4473 3199 4512 non
3250 4454 3611 4508 interemerit.
3649 4471 3666 4504 ι
3708 4450 3842 4505 Hinc
3908 4459 4097 4503 monet

887 4574 1006 4618 tum
1045 4562 1295 4633 denique,
1313 4578 1382 4618 ne
1403 4563 1610 4633 longior
1639 4564 2005 4632 sim,cap.19,
2030 4567 2127 4621 n.l
2155 4582 2169 4618 :
2193 4585 2210 4617 ι
2237 4564 2436 4632 Quem-
2469 4547 2512 4600 Β
2541 4560 2809 4615 hominem
2841 4555 2901 4617 ³⁸,
2939 4562 2996 4606 ιιι
3029 4572 3046 4603 ι
3099 4558 3389 4620 cognoscat
3433 4545 3778 4614 semetipsum
3829 4544 4094 4612 quoniam

894 4654 1178 4710 admodum
1211 4655 1488 4712 astrictum
1515 4665 1594 4710 est
1629 4657 1786 4709 morti
1822 4672 1991 4726 genus
2027 4657 2316 4712 humanum
2344 4673 2438 4726 per

893 4745 1175 4814 virginem,
1203 4747 1438 4801 salvator
1491 4763 1586 4818 per
1615 4750 1874 4820 virginem
1903 4767 1917 4802 :
1950 4765 2100 4819 aequa
2132 4750 2287 4804 lance
2331 4751 2441 4805 dis-

890 4839 1101 4907 posita,
1132 4838 1410 4907 Virginalis
1441 4839 1798 4894 inobedientia
1833 4856 1928 4910 per
1959 4840 2273 4912 virginalem
2307 4843 2436 4897 obe-v

893 4931 1176 4988 dientiam.
1224 4932 1414 4986 Adhuc
1467 4933 1612 4987 enim
1657 4934 1966 5001 protoplasti
2005 4944 2284 5003 peccaturo
2344 4950 2438 5005 per

893 5021 1285 5091 cerreptionem
1317 5021 1654 5092 primogeniti
1689 5023 2115 5077 emendationem
2144 5024 2437 5094 accipiens,

894 5123 951 5168 et
980 5114 1249 5183 serpentis
1273 5113 1554 5184 prudentia
1587 5115 1794 5170 devicta
1827 5117 1878 5170 in
1902 5117 2161 5172 columba:
2186 5117 2441 5186 simplici.

898 5215 1029 5272 tute,
1056 5206 1286 5262 vinculis
1310 5215 1490 5262 autem
1526 5207 1630 5263 illis
1661 5208 1931 5272 resolutis,
1962 5223 2058 5276 per
2083 5223 2203 5276 qua:
2238 5208 2441 5280 alligati

895 5312 1115 5352 eramus
1165 5299 1350 5354 morti.
1393 5318 1412 5352 ι
1471 5297 1639 5365 Quem
1671 5301 2023 5366 posteriorem
2065 5301 2259 5362 locum,
2291 5311 2351 5355 ut
2390 5310 2444 5356 et

895 5405 1019 5445 eum
1042 5404 1200 5459 quem
1225 5404 1290 5444 ex
1319 5391 1412 5449 lib.
1450 5407 1526 5455 tv,
1559 5407 1608 5447 c.
1649 5392 1734 5455 ll,
1765 5393 1922 5448 modo
1953 5392 2291 5457 adduximus,
2315 5391 2443 5446 alle-

896 5480 1042 5548 gavit
1075 5480 1406 5549 Augustinus
1446 5481 1542 5536 lih.
1580 5498 1594 5536 ι
1667 5493 1813 5537 cont.
1856 5481 2139 5547 Julian,c.
2185 5483 2243 5547 5,
2272 5490 2331 5535 ιιι
2377 5498 2440 5537 ex

897 5571 1169 5624 constanti
1208 5569 1427 5625 Patrum
1463 5572 1748 5627 traditione
1792 5573 2042 5642 probaret
2070 5583 2257 5627 contra
2288 5571 2442 5626 Pela-

898 5659 1105 5730 gianos,
1132 5661 1281 5717 nasci
1312 5676 1502 5718 omnes
1530 5663 1658 5718 Adae
1694 5673 1938 5734 posteros
1962 5665 2169 5733 peccati
2197 5663 2436 5733 origiuan

970 5839 1038 5875 u-
1073 5839 1208 5899 ποθι,
1266 5857 1340 5909 Ιχ.
1377 5842 1459 5898 η,
1543 5843 1581 5876 ³⁷
1621 5842 1785 5911 Iren.,
1820 5841 1911 5898 lib.
1944 5859 2026 5911 lli,
2054 5842 2218 5908 c.18,
2249 5858 2300 5898 tt.
2329 5842 2378 5898 7.

2539 4649 2784 4706 mortalis
2811 4655 2865 4701 et
2895 4644 3141 4698 infirmus
3166 4649 3266 4704 est;
3301 4657 3318 4691 ι
3363 4645 3416 4690 et
3449 4637 3590 4706 quod
3629 4654 3646 4685 ι
3698 4636 3870 4705 gloria
3918 4634 4096 4688 horni-

2541 4745 2642 4807 nis,
2696 4740 2869 4803 Deus;
2924 4732 3288 4803 operationis-
3319 4727 3432 4798 (sic
3484 4725 3635 4797 lego)
3687 4741 3816 4779 vero
3877 4724 4000 4789 Dei,
4045 4732 4098 4778 et

2539 4832 2715 4888 omnis
2767 4828 3040 4896 sapientia:
3099 4823 3234 4891 ejus.
3288 4828 3346 4874 et
3394 4819 3611 4872 virtutis
3663 4817 4094 4886 receptaculum,

2539 4927 2722 4980 homo.
2750 4915 3234 4986 Quemadmodum,
3267 4911 3436 4977 addit,
3472 4911 3715 4965 medicus
3769 4911 3821 4963 in
3859 4909 3973 4974 his,
4007 4909 4095 4977 qui

2539 5021 2825 5085 :egrotant,
2854 5008 3137 5080 probatur;
3167 5005 3245 5060 sic
3280 5014 3332 5059 et
3361 5005 3500 5057 Deus
3535 5003 3587 5056 in
3624 5000 3940 5056 hominibus
3980 5018 4097 5055 ma-

2541 5107 2852 5169 nifestatur.
2882 5102 3222 5170 Quapropter
3249 5106 3303 5151 et
3331 5095 3534 5150 Paulus
3585 5095 3661 5148 ait
3684 5095 3724 5127 ¹⁹
3763 5112 3778 5147 :
3820 5091 4096 5147 Conclusit

2540 5208 2712 5254 autem
2739 5195 2877 5249 Deus
2919 5192 3097 5248 omnia
3146 5191 3198 5243 in
3222 5187 3605 5250 incredulitate,
3634 5199 3688 5239 ut
3729 5187 3964 5240 omnium
4001 5188 4098 5241 mi-

2541 5302 2791 5354 sereatur,
2833 5301 2936 5341 non
2962 5285 3027 5339 de
3057 5279 3430 5352 spiritualibus
3451 5278 3717 5334 Eonibus
3749 5277 3940 5332 dicens
3972 5279 4096 5342 hoc,

2543 5380 2638 5435 sed
2662 5379 2728 5434 de
2760 5378 3000 5443 homine,
3033 5376 3122 5443 qni
3152 5373 3251 5427 fuit
3287 5372 3605 5426 inobediens
3651 5369 3786 5432 Deo,
3815 5383 3871 5426 et
3909 5371 4095 5440 proje-

2548 5481 2669 5527 ctus
2696 5471 2761 5524 de
2789 5468 3213 5531 immortalitate,
3239 5464 3432 5518 dehinc
3477 5460 3908 5518 misericordiam
3965 5476 4095 5517 Con-

2545 5570 2764 5625 secutus
2796 5569 2900 5629 est,
2933 5575 3026 5631 per
3059 5558 3258 5614 Filium
3279 5556 3371 5612 Dei
3392 5569 3532 5618 eam,
3557 5565 3776 5624 quaeest
3801 5553 3868 5608 ad
3895 5554 4094 5624 ipsum,

2544 5655 2852 5730 percipiens
2881 5651 3246 5723 adeptionem.
3331 5646 3468 5702 Hinc
3492 5646 3826 5703 infirmitatis
3846 5646 4094 5704 humanae

2471 5841 2512 5877 ⁸⁸
2540 5838 2698 5913 Ibid.,
2727 5854 2844 5906 cap.
2877 5837 2967 5907 20,
2999 5852 3052 5894 ιι.
3085 5834 3138 5893 2.
3212 5835 3253 5868 "
3283 5831 3438 5892 Rom.
3466 5846 3542 5894 xi.
3580 5829 3668 5887 52.
