4188 6336
231 374 332 436 373

1170 374 1627 434 DlSSERTATlO
1665 375 1750 442 lll,
1785 377 1871 431 DE
1906 375 2154 433 [BEN/El
2192 375 2549 432 DOCTRINA.

3338 374 3445 432 574

221 495 464 548 ουιιςεὶιιε
514 493 694 560 docet,
731 494 1015 549 Dominum
1064 510 1184 551 esse
1237 514 1256 547 ι
1291 497 1382 564 qui
1429 497 1604 550 salvat
1659 515 1775 552 nos.
1813 509 1854 561 Α
1891 500 2051 552 homo
2081 499 2172 550 fiat
2209 494 2462 566 l’atrl..In
2495 493 2785 563 przeteritis
2808 492 2950 546 enim
2979 493 3332 562 temporibus,
3359 495 3441 546 di-

223 586 284 640 Et
308 595 525 656 propter
541 587 662 651 hoc,
683 586 857 656 inquit
879 589 944 651 ὀ,
972 587 1175 641 Paulus
1197 588 1572 644 infirmitatem
1596 591 1773 644 homio

223 681 301 730 nis
321 675 675 741 annuntians,
705 677 782 730 ait
805 678 847 707 ²¹
874 697 886 732 :
911 677 1072 732 Miser
1097 695 1192 750 ego
1207 679 1518 750 homo,quis
1545 697 1624 733 me
1649 680 1778 734 fibe-

223 767 348 820 rabit
381 768 445 820 de
467 783 688 836 corpore
714 771 892 821 mortis
919 769 1074 837 hujus
1100 772 1124 825 ?
1156 771 1357 825 Deinde
1386 770 1555 826 infert
1583 772 1778 826 libera-

227 869 388 911 torem
433 877 446 912 :
479 857 667 913 Gratia
703 859 832 913 Jesu
856 859 1052 913 Christi
1089 860 1301 914 Domini
1343 863 1598 918 nostri....
1639 863 1772 930 Hoc,

218 951 468 1017 quoniam
501 967 607 1005 non
636 967 666 1005 a
692 952 869 1016 nobis,
897 952 990 1004 sed
1015 966 1043 1003 a
1101 951 1192 1005 Dei
1241 952 1553 1020 adjumento
1586 953 1776 1008 habui-

218 1056 331 1096 mus
356 1043 580 1096 salvari.
609 1062 626 1095 ο
656 1042 795 1097 liinc
819 1042 1049 1112 denique
1076 1045 1231 1099 docet
1253 1046 1478 1100 missum
1506 1063 1532 1098 a
1557 1046 1777 1104 Christo

218 1135 477 1202 Spiritum
512 1147 755 1191 sanctum
784 1141 850 1204 ",
889 1157 907 1190 ι
944 1140 1034 1208 qui
1069 1154 1170 1193 nos
1201 1148 1420 1206 aptaret
1458 1137 1586 1193 Deo.
1622 1138 1779 1195 Sicut

215 1225 353 1278 enim
384 1225 451 1279 de
477 1226 640 1280 arido
687 1228 868 1281 tritico
920 1244 1101 1284 massa
1132 1244 1239 1283 una
1289 1227 1407 1284 fieri
1439 1243 1543 1282 non
1603 1238 1780 1299 potest

218 1315 329 1372 sine
361 1318 613 1380 humore.
653 1335 826 1387 neque
855 1336 995 1375 unus
1040 1321 1232 1390 panis:
1269 1320 1342 1374 ita
1376 1336 1475 1377 nec
1501 1336 1598 1377 nos
1627 1322 1776 1377 multi

217 1423 378 1461 unum
406 1409 524 1462 fieri
559 1410 611 1462 in
645 1409 864 1463 Christo
906 1408 1032 1464 Jesu
1081 1421 1417 1478 poteramus,
1471 1413 1590 1466 sine
1615 1426 1776 1480 aqua,

215 1515 328 1567 quae
353 1500 422 1553 de
455 1501 596 1555 coelo
623 1511 728 1556 est.
763 1502 826 1554 Et
858 1503 992 1557 sicut
1023 1505 1170 1558 arida
1206 1515 1373 1568 terra,
1402 1504 1445 1559 si
1474 1519 1579 1558 non
1608 1505 1782 1573 perci-

215 1590 319 1659 piat
350 1591 662 1654 humorem,
699 1609 806 1647 non
842 1593 1166 1661 fructificat;
1213 1595 1293 1650 sic
1322 1605 1375 1650 et
1401 1609 1524 1659 nos,
1569 1595 1774 1665 lignum

216 1681 422 1734 aridum
458 1683 790 1738 cxsistentes
841 1685 1097 1751 primum,
1152 1699 1427 1754 nunquam
1473 1684 1778 1740 fructifica-

217 1783 408 1826 remus‘
432 1777 627 1839 vitam,
658 1774 776 1828 sine
799 1790 1032 1844 superna
1068 1777 1373 1832 voluntaria
1405 1777 1606 1847 pluvia.
1640 1778 1778 1834 Cor-

215 1879 340 1933 pora
369 1866 520 1919 enim
557 1875 743 1920 nostra
771 1883 868 1935 per
908 1868 1184 1924 lavacrum
1219 1871 1388 1936 illam,
1439 1886 1559 1939 qua:
1591 1881 1675 1925 est
1704 1872 1768 1925 ad

213 1955 695 2026 incorruptionem,
721 1959 981 2013 unitatem
1004 1974 1352 2031 acceperunt;
1376 1965 1569 2018 anima:
1593 1973 1772 2018 autem

213 2061 303 2116 per
351 2047 642 2116 Spiritum.
713 2047 863 2104 Unde
914 2059 969 2104 et
1015 2060 1241 2118 utraque
1287 2054 1618 2127 necessaria,
1650 2071 1772 2108 cum

215 2150 445 2209 utraque
474 2140 765 2209 proficiunt
793 2140 844 2194 in
876 2141 1044 2201 vitam
1076 2143 1189 2203 Dei,
1226 2145 1519 2200 miserante
1550 2147 1774 2202 Domino

214 2243 419 2296 nostao,
463 2249 484 2282 ι
521 2241 627 2285 etc.
661 2231 726 2285 Et
769 2242 958 2301 postea
985 2235 1068 2288 "z
1107 2252 1126 2285 ι
1157 2233 1499 2305 Quapropter
1528 2253 1775 2293 necessa—

216 2325 324 2378 rius
351 2324 507 2377 nobis
541 2333 627 2378 est
659 2339 746 2378 ros
777 2325 892 2392 Dei,
919 2335 975 2378 ut
1008 2343 1114 2380 non
1142 2331 1547 2395 coxnburamnr,
1597 2347 1774 2401 neque

212 2415 529 2469 infructuosi
550 2414 864 2479 efﬁciamur,
893 2426 946 2470 et
980 2419 1068 2472 ubi
1097 2429 1466 2474 accusatorem
1493 2424 1772 2490 habemus,

212 2505 316 2560 illic
367 2507 668 2560 habeamus
699 2517 751 2560 et
777 2508 1107 2576 paracletum
1137 2523 1150 2561 :
1186 2513 1603 2567 commendante
1662 2514 1765 2568 Do-

212 2596 355 2649 mino
386 2596 617 2666 Spiritui
658 2607 849 2651 sancto
871 2613 1029 2652 suum
1056 2599 1357 2664 hominem,
1384 2603 1475 2671 qui
1507 2603 1773 2658 inciderat

213 2688 266 2740 iu
298 2689 563 2757 latrones,
598 2692 683 2745 cui
714 2691 829 2760 ipse
852 2692 1107 2748 misertus
1129 2700 1232 2758 est,
1255 2706 1310 2750 et
1335 2695 1519 2765 ligavit
1548 2697 1770 2750 vulnera

210 2780 346 2847 ejus,
379 2781 518 2835 dans
543 2781 649 2838 duo
703 2783 924 2837 denaria
971 2785 1199 2854 regalia,
1259 2795 1322 2842 ut
1371 2802 1464 2855 per
1509 2789 1772 2858 Spiritum

209 2875 499 2945 imaginem
529 2886 584 2930 et
607 2875 1022 2948 inscriptionem
1057 2881 1235 2938 Patris
1256 2891 1312 2937 et
1339 2881 1463 2937 Filii
1497 2886 1774 2956 accipien-

211 2974 308 3028 tes.
337 2965 730 3024 fructificemus
759 2972 1026 3026 creditum
1056 2975 1211 3029 nobis
1236 2975 1539 3044 denarium,
1587 2979 1772 3033 multi-

205 3054 462 3124 plicatum
489 3058 714 3115 Domino
752 3074 1192 3120 annumerantes.
1225 3083 1242 3116 ι

1879 590 2109 643 cebatur
2166 590 2382 657 quidem
2411 586 2700 640 secundum
2746 585 3036 655 imaginem
3090 583 3183 638 Dei
3235 583 3436 637 factum

1880 694 2000 733 esse
2034 680 2334 741 hominem,
2396 693 2502 732 non
2544 685 2724 730 autem
2783 675 3212 730 ostendebatur:
3257 691 3274 724 ι
3313 674 3440 741 quia

1880 770 2132 826 videlicet
2155 769 2325 824 oculis
2347 785 2450 823 non
2471 769 2827 822 exhibebatur
2864 769 3038 837 ipsum
3077 767 3436 835 archetypum

1878 873 1935 918 et
1961 862 2270 932 exemplar,
2323 875 2512 929 nempe
2543 857 2782 914 Verbum
2812 860 3056 914 diuinum
3108 858 3286 921 imago
3338 853 3441 908 Pa-

1882 954 2002 1021 tris,
2035 962 2089 1008 et
2139 952 2427 1006 character
2477 951 2793 1005 substantiae
2844 949 2980 1020 ejus,
3028 951 3092 1004 ad
3145 948 3320 1018 cujus,
3377 962 3441 1000 ac

1880 1044 2109 1116 proinde
2158 1045 2227 1099 ad
2285 1043 2456 1112 ipsius
2507 1043 2708 1109 Patris,
2757 1044 3117 1109 imitationem
3195 1038 3442 1094 conditus

1882 1139 2059 1192 fuerat
2093 1137 2276 1200 homo,
2311 1144 2370 1188 ut
2424 1149 2553 1188 mox
2600 1134 2822 1202 exponit
2872 1133 3124 1187 lrenzeus.
3186 1149 3204 1182 ι
3255 1129 3440 1184 Adhuc

1880 1229 2050 1290 enim,
2079 1227 2280 1292 subdit,
2311 1225 2581 1281 invisibile
2631 1233 2748 1278 erat
2780 1221 3041 1288 Verbum,
3063 1221 3215 1292 cujus
3243 1234 3441 1276 secun-

1881 1325 2009 1378 dum
2039 1322 2327 1390 imaginem
2376 1317 2552 1374 factus
2603 1317 2800 1372 fuerat.
2836 1315 3063 1385 Propter
3094 1316 3198 1370 hoc
3255 1322 3436 1367 autem

1880 1424 1933 1469 et
1956 1412 2368 1469 similitudinem
2420 1410 2578 1464 facile
2615 1409 2817 1463 amisit.
2854 1406 3080 1484 Quando
3111 1415 3284 1461 autem
3312 1417 3442 1458 caro

1881 1505 2116 1561 Verbum
2145 1505 2236 1559 Dei
2269 1505 2475 1559 factum
2509 1510 2611 1564 est,
2665 1512 2900 1570 utraque
2957 1497 3332 1561 conﬁrmavit;
3385 1505 3443 1550 et

1882 1597 2173 1666 imaginem
2232 1593 2373 1648 enim
2425 1593 2668 1648 ostendit
2715 1608 2925 1656 verum,
2983 1592 3096 1658 ipse
3152 1589 3253 1642 hoc
3308 1587 3445 1642 tiens

1882 1691 2021 1760 quod
2050 1698 2168 1744 erat
2201 1689 2378 1758 imago
2433 1686 2570 1755 ejus,
2619 1696 2673 1741 et
2732 1684 3142 1740 similitudinem
3201 1682 3442 1736 formans

1883 1782 2140 1845 restituit,
2186 1779 2526 1836 consimilem
2589 1779 2798 1833 faciens
2859 1775 3130 1831 hominem
3184 1773 3442 1828 invisibili

1881 1875 2024 1930 Patri
2059 1889 2155 1944 per
2213 1873 2430 1928 visibile
2477 1869 2737 1926 Verbum.
2781 1889 2799 1922 ι
2839 1870 3003 1940 Cujus
3065 1867 3165 1922 loci
3225 1882 3440 1922 sensum

1879 1969 2293 2039 haudquaquam
2341 1965 2582 2020 "assecuti
2619 1963 3112 2034 Magdeburgenses
3139 1961 3209 2025 “,
3247 1961 3443 2015 misero

1879 2059 2174 2129 implicant.
2212 2057 2282 2112 lit
2314 2057 2458 2112 enim
2491 2055 2682 2110 lreuzci
2709 2053 3076 2109 calumniandi
3123 2067 3309 2106 ansam
3344 2051 3442 2105 ha-

1877 2152 2062 2216 beant,
2097 2149 2302 2218 iingunt
2334 2149 2507 2218 ipsum
2553 2146 2777 2209 dixisse,
2827 2145 2885 2196 1°
2917 2162 2935 2196 ι
2986 2141 3273 2198 Hominem
3332 2159 3442 2196 non

1877 2260 1999 2300 csse
2045 2242 2318 2299 conditum
2355 2241 2422 2294 ad
2455 2239 2745 2308 imaginem
2799 2236 2930 2302 Dei;
2985 2236 3080 2290 sed
3134 2233 3444 2305 oportuisse

1878 2338 1996 2392 ﬁeri
2027 2335 2322 2392 secundum
2353 2331 2643 2402 imaginem
2689 2328 2807 2394 Dei,
2860 2335 3077 2395 accepta
3136 2326 3446 2396 cognitione

1877 2430 2000 2483 boni
2037 2437 2088 2480 et
2117 2412 2266 2481 mali.
2305 2444 2324 2476 ι
2367 2421 2533 2492 Cujus
2557 2420 2778 2491 quidem
2816 2418 3218 2475 criminationis
3253 2420 3443 2470 absur-

1877 2522 2018 2575 ditas
2044 2518 2206 2574 simul
2230 2528 2284 2572 et
2306 2516 2515 2571 falsitas
2549 2514 2630 2567 vel
2663 2529 2728 2567 ex
2757 2528 2820 2568 eo
2850 2513 2984 2580 ipso,
3017 2526 3177 2580 quem
3206 2512 3272 2566 ad
3303 2525 3445 2564 mar-

1876 2613 2051 2681 ginem
2075 2611 2241 2664 citant
2264 2607 2402 2672 loco,
2436 2621 2555 2675 cap.
2580 2605 2832 2660 videlicet
2866 2603 2955 2666 58,
2989 2602 3125 2658 alias
3163 2601 3250 2667 76,
3278 2619 3335 2657 n.
3382 2601 3439 2668 4,

1877 2701 2160 2773 perspicue
2219 2699 2648 2764 demonstratur,
2723 2696 2814 2750 ubi
2875 2695 3080 2750 diserte
3154 2695 3440 2758 asseritur,

1875 2797 2043 2851 Deum
2072 2811 2092 2846 ι
2122 2793 2330 2849 similes
2354 2793 2455 2848 sibi
2481 2806 2590 2847 sua:
2609 2791 2893 2861 potestatis
2915 2790 3165 2844 homines
3188 2789 3438 2852 fecisse,»

1875 2900 1953 2956 et,
1991 2907 2009 2941 ι
2043 2887 2352 2957 oportuisse
2395 2882 2514 2939 fieri
2562 2882 2833 2937 hominem
2891 2881 3194 2936 secundum
3248 2882 3444 2950 imagi-

1875 2997 1998 3038 nem
2027 2991 2083 3036 et
2109 2978 2521 3035 similitudinem
2569 2974 2691 3038 Dei,
2722 2974 3002 3045 agnitione
3049 2984 3278 3044 accepta
3313 2972 3442 3028 boni

1876 3084 1931 3130 et
1958 3071 2118 3138 mali;
2157 3089 2176 3124 ι
2213 3070 2265 3124 id
2293 3080 2400 3134 est,
2446 3078 2509 3122 ut
2548 3066 2665 3136 ipse
2720 3066 2906 3121 eadem
2942 3065 3188 3134 periodo,
3231 3073 3284 3119 et
3326 3073 3442 3118 toto

278 3143 401 3200 H7.
429 3146 584 3213 Quod
625 3149 712 3204 hic
735 3150 866 3205 dicit
891 3151 1152 3219 lrenmus,
1200 3168 1297 3225 per
1333 3155 1591 3226 Spiritum
1637 3160 1770 3213 ima-
1797 3179 1840 3238 ο
1873 3180 1937 3221 eo
1965 3164 2141 3234 capite
2181 3161 2442 3232 explicat,
2474 3159 2788 3229 priusquam
2822 3158 3012 3210 intima
3079 3156 3172 3210 Dei
3206 3155 3442 3221 visione,

208 3235 389 3304 ginem
421 3249 476 3293 et
527 3240 936 3311 inscriptionem
982 3243 1161 3301 Patris
1209 3256 1268 3302 et
1328 3247 1450 3304 Filii
1496 3254 1773 3322 accepisse

207 3341 327 3392 nos,
361 3342 430 3382 ex
459 3327 525 3382 iis
549 3328 724 3384 lucem
760 3332 978 3402 accipit,
1005 3349 1123 3403 quae
1173 3335 1336 3391 habet
1382 3339 1538 3397 initio
1575 3343 1770 3411 capitis

204 3420 504 3486 sequentis,
544 3439 563 3474 ι
596 3421 791 3478 Filium
818 3423 914 3479 Dei
963 3425 1236 3483 hominem
1271 3428 1498 3499 factum,
1551 3432 1766 3504 longam

204 3508 486 3566 hominum
518 3515 915 3583 expositionem
941 3518 994 3572 in
1025 3532 1084 3573 se
1119 3520 1234 3588 ipso
1260 3525 1676 3592 recapitulasse;
1709 3537 1768 3582 ut

202 3603 346 3668 quod
381 3603 786 3684 perdideramus
808 3607 860 3661 in
882 3609 1075 3675 Adam,
1103 3612 1155 3667 id
1185 3625 1288 3679 est,
1322 3618 1614 3671 secundum
1642 3619 1770 3672 ima-

205 3691 384 3758 ginem
417 3705 474 3748 et
521 3698 933 3755 similitudinem
980 3717 1103 3758 esse
1150 3708 1268 3772 Dei,
1319 3709 1496 3764 hocin
1546 3709 1769 3768 Christo

197 3787 326 3845 Jesu
354 3791 739 3861 reciperemus.
777 3813 795 3847 ι
829 3794 884 3849 ld
913 3797 1166 3853 nimirum
1193 3804 1477 3858 constituit
1508 3803 1765 3869 lrcnaaus.

199 3883 345 3950 quod
378 3885 446 3937 ab
491 3884 612 3938 aliis
657 3883 911 3942 Patribus
969 3891 1226 3961 deinceps
1287 3894 1610 3952 afﬁrmatum
1659 3915 1764 3954 non

201 3975 370 4029 semel
401 3975 650 4043 legimus,
682 3980 966 4049 imaginem
991 3993 1044 4036 et
1069 3983 1478 4042 similitudinem
1511 3990 1627 4056 Dei,
1665 3992 1765 4045 ho-

202 4067 330 4122 mini
356 4067 592 4138 primum
619 4071 971 4143 insculptam,
1007 4075 1200 4131 deinde
1229 4093 1358 4134 vero
1407 4084 1614 4149 peccati
1645 4084 1766 4140 labe

199 4159 566 4218 deformatam
599 4173 652 4218 et
682 4177 1016 4235 corruptam,
1056 4183 1086 4221 a
1118 4168 1257 4224 Filio
1289 4170 1382 4225 Dei
1414 4174 1764 4230 instauratam

199 4261 254 4306 et
291 4252 552 4308 refectam
587 4254 775 4324 fuisse;
806 4269 860 4312 et
887 4259 1004 4313 ideo
1033 4275 1176 4323 eum,
1225 4263 1313 4331 qui
1346 4273 1430 4317 est
1458 4265 1634 4337 imago
1663 4267 1765 4321 Pa-

200 4344 324 4412 tris,
358 4354 417 4399 et
447 4347 736 4404 character
765 4353 1083 4408 substantiae
1111 4354 1274 4418 illius,
1331 4371 1552 4412 carnem
1581 4375 1766 4415 susce-

199 4437 366 4505 pisse,
397 4446 455 4490 ut
485 4439 551 4491 ad
581 4442 988 4497 instaurandam
1019 4444 1106 4498 Dei
1145 4445 1371 4515 eiligiem
1406 4448 1579 4515 ipsum
1605 4452 1758 4504 adhi-

1874 3255 2201 3312 immortalis
2225 3264 2280 3308 et
2309 3251 2679 3322 impeccabilis
2723 3252 2879 3304 fieret
2903 3250 3088 3312 homo,
3135 3247 3443 3316 oportuisse

1875 3361 1933 3406 ut
1992 3350 2042 3404 in
2075 3363 2138 3404 eo
2168 3347 2234 3402 ad
2268 3346 2558 3415 imaginem
2585 3354 2640 3398 et
2694 3342 3099 3397 similitudinem
3151 3339 3245 3393 Dei
3306 3355 3442 3394 con-

1871 3444 2116 3506 deretur,
2154 3437 2297 3509 quod
2331 3437 2609 3508 agnitione
2633 3445 2854 3504 accepta
2883 3434 3006 3488 boni
3043 3442 3097 3488 et
3122 3432 3272 3496 mali,
3306 3432 3442 3487 liber

1870 3549 1936 3590 ac
1965 3549 2074 3589 suae
2105 3529 2394 3603 potestatis
2427 3537 2589 3583 esset.
2629 3545 2648 3580 ι
2693 3527 2893 3581 Deinde
2923 3546 2943 3579 ι
2980 3527 3188 3597 fingunt
3231 3543 3249 3576 ι
3285 3541 3340 3580 et
3372 3526 3439 3579 de

1871 3625 2105 3696 imagine
2134 3620 2424 3677 admodum
2456 3616 2756 3690 periculose
2787 3615 3045 3670 lrenzeum
3089 3616 3263 3685 loqui,
3311 3629 3438 3669 cum

1869 3718 2102 3772 afﬁrmat
2129 3715 2258 3769 illud
2284 3713 2509 3777 dictum,
2567 3705 2855 3762 Faciamus
2903 3709 3163 3761 hominem
3189 3708 3272 3760 ad‘
3297 3707 3436 3760 ima-

1869 3816 2038 3884 ginem
2083 3818 2134 3864 et
2179 3805 2580 3862 similitudinem
2609 3802 2935 3866 nostram”,
2984 3801 3317 3870 pertinuisse
3369 3801 3437 3854 ad

1868 3905 2171 3966 Christum,
2204 3899 2296 3970 qui
2325 3907 2477 3952 certo
2518 3904 2765 3965 tempore
2809 3894 2970 3948 homo
3004 3892 3140 3957 fieri,
3176 3892 3434 3960 illamque

1869 3996 2159 4064 imaginem
2190 4000 2578 4062 repracsentare
2615 3985 2886 4041 debuerit.
2922 3985 3060 4038 Ante
3090 3983 3296 4051 lapsqu
3336 3983 3438 4051 igi-

1870 4096 1979 4152 tur,
2016 4086 2287 4140 hominem
2317 4080 2537 4150 quidem
2579 4078 2783 4132 dictum
2819 4089 2939 4131 esse
2968 4074 3258 4144 imaginem
3313 4073 3435 4137 Dei,

1867 4183 1962 4236 sed
1999 4195 2102 4233 non
2134 4189 2444 4240 ostensum;
2486 4174 2610 4243 quia
2645 4171 2815 4226 Filius
2876 4168 2964 4222 Dei
3001 4168 3240 4222 nundutn
3277 4166 3438 4220 homo

1867 4273 2044 4326 factus
2072 4271 2253 4324 fuerit.
2289 4288 2309 4321 ι
2348 4267 2482 4321 Τιιιη
2507 4267 2682 4319 locum
2734 4260 3037 4332 proferunt,
3062 4273 3219 4328 quem
3272 4256 3432 4325 paulo

1867 4374 1995 4420 ante
2020 4364 2364 4417 adduximus.
2402 4359 2564 4428 Atqui
2622 4371 2718 4412 nec
2751 4370 2816 4408 eo
2869 4352 2992 4419 loci,
3048 4366 3149 4405 nec
3213 4350 3422 4416 uspiam

1867 4457 1993 4511 alibi
2027 4455 2218 4510 scribit
2243 4454 2498 4515 lrcnaaus,
2558 4449 2686 4503 illud
2719 4447 2922 4500 dictum
2955 4461 2968 4497 :
3027 4441 3312 4495 Faciamus
3333 4437 3431 4490 Ito-

197 4526 422 4582 heretur
444 4531 800 4602 archetypum
833 4543 888 4589 et
931 4537 1226 4604 exemplar,
1254 4536 1407 4605 cujus
1458 4538 1762 4599 imitatione
1794 4523 1838 4578 Ῑ)
1868 4545 2056 4596 minem
2085 4540 2152 4594 ad
2185 4539 2464 4607 imaginem
2492 4548 2541 4593 et
2567 4535 2965 4593 similitudinem
2995 4541 3228 4588 nostram
3257 4568 3273 4592 ,
3307 4542 3433 4595 pcr-

197 4622 492 4689 pristinum
528 4624 578 4676 in
603 4634 801 4680 statum
834 4642 929 4696 per
955 4630 1145 4684 eadem
1176 4631 1501 4686 lineamenta
1537 4635 1762 4690 reduce-

197 4722 373 4778 retur.
399 4712 511 4769 Hoc
541 4716 853 4783 planissime
878 4719 1110 4786 explicat
1138 4733 1329 4777 auctor
1372 4735 1557 4780 noster
1579 4726 1674 4780 lib.
1704 4741 1757 4791 ν,

194 4818 243 4858 c.
279 4803 372 4871 l6,
399 4820 455 4858 ιι.
486 4805 512 4857 1
541 4815 596 4859 et
642 4805 698 4871 2,
745 4806 833 4862 ubi
865 4808 1016 4871 dicit,
1069 4817 1312 4863 eamdem
1371 4812 1464 4866 Dei
1519 4829 1767 4877 manum,

185 4894 424 4953 Verbum
451 4896 662 4952 scilicet
691 4898 955 4964 divinum,
983 4915 1077 4969 per
1100 4916 1264 4970 quam
1290 4904 1356 4955 ad
1386 4903 1678 4972 imaginem
1709 4914 1761 4958 et

193 4986 614 5041 similitudinem
654 4988 741 5043 Dei
766 4990 966 5045 conditi
998 5007 1209 5060 sumus,
1255 5011 1273 5044 ι
1311 4993 1378 5047 ab
1409 4995 1563 5048 initio
1594 5011 1760 5065 usque

194 5076 249 5132 in
307 5076 468 5132 finem
505 5078 745 5135 formare
795 5096 917 5147 nos,
964 5092 1021 5137 et
1076 5095 1336 5154 coaptare
1388 5085 1441 5140 in
1489 5089 1676 5155 vitam,
1709 5097 1764 5142 et

193 5162 392 5222 adesse
421 5170 672 5238 plasmati
701 5187 822 5239 suo,
874 5183 928 5229 et
970 5176 1234 5245 perficere
1287 5176 1423 5232 illud
1460 5181 1758 5233 secundum

191 5261 491 5330 imaginem
525 5271 581 5316 et
626 5264 1036 5322 similitudinem
1085 5267 1200 5322 Dei.
1237 5266 1387 5323 Tunc
1443 5254 1621 5324 autem
1656 5273 1756 5327 hoc

191 5357 435 5413 Verbum
464 5368 741 5414 ostensum
773 5371 876 5425 est,
916 5383 934 5416 ι
973 5363 1024 5418 id
1059 5373 1139 5418 est
1168 5366 1459 5421 visibiliter
1487 5371 1754 5438 apparuit,

194 5470 212 5500 ι
238 5449 463 5519 quando
488 5451 650 5506 homo
679 5452 909 5510 Verbum
939 5456 1032 5509 Dei
1056 5455 1254 5511 factum
1283 5468 1386 5523 est,
1410 5462 1757 5528 semetipsum

190 5542 424 5608 homini,
455 5553 511 5597 et
538 5544 815 5600 hominem
844 5549 1163 5618 sibimetipsi
1194 5550 1502 5605 assimilans
1531 5570 1543 5604 :
1577 5561 1635 5606 ut
1664 5567 1757 5621 per

190 5648 341 5700 eam,
372 5649 492 5704 quae
537 5645 619 5691 est
657 5636 722 5691 ad
775 5637 969 5692 Filium
1024 5639 1455 5706 similitudinem,
1485 5642 1757 5712 pretiosus

253 5753 304 5784 ³⁸
336 5750 498 5816 lren.,
525 5751 619 5806 lib.
653 5766 734 5814 ιιι,
766 5768 884 5820 cap.
923 5752 1008 5816 18,
1038 5770 1089 5806 n.
1120 5754 1172 5807 5.

186 5823 228 5856 ⁸⁸
263 5823 422 5879 Cant.
450 5838 512 5890 ιι,
540 5837 658 5893 cap.
687 5821 738 5876 ι.
817 5821 1031 5880 "'Gen.
1067 5840 1102 5892 t,
1133 5823 1222 5880 36.

1252 5756 1290 5788 ³¹
1323 5754 1476 5811 Rom.
1511 5773 1603 5823 vn,
1631 5755 1720 5821 Ἡ,
1748 5755 1836 5810 ‘25.

1873 4639 2102 4693 tinuisse
2133 4636 2198 4688 ad
2226 4631 2524 4691 Christum;
2562 4642 2661 4682 nec
2692 4639 2757 4680 eo
2779 4623 2903 4686 loci,
2933 4635 3033 4675 nec
3067 4620 3280 4688 uspiam
3303 4619 3430 4673 alibi

1868 4731 2026 4792 dixit,
2065 4737 2192 4781 ante
2242 4726 2476 4794 lapsum,
2508 4719 2777 4774 hominem
2826 4715 3044 4779 quidem
3076 4714 3279 4768 dictum
3313 4725 3434 4765 esse

1870 4821 2157 4890 imaginem
2185 4817 2301 4880 Dei,
2334 4814 2428 4869 sed
2456 4827 2562 4865 non
2590 4817 2892 4862 ostensum.

1939 4908 2063 4962 118.
2096 4905 2289 4960 Verum
2318 4901 2533 4971 quidem
2565 4905 2665 4961 est,
2695 4895 2983 4960 Irenaeum,
3009 4909 3129 4947 cum
3185 4900 3429 4947 veterum

1871 5017 1976 5055 non
2029 5001 2237 5070 paucis,
2267 4997 2408 5049 inter
2450 4994 2740 5062 imaginem
2770 4990 2864 5044 Dei
2899 4988 2951 5042 in
2985 4986 3224 5050 homine,
3257 5000 3320 5039 ac
3351 4985 3426 5037 si-

1869 5090 2232 5146 militudinem
2264 5084 2609 5147 distinxisse;
2660 5081 2816 5150 quasi
2873 5078 2976 5132 alia
3022 5077 3096 5132 sit
3150 5073 3426 5144 imaginis,

1867 5182 1969 5236 alia
2003 5177 2374 5235 similitudinis
2407 5173 2567 5228 ratio.
2617 5172 2910 5241 Imaginem
2967 5175 3148 5221 autem
3199 5166 3428 5220 collocat

1868 5274 1922 5328 in
1955 5286 2142 5337 carne,
2178 5285 2292 5335 seu,
2330 5276 2389 5322 ut
2418 5266 2562 5335 loqui
2590 5274 2760 5328 amat,
2785 5262 2838 5316 in
2866 5259 3147 5330 plasmate.
3174 5276 3195 5311 ι
3227 5258 3419 5321 Caro,»

1865 5364 2038 5433 inquit
2067 5363 2160 5416 lib.
2199 5377 2252 5424 v,
2283 5375 2333 5416 c.
2366 5358 2422 5421 ϐ,
2455 5375 2506 5411 n.
2560 5357 2610 5424 l,
2667 5365 2748 5409 est
2807 5355 3068 5424 plasmata
3121 5351 3418 5405 secundum

1865 5455 2155 5524 imaginem
2191 5452 2307 5506 Dei.
2346 5471 2363 5502 ι
2417 5450 2480 5504 Et
2520 5460 2701 5518 postea
2736 5466 2750 5503 :
2788 5466 2805 5499 ι
2839 5448 2896 5502 Si
2947 5443 3181 5500 defuerit
3225 5442 3421 5495 animai

1864 5547 2117 5615 Spiritus,
2144 5544 2393 5597 animalis
2414 5551 2497 5596 est
2525 5557 2669 5605 vere,
2693 5542 2783 5611 qui
2812 5549 2893 5595 est
2918 5538 3075 5602 talis;
3100 5549 3154 5589 et
3185 5536 3420 5589 carnalis

1864 5635 2530 5706 derelicws,imperfectus
2560 5635 2685 5701 erit,
2722 5634 3013 5703 imaginem
3058 5629 3272 5701 quidem
3321 5628 3425 5682 ha-

1916 5756 2142 5822 "lren.,
2177 5756 2265 5813 lib.
2294 5773 2374 5820 ιιι,
2420 5771 2537 5829 cap.
2581 5756 2662 5822 l7,
2696 5755 2825 5811 [ιλ.
2905 5756 2950 5789 ³⁸
2977 5755 3048 5811 ιιι.
3094 5755 3248 5819 ibid.,
3280 5770 3333 5807 ιι.
3376 5750 3434 5804 3-
