4188 6336
784 373 893 434 375

1594 365 2187 425 DlSSERTATlONES
2218 362 2520 421 PRIEVUE
2556 364 2621 418 IN
2655 363 2911 419 [BENE]
2945 361 3205 421 LIBROS.

3915 353 4014 412 376

788 502 924 556 beas
963 498 1015 553 in
1053 497 1341 568 plasmate,
1393 491 1802 547 similitudinem
1857 505 1985 545 vero
2032 505 2134 543 non
2198 491 2425 547 assu-A
2457 501 2547 554 ne,
2614 501 2776 555 quam
2823 486 2890 540 ab
2938 486 3175 555 imagine
3236 479 3523 551 distinguit
3573 478 3831 538 lrenmus,
3874 474 4015 528 illam

788 606 940 646 meus
969 582 1378 658 per‘Spiritum,
1421 605 1438 636 ι
1473 593 1575 638 etc.
1616 583 1771 649 Quod
1800 596 1928 635 vero
1975 581 2061 634 hic
2106 594 2347 643 carnem,

786 697 880 735 seu
912 669 1182 737 carnalem
1215 692 1268 734 et
1291 678 1575 733 animalem
1600 674 1870 729 hominem
1895 672 2188 726 secundum
2218 673 2352 723 ima-

785 777 963 842 ginem
1011 773 1102 827 Dei
1142 772 1415 827 conditmn
1450 767 1630 841 [CLX]
1660 768 1811 827 dicit,
1843 766 1894 850 id
1938 779 2057 833 cap.
2089 764 2154 818 16
2193 763 2350 832 paulo

787 874 913 916 ante
936 861 1102 916 citato
1117 861 1321 915 clarius
1340 859 1640 928 explicans,
1658 856 1932 910 hominem
1965 855 2164 909 factum
2192 865 2351 907 vocat

784 954 1080 1008 secundum
1124 952 1411 1021 imaginem
1442 951 1624 1016 Verbi,
1655 966 1763 1005 non
1814 958 2080 1019 quatenus
2129 961 2347 1000 carnem

783 1047 1093 1115 assumpsit,
1125 1053 1179 1100 et
1210 1045 1459 1100 Christus
1489 1053 1594 1108 est,
1631 1044 1724 1098 sed
1770 1052 2039 1111 quatenus
2102 1039 2340 1093 Verbum

783 1118 970 1199 παίει
998 1137 1169 1192 Filius
1198 1138 1309 1198 Dei,
1345 1147 1404 1192 ut
1431 1152 1497 1192 ex
1533 1152 1692 1205 supra
1730 1136 1916 1189 relatis
1947 1133 2130 1188 verbis
2160 1131 2344 1200 liquet.

781 1230 935 1296 Quod
967 1233 1236 1302 posterius
1267 1224 1686 1301 haudquaquam
1739 1236 2003 1296 repugnat
2051 1225 2345 1294 prioribus.

781 1320 914 1377 Cum
939 1321 1083 1375 enim
1119 1320 1354 1376 Verbum
1388 1322 1459 1375 sit
1512 1320 1887 1374 substantialis
1939 1321 2114 1389 imago
2144 1317 2346 1378 Patris,

781 1417 1053 1472 hominem
1089 1416 1156 1469 ad
1197 1414 1484 1484 imaginem
1535 1411 1691 1467 Verbi
1744 1411 2017 1466 conditum
2069 1424 2210 1471 esse,
2266 1419 2349 1462 est

781 1506 1052 1561 hominem
1089 1505 1382 1560 secundum
1410 1503 1700 1573 imaginem
1740 1503 1834 1556 Dei
1869 1501 2073 1555 factum
2105 1515 2247 1563 esse,
2287 1509 2346 1552 ut

775 1599 890 1670 jam
918 1598 1173 1654 diximus.
1197 1597 1369 1654 Porro
1400 1598 1452 1651 in
1485 1596 1554 1650 iis
1595 1596 1848 1650 omnibus
1878 1594 2011 1648 locis
2057 1594 2344 1663 imaginem

787 1692 876 1746 Dei
912 1693 989 1746 sic
1022 1706 1185 1746 carne
1241 1687 1720 1756 definitlrenmus,
1779 1699 1838 1742 ut
1871 1699 2049 1742 tamen
2107 1688 2343 1740 animam

782 1799 890 1838 non
919 1781 1191 1848 excludat,
1220 1791 1277 1836 ut
1305 1796 1371 1836 ex
1409 1782 1524 1850 ipsa
1553 1782 1788 1837 lectione
1822 1789 2000 1848 patet;
2037 1782 2132 1836 sed
2185 1767 2347 1834 nimi-

778 1890 899 1931 rum
945 1876 999 1930 id
1024 1875 1158 1947 vult,
1209 1875 1455 1944 quamvis
1491 1875 1691 1930 homini
1724 1885 1944 1946 propter
1970 1879 2203 1931 animam
2247 1891 2346 1946 po-

777 1967 1047 2024 tissimum
1085 1965 1371 2021 conveniat
1403 1981 1524 2022 esse
1555 1967 1844 2034 imaginem
1876 1966 1992 2031 Dei,
2016 1981 2136 2021 esse
2166 1975 2344 2020 tamen

776 2069 835 2116 et
859 2061 910 2114 in
942 2073 1173 2129 corpore
1193 2058 1471 2128 proprium
1501 2060 1780 2129 quiddam,
1814 2062 1964 2129 cujus
1987 2064 2158 2131 gratia
2193 2061 2344 2116 dica-

781 2160 870 2205 tur
897 2151 963 2204 ad
993 2150 1278 2221 imaginem
1307 2151 1398 2205 Dei
1424 2165 1544 2206 esse
1577 2152 1783 2207 fictum.
1825 2151 1964 2218 Quid
1994 2163 2174 2207 autem
2219 2153 2346 2206 illud

778 2244 871 2306 sit,
898 2242 1017 2297 fuse
1048 2243 1284 2312 explicat
1309 2251 1423 2296 toto
1456 2241 1594 2297 libro
1625 2258 1676 2305 v,
1714 2244 1803 2298 ubi
1833 2244 2192 2308 demonstrat,
2224 2260 2347 2298 cor-

779 2349 880 2401 pus
910 2348 938 2386 a
967 2330 1143 2389 Verbo
1176 2333 1567 2400 instauratum,
1602 2350 1720 2399 seu,
1751 2343 1810 2388 ut
1855 2335 2054 2404 passim
2083 2334 2344 2404 loquitur,

777 2426 831 2480 iu
864 2425 1095 2480 Verbum
1131 2426 1572 2493 recapitulatum,
1605 2442 1634 2481 a
1670 2436 1842 2480 morte
1879 2437 1932 2480 et
1968 2428 2340 2495 corruptione,

777 2517 885 2580 eui,
946 2518 1110 2589 primi
1139 2520 1375 2574 hominis
1429 2530 1670 2590 peccato,
1731 2521 2023 2575 obnoxium
2066 2531 2208 2585 erat,
2266 2523 2344 2576 sic

775 2609 1112 2666 vindicatum
1165 2609 1254 2675 iri,
1285 2619 1345 2664 nt
1402 2611 1627 2679 perenni
1676 2610 1806 2675 vita,
1872 2612 2241 2682 incorruptela
2293 2623 2346 2666 et

778 2701 946 2772 gloria
968 2701 1020 2754 in
1037 2702 1435 2756 resurrectione
1455 2702 1735 2768 donatum,
1761 2703 1856 2758 Dei
1885 2705 2343 2758 immortalitatem

774 2798 1177 2872 quodammodo
1239 2796 1465 2851 referat.
1513 2813 1531 2848 ι
1575 2795 1656 2863 Si,
1705 2795 1785 2851 ait
1833 2813 1882 2853 c.
1919 2796 1974 2861 7,
2024 2799 2165 2865 n.1,
2200 2813 2346 2853 nunc

772 2891 969 2962 pignus
1017 2891 1283 2947 habentes
1328 2889 1645 2956 clamamus,
1689 2891 1861 2959 Abba,
1909 2890 2075 2947 Pater
2097 2894 2174 2956 ²⁶;
2214 2892 2347 2963 quid

774 2982 872 3040 flet
901 2976 1126 3052 quando
1148 2991 1501 3049 resurgentes
1533 2981 1676 3038 facie
1700 2983 1766 3037 ad
1796 2981 1993 3038 faciem
2039 2983 2346 3040 videbimus

767 3088 937 3141 eum;
975 3074 1194 3143 quando
1216 3073 1399 3129 omnia
1427 3073 1671 3127 membra
1707 3072 1987 3131 afﬂuenter
2027 3072 2347 3130 exsultatio-

2455 579 2640 644 utiquc
2673 579 2725 630 in
2759 578 2936 630 anima
2970 577 3201 643 reponit,
3233 573 3341 638 vel,
3368 583 3424 625 ut
3447 572 3650 633 verius,
3679 565 4017 637 accuratius-

2454 686 2559 740 que
2589 671 2798 738 loquar,
2829 667 2882 722 in
2933 668 3149 721 homine
3196 666 3334 734 ipso,
3387 672 3655 732 quatenus
3704 659 3794 713 tali
3845 658 4017 712 forma

2455 763 2596 818 illius
2625 771 2813 814 natura
2870 760 3243 822 constituitur;
3285 756 3380 811 sed
3433 753 3760 809 non.eadem
3818 749 4015 817 ubitpte

2455 857 2688 908 ratiune.
2719 853 2849 906 Cum
2884 853 3026 904 enim
3054 851 3246 919 duplex
3294 847 3530 901 hominis
3579 853 3755 897 status
3781 838 4016 908 spectari

2453 948 2645 1016 possit,
2679 943 2943 998 naturalis
3003 943 3275 1004 videlicet,
3334 950 3386 992 et
3421 933 3847 1006 supernaturalis
3873 948 3889 998 ;
3918 945 4017 998 pro

2453 1040 2666 1093 diversa
2696 1037 2979 1106 utriusque
3015 1035 3249 1100 ratione,
3279 1032 3550 1085 diversam
3602 1029 3761 1082 etiam
3823 1025 4019 1079 simili-

2453 1131 2656 1185 tudinis
2684 1126 3283 1197 rationem~assiguavit
3336 1133 3528 1177 auctor
3575 1128 3782 1175 noster.
3833 1117 4018 1171 Donec

2453 1222 2689 1274 hominis
2715 1230 2920 1275 statum
2953 1219 3259 1274 naturalem
3299 1215 3564 1283 respexit,
3613 1211 3729 1280 ejus
3752 1225 3872 1265 cum
3907 1208 4018 1263 Deo

2450 1314 2854 1371 similitudinem
2905 1313 2961 1368 in
2993 1309 3354 1382 cognoscendi
3388 1308 3460 1372 vi,
3494 1317 3547 1360 et
3575 1306 3745 1359 libere
3801 1302 4019 1373 quidvis

2450 1408 2686 1477 eligendi
2711 1405 2972 1460 facultate
2994 1405 3154 1458 sitam
3189 1418 3310 1457 esse
3338 1399 3545 1462 docuit,
3572 1406 3629 1450 ut
3658 1395 3754 1449 lib.
3778 1410 3852 1460 ιν,
3877 1409 3926 1448 c.
3958 1392 4016 1458 4,

2451 1513 2504 1550 ιι.
2533 1497 2586 1559 2,
2614 1505 2666 1550 et
2698 1510 2816 1564 cap.
2843 1493 2931 1557 57,
2960 1509 3013 1546 n.
3042 1492 3099 1546 4.
3133 1492 3267 1546 Cum
3298 1505 3425 1546 vero
3450 1487 3723 1543 hominem
3770 1485 3822 1538 in
3872 1493 4016 1538 statu

2449 1586 2848 1655 supernaturali
2897 1583 3290 1645 consideravit,
3326 1581 3486 1649 hujus
3517 1595 3642 1633 cum
3684 1577 3792 1631 Deo
3822 1575 4022 1630 simili-

2450 1678 2688 1732 tudinem
2713 1677 2895 1748 posuit
2923 1677 2974 1729 in
3007 1691 3068 1729 ea
3121 1673 3474 1744 perfectione,
3521 1687 3681 1740 quam
3735 1669 3939 1737 accipit
3986 1681 4016 1719 a

2449 1772 2652 1840 Spiritu
2681 1782 2868 1826 sancto
2900 1772 3036 1825 inse
3064 1769 3420 1829 inhabitante,
3448 1780 3545 1834 per
3565 1779 3724 1834 quam
3755 1762 3814 1814 fit
3851 1761 4021 1829 spiri-

2450 1868 2611 1922 tualis
2643 1868 2823 1927 ltnmo,
2874 1863 3130 1926 mundus,
3181 1860 3289 1914 Deo
3341 1860 3547 1917 vivens.
3575 1866 3631 1910 et
3661 1872 3689 1909 a
3720 1855 4022 1924 cupiditate

2448 1957 2653 2021 carnis,
2681 1965 3130 2023 terrenorumque
3161 1967 3340 2005 rerum
3373 1944 3590 2010 affectu,
3616 1956 3879 2015 quantum
3916 1945 4020 1998 hu-

2448 2066 2606 2105 mana
2639 2049 2904 2118 fragilitas
2933 2046 3083 2110 sinit,
3113 2044 3250 2098 liber
3278 2051 3332 2095 et
3360 2055 3548 2110 purus.
3580 2039 3652 2092 De
3677 2053 3738 2093 ea
3783 2036 4020 2090 hominis

2447 2141 2783 2214 perfectione
2815 2141 2933 2195 fuse
2968 2135 3185 2191 disserit
3229 2133 3324 2187 lib.
3357 2148 3408 2194 ν,
3449 2146 3498 2184 c.
3528 2129 3580 2195 6,
3614 2141 3668 2181 et
3712 2143 3894 2197 seqq.,
3929 2125 4018 2179 ubi

2449 2236 2686 2290 ostendit
2718 2233 2820 2285 tria
2860 2230 2925 2284 ad
2958 2224 3428 2297 superuaturalem
3462 2222 3698 2276 hominis
3726 2218 4020 2288 perfectio-

2447 2347 2568 2387 nem
2598 2329 2668 2382 ita
2700 2323 2928 2394 requiri,
2956 2331 3013 2374 ut
3057 2321 3101 2373 si
3133 2332 3300 2372 unum
3345 2314 3506 2379 desit,
3542 2312 3816 2382 perfectus
3853 2310 4021 2364 homo

2447 2436 2566 2478 esse
2593 2434 2698 2473 non
2726 2418 2900 2487 possit
2933 2426 3195 2468 :carnem
3233 2407 3504 2470 videlicet,
3541 2406 3777 2459 animam
3812 2412 3867 2456 et
3898 2400 4023 2470 Spi-

2447 2517 2610 2570 ritum
2647 2517 2916 2566 sanctum.
2956 2525 2974 2558 ‹
3010 2504 3113 2558 Per
3139 2518 3334 2558 manus
3358 2501 3561 2565 Patris,
3595 2519 3613 2553 ι
3650 2497 3827 2565 inquit
3873 2512 3929 2550 n.
3966 2497 4017 2558 1,

2447 2607 2500 2661 id
2525 2614 2628 2670 est,
2681 2622 2699 2656 ι
2737 2618 2833 2672 per
2863 2601 3057 2656 Filium
3081 2611 3135 2653 et
3157 2597 3417 2666 Spiritum
3444 2592 3505 2646 fit
3530 2594 3692 2646 homo
3716 2590 4019 2645 secundum

2447 2697 2852 2755 similitudinem
2903 2693 3019 2761 Dei,
3067 2691 3162 2747 sed
3207 2704 3313 2744 non
3345 2703 3473 2757 pars
3502 2683 3764 2740 hominis.
3815 2682 4015 2736 Anima

2446 2802 2627 2849 autem
2657 2800 2711 2846 et
2735 2789 2974 2861 Spiritus
3005 2800 3133 2856 pars
3154 2781 3390 2838 hominis
3417 2794 3537 2834 esse
3567 2784 3814 2846 possunt,
3853 2773 4020 2828 homo

2445 2896 2626 2943 autem
2657 2895 3005 2954 nequaquam
3050 2896 3068 2934 :
3113 2876 3390 2949 perfectus
3425 2881 3606 2929 autem
3641 2872 3826 2931 homo,
3860 2881 4020 2922 com-

2445 2980 2632 3038 mistio
2675 2987 2732 3033 et
2762 2972 3024 3031 adunatio
3047 2979 3132 3026 est
3158 2969 3354 3024 anima:
3385 2961 3713 3020 assumentis
3749 2959 4020 3030 Spiritum

2446 3073 2649 3139 Patris,
2699 3079 2754 3124 et
2780 3066 3012 3122 admista
3056 3064 3107 3118 ei
3134 3061 3313 3128 carni,
3363 3073 3484 3130 qua:
3514 3065 3599 3111 est
3628 3054 3897 3125 plasmata
3931 3064 4021 3139 se-

775 3166 863 3220 nis
892 3136 1154 3236 b'ymnum
1179 3164 1525 3238 protulerint,
1552 3163 1911 3236 glorificantia
1938 3179 2083 3230 eum,
2110 3165 2203 3235 qui
2229 3179 2347 3220 sus-
2371 3187 2414 3245 C
2447 3136 2681 3220 cundum
2718 3157 3011 3229 imaginem
3046 3149 3434 3219 Dei.,Pr0pter
3461 3143 3605 3245 quod
3639 3150 3700 3245 et
3723 3136 4020 3245 Apostolus

775 3257 1030 3314 citaverit
1056 3272 1118 3312 ea
1172 3272 1240 3328 ex
1268 3256 1520 3322 mortuis,
1569 3265 1625 3310 et
1676 3266 1934 3312 reternatn
1967 3256 2135 3312 vitam
2171 3256 2344 3311 dona.

773 3347 940 3404 verit?
989 3346 1046 3402 Si
1091 3348 1235 3403 enim
1285 3348 1480 3420 pignus
1543 3347 1909 3417 complectens
1947 3348 2225 3403 hominem
2284 3348 2341 3402 in

779 3442 1152 3512 semetipsum,
1177 3442 1289 3513 jam
1345 3442 1474 3496 facit
1512 3441 1694 3497 dicere
1729 3458 1742 3496 :
1780 3441 1949 3502 Abba,
1983 3439 2186 3506 Pater;
2216 3441 2346 3511 quid

777 3532 944 3588 faciet
978 3532 1231 3588 universa
1261 3531 1502 3603 Spiritus
1525 3532 1721 3603 gratia,
1752 3547 1872 3601 qua:
1911 3531 2224 3587 hominibus
2254 3535 2348 3586 da-

775 3623 925 3679 bitur
947 3639 976 3677 a
1001 3624 1154 3678 Deo?
1181 3622 1400 3678 Similes
1430 3638 1529 3678 nos
1550 3623 1598 3678 ei
1632 3621 1849 3689 elliciet,
1894 3632 1949 3678 et
1983 3623 2229 3693 perficiet
2253 3637 2348 3677 vo-

775 3714 986 3769 luntate
1029 3712 1243 3778 Patris;
1289 3712 1487 3768 eﬂiciet
1528 3714 1672 3768 enim
1718 3714 1996 3768 hominem
2048 3696 2343 3770 secundum

777 3807 1073 3876 imaginem
1103 3815 1156 3861 et
1189 3807 1603 3864 similitudinem
1636 3807 1752 3865 Dei.
1792 3827 1811 3860 ι
1843 3807 2054 3862 Similia
2087 3808 2192 3863 alia
2227 3808 2342 3862 loca

775 3899 978 3969 passim
1018 3907 1333 3952 occurrunt.
1360 3898 1426 3953 Et
1461 3899 1541 3954 his
1577 3899 1925 3954 illustrantur
1971 3914 2032 3953 ea
2064 3916 2185 3970 quae
2213 3901 2349 3954 scri—

774 3989 876 4055 bit,
900 4004 1027 4060 cap.
1059 3990 1143 4054 16,
1171 4008 1226 4045 n.
1258 3990 1311 4052 2,
1338 4002 1466 4044 ante
1497 3989 1658 4044 Verbi
1688 3990 1854 4044 divini
1892 3990 2345 4057 incarnationem,

777 4087 1058 4143 hominem
1091 4086 1312 4154 quidem
1339 4085 1634 4140 sccundum
1686 4084 1976 4152 imaginem
2010 4083 2099 4137 Dei
2161 4085 2347 4138 condi-

776 4191 894 4234 tum
932 4180 1057 4246 dici,
1095 4194 1202 4232 non
1234 4188 1414 4232 tamen
1447 4179 1684 4241 ostendi,
1712 4178 1889 4231 donec
1915 4193 1932 4226 ‹
1975 4174 2198 4230 Verbum
2222 4195 2345 4232 caro

780 4275 1067 4344 factum”,
1100 4272 1236 4328 flens
1258 4274 1399 4342 quod
1423 4282 1543 4328 erat
1572 4271 1746 4341 imago
1776 4272 1912 4342 ejus,
1947 4272 2234 4339 imaginem
2253 4287 2344 4326 os-

783 4369 1028 4422 tenderet
1055 4381 1263 4421 veram.
1285 4385 1302 4417 )
1331 4365 1588 4431 Quamvis
1619 4365 1762 4418 enim
1794 4367 1954 4419 homo
1983 4367 2051 4420 ab
2077 4367 2232 4419 initio
2261 4380 2346 4419 se-

776 4462 1012 4517 cundum
1047 4459 1335 4526 imaginem
1367 4457 1458 4511 Dei
1495 4458 1669 4512 factus
1696 4457 1874 4523 fuerit,
1904 4473 1968 4513 ea
2004 4470 2182 4514 tamen
2211 4459 2348 4511 ima-

2448 3257 2524 3311 ait
2549 3274 2563 3310 :
2589 3252 2918 3324 Sapientiam
2944 3245 3358 3318 loquimurintcr
3378 3238 3634 3310 perfectos
3656 3235 3722 3300 ²⁹;
3748 3232 4023 3303 perfectos

2448 3351 2634 3406 dicens
2659 3361 2773 3410 eos,
2806 3344 2894 3412 qui
2923 3345 3284 3411 perceperunt
3313 3333 3576 3404 Spiritum
3611 3328 3730 3393 Dei,
3755 3335 3810 3382 et
3830 3327 4018 3380 omni-

2449 3444 2550 3497 bus
2580 3440 2780 3510 linguis
2805 3437 3104 3506 loquuutur
3130 3447 3228 3502 per
3269 3428 3532 3499 Spiritum
3584 3424 3703 3488 Dei,
3746 3421 4022 3490 quemad-

2449 3534 2670 3590 modum
2703 3540 2755 3586 et
2784 3529 2897 3598 ipse
2925 3526 3268 3595 loquebatur.
3307 3539 3325 3573 ι
3361 3520 3428 3574 Ει
3458 3526 3643 3589 postea
3686 3532 3700 3570 :
3739 3533 3756 3566 ι
3799 3512 3858 3568 Si
3896 3512 4025 3568 sub-

2449 3625 2706 3680 stantiam
2743 3619 2896 3676 tollat
2931 3619 3129 3686 aliquis
3151 3612 3353 3676 carnis,
3391 3611 3444 3666 id
3489 3616 3573 3664 est
3603 3606 3911 3677 plasmatis,
3964 3614 4020 3658 et

2449 3719 2594 3773 unde
2628 3718 2800 3786 ipsum
2836 3712 3010 3767 solum
3039 3709 3290 3778 spiritum
3321 3702 3606 3771 intelligat,
3634 3701 3745 3771 jam
3777 3714 3888 3753 non
3915 3698 4024 3767 spi-

2451 3806 2659 3861 ritualis
2689 3806 2852 3858 homo
2883 3810 2986 3865 est,
3016 3798 3158 3868 quod
3191 3803 3274 3851 est
3301 3793 3429 3860 tale,
3456 3792 3549 3847 sed
3582 3791 3807 3859 spiritus
3841 3790 4021 3844 homi-

2450 3898 2562 3961 nis,
2590 3902 2681 3947 aut
2711 3893 2951 3961 Spiritus
2982 3889 3098 3943 Dei.
3132 3887 3267 3943 Cum
3297 3890 3475 3938 autem
3498 3882 3727 3951 Spiritus
3755 3882 3846 3936 hic
3874 3896 4025 3936 com-

2451 3990 2643 4044 mistus
2668 3987 2860 4040 animae
2897 3983 3079 4036 unitur
3112 3980 3385 4049 plasmati,
3446 3986 3667 4046 propter
3702 3973 4021 4029 effusionem

2451 4077 2708 4147 Spiritus,
2747 4073 3046 4144 spiritualis
3081 4081 3134 4126 et
3163 4069 3437 4140 perfectus
3476 4068 3636 4120 homo
3682 4066 3862 4120 factus
3907 4077 4020 4130 est;

2448 4184 2504 4228 et
2540 4173 2628 4226 hic
2654 4182 2762 4237 eSt,
2790 4169 2883 4239 qui
2935 4167 3233 4222 secundum
3271 4163 3562 4232 imaginem
3594 4170 3648 4214 et
3696 4160 4024 4214 similitudi-

2450 4280 2572 4319 nem
2603 4262 2777 4317 factus
2798 4269 2884 4314 est
2909 4259 3028 4312 Dei.
3062 4257 3119 4310 Si
3179 4263 3359 4308 autem
3389 4252 3627 4306 defuerit
3660 4251 3860 4304 animae
3893 4250 4023 4312 Spi-

2450 4360 2607 4425 ritus,
2641 4357 2890 4411 animalis
2912 4362 2998 4408 est
3038 4367 3187 4416 vere,
3216 4351 3306 4419 qui
3339 4360 3424 4404 est
3483 4349 3628 4411 talis,
3676 4357 3732 4402 et
3780 4347 4021 4402 carnalis

2451 4451 2738 4506 derelictus
2772 4444 3120 4513 imperfectus
3149 4444 3252 4497 erit
3286 4459 3299 4495 :
3329 4439 3623 4511 imaginem
3655 4439 3878 4508 quidem
3926 4440 4023 4492 ha-

780 4553 922 4626 ginis
949 4554 1087 4608 ratio
1112 4563 1228 4624 post
1271 4551 1700 4606 incarnationem
1753 4553 1908 4620 IOch
1958 4552 2158 4608 clarius
2192 4552 2348 4607 efful-
2379 4540 2423 4595 D
2452 4547 2584 4600 bcns
2614 4547 2664 4597 in
2693 4544 2974 4613 plasmate.
3005 4537 3413 4593 similitudinem
3445 4550 3574 4590 vero
3596 4550 3699 4590 non
3730 4549 4023 4589 assumens

778 4653 871 4713 sit,
904 4665 1063 4718 quam
1086 4659 1212 4704 ante
1241 4667 1254 4702 :
1288 4649 1468 4705 Verbo
1519 4648 1719 4716 quippe
1743 4662 1962 4700 carnem
2008 4659 2344 4713 assumente,

775 4759 898 4814 quae
923 4743 1211 4812 aliquando
1242 4751 1617 4796 resurrectura
1647 4748 1786 4804 erat,
1821 4755 1918 4794 nec
1947 4741 1999 4792 in
2033 4740 2344 4808 corruptio-

777 4851 900 4890 nem
937 4849 1181 4902 cessura,
1219 4848 1284 4887 eo
1307 4835 1506 4888 veritas
1535 4831 1786 4900 imaginis
1817 4830 2160 4885 manifestius
2189 4846 2341 4886 com-

776 4928 1002 4998 probata
1035 4936 1139 4991 est,
1166 4941 1272 4994 quo
1301 4925 1607 4980 certissima
1633 4923 1744 4992 jam
1773 4937 1898 4991 spes
1939 4921 2039 4976 fuit
2099 4933 2340 4976 nostram

775 5032 1017 5079 carnem,
1053 5017 1200 5073 illius
1222 5017 1372 5071 carni
1406 5016 1496 5086 qui
1525 5016 1913 5085 primogenitus
1943 5014 2041 5067 fuit
2072 5013 2123 5067 in
2155 5014 2341 5067 multis

777 5107 1057 5171 fratribus,
1090 5116 1144 5161 et
1179 5108 1431 5178 primitiae
1457 5107 1835 5162 dormientium
1868 5116 2030 5176 atque
2057 5121 2345 5174 resurgen-

766 5201 917 5255 .tium
979 5201 1157 5256 factus
1206 5213 1307 5264 est,
1343 5200 1884 5264 consubstantialem,
1940 5208 1994 5254 et
2042 5200 2209 5267 ipsam
2245 5201 2345 5254 ali-

779 5295 997 5361 quando
1033 5309 1130 5364 per
1154 5309 1277 5349 eum
1325 5310 1354 5348 a
1397 5295 1744 5363 corruptione
1780 5292 2164 5346 vindicandam
2196 5306 2340 5355 esse,

779 5399 844 5448 ac
878 5385 1343 5440 immortalitatem
1372 5392 1787 5442 consecuturam
1819 5400 1831 5437 :
1873 5402 1890 5434 ‹
1929 5394 1985 5438 ιιι
2021 5399 2141 5438 cum
2173 5399 2341 5452 appa-

783 5479 973 5541 ruerit,
1007 5478 1226 5546 similes
1281 5478 1330 5533 ei
1384 5479 1576 5544 simus,
1616 5497 1634 5529 ι
1687 5487 1744 5530 ut
1809 5477 2049 5546 loquitur
2106 5475 2344 5532 Joannes

780 5571 1057 5642 apostolus
1085 5572 1150 5625 ³⁸.

852 5662 974 5714 1i9.
1012 5663 1162 5727 Quod
1194 5665 1386 5717 attinet
1416 5665 1480 5718 ad
1512 5663 1919 5720 similitudinem
1949 5665 2044 5719 Dei
2079 5667 2130 5718 iu
2160 5664 2339 5717 homi—

855 5822 898 5854 ""
936 5823 1094 5879 Rom.
1129 5841 1244 5890 \‘lll,
1281 5825 1362 5880 15.
1445 5826 1484 5856 ²τ
1516 5824 1671 5880 .loziu.
1709 5842 1746 5888 ι,
1791 5825 1874 5881 Μ.

1954 5825 1998 5858 ²⁶
2035 5824 2053 5879 l
2091 5824 2244 5881 Joan.
2285 5841 2364 5891 ιιι,
2395 5823 2449 5879 2.

2454 4655 2548 4710 per
2571 4637 2851 4706 Spiritum.
2874 4653 2891 4686 ι
2915 4642 3019 4688 etc.
3051 4631 3151 4686 Ubi
3171 4631 3310 4699 quod
3338 4628 3598 4698 Spiritum
3625 4635 3878 4681 sanctum
3896 4642 4022 4695 par-

2454 4743 2558 4787 tem
2583 4729 2821 4784 hominis
2842 4736 3020 4794 vocat,
3048 4725 3421 4780 diﬂicultatem
3449 4724 3648 4777 habere
3675 4737 3781 4775 non
3812 4730 4018 4789 potest

2450 4827 2637 4895 Neque
2660 4823 2825 4887 enim,
2861 4831 2919 4875 ut
2947 4821 3211 4875 orationis
3240 4827 3526 4873 contextus
3571 4827 3759 4885 aperte
3793 4817 4021 4870 demon-

2451 4929 2610 4984 strat,
2646 4919 2711 4971 de
2745 4916 2960 4970 homine
2998 4914 3049 4966 in
3079 4921 3221 4966 statu
3254 4911 3510 4976 naturali,
3566 4925 3660 4964 seu
3696 4910 3761 4962 de
3807 4909 3876 4963 iis
3902 4908 4021 4977 qui-

2448 5018 2549 5070 bus
2585 5013 2818 5068 essentia
2854 5010 3108 5072 hominis,
3135 5015 3400 5076 quatenus
3449 5006 3610 5060 homo
3659 5014 3764 5067 est,
3810 5002 4020 5058 consti-

2450 5109 2637 5172 tuitur,
2671 5107 2761 5160 hic
2789 5105 3012 5159 disserit
3044 5112 3234 5156 auctor
3275 5111 3481 5163 noster;
3509 5100 3602 5151 sed
3637 5098 3704 5152 de
3753 5097 3819 5152 iis
3880 5100 4019 5150 dun-

2450 5210 2623 5262 taxat,
2655 5213 2774 5267 quae
2817 5194 3123 5252 necessaria
3169 5202 3294 5247 sunt
3343 5202 3401 5245 ut
3449 5190 3710 5258 spiritalis
3743 5203 3808 5243 ac
3837 5188 4016 5259 perfe-

2450 5297 2570 5342 ctus
2595 5289 2646 5338 in
2673 5300 2871 5356 genere
2893 5282 3288 5353 supernaturali
3317 5281 3424 5334 fiat.
3452 5279 3636 5349 Neque
3657 5280 3708 5332 in
3736 5278 3788 5332 id
3823 5280 4019 5334 absur—

2451 5383 2637 5437 ditatis
2668 5397 2839 5449 genus
2859 5381 3115 5449 delapsus
3155 5387 3263 5441 est,
3291 5385 3349 5432 ut
3375 5375 3712 5430 existimaret
3739 5373 4014 5428 hominem

2451 5475 2611 5531 istum
2638 5491 2698 5530 ex
2750 5476 2864 5545 ipsa
2899 5473 3132 5543 Spiritus
3170 5471 3345 5526 sancti
3396 5468 3700 5525 substantia
3757 5479 4009 5537 tanquam

2452 5586 2515 5625 ex
2546 5579 2701 5639 parte
2739 5569 2956 5638 proprie
2997 5568 3138 5623 dicta
3182 5565 3458 5636 componi,
3501 5563 3726 5634 perinde
3759 5571 3925 5632 atque
3948 5578 4005 5617 ex

2452 5679 2678 5734 corpore
2721 5673 2774 5717 et
2799 5664 2979 5718 anima
3015 5659 3395 5731 componitur,
3435 5658 3523 5729 qui
3558 5657 3791 5728 Spiritus
3836 5656 4008 5711 sancti

2529 5823 2572 5856 ²⁹
2625 5823 2645 5879 1
2675 5823 2798 5879 Cor.
2833 5838 2893 5890 ιι,
2921 5821 2973 5876 6.
