4188 6336
305 398 416 459 377

1270 399 1734 459 DISSERTATIO
1765 402 1854 470 ill,
1888 403 1978 458 DE
1999 399 2255 456 IRENIEI
2286 399 2653 460 DOCTRINA.

3468 409 3569 467 578

309 522 546 593 gratiam
583 528 638 577 et
661 521 802 576 dona
835 519 1147 593 intelligere
1170 535 1230 576 se
1263 523 1554 577 manifeste
1584 524 1881 593 significat;
1917 529 1963 585 Α
1990 526 2211 595 querela
2267 524 2649 589 servaverint;
2687 522 2805 589 Dei,
2837 522 2889 578 id
2919 530 3004 580 est
3047 524 3195 580 illam
3234 540 3356 596 qua:
3380 537 3465 583 est
3505 531 3571 583 ad

308 632 438 687 quae
467 615 686 685 quidem
715 615 763 670 si
809 623 1017 685 partem
1057 615 1295 670 hominis
1327 615 1589 684 spiritalis
1634 617 1887 686 appellet,

310 725 426 764 non
455 709 558 763 alia
589 708 799 761 ratione
830 720 1038 777 partem
1073 721 1194 762 esse
1223 707 1359 771 vult,
1391 723 1552 775 quam
1602 723 1706 777 qua
1759 709 1890 763 cha~

311 803 482 866 ritas,
510 799 749 868 iustitia,
795 799 1089 870 etc.,justi
1122 799 1359 854 hominis
1406 808 1590 868 partes
1636 816 1759 857 esse
1809 802 1891 855 di-

311 903 540 958 cuntur;
583 901 766 960 partes
794 891 1002 945 scilicet
1059 891 1355 961 improprie
1410 893 1588 958 dictze,
1644 895 1769 963 quia
1802 896 1890 950 his

310 981 672 1050 qualitatibus
724 981 1026 1051 completur
1069 983 1230 1037 homo
1282 997 1346 1037 ac
1392 985 1697 1052 perficitur.
1751 986 1889 1041 Hinc

307 1071 552 1126 lrenteus
573 1072 716 1142 quod
746 1073 902 1126 initio
935 1071 1135 1140 capitis
1159 1083 1540 1142 proposuerat,
1571 1076 1731 1142 paulo
1755 1092 1890 1132 enu-

307 1163 548 1220 cleatius
575 1165 770 1219 deinde
807 1164 1108 1233 explicans,
1157 1180 1380 1220 carnem
1415 1166 1632 1236 quidem
1668 1176 1722 1222 et
1762 1170 1886 1223 ani-

307 1272 462 1311 mam
493 1269 674 1326 partes
721 1259 959 1315 hominis
1005 1271 1198 1328 vocat;
1247 1276 1352 1314 non
1401 1270 1581 1314 autem
1623 1260 1886 1330 Spiritum

306 1357 584 1404 sanctum.
624 1365 643 1400 ‹
679 1348 740 1403 Si
763 1351 906 1419 quis,
937 1351 1034 1414 ait,
1060 1351 1212 1405 tollat
1239 1351 1550 1420 imaginem,
1585 1359 1640 1405 et
1666 1363 1885 1420 spernat

302 1437 544 1509 plasma,
590 1437 701 1507 jam
731 1455 836 1495 non
872 1440 1143 1495 hominem
1178 1441 1486 1511 intelligere
1532 1451 1730 1510 potest,
1791 1443 1904 1498 sed

304 1539 414 1585 aut
455 1539 663 1598 partem
713 1531 950 1600 aliquam
1003 1532 1263 1597 hominis,
1333 1534 1418 1587 vel
1476 1533 1620 1587 aliud
1680 1534 1886 1603 aliquid

303 1637 516 1696 praeter
567 1625 864 1680 hominem.
927 1625 1112 1696 Neque
1161 1629 1305 1681 enim
1362 1626 1649 1697 plasmatio
1700 1629 1885 1684 carnis

302 1720 431 1786 ipsa
488 1719 782 1772 secundum
831 1733 888 1772 se
919 1718 1082 1772 homo
1112 1717 1385 1788 perfectus
1408 1730 1522 1785 est;
1555 1721 1648 1775 sed
1684 1736 1884 1789 corpus

301 1808 571 1877 hominis,
603 1819 656 1864 et
696 1824 821 1878 pars
865 1810 1124 1865 hominis.
1163 1810 1347 1881 Neque
1401 1813 1545 1866 enim
1599 1821 1655 1867 et
1702 1813 1880 1866 anima

1999 618 2187 681 Deum,
2227 616 2385 671 fidem
2421 625 2731 679 servantes,
2779 623 2834 669 et
2855 630 2978 671 eam
3012 633 3137 686 qua:
3164 627 3250 673 est
3275 620 3572 688 ad-proxi-

1997 724 2145 763 mum
2191 707 2461 775 justitiam
2513 707 2914 763 custodientes.
2947 726 2968 761 ι
3020 707 3087 762 Et
3129 709 3310 764 adhuc
3369 710 3574 766 clarius

1993 816 2112 871 cap.
2146 802 2198 867 9,
2234 821 2288 856 n.
2319 802 2338 856 1
2373 817 2390 856 :
2428 819 2446 852 ι
2478 803 2620 856 Sunt
2654 802 2782 867 tria,
2809 803 3005 870 inquit,
3043 818 3111 857 ex
3133 804 3354 872 quibus,
3380 820 3574 873 quem-

1991 895 2279 947 admodum
2341 896 2702 960 ostendimus,
2766 893 3042 962 perfcctus
3102 896 3268 950 homo
3329 909 3569 959 constat,

1991 999 2177 1047 carne,
2205 985 2409 1049 anima,
2437 996 2492 1040 et
2523 985 2728 1055 Spiritu
2760 1003 2776 1040 :
2801 994 2854 1040 et
2879 986 3050 1041 altero
3071 988 3291 1058 quidem
3325 989 3572 1045 salvante

1988 1089 2041 1133 et
2074 1078 2364 1147 figurante,
2391 1077 2481 1147 qui
2508 1087 2592 1132 est
2620 1076 2880 1148 Spiritus;
2916 1079 3089 1134 altero
3117 1080 3262 1148 quod
3291 1081 3484 1134 unitur
3507 1089 3567 1134 et

1989 1166 2273 1233 formatur,
2293 1170 2537 1238 quodest
2567 1183 2694 1224 caro
2729 1188 2741 1224 :
2773 1171 2826 1225 id
2860 1185 2991 1225 vero
3022 1173 3168 1240 quod
3196 1172 3339 1227 inter
3359 1169 3566 1244 [CLXI]

1989 1260 2104 1314 haec
2126 1269 2209 1315 est
2235 1261 2364 1325 duo,
2398 1264 2543 1331 quod
2575 1270 2658 1316 est
2690 1263 2873 1336 anima
2906 1279 2923 1318 :
2968 1280 3089 1334 quae
3117 1264 3412 1334 aliquando
3441 1264 3569 1334 qui-

1988 1353 2112 1406 dem
2137 1355 2476 1423 subsequens
2496 1353 2784 1423 Spiritum,
2809 1339 3050 1412 elevatur
3067 1359 3135 1412 ab
3156 1373 3252 1419 eo;
3277 1358 3568 1429 aliquando

1987 1454 2168 1499 autem
2205 1448 2554 1502 consentiens
2583 1449 2758 1514 carui,
2795 1449 2999 1504 decidit
3031 1451 3085 1504 in
3143 1458 3397 1506 terrenas
3427 1466 3563 1506 con-

1987 1539 2380 1606 cupiscentias.
2409 1538 2688 1611 Quotquot
2715 1556 2848 1612 ergo
2873 1543 2924 1596 id
2953 1545 3099 1613 quod
3151 1544 3324 1598 salvat
3359 1553 3418 1599 et
3449 1543 3566 1612 fore

1988 1643 2118 1696 mat,
2168 1641 2223 1686 et
2277 1633 2541 1687 unitatem
2597 1649 2704 1688 non
2768 1636 2992 1699 habent,
3037 1637 3091 1690 hi
3142 1645 3559 1706 consequenter

1985 1731 2146 1775 erunt
2175 1730 2231 1776 et
2262 1724 2610 1778 vocabuntur
2651 1740 2784 1780 caro
2829 1735 2887 1780 et
2941 1727 3188 1797 sanguis,
3238 1728 3443 1798 quippe
3470 1730 3564 1798 qui

1985 1830 2091 1867 non
2125 1815 2326 1868 habent
2355 1814 2619 1883 Spiritum
2669 1817 2764 1872 Dei
2817 1819 2869 1872 in
2903 1832 3030 1874 se...
3063 1818 3342 1887 Quotquot
3385 1828 3567 1873 autem

300 1901 429 1971 ipsa
483 1903 776 1956 secundum
827 1915 887 1955 se
913 1901 1109 1965 homo;
1160 1901 1253 1956 sed
1292 1904 1472 1956 anima
1510 1902 1774 1968 hominis,
1828 1913 1883 1958 et
1913 1894 1954 1947 Β
1988 1904 2181 1957 timent
2214 1906 2405 1968 Deum,
2450 1915 2510 1960 et
2546 1909 2785 1963 credunt
2815 1908 2868 1961 in
2900 1911 3196 1964 adventum
3249 1910 3374 1966 Filii
3425 1910 3565 1978 ejus,

298 2010 437 2066 pars
470 1995 727 2050 hominis.
763 1996 947 2063 Neque
981 1995 1218 2063 Spiritus
1241 1994 1440 2060 homo;
1472 1995 1708 2062 Spiritus
1729 1995 1877 2050 cuitu

297 2097 361 2140 et
395 2102 501 2140 nt-n
539 2088 700 2141 homo
730 2096 976 2143 vocatur.
1018 2103 1036 2136 ι
1072 2084 1172 2140 Ubi
1205 2085 1470 2154 Spiritum
1494 2085 1605 2154 jam
1634 2101 1740 2139 non
1777 2086 1875 2139 ho~

1986 2005 2038 2049 et
2073 2011 2169 2065 per
2206 1998 2364 2051 fidem
2400 2001 2745 2055 constituunt
2778 2002 2828 2056 in
2857 2003 3120 2056 cordibus
3145 2006 3260 2058 suis
3296 2004 3562 2074 Spiritum

1983 2087 2098 2152 Dei;
2129 2090 2182 2142 hi
2217 2089 2354 2146 tales
2376 2091 2521 2160 juste
2554 2094 2808 2151 homines
2833 2096 3102 2162 dicentur,
3162 2106 3218 2152 et
3251 2099 3458 2165 mundi,
3509 2107 3565 2153 et

267 2180 474 2233 'minis
507 2187 716 2247 partem
751 2178 1007 2247 appellat,
1063 2183 1158 2233 sed
1210 2177 1357 2232 aliud
1403 2178 1611 2246 aliquid
1679 2187 1878 2248 praeter
1975 2181 2475 2252 spirituales;quia
2503 2185 2709 2240 habent
2736 2187 3001 2257 Spiritum
3023 2189 3225 2255 Patris,
3259 2191 3350 2260 qui
3374 2205 3569 2245 emun-

297 2282 607 2335 ltotntnem,
639 2270 902 2338 Spiritum
932 2270 1163 2327 scilicet.
1197 2270 1333 2325 Tum
1362 2271 1495 2339 quid
1553 2285 1648 2339 per
1703 2271 1880 2337 Spiri-

294 2369 421 2414 tum
471 2359 767 2428 intelligat,
817 2359 1022 2414 clarius
1083 2360 1263 2413 adhuc
1315 2374 1613 2427 exponens,
1668 2361 1818 2414 addit
1861 2378 1875 2414 :

294 2470 319 2504 ι
363 2451 599 2506 Perfecti
631 2452 818 2522 igitur,
868 2453 957 2520 qui
1000 2463 1056 2506 et
1111 2451 1376 2520 Spiritum
1432 2453 1482 2505 in
1517 2468 1576 2506 se
1612 2468 1876 2523 perseve—

291 2553 515 2599 rantem
555 2543 854 2600 habuerint
889 2544 1006 2611 Dei,
1034 2550 1090 2598 et
1118 2545 1333 2599 animas
1383 2551 1437 2599 et
1488 2559 1723 2615 corpora
1759 2545 1881 2599 sine

1977 2269 2070 2322 dat
2101 2271 2377 2327 hominem
2405 2283 2459 2327 et
2483 2276 2733 2331 sublevat
2769 2278 2822 2331 in
2858 2279 3026 2333 vitam
3064 2280 3182 2335 Dei.
3235 2301 3254 2333 ι
3290 2283 3420 2348 Quae
3453 2282 3561 2338 nisi

1979 2361 2044 2414 de
2097 2361 2336 2430 Spiritus
2393 2369 2573 2424 sancti
2624 2370 2801 2438 gratia
2850 2379 2906 2426 et
2959 2373 3121 2429 donis
3167 2374 3401 2446 intelligi
3455 2389 3563 2431 non

1979 2463 2233 2523 possunt.

1487 2811 2173 2908 ABTICULUS
2242 2818 2368 2906 Χ.

1113 3005 1205 3066 De
1249 3004 1614 3068 animarum
1660 3013 1888 3071 natura
1936 3014 1999 3072 et
2043 3013 2213 3073 statu
2254 3019 2397 3091 post
2440 3018 2737 3078 mortem.

378 3277 494 3335 120.
536 3280 669 3337 Cum
704 3283 880 3354 angeli
904 3293 958 3340 et
987 3286 1183 3343 animae
1215 3289 1470 3348 humana:
1510 3294 1699 3354 eadem
1747 3297 1863 3356 fere
1891 3301 1937 3366 c
1967 3297 2201 3367 animas,
2232 3302 2444 3371 corpori
2472 3303 2525 3358 in
2556 3319 2664 3374 quo
2699 3316 2850 3373 sunt,
2873 3307 2956 3363 sic
2983 3308 3188 3378 aptari,
3221 3317 3283 3366 ut
3309 3309 3556 3382 ejusdem

288 3375 376 3432 sit
403 3375 559 3443 ratio,
596 3378 663 3432 de
695 3379 980 3450 utriusque
1010 3392 1203 3438 natura
1235 3386 1378 3442 idem
1405 3391 1577 3445 sensit
1610 3393 1868 3454 lrenteus.

288 3465 769 3530 Quemadmodum
799 3473 943 3526 enim
998 3475 1220 3541 angelos
1249 3494 1317 3533 ex
1345 3483 1571 3537 materia
1621 3486 1872 3545 subtilis-

291 3557 437 3611 sima
471 3570 758 3616 concretos
785 3577 907 3618 esse
932 3564 1302 3636 existimavit;
1337 3572 1417 3627 sic
1445 3583 1500 3629 et
1524 3577 1734 3632 animas
1769 3580 1871 3635 hu-

295 3664 491 3705 manas
528 3665 594 3705 ex
632 3656 819 3709 eadem
865 3660 1094 3714 materia
1145 3664 1473 3733 compositas
1517 3683 1638 3725 esse
1677 3673 1869 3728 voluit.

294 3740 414 3796 Has
461 3743 678 3811 quidem
730 3747 949 3814 spiritus
975 3759 1028 3804 et
1059 3753 1413 3822 incorporales
1441 3772 1546 3812 non
1581 3764 1746 3815 semel
1773 3778 1870 3818 vo-

293 3840 414 3897 cat,
438 3832 531 3887 lib.
559 3837 863 3902 praesertim
891 3854 944 3903 v,
977 3854 1023 3894 c.
1053 3839 1086 3895 6
1117 3850 1172 3895 et
1203 3843 1256 3907 7,
1287 3846 1379 3900 sed
1405 3862 1513 3916 quo
1542 3866 1726 3914 sensu,
1751 3864 1870 3908 sta-

295 3926 401 3980 tim
437 3933 552 3996 ipse
575 3929 847 3998 explicat:
882 3949 902 3982 ί
940 3931 1308 4003 lncorporales
1349 3941 1566 4006 animm,
1604 3944 1679 3997 ait
1722 3961 1769 4000 c.
1815 3948 1866 4014 7,

293 4030 359 4070 ιι.
393 4014 444 4074 l.
475 4027 734 4086 quantum
766 4021 832 4075 ad
864 4028 1325 4090 comparationem
1387 4032 1701 4088 mortalium
1749 4052 1871 4092 cor-

289 4122 522 4178 porum;
564 4129 584 4163 ›
633 4112 832 4181 quibus
887 4116 1174 4172 manifeste
1221 4120 1514 4190 significat,
1561 4127 1797 4195 animas,
1824 4133 1866 4185 si

289 4199 516 4273 quidem
551 4219 675 4258 cum
713 4208 1033 4276 corporibus
1078 4211 1447 4281 conferantur,
1497 4217 1869 4290 incorporales

288 4305 442 4357 esse,
468 4292 596 4362 quia
631 4294 843 4351 illorum
882 4302 1110 4356 materia
1161 4307 1420 4372 crassior,
1456 4308 1648 4364 harum
1695 4313 1869 4367 subti-

287 4381 527 4449 hiorest;
555 4399 615 4439 re
646 4394 826 4442 tamen
860 4399 914 4444 et
938 4391 1186 4449 absolute
1213 4397 1559 4467 incorporeas
1592 4418 1695 4456 non
1722 4420 1864 4461 esse.

289 4473 453 4541 Quod
485 4484 539 4530 et
566 4480 850 4546 sequentia
881 4482 1223 4548 confirmant,
1253 4487 1451 4556 quibus
1482 4493 1674 4560 probat
1703 4511 1781 4549 cr
1805 4498 1868 4553 iis

286 4567 551 4623 omnibus
593 4571 790 4640 quibus
851 4584 943 4628 aut
992 4579 1365 4645 constituitur,
1433 4592 1527 4637 aut
1585 4588 1866 4654 perficitur

285 4657 479 4723 homo,
513 4674 733 4716 carnem
769 4663 936 4719 solam
966 4667 1248 4724 mortalem
1274 4685 1412 4735 esse,
1468 4662 1864 4736 non'anintam:

292 4768 314 4801 ι
355 4747 513 4806 ﬂatus
541 4762 626 4806 est
654 4755 799 4809 enim
846 4758 990 4826 vitae,
1047 4774 1110 4814 ac
1155 4763 1382 4830 proinde
1435 4765 1798 4836 iuunortalis;
1837 4790 1856 4825 ι

287 4859 473 4913 neque
519 4850 682 4902 etiam
746 4850 1008 4919 Spiritum
1060 4866 1344 4919 sanctum,
1397 4873 1506 4926 quo
1563 4863 1867 4932 completur

286 4939 484 5004 homo,
518 4948 574 4994 ut
593 4942 856 5011 spiritalis
883 4946 1006 5014 flat;
1048 4966 1065 4998 ι
1098 4948 1487 5019 incompositus
1522 4965 1606 5009 est
1634 4958 1777 5012 enim
1811 4970 1864 5015 et

284 5033 526 5100 simplex
556 5034 804 5104 spiritus,
852 5040 943 5108 qui
1000 5041 1194 5097 resolvi
1259 5060 1365 5099 non
1418 5056 1615 5117 potest,
1651 5061 1706 5106 et
1747 5054 1862 5123 ipse

289 5124 406 5177 vita
435 5135 744 5192 esteorum,
774 5129 864 5197 qui
913 5134 1215 5202 percipiunt
1259 5136 1432 5193 illum.
1475 5159 1493 5192 ι
1532 5140 1633 5198 Ubi
1672 5144 1865 5202 latissi-

289 5231 448 5271 mum
479 5216 768 5274 discrimen
797 5221 939 5276 inter
979 5223 1238 5293 Spiritum
1271 5237 1325 5284 et
1376 5232 1614 5290 animant
1660 5240 1812 5307 ponit
1842 5258 1857 5296 :

284 5309 449 5365 illum
488 5308 847 5367 immortalem
884 5328 1004 5371 esse
1031 5319 1244 5387 probat,
1297 5325 1438 5390 quod
1472 5325 1862 5398 incompositus

287 5405 374 5462 sit
405 5410 459 5459 et
488 5403 736 5474 simplex,
771 5421 872 5461 nec
905 5409 1098 5464 resolvi
1151 5415 1320 5481 possit
1356 5433 1370 5469 :
1407 5418 1564 5486 hujus
1600 5437 1729 5478 vero
1763 5424 1862 5479 im-

287 5496 683 5552 mortalitatem
715 5515 819 5552 non
847 5515 908 5555 ea
938 5503 1149 5558 ratione
1197 5503 1375 5573 fulcit,
1405 5525 1526 5580 qua:
1552 5523 1730 5571 tamen
1765 5534 1860 5588 ge-

284 5589 460 5647 nuina
496 5589 807 5658 spirituum,
861 5593 916 5649 in
967 5610 1164 5666 genere
1220 5610 1614 5674 spectatorum,
1671 5610 1859 5666 incor-

289 5681 685 5753 ruptibilitatis
731 5685 872 5740 ratio
921 5697 1023 5751 est,
1053 5690 1146 5744 sed
1189 5691 1406 5748 aliunde
1457 5697 1624 5764 petit;
1676 5714 1740 5754 ex
1792 5716 1858 5758 eo

283 5773 574 5839 nimirum,
602 5775 750 5847 quod
797 5773 954 5834 ﬂatus
985 5781 1107 5834 vitae
1157 5783 1245 5838 sit.
1292 5783 1359 5839 Et
1411 5787 1540 5842 hinc
1588 5789 1728 5846 forte
1773 5804 1858 5850 est

283 5859 437 5944 Quod
473 5867 571 5925 iib.
606 5884 666 5937 tt,
696 5884 747 5927 c.
779 5871 865 5941 l9,
905 5873 1038 5941 n.7,
1071 5883 1124 5934 et
1146 5890 1263 5948 cap.
1296 5879 1385 5949 34,
1436 5897 1491 5938 n.
1538 5883 1587 5953 Ι,
1627 5886 1852 5960 scribat,

1976 3389 2214 3445 habeant
2240 3392 2507 3462 llguram;
2543 3395 2654 3450 imo
2684 3405 2739 3450 et
2782 3405 2902 3467 post
2937 3409 3165 3453 mortem
3212 3418 3232 3452 ς
3275 3403 3561 3458 characte-

1975 3495 2091 3535 rem
2121 3483 2387 3553 corporis,
2423 3484 2477 3538 in
2503 3500 2614 3556 quo
2647 3487 2811 3541 etiam
2844 3490 3188 3559 adaptantur,
3239 3494 3559 3550 custodiant

1974 3575 2249 3640 eumdem,
2306 3576 2657 3649 habeantque
2703 3582 2946 3639 hominis
2984 3584 3232 3654 figuram,
3290 3596 3347 3641 ut
3387 3587 3555 3646 etiam

1973 3681 2396 3738 cognoscantur.
2431 3672 2812 3743 rQuanquam
2847 3685 3045 3739 tamen,
3094 3687 3151 3730 ttt
3202 3678 3253 3731 in
3299 3679 3444 3734 notis
3486 3680 3555 3736 ad

1971 3761 2330 3828 posteriorem
2385 3765 2529 3819 hunc
2581 3763 2760 3819 locum
2812 3767 3077 3834 diximus,
3124 3768 3259 3824 nihil
3304 3770 3557 3827 absolute

1971 3861 2130 3919 cogat
2178 3854 2293 3910 haec
2345 3857 2410 3910 de
2442 3865 2594 3911 certa
2642 3859 2874 3926 quadam
2928 3857 3121 3931 figura,
3165 3862 3554 3930 corporeisque

1972 3943 2115 3996 notis
2141 3945 2427 4001 animabus
2459 3947 2744 4016 impressis
2776 3949 3148 4018 interpretari.
3186 3948 3401 4006 Tenues
3429 3954 3555 4022 qui-

1971 4035 2089 4090 dem
2151 4039 2461 4093 materiales
2510 4039 2870 4105 substantias,
2927 4042 3114 4110 quales
3172 4044 3386 4099 animas
3431 4058 3553 4099 esse

1969 4126 2484 4195 crediditJrenaeus,
2515 4131 2582 4184 ad
2616 4145 2832 4197 eorum,
2860 4133 3062 4202 quibus
3097 4134 3310 4198 insunt,
3357 4149 3554 4204 corpo-

1971 4233 2092 4272 rum
2127 4219 2348 4288 figuram
2381 4236 2503 4276 sese
2525 4236 2872 4291 componere,
2915 4227 3375 4294 quemadmodum
3408 4243 3550 4298 aqua

1967 4311 2135 4376 vasis,
2187 4311 2240 4365 in
2303 4313 2444 4381 quod
2493 4312 2818 4380 infunditur,
2880 4315 3110 4386 figuram
3168 4318 3346 4373 induit
3408 4320 3550 4390 (quae

1970 4402 2029 4456 S.
2068 4403 2308 4466 doctoris
2353 4407 2692 4473 comparatio
2744 4407 2847 4477 est)
2893 4408 3053 4464 facile
3102 4409 3550 4480 intelligiturzat

1970 4495 2188 4549 easdem
2222 4495 2576 4562 substantias,
2612 4498 2813 4552 nullius
2841 4511 3057 4556 ex‘sese
3085 4502 3271 4572 figura:
3303 4514 3544 4569 tenaces,

1969 4601 2173 4646 certam
2207 4601 2388 4648 tamen
2432 4592 3020 4667 figuratn,certumque
3055 4614 3381 4669 corporeum
3415 4602 3548 4656 cha-

1973 4693 2266 4748 racterem,
2291 4694 2414 4754 post
2445 4700 2595 4739 suam
2625 4701 2654 4740 a
2683 4701 2914 4757 corpore
2957 4691 3379 4759 separationem,
3415 4708 3548 4748 con-

1971 4784 2179 4830 Stanter
2207 4777 2444 4831 retinere
2489 4793 2686 4847 posse,
2736 4779 2828 4848 qui
2868 4780 2970 4835 sibi
3008 4782 3059 4835 in
3109 4784 3350 4836 animum
3384 4785 3544 4839 indu-

1974 4881 2097 4922 cere
2121 4869 2359 4937 potuerit
2382 4868 2640 4936 lrenaeus,
2669 4872 2753 4926 vir
2779 4874 2922 4928 acris
2953 4874 3168 4944 judicii,
3216 4877 3359 4930 haud
3386 4877 3546 4933 facile

1971 4960 2235 5028 percipiet
2280 4961 2589 5032 quisquam.
2638 4963 2848 5019 Mallem
2893 4981 3023 5036 ergo
3063 4983 3186 5022 eum
3237 4968 3544 5024 animarum

1973 5053 2349 5107 characterem
2377 5062 2430 5108 et
2458 5055 2685 5125 figuram
2716 5057 2987 5125 explicare
3014 5061 3078 5113 de
3119 5070 3272 5116 certo
3307 5063 3542 5130 quodam

1969 5144 2160 5198 ordine
2206 5152 2260 5199 et
2311 5146 2498 5200 habitu
2535 5148 2603 5202 ad
2651 5164 2870 5217 corpus,
2925 5166 3084 5219 quem
3139 5162 3262 5221 post
3310 5164 3542 5210 mortem

1971 5246 2211 5305 servant,
2243 5248 2430 5309 etquo
2480 5256 2508 5294 a
2539 5242 2858 5298 substantiis
2912 5246 3193 5313 angelicis,
3250 5248 3318 5302 ad
3371 5249 3540 5303 infor-

1970 5329 2227 5384 mandum
2285 5345 2482 5401 corpus
2526 5333 2941 5404 haudquaquam
2974 5337 3284 5405 destinatis,
3337 5340 3536 5395 distin-

1971 5435 2225 5494 guantur.
2260 5424 2492 5480 Consule
2517 5435 2675 5482 notas
2710 5429 2762 5482 in
2797 5429 2939 5483 hunc
2964 5429 3164 5485 locum.

2041 5514 2166 5571 121.
2209 5515 2348 5581 Quin
2372 5517 2604 5573 lrenaeus
2632 5521 2684 5575 in
2717 5521 2783 5576 iis
2813 5537 2931 5590 qua:
2964 5531 3074 5577 tum
3106 5524 3168 5578 de
3197 5523 3535 5595 angelorum,

1971 5618 2081 5664 tum
2133 5610 2200 5665 de
2254 5612 2560 5668 animarum
2608 5615 2968 5671 humanarum
3016 5627 3208 5672 natura
3255 5620 3450 5686 sensit,
3504 5637 3536 5676 a

1969 5717 2114 5757 sana:
2146 5714 2201 5758 et
2249 5705 2606 5777 philosophiae
2636 5717 2689 5761 et
2721 5710 3001 5781 theologire
3054 5711 3259 5781 legibus
3309 5712 3534 5767 aberra-

1965 5795 2125 5860 verit,
2156 5797 2339 5866 negari
2366 5814 2470 5867 non
2495 5807 2690 5870 potest.
2735 5799 2840 5856 Sed
2867 5818 3018 5857 error
3039 5815 3142 5872 est,
3193 5817 3250 5860 ut
3287 5805 3534 5876 pluribus

1968 5887 2207 5960 antiquis
2241 5889 2491 5947 Patribus
2525 5895 2848 5962 communis,
2895 5897 2974 5955 sic
3007 5897 3256 5957 omnibus
3293 5914 3362 5957 eo
3394 5900 3530 5956 faci-
