4188 6336
769 379 878 438 379

1561 375 2164 434 DISSERTATIONES
2201 369 2506 429 PREVIAE
2546 372 2610 428 IN
2656 371 2909 428 ἰΒΕΝᾹΞΙ
2945 368 3208 424 LIBROS.

3903 371 4003 431 380

770 495 875 555 lius
899 498 1311 563 condonandas,
1343 511 1454 568 quo
1491 498 1795 566 quaestione
1841 513 1947 552 non
1997 497 2132 552 adeo
2175 511 2338 549 accu-
2371 499 2415 554 Α
2444 493 2684 546 Primum
2722 498 2824 555 est,
2875 488 3138 543 lrenmum
3169 488 3247 541 sic
3292 487 3358 540 ad
3403 485 3829 544 Millenariorum
3875 505 4000 544 sen-

771 600 888 642 rate
913 588 1106 658 priori,
1134 596 1294 656 atque
1318 588 1606 655 posteriori
1631 602 1744 641 tevo
1764 587 2035 647 discussa,
2074 585 2332 652 judicium

769 696 923 734 suum
976 682 1212 734 nondum
1265 678 1670 747 interposuerat
1727 679 1993 733 Ecclesia.
2025 676 2170 731 idem
2221 675 2334 729 fere

767 770 1054 825 dicendum
1083 773 1151 824 de
1181 770 1373 834 altero,
1410 785 1518 838 quo
1553 785 1675 824 cum
1703 771 1978 824 veteribus
2005 783 2109 824 non
2148 770 2333 837 paucis

767 860 1024 930 deceptus
1052 871 1158 927 est,
1181 876 1371 916 errore
1402 862 1466 914 de
1489 870 1635 914 statu
1662 861 1968 914 animarum
2000 867 2329 918 sant-tarum,

765 953 1012 1018 corporis
1068 951 1299 1006 vinculis
1355 951 1676 1016 solutarum,
1728 966 1864 1020 quas
1914 951 2098 1004 statim
2151 950 2332 1003 divino

765 1053 1066 1111 conspectu
1101 1043 1360 1097 fruituras
1389 1045 1442 1096 in
1492 1047 1688 1097 caelum
1723 1041 1886 1109 recipi
1933 1043 2162 1110 negavit.
2197 1040 2329 1094 Eum

760 1135 979 1202 quidem
1010 1135 1078 1187 ab
1101 1134 1206 1188 hoc
1231 1149 1421 1188 errore
1462 1147 1692 1203 purgare
1729 1134 1887 1186 nixus
1929 1141 2012 1186 est
2045 1131 2330 1185 Bellarmi-

765 1236 889 1284 nus,
924 1221 1017 1276 lib.
1058 1237 1074 1275 ι
1103 1223 1176 1277 De
1203 1233 1371 1276 sanet.
1397 1221 1656 1276 beatitud.
1693 1238 1744 1278 c.
1785 1220 1839 1285 4,
1869 1223 1963 1276 sed
2008 1238 2229 1291 prorsus
2259 1222 2333 1275 in-

765 1311 996 1366 feliciter
1026 1327 1039 1364 :
1070 1319 1180 1364 tam
1216 1324 1404 1380 aperta
1445 1311 1712 1382 siquidem
1766 1313 1953 1366 lrcnaei
2014 1314 2198 1380 opinio
2225 1323 2328 1378 est,

764 1403 1164 1470 posterioribus
1192 1419 1288 1457 sex
1323 1405 1441 1458 libri
1474 1405 1647 1472 quinti
1675 1405 1968 1472 capitibus,
2007 1413 2066 1456 ut
2115 1420 2232 1457 eam
2261 1405 2328 1458 ad

763 1503 1032 1562 receptam
1065 1496 1221 1550 hodie
1252 1496 1303 1548 in
1339 1505 1450 1550 tota
1503 1495 1744 1550 Ecclesia
1797 1496 2064 1550 catholica
2105 1506 2326 1550 senten-

757 1586 894 1640 tiam
940 1600 1199 1640 revotare
1253 1587 1410 1652 velle,
1445 1588 1669 1643 laterem
1723 1590 1947 1642 crudum
2004 1588 2187 1642 lavare
2233 1589 2326 1642 sit.

763 1677 1059 1749 Eapropter
1115 1679 1498 1750 Hieronymus,
1557 1682 1648 1749 qui
1682 1680 1864 1737 lrenzei
1899 1683 2101 1750 scripta
2141 1682 2326 1736 sedula

759 1785 924 1825 manu
951 1772 1510 1845 versaverat,_c_uique
1555 1784 1841 1841 pchpecta
1879 1782 1996 1827 erat
2047 1773 2103 1826 S.
2138 1776 2328 1828 docto-

2441 582 2664 635 tentiam
2721 583 3037 641 accessisse,
3101 585 3158 630 ut
3209 592 3236 628 a
3269 574 3513 631 Cerinthi
3562 577 3841 645 impietate
3880 593 4002 646 pro-

2437 673 2522 726 cul
2587 673 2891 726 recesserit.
2949 670 3046 724 ilic
3111 670 3307 738 quippe
3365 667 3787 722 Millenariorum
3840 685 4000 736 coryv

2437 765 2621 833 pineus
2653 761 2948 826 elfuticbat,
2974 759 3202 814 Eusebio
3248 767 3404 822 teste,
3435 759 3525 812 lib.
3550 775 3606 813 ιιι
3654 759 3792 814 Hist.
3828 778 3876 816 c.
3910 762 3998 826 28,

2435 865 2559 926 post
2588 856 2836 909 humanae
2868 854 3047 909 carnis
3079 853 3531 906 resurrectionem
3561 851 3796 906 futurum
3823 861 3994 908 terre-

2437 962 2563 1000 num
2598 946 2797 1001 Christi
2825 960 3075 1013 regnum,
3107 952 3161 997 et
3187 940 3574 1012 Hierosolymis
3605 943 3849 996 homines
3878 958 3994 996 car-

2435 1038 2520 1089 nis
2547 1033 2959 1104 cupiditatibus,
2995 1050 3058 1089 ac
3091 1017 3423 1102 voluptatum
3461 1032 3731 1087 illecebris
3757 1033 4000 1088 servien-

2438 1134 2542 1191 tes,
2579 1127 2726 1180 mille
2751 1141 2921 1180 annos
2945 1126 2996 1179 in
3033 1127 3342 1193 nuptiarum
3379 1122 3531 1178 festis
3583 1132 3637 1176 et
3681 1123 3999 1178 celebritate

2432 1231 2872 1286 consumpturos.
2909 1217 3081 1284 Quam
3118 1217 3444 1286 impietatem
3487 1216 3819 1268 exhorruere
3850 1230 3997 1268 sem-

2433 1322 2527 1376 per
2555 1307 2810 1362 Ec«:lesi:e
2833 1307 3061 1372 Patres;
3101 1321 3203 1360 non
3240 1306 3312 1358 ita
3350 1319 3478 1359 vero
3529 1306 3720 1373 dogma
3769 1306 3995 1360 alterius

2433 1400 2859 1455 Millenariorum
2934 1398 3268 1466 antesignani
3349 1396 3556 1465 Papiae,
3626 1395 3873 1460 Joannis,
3939 1407 3997 1450 ut

2432 1494 2628 1549 scribit
2661 1493 2913 1557 Irenarus,
2953 1511 2971 1543 ι
3007 1491 3289 1554 auditoris,
3330 1489 3607 1559 Polycarpt
3647 1501 3824 1544 autem
3855 1505 3994 1545 con-

2431 1585 2762 1652 tubernalis,
2807 1604 2825 1637 ι
2859 1585 2947 1653 qui
2971 1583 3216 1639 Cerinthi
3253 1583 3440 1636 deliria
3472 1584 3551 1637 sic
3587 1582 3816 1647 recoxit,
3839 1597 3997 1635 recu-

2433 1674 2637 1741 ditque,
2671 1682 2727 1727 ut
2761 1682 2970 1740 tempus
2999 1673 3130 1726 illud
3178 1671 3323 1726 mille
3370 1687 3635 1726 annorum
3690 1672 3995 1741 transigen-

2433 1766 2557 1818 dum
2594 1773 2736 1819 esset
2790 1764 2844 1817 in
2898 1764 3106 1818 deliciis
3159 1763 3515 1833 spiritalibus,
3550 1764 3802 1834 qualibus
3853 1764 3990 1818 allici

761 1867 837 1918 ris
865 1879 1040 1928 mens,
1068 1880 1191 1919 eum
1225 1853 1379 1918 inter.
1421 1865 1716 1920 Chiliastas
1770 1878 1878 1920 ttnn
1925 1868 1976 1920 in
2015 1866 2244 1936 Prologo
2274 1872 2324 1922 in
2361 1858 2401 1912 Β
2424 1857 2600 1923 3⁸⁸³105
2633 1872 2693 1910 ac
2721 1872 2765 1925 P'

2424 1857 2600 1923 justas
2633 1872 2693 1910 ac
2721 1871 2881 1925 puros
2908 1856 3158 1910 homines
3188 1858 3366 1911 decet.
3394 1856 3652 1924 Quamvis
3677 1857 3763 1911 hic
3797 1855 3994 1925 Papias

759 1955 854 2010 lib.
885 1972 1017 2010 xvm
1065 1958 1115 2010 in
1149 1955 1360 2020 lsaiam,
1391 1967 1499 2011 tum
1533 1958 1658 2012 alibi
1703 1974 1985 2013 recensere
2018 1976 2122 2014 non
2168 1964 2324 2015 dubi-

760 2053 859 2099 tat.
906 2046 970 2100 Et
1019 2062 1204 2101 revera
1249 2047 1484 2115 ingenue
1533 2047 1692 2102 fateri
1731 2051 2007 2113 debemus,
2037 2049 2323 2118 Iremenm,

758 2137 886 2191 dum
913 2139 1092 2192 acrius
1123 2140 1422 2194 insectatur
1468 2140 1776 2207 Gnosticos,
1815 2144 2074 2211 tingentes
2105 2147 2327 2212 spirita-

758 2225 888 2282 lium
929 2245 1149 2283 suorum
1177 2231 1406 2293 animas,
1445 2232 1622 2286 statim
1650 2241 1707 2285 ut
1742 2248 1771 2286 a
1807 2248 2035 2302 corpore
2063 2237 2326 2290 discesse-

758 2319 866 2373 rint
891 2320 968 2373 ire
991 2321 1056 2375 ad
1092 2332 1337 2385 matrem,
1367 2323 1449 2376 vel
1481 2323 1545 2376 ad
1578 2339 1721 2387 eum,
1747 2338 1906 2391 quem
1943 2326 2325 2381 comminisce-

755 2409 956 2464 bantur
980 2412 1209 2473 Patrem,
1237 2429 1398 2468 carne
1425 2415 1640 2468 interim
1668 2429 1926 2470 teternum
1953 2418 2320 2484 dissolvenda,

757 2502 811 2556 in
844 2503 1067 2558 alteram
1102 2507 1276 2575 ipsum
1304 2517 1603 2561 extremam
1653 2511 1978 2563 sententiam
2026 2512 2197 2566 abire.
2228 2511 2324 2564 Ne-

754 2603 849 2662 gat
911 2597 1106 2666 quippe
1165 2598 1432 2666 justorum
1487 2601 1695 2654 animas
1751 2603 1934 2654 statim
1987 2612 2109 2671 post
2163 2618 2319 2657 suum

753 2699 990 2752 corpore
1046 2685 1348 2740 discessum
1420 2688 1598 2740 divino
1671 2699 1964 2757 conspectu
2023 2691 2166 2753 frui;
2229 2691 2321 2746 Sed

758 2793 781 2828 ς
817 2777 967 2832 abire
1005 2796 1024 2829 ι
1061 2778 1175 2831 vult
1203 2798 1222 2830 ι
1259 2780 1310 2832 in
1345 2780 1664 2834 invisibilem
1712 2781 1886 2835 locum
1931 2784 2208 2837 delinitum
2241 2787 2318 2837 eis

752 2884 784 2920 a
819 2867 949 2929 Deo.
979 2879 1035 2924 et
1069 2871 1141 2924 ibi
1184 2887 1353 2941 usque
1382 2873 1447 2925 ad
1485 2873 1936 2927 resurrectionem
1973 2876 2317 2941 commorari,

750 2961 1083 3016 sustinentes
1108 2965 1596 3030 resurrectionem;
1645 2972 1766 3033 post
1821 2965 2150 3034 recipientes
2199 2981 2322 3020 cor-

754 3066 912 3120 pora.
936 3061 989 3106 et
1017 3053 1254 3120 perfecte
1279 3062 1646 3120 resurgentes,
1682 3056 1782 3108 hoe
1811 3064 1912 3117 est,
1940 3057 2316 3123 corporaliter,

2431 1951 2512 2002 vir
2537 1959 2780 2010 esset,ut
2805 1951 2879 2003 ait
2909 1951 3173 2003 Eusebius
3207 1949 3298 2002 lib.
3333 1965 3391 2002 ιιι
3438 1948 3652 2011 Hist.,c.
3674 1949 3994 2018 393039689:

2430 2040 2656 2109 σμικρὸς
2687 2039 2761 2091 ὢν
2793 2039 2882 2090 τὸν
2908 2037 3058 2102 νοῦν,
3144 2039 3399 2092 mediocri
3433 2039 3716 2090 admodum
3753 2038 3992 2104 ingenio,

2428 2143 2485 2184 ut
2523 2148 2587 2187 ex
2616 2133 2834 2200 scriptis
2859 2131 3001 2184 illius
3035 2129 3305 2198 conjicere
3352 2131 3498 2193 licet,
3541 2148 3562 2179 a
3611 2129 3700 2197 qui
3743 2129 3882 2182 male
3914 2129 3994 2182 in-

2431 2225 2663 2279 tellectis
2705 2222 3073 2292 apostolorum
3127 2221 3549 2285 narrationibus,
3605 2236 3704 2274 nec
3752 2220 3835 2281 iis.
3873 2236 3994 2289 qua

2431 2331 2631 2370 arcano
2653 2316 2886 2384 quodam
2919 2329 3077 2368 sensu
3113 2321 3166 2366 et
3193 2313 3425 2382 exempli
3458 2326 3623 2366 causa
3671 2310 3736 2363 ab
3771 2311 3874 2363 illis
3909 2312 3994 2365 di~

2427 2407 2706 2469 rebantur,
2768 2407 2901 2459 satis
2953 2405 3374 2467 animadversis,
3426 2402 3578 2470 plura
3640 2399 3838 2454 fabulis
3869 2415 3994 2469 pro-

2425 2496 2573 2567 piora
2631 2498 2784 2553 libris
2809 2498 2920 2550 suis
2945 2498 3194 2559 inseruit,
3223 2505 3606 2561 terrenumque
3635 2493 3762 2547 illud
3787 2491 3990 2548 Chriszi

2425 2605 2648 2659 regnum
2703 2598 3042 2643 commentus
3093 2596 3211 2652 est;
3267 2589 3408 2654 quod
3468 2597 3646 2639 tamen
3702 2599 3730 2637 a
3783 2585 3994 2639 Joanne

2425 2680 2686 2752 Apostolo
2724 2681 3004 2734 institutus
3055 2689 3223 2743 esset,
3260 2677 3505 2747 pluribus
3550 2689 3668 2748 post
3702 2680 3872 2747 ipsum
3900 2692 3993 2732 ec-

2424 2776 2742 2832 clesiasticis
2766 2773 3148 2844 scriptoribus,
3183 2774 3417 2828 hominis
3443 2775 3822 2828 auctoritatem
3868 2772 3993 2840 plus

2422 2883 2575 2937 mqno
2599 2871 2869 2933 reveritis,
2905 2885 2966 2924 ac
3001 2869 3205 2923 lrenmo
3235 2871 3287 2922 in
3323 2869 3530 2939 primis,
3559 2868 3801 2938 ejusdem
3829 2883 3988 2922 erro-

2422 2962 2500 3014 ris
2531 2961 2874 3016 occasionem
2912 2961 3165 3029 prazbuit.
3218 2960 3371 3013 Alios
3411 2962 3672 3028 quosdam
3707 2959 3992 3030 presbyte-

2420 3067 2546 3120 ros,
2621 3051 2847 3108 Joannis
2873 3051 3189 3119 discipulos,
3237 3049 3476 3117 ejusdem
3529 3051 3804 3120 opinionis
3852 3065 3988 3120 pro-

751 3146 1206 3213 quemadmodum
1230 3156 1284 3200 et
1309 3145 1564 3200 Dominus
1596 3148 1915 3211 resurrexit,
1951 3148 2028 3203 sic
2064 3161 2318 3206 venturas
2345 3190 2384 3246 C
2423 3156 2770 3217 pugnatores.
2821 3147 2912 3200 sed
2974 3144 3212 3213 eiusdem
3264 3146 3517 3215 Pollderis
3566 3145 3836 3211 lIOmiIIes.
3875 3162 3993 3201 me-

755 3234 810 3288 in
844 3245 1191 3305 conspectum
1222 3237 1338 3294 Dei.
1379 3257 1396 3290 ι
1435 3237 1566 3300 lino;
1599 3239 1740 3307 quod
1784 3239 1944 3307 paulo
1995 3241 2165 3310 magis
2208 3251 2316 3294 stu-

755 3326 1012 3395 pendum,
1058 3343 1150 3382 eos
1191 3329 1354 3384 etiam
1385 3342 1416 3381 e
1453 3331 1767 3394 catholicis,
1803 3332 1892 3401 qui
1927 3345 2086 3391 secus
2123 3334 2315 3388 sentie-

752 3417 906 3481 bant,
940 3418 1147 3472 erroris
1183 3434 1412 3490 arguere
1448 3437 1551 3473 non
1583 3421 1814 3486 dubitat,
1854 3423 2009 3490 quasi
2050 3425 2142 3492 qui
2175 3442 2193 3475 ‹
2225 3441 2316 3479 su-

754 3510 1205 3581 pergrederentur
1234 3513 1480 3568 ordinem
1525 3516 1884 3580 promotionis
1926 3519 2228 3584 justorum,
2262 3527 2316 3572 ct

753 3615 933 3657 metus
954 3604 1319 3659 meditationis
1372 3624 1390 3657 ι
1448 3607 1519 3675 (id
1568 3617 1668 3668 est,
1707 3609 2135 3678 exercitationis)
2183 3627 2202 3661 ι
2247 3612 2312 3665 ad

751 3688 1169 3758 incorruptelam
1223 3692 1554 3761 ignorarent,
1612 3696 1899 3752 haereticos
1936 3715 2128 3753 sensus
2171 3701 2220 3753 in
2251 3716 2312 3755 se

752 3777 1034 3835 habentes.
1068 3801 1086 3833 ι
1115 3781 1265 3848 Quos
1291 3799 1355 3838 ex
1388 3799 1451 3838 eo
1499 3786 1714 3850 refellit,
1765 3789 1906 3856 quod
1957 3791 2180 3844 ntinime
2221 3794 2312 3844 dc-

750 3881 874 3926 eeat
907 3869 1108 3928 Christi
1133 3876 1427 3946 discipulos
1453 3879 1602 3946 prius
1634 3879 1683 3932 in
1715 3880 1912 3933 ctelum
1949 3885 2316 3938 conscendere

753 3979 916 4034 quam
948 3967 1205 4036 magister
1255 3969 1369 4038 ipse
1410 3971 1738 4026 ast-enderit.
1801 3992 1817 4022 ι
1856 3973 1974 4038 Quo
1998 3976 2158 4029 modo
2189 3991 2314 4043 ergo

753 4054 1015 4124 magister
1044 4066 1230 4111 noster
1261 4073 1363 4112 non
1396 4059 1577 4113 statim
1608 4061 1828 4116 evolans
1861 4065 2012 4127 abiit,
2039 4067 2129 4119 sed
2157 4069 2316 4122 susti-

751 4162 889 4202 nens
912 4148 1194 4204 definitutn
1229 4166 1258 4202 a
1292 4150 1455 4205 Patre
1489 4155 1910 4207 resurrectionis
1939 4171 2049 4209 sua:
2080 4168 2308 4225 tempus,

750 4249 876 4310 post
909 4241 1144 4295 triduum
1184 4257 1470 4313 resurgens
1498 4256 1804 4315 assumptus
1845 4257 1967 4311 est;
2009 4251 2086 4306 sic
2122 4261 2174 4304 et
2214 4268 2312 4305 nos

750 4331 1021 4386 sustinere
1060 4333 1311 4388 debemus
1362 4337 1640 4390 definitum
1676 4356 1703 4392 a
1738 4339 1844 4393 Deo
1903 4343 2311 4396 resurrectionis

751 4431 951 4477 nostra:
1005 4432 1234 4494 tempus,
1278 4435 1331 4480 et
1380 4429 1458 4483 sic
1504 4440 1849 4497 resurgentes
1887 4435 2108 4498 assumi,
2157 4446 2312 4502 quol-

2421 3250 2596 3292 morat
2629 3239 2882 3294 lrenaaus.
2912 3239 2972 3293 2ο
3015 3239 3216 3291 Horum
3266 3239 3552 3293 sententia:
3603 3237 3875 3292 calculum
3908 3241 3992 3294 sic

2417 3331 2616 3398 adjecit
2682 3329 2739 3384 S.
2803 3331 3013 3396 doctor,
3067 3341 3124 3384 ut
3177 3331 3375 3386 terreni
3429 3329 3572 3383 illius
3606 3327 3806 3383 Christi
3834 3331 3990 3400 regni

2421 3431 2631 3488 tempus
2690 3423 2936 3489 nuspiam
2967 3419 3264 3485 deﬁnierit,
3314 3434 3413 3474 nec
3468 3419 3635 3485 mille,
3687 3428 3781 3472 aut
3835 3431 3991 3476 certo

2419 3514 2597 3582 aliquo
2630 3529 2896 3568 annorum
2924 3529 3151 3568 numero
3185 3514 3680 3582 circumscripserit
3707 3532 3721 3580 ;
3767 3516 3877 3569 imo
3921 3530 3990 3570 ne

2418 3606 2582 3660 semel
2626 3606 2842 3674 quidem
2904 3607 3189 3674 protulerit
3243 3606 3522 3675 vulgatum
3577 3607 3725 3659 illum
3770 3608 3990 3674 Apoca-

2417 3696 2626 3765 lypseos
2660 3696 2834 3749 l0cum
2867 3711 2881 3749 :
2919 3714 2935 3746 ι
2974 3697 3142 3749 Erunt
3173 3697 3482 3750 sacerdotes
3533 3697 3626 3750 Dei
3659 3707 3713 3750 et
3755 3696 3987 3762 Christi,

2416 3797 2470 3840 et
2513 3788 2811 3855 regnabant
2859 3803 2980 3840 cum
3030 3788 3122 3840 illo
3153 3788 3298 3841 mille
3337 3790 3532 3855 annis;
3583 3808 3601 3840 ι
3639 3805 3746 3856 quo
3779 3799 3988 3854 tamen,

2417 3893 2511 3931 ceu
2548 3878 2919 3944 ltmdamento,
2950 3880 3294 3947 potissimum
3351 3881 3625 3934 nitebatur
3651 3879 3988 3935 Millenario-

2417 3985 2534 4023 rum
2571 3973 2857 4025 sententia.
2899 3973 2961 4026 5°
2999 3972 3049 4024 ld
3087 3973 3422 4026 discriminis
3469 3974 3800 4027 constituere
3827 3973 3986 4027 vide-

2418 4071 2504 4115 tur
2534 4064 2670 4115 inter
2713 4072 3029 4133 martyrum,
3063 4064 3402 4133 aliorumque
3435 4065 3706 4131 justorum
3744 4065 3983 4128 animas,

2415 4151 2600 4204 utilia:
2627 4153 2885 4220 singulari
2939 4159 3294 4224 praerogativa
3351 4156 3534 4209 statim
3588 4155 3885 4209 ascendant
3913 4157 3986 4210 ad

2415 4243 2652 4309 Patrem,
2711 4261 2773 4299 ac
2821 4245 3042 4312 proinde
3084 4246 3134 4296 in
3177 4247 3373 4301 cmluin
3438 4246 3815 4314 recipiantur;
3850 4247 3984 4301 alia:

2411 4352 2542 4392 vero
2572 4353 2760 4391 omnes
2816 4339 2882 4392 ad
2931 4338 3222 4391 invisibilia
3276 4339 3389 4393 loca
3427 4343 3645 4404 abeant,
3689 4356 3984 4410 corporum

2414 4428 2873 4482 resurrectionem
2931 4439 3330 4495 exspectantes.
3391 4447 3408 4480 ‹
3464 4429 3722 4492 Ecclesia,
3803 4431 3986 4498 inquit

749 4526 881 4583 quot
911 4509 1192 4571 Dominus
1255 4520 1320 4572 ad
1371 4520 1471 4572 hoc
1538 4522 1725 4590 dignos
1789 4522 2066 4576 habuerit.
2116 4544 2132 4575 ι
2173 4524 2305 4577 Tres
2341 4541 2382 4596 υ
2414 4517 2506 4572 Ii‘b.
2530 4533 2603 4580 ιν,
2637 4534 2686 4574 c.
2723 4519 2810 4584 55,
2845 4534 2898 4572 n.
2932 4520 2983 4578 9.
3010 4517 3236 4572 omnic’in
3271 4519 3425 4581 loco,
3452 4521 3521 4574 ob
3552 4535 3669 4573 eam
3701 4535 3860 4588 quam
3882 4520 3987 4572 ba-

747 4610 974 4677 pruinde
1019 4612 1320 4665 animarum
1354 4622 1664 4667 sanctarum
1693 4615 1852 4668 veluti
1887 4617 2150 4670 stationes
2198 4619 2302 4672 dis-

751 4699 949 4770 tinguit
995 4699 1226 4756 lrenazus
1261 4722 1274 4757 :
1317 4706 1545 4773 primam
1595 4707 1646 4760 in
1689 4707 1804 4760 loco
1853 4711 2085 4776 quodam
2121 4711 2305 4763 invisi-

749 4791 870 4855 bili,
895 4792 947 4847 in
973 4807 1079 4860 quo
1109 4794 1339 4849 detineri
1372 4812 1462 4850 eas
1507 4799 1785 4852 contendit
1841 4799 1906 4851 ad
1966 4803 2309 4854 resurrectio-

748 4884 1029 4955 nisusque
1059 4895 1301 4954 tempus;
1340 4888 1563 4943 alteram
1610 4891 1661 4942 in
1706 4898 1917 4943 terrena
1971 4889 2303 4944 Hierusalem

749 4976 1052 5031 instaurata
1091 4987 1147 5032 et
1178 4990 1452 5046 renovata,
1500 4983 1581 5036 vel
1615 4983 1667 5035 in
1709 4983 1960 5051 paradiso
2017 4985 2300 5046 terrestri;

750 5067 805 5120 in
839 5068 1031 5137 quibus
1062 5070 1162 5125 sub
1192 5071 1417 5139 imperio
1449 5083 1504 5125 et
1547 5075 1934 5142 gubernatione
1981 5073 2204 5138 Christi,
2256 5076 2305 5127 in

747 5173 960 5212 summa
1009 5162 1208 5228 quiete,
1257 5176 1321 5216 ac
1380 5165 1736 5217 secundarum
1788 5181 1968 5219 rerum
2027 5165 2304 5218 aliiuentia

749 5249 1004 5317 degentes
1047 5268 1066 5301 ι
1109 5261 1521 5322 crescentesque
1571 5268 1638 5307 ex
1684 5254 1892 5308 visione
1943 5256 2176 5321 Domini,
2210 5272 2307 5326 per

750 5340 922 5408 ipsum
974 5355 1286 5398 assuescent
1337 5359 1531 5412 capere
1570 5344 1796 5413 gloriam
1855 5346 1945 5399 Dei
2007 5347 2219 5410 Patris;
2275 5367 2293 5398 ι

751 5433 965 5486 tertiam
995 5433 1207 5488 demum
1253 5435 1304 5487 in
1347 5450 1511 5504 regno
1556 5435 1837 5501 caelorum,
1892 5438 1946 5490 in
2003 5453 2108 5506 quo
2142 5439 2305 5507 ipsius

751 5523 928 5581 Patris
960 5539 1246 5599 conspectu
1270 5541 1526 5585 aternum
1559 5531 1822 5586 fruentur.
1860 5531 1933 5585 Ea
1967 5548 2096 5588 vero
2127 5534 2305 5588 omnia

751 5616 984 5674 lrenmus
1007 5624 1275 5691 congestis
1300 5624 1534 5696 undique
1586 5628 1878 5696 Scriptum
1934 5642 2102 5681 sacrae
2149 5628 2303 5681 testi-

753 5709 968 5776 moniis,
1004 5728 1101 5781 pro
1134 5715 1276 5769 virili
1312 5732 1407 5772 sua
1445 5723 1673 5789 probare
1705 5721 1916 5775 nititur.

821 5801 1048 5876 {CLXII}
1085 5805 1200 5862 ιεε.
1227 5806 1468 5876 Quatuor
1493 5821 1667 5870 tamen
1695 5813 1782 5868 hic
1815 5811 2087 5868 observari
2121 5809 2299 5865 velim.

2414 4613 2500 4665 bet
2533 4626 2659 4679 erga
2681 4610 2847 4665 Deum
2868 4612 3229 4674 dilectionem,
3247 4612 3640 4665 multitudinem
3674 4621 3981 4679 martyrum

2413 4703 2465 4755 in
2502 4703 2646 4755 omni
2693 4711 2929 4771 tempore
2966 4701 3243 4770 praemittit
3271 4703 3336 4756 ad
3357 4700 3592 4754 Patrem.
3633 4721 3650 4752 i
3685 4701 3738 4755 Si
3771 4713 3986 4775 marty-

2412 4809 2497 4848 res
2544 4795 2945 4862 prmmittuntur
2997 4796 3064 4847 ad
3107 4794 3345 4859 Patrem,
3385 4793 3597 4847 cazteris
3639 4807 3766 4861 ergo
3811 4790 3984 4859 jusus

2425 4894 2687 4954 praeeunt,
2726 4886 2814 4955 qui
2849 4887 2998 4956 prius
3044 4886 3171 4940 illuc
3205 4902 3308 4940 non
3347 4884 3698 4955 perveniunt,
3725 4899 3888 4953 quam
3923 4885 3981 4940 in

2412 4986 2628 5030 terreno
2644 4977 2842 5032 Christi
2865 4992 3025 5044 regno
3048 4996 3066 5027 ι
3093 4993 3157 5032 ex
3177 4979 3381 5032 visione
3395 4976 3629 5041 Domini,
3649 4991 3740 5046 per
3757 4976 3939 5045 ipsum
3954 4995 3975 5030 ι

2411 5070 2668 5136 paulatim
2726 5088 2744 5121 ι
2801 5071 3137 5124 assueverint
3193 5085 3387 5140 capere
3445 5069 3671 5138 gloriam
3715 5068 3918 5125 Patris.
3955 5088 3975 5122 ι

2417 5162 2480 5215 40
2507 5160 2729 5215 Demum
2751 5161 2966 5217 caneris
2998 5163 3247 5217 omnibus
3272 5160 3489 5231 gravius
3520 5171 3622 5225 est,
3643 5160 3782 5228 quod
3801 5151 3983 5230 signi-

2413 5254 2573 5308 ficare
2601 5256 2812 5310 videtur
2836 5251 3086 5320 irenzeus,
3119 5268 3224 5307 non
3270 5267 3458 5307 omnes
3510 5253 3698 5307 beatos
3743 5252 3794 5306 in
3821 5254 3978 5308 cazlo

2410 5343 2640 5409 futuros,
2659 5346 2749 5400 sed
2769 5344 2976 5412 aliquos
2995 5346 3043 5397 in
3062 5345 3222 5411 ccelo,
3242 5343 3450 5412 aliquos
3470 5346 3522 5398 in
3544 5344 3808 5411 paradiso,
3825 5344 3980 5400 alios

2411 5437 2462 5489 in
2495 5437 2714 5492 civitate
2751 5451 2885 5490 nova
2944 5435 3316 5501 Hierusalem;
3365 5451 3554 5490 omnes
3610 5446 3810 5501 tamen,
3845 5437 3979 5492 ubi-

2409 5543 2622 5596 cunque
2651 5528 2867 5594 fuerint,
2906 5528 2999 5583 Dei
3034 5529 3641 5598 conSpectu'fruituros.
3673 5547 3692 5580 ι
3730 5527 3978 5585 Praeter-

2409 5631 2588 5685 eunte,
2647 5623 2743 5686 ait,
2795 5623 2962 5692 figura
3013 5624 3135 5687 hac,
3190 5631 3246 5674 et
3303 5629 3561 5675 renovato
3611 5619 3859 5686 homine,
3917 5634 3977 5678 et

2409 5716 2621 5782 vigente
2649 5714 2717 5769 ad
2751 5716 3191 5787 incorruptelam,
3228 5727 3285 5771 ut
3320 5733 3423 5770 non
3463 5715 3633 5783 possit
3661 5713 3772 5784 jam
3809 5725 3974 5770 vete-

2411 5824 2644 5879 rascere,
2678 5811 2783 5867 erit
2814 5811 3012 5868 caelum
3039 5827 3255 5879 novum,
3285 5819 3338 5867 et
3369 5819 3514 5867 terra
3549 5822 3706 5878 nova,
3753 5807 3812 5864 iu
3841 5811 3970 5882 qui-
