4188 6336
306 409 400 465 581

816 409 927 467 FR.
963 411 1266 468 WALCHI]
1305 411 1394 466 DE
1431 411 1832 468 AUTHENTIA
1869 410 2224 468 LIBRORUM
2257 408 2512 467 lRENrEl
2547 407 2709 466 ADV.
2746 403 3017 463 HERES.

3427 396 3533 459 $32

313 528 408 581 bus
433 541 602 582 novus
637 530 1008 598 perseverabit
1043 532 1226 598 homo,
1258 546 1475 601 semper
1516 547 1651 586 nova
1685 530 1873 586 confa-
1900 536 1947 594 Α
1975 531 2161 586 lrenaei
2214 544 2433 586 errores
2482 526 2780 598 probando,
2834 540 2977 590 eam,
3025 534 3187 593 quam
3217 518 3274 574 S.
3307 520 3528 588 martyri

311 616 500 672 bulans
525 616 657 674 Deo.
685 619 750 674 Et
778 620 1035 689 quoniam
1071 623 1185 676 haec.
1212 636 1425 689 semper
1448 624 1869 691 perseverabunt

310 709 422 764 sine
453 708 582 777 fine,
633 709 799 763 Isaias
849 710 927 764 ait
973 711 1071 776 sic,
1131 721 1237 766 etc.
1293 711 1358 765 Et
1412 712 1866 782 quemadmodum

310 800 609 871 presbyteri
641 803 844 867 dicunt,
881 812 1012 859 tune
1047 806 1138 874 qni
1175 804 1321 875 digni
1362 804 1565 860 fuerint
1609 805 1867 861 emlorum

309 895 742 959 conversatione,
795 895 925 952 illuc
974 897 1305 962 transibunt,
1351 898 1402 951 id
1429 906 1533 962 est,
1565 898 1618 952 in
1664 899 1866 964 ccelos;

308 982 396 1037 alii
426 993 542 1040 tute
569 986 800 1054 paradisi
843 987 1050 1041 deliciis
1087 995 1339 1053 utentur;
1391 987 1481 1041 alii
1534 997 1714 1043 autem
1749 1005 1870 1058 spe-

307 1073 615 1129 ciositatem
676 1077 915 1132 civitatis
963 1077 1365 1146 possidebunt:
1415 1080 1618 1149 ubique
1685 1089 1867 1134 autem

309 1163 450 1219 Deus
499 1164 802 1230 videbitur,
862 1178 918 1222 et
967 1170 1424 1237 quemadmodum
1502 1171 1646 1238 digni
1709 1178 1871 1226 erunt

311 1259 557 1313 videntes
581 1273 725 1314 curri.
758 1259 887 1314 Esse
912 1271 1090 1314 autem
1125 1261 1434 1315 distantiam
1478 1262 1620 1317 hanc
1646 1262 1867 1317 habita-

312 1346 471 1402 tionis
495 1363 684 1404 eorum
720 1352 812 1419 qui
839 1359 1057 1405 centum
1089 1351 1570 1417 fructificaverunt,
1604 1363 1658 1407 et
1681 1368 1870 1408 eorum

309 1439 399 1509 qui
424 1443 728 1512 sexaginta,
762 1451 818 1497 et
849 1459 1035 1499 eorum
1068 1444 1160 1513 qui
1196 1444 1447 1513 triginta;
1495 1461 1722 1514 quorum
1753 1448 1872 1516 qui-

308 1532 429 1588 dam
455 1534 512 1587 in
548 1535 740 1590 coelum
768 1546 1136 1599 assumentur,
1167 1536 1258 1590 alii
1293 1537 1346 1590 in
1372 1539 1626 1605 paradiso
1647 1553 1874 1593 conver-

306 1623 594 1691 sabuntur,
627 1625 715 1679 alii
764 1625 816 1681 in
848 1626 1070 1681 civitate
1111 1626 1522 1692 inhabitabant;
1557 1639 1612 1683 et
1655 1637 1874 1699 propter

307 1715 412 1770 hoe
442 1715 648 1772 dixisse
701 1715 1011 1781 Dominum,
1072 1717 1268 1773 multas
1303 1733 1424 1774 esse
1462 1720 1601 1789 apud
1655 1717 1871 1776 Patrem

305 1808 637 1863 mansiones.
681 1828 700 1861 ι
729 1809 859 1864 Mira
888 1810 1005 1864 haec
1041 1820 1095 1865 et
1125 1810 1338 1864 insolita
1390 1811 1660 1879 parabolae
1705 1814 1872 1867 semi-

1970 625 2152 678 intnlit
2182 621 2457 689 injuriam,
2492 627 2568 674 tot
2597 619 2813 674 fietitios
2858 619 2911 671 in
2953 611 3392 669 adnotationibus
3418 610 3533 663 suis

1971 713 2315 783 impingendo
2341 709 2730 778 eompensare’
2750 708 2920 774 Quam
2949 721 3102 774 aequa
3125 698 3530 771 compensatio!

1971 805 2305 874 dignissima,
2341 818 2459 871 qua:
2505 799 2798 857 Grabianis
2845 799 2987 852 notis
3017 795 3324 851 coronidem
3356 792 3528 860 impo-

1970 905 2145 954 neret.
2187 896 2417 965 Operam
2467 895 2658 948 lusisse
2693 905 2777 946 me
2827 899 3098 957 putarem,
3155 887 3198 941 si
3255 886 3352 939 bas
3389 882 3532 938 serio

1971 989 2295 1046 refellendas
2363 987 2718 1056 susciperem.
2770 984 3152 1040 Cbiliastarum
3216 975 3533 1033 ratiuncula:

1969 1091 2095 1136 sunt
2127 1096 2262 1150 quas
2289 1080 2380 1134 alii
2424 1087 2537 1133 tum
2579 1088 2814 1141 veteres,
2872 1085 2983 1131 tum
3040 1070 3367 1127 recentiores
3423 1067 3533 1135 jam

1969 1173 2185 1242 penitus
2240 1173 2647 1234 contriverunt;
2695 1181 2752 1224 et
2801 1169 2848 1226 si
2903 1166 2956 1221 id
3001 1167 3067 1220 ab
3102 1166 3183 1218 eis
3235 1161 3531 1231 praestitum

1972 1273 2130 1333 neget
2154 1263 2406 1328 Grabius,
2440 1263 2562 1318 ideo
2607 1271 2786 1330 negat,
2812 1261 2966 1327 quia
3000 1254 3085 1311 vel
3121 1255 3297 1322 legere
3322 1250 3531 1321 'piguit,

1970 1362 2058 1416 vel
2120 1359 2302 1413 animo
2353 1355 2463 1424 jam
2513 1353 2767 1409 invisibili
2820 1351 2915 1405 illo
2970 1347 3358 1404 Cbiliastarum
3414 1341 3535 1396 loco

1972 1452 2261 1508 oberrante
2285 1449 2434 1517 legit.
2467 1446 2522 1501 id
2554 1458 2736 1500 tamen
2762 1457 2793 1494 a
2827 1441 2902 1496 el.
2931 1441 3050 1494 viro
3081 1433 3534 1494 dissimulandum

1973 1560 2080 1600 non
2110 1550 2247 1604 erat,
2275 1541 2355 1595 sic
2384 1541 2435 1594 in
2468 1553 2589 1593 eam
2622 1536 2820 1592 abiisse
2848 1531 3172 1589 sententiam
3222 1524 3404 1583 saaculi
3449 1539 3535 1578 se-

1973 1634 2134 1689 eundi
2168 1632 2381 1696 Patres,
2414 1630 2505 1700 qui
2540 1629 2607 1684 de
2631 1636 2776 1683 statu
2805 1627 3110 1680 animarum
3152 1627 3276 1691 post
3305 1626 3535 1672 mortem

1973 1726 2267 1796 quidquam
2298 1721 2516 1790 scriptis
2541 1720 2720 1773 adhuc
2750 1716 3142 1787 superstitibus
3171 1712 3532 1780 reliquerunt,

1977 1814 2281 1869 uteandide
2311 1811 2618 1866 monuerint
2641 1809 2884 1865 Justinus
2921 1809 2972 1862 in
2997 1805 3220 1874 Dialogo
3250 1819 3366 1856 cum
3397 1799 3534 1869 Try-

307 1899 510 1962 nantis,
541 1909 596 1953 et
625 1900 896 1954 variarum
936 1901 986 1953 in
1022 1900 1190 1955 altera
1227 1902 1338 1955 vita
1386 1901 1733 1956 mansionum
1773 1920 1872 1958 ex-
1905 1925 1946 1980 Β
1975 1904 2141 1972 phone
2185 1916 2304 1970 pag.
2348 1900 2473 1966 506,
2521 1900 2654 1953 edit.
2711 1897 3036 1953 Morellianae
3080 1895 3254 1949 Paris.
3293 1890 3454 1954 1636,
3483 1899 3539 1944 et

304 1990 563 2061 plieatio;
589 1990 705 2045 hate
727 1993 869 2045 enim
897 1991 1086 2047 referri
1114 1993 1179 2047 ad
1207 1994 1432 2048 alteram
1463 1994 1653 2058 vitam,
1682 2008 1776 2047 seu
1803 1995 1869 2048 ad

305 2080 762 2134 resurrectionem
796 2083 1109 2146 secundam,
1141 2093 1428 2152 postquam
1459 2083 1731 2138 innovatis
1757 2085 1868 2154 jam

302 2171 444 2225 celo
486 2178 542 2225 et
579 2179 725 2225 terra
785 2171 925 2228 Deus
973 2173 1262 2228 manifeste
1292 2175 1560 2228 videbitur
1617 2178 1870 2243 abeatis,

302 2261 571 2316 orationis
637 2272 926 2319 contextus
982 2267 1267 2335 perspicue
1330 2266 1693 2321 demonstrat.
1766 2267 1871 2323 Sed

302 2352 432 2421 ista,
463 2363 523 2409 ut
553 2367 609 2410 et
641 2356 746 2411 alia
790 2373 907 2428 qum
951 2359 1133 2422 retuli,
1190 2360 1326 2413 meri
1383 2368 1529 2425 sunt,
1577 2375 1711 2430 quos
1740 2376 1871 2415 con-

307 2448 476 2500 traxit
536 2447 774 2502 lrenaeus
831 2463 898 2504 ex
950 2449 1117 2504 nimia
1165 2450 1218 2503 in
1263 2451 1504 2506 seniores
1538 2452 1680 2516 illos,
1735 2467 1872 2519 quos

305 2534 602 2592 identidem
637 2539 786 2604 citat,
823 2542 1191 2609 veneratione,
1233 2551 1290 2596 et
1333 2543 1532 2597 acriori
1587 2545 1872 2598 lmreticos

308 2626 659 2697 impugnandi
689 2631 884 2687 studio.

377 2720 501 2776 123.
547 2720 756 2776 Dudum
791 2723 1060 2778 exsolevit
1085 2738 1149 2779 ea
1183 2726 1385 2780 terreni
1435 2726 1636 2782 Christi
1670 2727 1870 2791 fabula,

307 2818 365 2865 ut
387 2821 542 2866 vocat
574 2813 954 2884 Hieronymus.
986 2813 1137 2869 Hane
1167 2825 1346 2868 tamen
1374 2817 1487 2870 suis
1523 2833 1553 2871 e
1590 2818 1876 2873 ruderibus

309 2906 598 2960 excitatam
635 2908 941 2962 instaurare
992 2908 1188 2962 nititur
1223 2908 1292 2961 el.
1351 2909 1614 2977 Grabius;
1656 2927 1762 2965 non
1795 2911 1876 2965 di-

307 3005 458 3051 recte
515 2998 756 3067 quidem,
795 3000 938 3054 nulla
989 3001 1256 3069 siquidem
1300 3012 1619 3072 argumenta
1668 3020 1784 3058 eam
1823 3005 1873 3058 in

305 3102 420 3144 rem
454 3090 665 3159 profert
696 3108 710 3145 :
744 3093 903 3161 ecqui
928 3093 1172 3162 proferre
1205 3104 1404 3164 posset,
1432 3096 1534 3150 nisi
1557 3097 1872 3160 straminea,

307 3185 369 3234 ut
394 3181 508 3249 ipse
541 3180 829 3251 loquitur?
860 3183 967 3238 Sed
1017 3186 1135 3254 pias
1182 3186 1518 3241 eteruditas
1568 3187 1872 3243 doctissimi

305 3270 652 3328 Feuardentii
690 3283 845 3330 notas
866 3277 1204 3342 exscribens,
1244 3295 1340 3335 eas
1384 3280 1585 3349 ubique
1635 3281 1874 3350 maligno
1901 3272 1941 3328 C

306 3364 467 3419 dente
498 3366 766 3430 corrodit,
828 3367 1182 3439 insinuatque
1214 3372 1416 3440 passim
1446 3388 1473 3425 a
1505 3372 1654 3427 nullo
1700 3373 1872 3428 solide

305 3456 649 3512 confutatam
685 3458 945 3514 hactenus
971 3460 1139 3517 fuisse
1168 3476 1287 3516 eam
1310 3461 1734 3519 Millenariorum
1762 3479 1877 3520 sen-

309 3548 558 3614 tentiam,
596 3549 864 3619 facileque
907 3550 1102 3605 diﬂlari
1133 3567 1196 3607 ea
1228 3555 1435 3618 omnia,
1467 3555 1666 3624 quibus
1692 3558 1871 3626 impu-

304 3649 524 3708 gnatur,
585 3653 937 3712 argumenta:
1002 3642 1110 3698 imo
1154 3659 1348 3713 parum
1405 3647 1558 3699 abest
1589 3647 1718 3716 quin
1751 3663 1870 3702 eam

307 3731 408 3803 ipsi
457 3733 680 3789 Christo
729 3742 784 3789 et
836 3735 1097 3803 apostolis
1156 3737 1272 3804 ejus
1319 3747 1594 3806 acceptam
1649 3738 1872 3797 referat.

305 3820 471 3878 Forte
498 3825 806 3878 necessaria
836 3824 1039 3881 Grabio
1067 3827 1280 3882 videtur
1311 3843 1372 3882 ea
1398 3827 1602 3893 fabula,
1633 3845 1737 3900 qua
1772 3831 1873 3884 ful-

306 3916 484 3970 ciatur
532 3930 730 3970 novum
792 3916 923 3970 illud
987 3917 1198 3973 Calvini
1256 3928 1312 3974 et
1367 3921 1700 3974 asseclarum
1756 3922 1872 3989 ejus

309 4005 524 4075 dogma,
579 4015 799 4060 sanctos
849 4007 1089 4062 invocari
1147 4022 1248 4063 nec
1307 4025 1482 4079 posse,
1527 4026 1626 4064 nec
1654 4011 1872 4078 debere,

312 4105 497 4164 utpote
523 4096 615 4167 qui
645 4098 697 4152 in
729 4098 872 4154 coelo
895 4100 1132 4153 nondum
1162 4101 1420 4169 degentes
1446 4119 1634 4172 preces
1662 4113 1875 4158 nostras

311 4191 500 4242 audire
557 4200 848 4258 nequeant.
913 4191 1142 4261 Dignum
1201 4203 1350 4247 certe
1397 4195 1595 4248 fabulae
1642 4195 1870 4248 fulcrum

310 4277 477 4334 altera
515 4280 697 4336 fabula
730 4291 832 4337 est.
883 4284 964 4337 An
1013 4283 1083 4338 cl.
1127 4285 1240 4338 viro
1296 4289 1510 4340 animus
1563 4296 1680 4339 erat
1713 4303 1874 4344 veros

330 4410 1532 4437 ——-——.—-——_——_—__——______

1973 1994 2208 2048 lrenaaus
2244 2009 2402 2064 capp.
2438 1993 2501 2046 ’51
2536 2001 2590 2045 et
2629 1989 2721 2055 52,
2761 1991 2888 2044 huic
2927 2001 3258 2059 repugnasse
3312 1984 3538 2046 πολλοὺς

1971 2089 2064 2142 καὶ
2094 2087 2200 2140 τῶν
2224 2087 2323 2157 τῆς
2355 2086 2596 2156 καθαρᾶς
2627 2087 2718 2138 καὶ
2744 2082 2995 2144 εὐσεϐοῦς
3027 2081 3192 2133 ὄντων
3214 2075 3539 2150 χριστιανῶν

1971 2181 2214 2251 γνώμης,
2249 2200 2267 2231 ι
2304 2179 2497 2235 multos
2551 2180 2712 2233 etiam
2763 2193 2793 2232 e
2839 2176 3188 2238 Christianis,
3245 2172 3334 2242 qui
3388 2186 3540 2241 pum

1971 2278 2180 2345 pimque
2211 2283 2336 2327 sunt
2359 2272 2679 2339 sententia};
2719 2291 2735 2323 ι
2769 2270 2874 2334 vel,
2928 2278 2985 2322 nt
3016 2269 3256 2338 loquitur
3283 2267 3538 2330 lrenzus,

1979 2385 1996 2418 ι
2034 2367 2292 2434 quosdam
2324 2379 2390 2418 ex
2418 2365 2504 2418 his
2533 2365 2624 2433 qui
2659 2370 2918 2431 putantur
2960 2369 3106 2415 recte
3152 2357 3471 2412 credidisse.
3514 2373 3535 2409 ι

1974 2461 2019 2511 Α
2053 2460 2298 2528 pluribus
2334 2459 2589 2526 deinceps
2617 2465 2809 2526 aperte
2848 2453 3167 2524 impugnata
3199 2465 3321 2504 cum
3351 2448 3538 2512 fuerit,

1975 2551 2146 2605 liceta
2179 2549 2525 2618 quibusdam,
2560 2562 2659 2601 nec
2693 2545 3020 2616 ignobilibus
3063 2541 3321 2597 Ecclesiae
3363 2539 3541 2594 Patri-

1976 2643 2075 2696 bus
2115 2650 2473 2711 propngnata,
2504 2640 3028 2710 praevaluitsemper
3062 2635 3114 2688 id
3157 2633 3302 2703 quod
3339 2630 3451 2700 jam
3487 2631 3541 2684 in

1975 2731 2216 2787 Ecclesia
2247 2729 2512 2784 catholica
2542 2729 2750 2783 obtinet
2777 2728 2993 2796 dogma.

2046 2823 2168 2877 124.
2213 2822 2323 2876 Sed
2353 2822 2569 2875 tandem
2625 2819 2750 2873 huic
2787 2815 3152 2871 dissertationi
3192 2814 3314 2869 finis
3368 2813 3545 2881 impo-

1977 2915 2205 2968 nendus.
2244 2912 2552 2966 Breviorent
2582 2926 2701 2966 esse
2725 2910 3038 2977 voluissem,
3092 2909 3136 2962 si
3173 2905 3438 2961 licuisset.
3471 2903 3542 2956 At

1977 3009 2279 3079 longiorem
2305 3007 2554 3062 fecerunt
2593 3017 2704 3060 tum
2733 3006 3000 3060 intricata:
3055 3004 3295 3058 locorum
3339 2998 3541 3052 multo-

1976 3119 2095 3158 rum
2127 3101 2489 3166 diiiicultates,
2521 3116 2638 3168 qua:
2659 3098 3005 3167 paucioribus
3048 3095 3228 3149 verbis
3279 3091 3542 3147 elucidari

1979 3196 2260 3251 commode
2311 3210 2422 3248 non
2480 3199 2765 3262 poterant;
2817 3199 2929 3243 tum
2975 3187 3303 3257 importunae
3350 3182 3541 3237 Prote-

1977 3282 2261 3353 stantium,
2286 3301 2350 3340 ac
2375 3287 2426 3339 in
2459 3284 2652 3352 primis
2682 3279 2871 3351 nuperi
2904 3279 3086 3334 lrenaai
3115 3276 3344 3331 editoris
3372 3272 3540 3328 cavil-

1979 3382 2228 3445 lationes,
2269 3394 2423 3448 quas,
2457 3392 2522 3432 ne
2546 3377 2746 3433 nostris
2790 3375 3014 3428 auribus
3065 3371 3384 3439 obstrepere
3413 3381 3545 3436 per-

1981 3485 2192 3545 gerent,
2224 3472 2518 3528 dissolvere
2551 3483 2727 3539 operaa
2763 3467 2993 3538 pretium
3035 3464 3158 3517 fuit.
3216 3462 3349 3518 Cum
3395 3460 3543 3514 enim

1981 3566 2246 3635 ejusmodi
2281 3564 2591 3619 hominibus
2642 3560 2919 3628 antiquius
2975 3555 3108 3611 nihil
3161 3553 3347 3616 fuerit,
3379 3563 3540 3619 quam

1983 3669 2042 3714 ut
2091 3668 2255 3712 tanta:
2307 3653 2648 3709 auctoritatis
2709 3648 3161 3718 antiquitatisque
3220 3641 3542 3710 scriptorem

1985 3751 2181 3806 misere
2210 3751 2537 3817 discerptum
2595 3745 2661 3799 ad
2716 3753 2899 3814 partes
2953 3753 3080 3795 suas
3143 3737 3439 3795 traherent,
3484 3737 3548 3784 ut

1984 3855 2131 3898 tanta
2176 3843 2234 3896 S.
2260 3840 2470 3894 doctori
2505 3838 2662 3891 ﬁeret
2704 3834 2926 3905 injuria,
2967 3829 3256 3886 sinendum
3285 3822 3543 3880 nonfuit.

1983 3936 2040 3992 Si
2072 3935 2200 4007 quid
2227 3934 2372 3988 aliud
2403 3933 2456 3985 in
2494 3928 2676 3984 Irenaei
2726 3922 2972 3979 doctrina
3017 3924 3416 3978 observandum
3444 3933 3544 3972 oc-

1983 4039 2188 4092 currat,
2225 4027 2310 4081 vel
2337 4026 2387 4078 id
2413 4026 2465 4078 in
2496 4021 2641 4076 notis
2668 4017 2834 4074 textui
2854 4014 3118 4082 subjectis
3143 4010 3544 4071 adnotavimus,

1981 4133 2034 4177 et
2068 4121 2156 4174 ubi
2188 4134 2322 4188 opus
2351 4119 2453 4172 fuit
2484 4117 2896 4178 illustravimus,
2932 4110 3015 4166 vel
3057 4125 3125 4165 ex
3175 4108 3242 4164 iis
3271 4120 3390 4175 quae
3418 4103 3548 4157 hac-

1982 4225 2137 4267 tenus
2169 4213 2404 4267 diximus
2431 4210 2588 4265 facile
2613 4209 2993 4278 explicabitur.

1535 4405 3526 4439 Μ

836 4568 1236 4684 CER.
1327 4569 1788 4684 GUIL.
1872 4570 2150 4682 FB.
2223 4565 3056 4681 WALGEII

1386 4795 2271 4889 COMMENTATIO
2344 4780 2424 4860 (α)

961 4985 1051 5042 DE
1086 4987 1432 5041 ΑΥΘΕΝΤΙΑ
1473 4985 1826 5043 LIBRORUM
1864 4986 2118 5042 IRENIEI
2151 4984 2520 5042 ADVERSUS
2555 4984 2615 5039 H.

1261 4987 1432 5040 NTIA
1473 4985 1826 5043 LIBRORUM
1864 4986 2118 5042 ΙΒΕΝᾹΞΙ
2151 4984 2520 5042 ADVERSUS
2555 4982 2915 5039 HIERESES.

389 5258 708 5324 Consilium,
740 5258 880 5326 quod
908 5259 1046 5328 cepi,
1071 5257 1135 5312 de
1171 5259 1272 5314 fide
1301 5259 1734 5329 auctoritateque
1764 5259 1872 5315 Ire—
1903 5264 1946 5319 ι)
1977 5261 2093 5328 Quo
2125 5261 2298 5331 major
2328 5259 2472 5315 enim
2508 5269 2594 5313 est
2636 5274 2818 5316 rerum
2852 5260 3426 5332 prmstantissimarum
3451 5274 3544 5315 co-

323 5355 422 5410 na:l
460 5351 622 5421 paulo
647 5351 948 5405 accuratius
987 5367 1171 5407 coram
1212 5353 1362 5407 vobis
1393 5354 1693 5423 disputandi
1724 5393 1739 5419 ,
1788 5371 1882 5408 na-

322 5457 435 5502 tum
483 5457 608 5501 esse
649 5443 837 5499 lubens
885 5445 1059 5500 fateor
1096 5459 1162 5499 ex
1208 5460 1396 5502 vener.
1439 5446 1633 5501 Joann.
1673 5446 1880 5502 Saloni.

323 5536 553 5593 Semleri
589 5534 916 5604 infringendi
966 5550 1085 5590 eam
1139 5535 1612 5608 labefactandique
1661 5538 1878 5593 studiis.

393 5692 472 5766 (ᾳ)
504 5691 631 5747 “asc
651 5691 1082 5766 commentatio,
1128 5707 1157 5746 a
1207 5693 1518 5766 doctissimo
1547 5692 1794 5766 Walchio
1824 5693 1878 5748 in

324 5760 600 5820 Societate
651 5760 1210 5832 Begiahseientiarum
1257 5762 1596 5832 Gottingensi
1653 5765 1879 5818 recitata

324 5835 378 5894 ει.
407 5849 463 5892 τι
487 5833 627 5904 Aug.
660 5830 708 5888 ll

801 5822 1077 5900 CLXXIV,
1104 5833 1248 5906 typis
1294 5822 1547 5905 expressa
1575 5843 1658 5891 est
1699 5835 1751 5890 in
1780 5832 1884 5890 No-

1985 5354 2106 5422 pia,
2153 5368 2288 5422 quas
2336 5369 2402 5408 ex
2450 5351 2632 5406 lrenaei
2681 5352 2834 5409 libris
2867 5371 2927 5412 se
2962 5355 3219 5410 didicisse
3247 5355 3393 5409 omni
3435 5353 3549 5408 fere

1989 5456 2231 5515 tempore
2279 5449 2584 5515 gravissimi
2632 5451 2735 5505 viri
2786 5450 2966 5504 testati
3009 5457 3170 5515 sunt,
3219 5461 3418 5519 quasve
3449 5462 3549 5502 nos

1986 5539 2088 5610 ipsi
2126 5555 2192 5594 ex
2225 5541 2413 5595 eodem
2443 5541 2590 5597 fonte
2623 5543 2845 5598 haurire
2875 5543 3183 5613 pergimus;
3217 5556 3282 5597 eo
3310 5541 3547 5596 sanctius

1984 5697 2070 5782 vis
2097 5697 2500 5782 commentariis
2525 5697 3012 5782 Societatisﬁegia:
3043 5697 3388 5755 scientiarum
3414 5694 3550 5755 Got-

1991 5769 2151 5839 ting.,
2175 5775 2309 5828 tom.
2349 5770 2411 5838 ν,
2438 5769 2680 5841 Gotting.
2708 5769 2867 5826 1775.
2898 5769 3052 5825 Enn.
