4188 6336
685 425 790 482 385

2084 416 2196 474 ΡΒ.
2233 415 2526 473 WALCHII

3804 410 3910 469 586

687 545 816 601 mihi
863 557 982 601 esse
1022 542 1238 599 videtur
1265 543 1368 599 viri
1417 541 1546 598 boni
1582 542 1815 599 oﬁlcium
1865 543 1918 597 in
1966 557 2030 598 eo
2057 543 2255 611 justam
2288 545 2333 604 Α
2365 539 2572 601 omnia,
2606 536 2696 593 sed
2729 536 2782 590 in
2815 533 3044 590 aliorum
3079 532 3399 602 scriptorum
3441 530 3746 587 Graecorum
3793 548 3909 588 mo-

684 635 981 691 collocandi
1011 649 1224 696 curam,
1256 641 1316 687 ut
1353 648 1478 687 num
1519 644 1664 688 recte
1689 634 1807 687 viro
1833 641 1886 687 et
1919 632 2112 702 quibus
2149 648 2249 686 no-

686 741 810 782 men
836 725 953 794 ejus
982 724 1203 787 inscribi
1244 722 1415 777 soleat
1443 725 1789 777 monimentis
1831 723 2146 790 credamus,
2177 739 2244 776 an

683 816 1059 871 frondatorum
1101 813 1333 870 fortasse
1373 814 1700 883 impudentia
1739 814 1913 882 decipi
1947 829 2042 867 nos
2074 815 2246 883 patia-

687 923 833 970 mur,
866 916 920 960 et
958 907 1114 961 nobis
1142 915 1197 962 et
1226 905 1351 960 aliis
1381 915 1593 960 constet
1633 906 1964 972 argumentis
1997 907 2162 961 certis
2193 915 2247 960 et

678 997 968 1066 expeditis.
1002 996 1143 1051 Fieri
1170 1010 1330 1064 posse
1362 1011 1519 1050 nemo
1551 995 1902 1068 inﬁciabitnr,
1929 1006 1984 1050 ut
2006 1012 2100 1067 per
2125 998 2245 1051 lon-

680 1102 806 1154 gum
855 1097 1069 1152 tempus
1100 1087 1301 1140 veteris
1330 1087 1613 1155 scriptoris
1658 1103 1819 1156 opera
1855 1088 2110 1142 nonnulla
2142 1089 2242 1142 ha-

679 1177 914 1232 beantur
946 1193 1201 1249 germana
1231 1190 1286 1235 et
1316 1196 1439 1235 vera
1465 1221 1479 1244 ,
1515 1195 1635 1248 quae
1666 1191 1722 1234 ut
1755 1179 1890 1235 falsa
1921 1195 2038 1235 esse
2068 1189 2121 1235 et
2154 1181 2242 1234 cui

677 1272 1049 1335 ascribantur,
1088 1273 1326 1325 auctoris
1360 1281 1452 1324 ant
1482 1272 1698 1341 ingenio
1727 1285 1782 1328 et
1828 1273 2072 1328 doctrina
2097 1313 2111 1337 ,
2149 1283 2244 1328 aut

680 1372 842 1417 aetate
870 1363 1084 1432 indigna
1108 1353 1353 1432 judicent
1375 1407 1390 1431 ,
1418 1368 1615 1438 posteri
1649 1375 2104 1421 commoveantur.
2138 1367 2243 1422 Fas

678 1454 846 1524 igitur
875 1466 987 1519 est,
1022 1459 1193 1512 audiri
1225 1475 1318 1514 eos
1340 1499 1354 1524 ,
1407 1463 1496 1530 qui
1542 1460 1666 1513 licet
1719 1469 1843 1513 ante
1867 1474 1961 1513 eos
1989 1474 2146 1513 nemo
2178 1460 2243 1512 de

681 1546 842 1618 hujus
875 1550 1087 1619 generis
1118 1551 1379 1607 librorum
1422 1562 1691 1608 vetustate
1724 1563 1814 1606 ant
1845 1554 2108 1621 scriptore
2139 1555 2238 1607 du-

677 1639 950 1704 bitaverit,
992 1645 1150 1710 primi
1181 1661 1322 1699 nunc
1352 1646 1601 1700 dubitare
1626 1647 1846 1708 audent,
1877 1656 1930 1699 et
1951 1661 2084 1714 quas
2115 1661 2243 1717 pro-

676 1731 859 1787 ferunt
883 1733 1164 1788 dubitandi
1201 1752 1400 1793 causas
1428 1739 1656 1807 expendi
1693 1739 2094 1792 consideratius
2139 1738 2239 1791 ha-

676 1839 906 1894 rumque
948 1825 1180 1893 pretium
1233 1829 1413 1882 animo
1451 1829 1711 1897 candido,
1769 1845 1942 1897 neque
1969 1829 2090 1882 ullis
2138 1830 2237 1884 nisi

2352 629 2607 683 nimentis
2637 637 2862 681 servatae
2887 639 3012 680 sunt
3036 625 3276 694 insignes
3301 622 3470 678 Graeci
3503 633 3677 677 textus
3704 633 3904 690 partes,

2351 721 2508 773 modo
2539 720 2818 772 breviores
2851 717 3008 771 modo
3041 715 3332 784 longiores,
3364 729 3497 782 qua;
3530 713 3749 766 salutari
3778 729 3901 767 con-

2349 814 2473 867 silio
2507 828 2534 865 a
2569 811 2770 867 Grabio
2814 819 2867 864 et
2911 809 3185 864 Massneto
3217 791 3625 875 diligentissime
3653 806 3906 861 collectas

2347 914 2402 958 et
2429 903 2638 957 Latinis
2672 903 2944 971 appositas
2972 899 3238 954 videmus.
3278 897 3492 952 Utiinnr
3534 911 3664 966 ergo
3707 910 3905 965 oppor-

2351 994 2581 1047 tunitate
2615 995 2680 1045 de
2720 991 2906 1056 Ireniei
2954 988 3106 1044 libris
3151 1002 3256 1040 non
3303 1001 3370 1040 ex
3413 985 3524 1039 sola
3554 999 3738 1038 eorum
3787 998 3906 1037 ver-

2347 1086 2522 1149 sione,
2553 1085 2696 1152 qnod
2721 1095 3000 1152 perperam
3038 1076 3276 1133 nonnulli
3315 1076 3675 1144 suspicantur,
3714 1074 3805 1129 sed
3835 1088 3907 1128 ex

2347 1176 2582 1231 fontibus
2620 1177 2747 1243 ipsis
2770 1171 3068 1243 judicandi.

2418 1267 2610 1321 Totius
2637 1280 2767 1320 vero
2787 1264 2967 1334 cperis
2991 1261 3172 1316 versio
3203 1261 3293 1313 illa
3321 1259 3530 1326 integra
3568 1257 3633 1310 ad
3661 1267 3904 1310 nostram

2343 1359 2592 1430 pervenit
2627 1367 2843 1411 aetatem
2873 1365 2928 1408 et
2967 1360 3018 1408 in
3064 1353 3314 1406 manibus
3344 1352 3586 1405 omnium
3633 1359 3902 1402 versatur.

2345 1454 2588 1519 Quonam
2623 1458 2862 1517 tempore
2909 1447 3094 1501 eadem
3130 1444 3378 1498 confecta
3406 1445 3512 1508 sit,
3543 1455 3786 1508 magnam
3811 1439 3907 1493 ha-

2342 1549 2431 1602 bet
2459 1545 2877 1600 dubitationem.
2910 1540 3058 1595 Miilti
3096 1555 3216 1594 eam
3250 1539 3394 1592 artati
3429 1537 3635 1600 lrenzei,
3664 1537 3764 1589 hoe
3793 1544 3904 1599 est,

2344 1637 2530 1691 saeculi
2565 1635 2786 1689 secundi
2821 1633 2935 1696 ﬁni,
2971 1631 3056 1685 vel
3101 1629 3245 1683 tertii
3297 1629 3502 1690 initiis,
3547 1637 3734 1698 putant
3776 1641 3903 1682 esse

2343 1728 2624 1796 aequalem,
2657 1727 2795 1794 quod
2824 1725 3015 1794 legisse
3048 1738 3168 1777 eam
3198 1721 3565 1776 Tertullian-is
3615 1720 3718 1773 illis
3752 1719 3906 1773 vide-

2345 1832 2448 1876 tur.
2484 1821 2590 1874 Sed
2625 1820 2708 1873 his
2748 1815 3080 1872 contradixit
3129 1814 3430 1868 Dodwellus
3480 1813 3574 1882 (b),
3607 1809 3905 1879 inaliiitque

681 1929 869 1969 verum
899 1918 1219 1986 exquirendi
1255 1920 1450 1974 studiis
1493 1922 1653 1973 (ιιιριο
1679 1960 1694 1983 ,
1737 1920 2017 1973 aestimari,
2049 1920 2238 1975 omni.
2269 1910 2310 1963 Β
2339 1928 2458 1967 eam
2488 1910 2676 1965 referri
2705 1910 2769 1962 ad
2793 1909 2992 1962 exitum
3016 1905 3196 1959 saeculi
3220 1904 3419 1972 quarti,
3450 1918 3556 1972 quo
3581 1900 3906 1955 Priscilliani

673 2009 815 2062 enim
850 2009 1090 2064 historia:
1133 2012 1368 2079 dignitas
1401 2013 1712 2082 utilitasque
1738 2014 1949 2073 nititur,
1982 2021 2237 2082 tanquam

672 2114 771 2154 suo
797 2100 1164 2161 fundamento.
1203 2103 1523 2156 auctoritate
1553 2111 1606 2157 et
1633 2103 1736 2157 ﬁde
1761 2104 1994 2166 testium,
2027 2118 2237 2156 rerum-

673 2205 778 2257 que
801 2201 1072 2261 gestarum
1108 2194 1383 2247 memoria:
1415 2193 1638 2262 perinde
1670 2192 2034 2261 perniciosum
2065 2169 2147 2246 esi
2185 2203 2241 2246 et

671 2283 1013 2352 pestiferum,
1046 2285 1209 2340 falsos
1247 2295 1301 2342 et
1344 2286 1669 2341 subornatos
1700 2289 2002 2355 producere
2033 2295 2195 2340 testes
2219 2326 2233 2351 ,

677 2390 742 2431 ac
771 2375 943 2430 bonos
972 2377 1360 2447 religiososqne
1402 2380 1518 2432 sine
1561 2393 1724 2432 causa
1773 2379 2060 2447 repudiare
2089 2388 2142 2432 et
2170 2379 2236 2432 ad

671 2466 888 2521 illorum
924 2484 1142 2539 gregem
1189 2470 1446 2539 abjicere.
1473 2468 1542 2523 Ut
1586 2471 1984 2524 vero-candide
2031 2480 2082 2524 et
2115 2485 2236 2525 cor-

669 2560 794 2615 date
834 2577 1086 2631 agamus,
1125 2564 1301 2620 omnia
1327 2564 1511 2617 sedulo
1546 2563 1935 2631 conquirenda,
1968 2572 2054 2630 et,
2087 2575 2145 2617 ut
2170 2563 2238 2617 ab
2266 2630 2274 2634 _

666 2651 789 2707 aliis
823 2651 925 2709 rite
950 2653 1342 2725 intelligantur,
1387 2655 1676 2724 perspicue
1701 2655 2052 2724 proponenda
2085 2665 2232 2719 sunt,

673 2761 794 2815 quae
842 2747 996 2802 testis
1044 2748 1096 2802 in
1149 2749 1507 2817 suspicionem
1548 2748 1724 2801 vocati
1776 2746 2233 2801 existimationem

665 2847 759 2892 aut
794 2839 1139 2903 conﬁrmant,
1172 2850 1264 2894 aut
1295 2840 1538 2894 minuunt
1562 2850 1612 2894 et
1641 2840 1968 2895 convellunt.
2001 2838 2113 2893 Hoc
2137 2855 2233 2892 ne-

671 2929 876 2998 gotium
912 2930 1036 2985 licet
1066 2931 1293 2984 arduum
1340 2945 1482 3000 szepe
1510 2932 1580 2984 sit
1608 2940 1659 2985 et
1692 2929 1936 2992 diﬁicile,
1968 2945 2032 2985 eo
2063 2929 2235 3000 magis

670 3029 850 3076 tamen
887 3021 1262 3076 necessarium
1298 3030 1413 3086 est,
1447 3037 1552 3090 quo
1580 3021 2006 3092 negligentiores
2045 3019 2234 3073 obser-

665 3125 861 3169 vamus
888 3113 1038 3169 viros
1079 3115 1266 3168 doctos
1318 3114 1483 3168 fuisse
1517 3115 1569 3168 in
1601 3113 1933 3184 explicandis
1979 3099 2232 3183 compro-

665 3203 1009 3274 bandisque,
1063 3219 1163 3259 cur
1191 3204 1362 3260 veleri
1408 3205 1664 3275 scriptori
1703 3213 1758 3260 et
1803 3205 1901 3274 ipsi
1928 3206 2149 3260 credant
2176 3213 2230 3260 et

666 3295 806 3351 alios
833 3295 1006 3350 velint
1031 3295 1278 3361 credere,
1309 3296 1506 3361 causis,
1534 3296 1690 3366 cujus
1721 3297 2103 3350 auctoritatem
2135 3312 2228 3351 ne-

663 3385 910 3440 sciebant
936 3397 1169 3453 unquam
1200 3385 1476 3440 contemni
1505 3394 1597 3438 aut
1619 3386 1811 3442 adduci
1836 3387 1888 3442 in
1915 3397 2233 3441 controver-

664 3476 826 3531 siam.
861 3473 1071 3527 Similis
1095 3484 1244 3529 certe
1286 3473 1387 3527 fuit
1417 3473 1606 3529 lrenmi
1638 3491 1775 3530 sors.
1809 3476 2009 3532 Omnes
2051 3480 2232 3547 enim,

662 3565 913 3636 quamvis
936 3566 1002 3620 de
1034 3564 1298 3633 religione
1331 3565 1568 3622 dissidiis
1615 3567 1954 3638 aliarumque
1980 3571 2044 3624 de
2071 3572 2233 3627 rebus

664 3657 992 3729 antiquioris
1034 3659 1132 3713 invi
1178 3657 1501 3715 Christianis
1540 3661 1926 3715 sententiarum
1969 3665 2231 3720 varietate

667 3766 696 3804 a
726 3765 784 3806 se
820 3750 1054 3804 invicem
1095 3751 1204 3804 sint
1243 3748 1530 3817 disjnncti,
1587 3751 1637 3804 in
1681 3753 2010 3806 admittenda
2053 3753 2229 3809 laudi-

664 3842 874 3912 busque
904 3841 1211 3896 extollenda
1242 3843 1359 3910 ejus
1384 3841 1488 3897 ﬁde
1515 3843 1742 3898 miriﬁce
1765 3844 1976 3899 videbis
2004 3860 2227 3900 consen-

666 3937 795 3997 tire,
831 3935 1127 4004 quemlibet
1171 3934 1435 4006 intelliges
1486 3935 1711 3990 honoris
1752 3938 1880 4006 quid
1916 3947 2020 3992 aut
2065 3953 2232 3994 orna-

664 4027 832 4080 menti
881 4028 991 4081 suis
1040 4027 1386 4094 Opinionibus
1437 4042 1658 4096 suisque
1705 4028 1928 4083 factioni
1979 4045 2046 4084 ex
2081 4039 2230 4086 tanto

663 4116 882 4170 nomine
906 4116 1231 4171 conciliandi
1256 4131 1374 4171 esse
1397 4117 1732 4182 studiosum;
1756 4121 2022 4175 neminem
2051 4132 2226 4177 tamen

665 4208 790 4262 novi
832 4209 896 4263 de
925 4209 1244 4278 colligendis
1274 4208 1726 4280 declarandisque
1756 4213 1934 4268 causis
1963 4215 2224 4284 cogitare,

663 4315 764 4353 cur
791 4301 1120 4357 testimoniis
1149 4301 1340 4358 Irenazi
1374 4305 1444 4358 sit
1468 4306 1817 4358 credendum.

737 4394 1081 4464 Quaecunque
1113 4397 1217 4451 hac
1260 4399 1325 4453 de
1364 4413 1422 4452 re
1449 4399 1554 4451 dici
1585 4408 1828 4466 possunt,
1861 4401 2129 4468 pertinent
2158 4403 2226 4458 ad

663 4485 908 4555 quinque
938 4495 1125 4540 contra
1175 4486 1406 4540 lia-reses
1435 4485 1625 4551 libros,
1659 4504 1795 4556 quos
1821 4491 1988 4544 nostis
2017 4491 2224 4556 Ircnrei,

2342 2019 2484 2061 secta
2530 2016 2645 2060 orta
2687 2015 2769 2059 est
2822 2013 2876 2058 et
2932 2004 2984 2056 in
3045 2001 3302 2069 Hispania
3358 1998 3643 2067 Galliaque
3688 1999 3905 2067 priscos

2338 2103 2723 2159 Cnosticorum
2779 2116 2996 2156 errores
3046 2100 3360 2165 renovavit,
3413 2099 3464 2152 in
3515 2095 3700 2151 Irentei
3748 2095 3906 2150 libris

2340 2210 2570 2264 operose
2601 2203 2890 2247 enarratos
2913 2203 2965 2247 et
2997 2192 3313 2255 convulsos;
3350 2205 3446 2243 nec
3477 2189 3615 2242 male
3649 2189 3855 2241 monuit
3883 2227 3902 2252 ,

2339 2290 2696 2354 Augustinum
2724 2287 2914 2341 eodem
2949 2295 3189 2352 tempore
3213 2284 3416 2336 clarum
3450 2281 3536 2334 illa
3575 2295 3693 2334 esse
3720 2296 3903 2333 usuin.

2338 2377 2530 2431 Nostra
2568 2386 2724 2429 mtate
2753 2375 3006 2434 monachi
3041 2374 3376 2427 l’arisienses
3416 2374 3487 2441 (ε)
3529 2372 3751 2424 ulterius
3780 2387 3906 2439 pro-

2341 2469 2510 2538 gressi
2560 2477 2685 2521 sunt
2735 2466 3150 2534 rejeceruntqnc
3193 2479 3310 2517 eam
3362 2465 3428 2518 ad
3465 2464 3754 2518 barbarum
3799 2477 3908 2516 sie-

2337 2562 2440 2614 culi
2475 2577 2523 2615 vi
2566 2575 2761 2626 aevum,
2791 2559 2859 2612 ob
2884 2559 3186 2626 squalidam
3235 2565 3288 2610 et
3316 2571 3444 2610 vcre
3485 2556 3764 2609 barbaram
3798 2553 3907 2608 La-

2341 2655 2632 2716 tinitatem,
2665 2669 2767 2721 qna
2808 2653 3056 2721 quisquis
3087 2651 3176 2704 ille
3210 2651 3371 2705 fuerit
3415 2651 3683 2719 interpres
3707 2648 3904 2704 (ΙΙ-πω

2337 2746 2642 2799 donaverit.
2673 2748 2742 2799 At
2767 2760 2864 2798 nec
2895 2745 2978 2797 his
3013 2745 3303 2797 assentior.
3333 2741 3648 2795 Barbariem
3690 2742 3904 2794 oratio-

2337 2837 2419 2889 nis
2450 2852 2554 2890 non
2592 2853 2748 2905 nego,
2774 2837 2865 2891 sed
2893 2835 3055 2889 talem
3079 2850 3199 2890 esse
3235 2850 3509 2903 nunquam
3549 2833 3903 2900 crediderim,

2335 2930 2481 2998 quali
2512 2931 2714 2984 saeculo
2744 2939 2899 2983 sexto
2930 2937 3138 2997 gentes,
3163 2943 3280 2996 qua:
3305 2929 3573 2982 Romanas
3597 2927 3905 2996 provincias

2337 3021 2389 3074 in
2428 3036 2577 3075 suam
2614 3023 2937 3092 redegerunt
2972 3032 3295 3093 potestatem
3322 3061 3337 3085 ,
3369 3020 3619 3074 Latinam
3660 3019 3904 3090 linguam

2336 3122 2701 3180 corruperunt
2745 3121 2800 3168 et
2835 3113 3220 3181 depravarunt.
3269 3111 3469 3167 Omnes
3516 3111 3660 3165 enim
3699 3111 3907 3165 sentire

2335 3213 2570 3272 oportet,
2602 3204 2893 3275 gmculum
2924 3205 3093 3260 fuisse
3127 3206 3434 3267 hominem,
3478 3204 3568 3272 qui
3606 3217 3904 3272 puerorum

2332 3309 2482 3348 more
2512 3311 2614 3349 non
2647 3311 2948 3351 sermonem
2979 3296 3150 3362 illum,
3170 3297 3264 3351 sed
3293 3296 3455 3350 verba
3481 3293 3687 3364 singula
3722 3301 3906 3347 trans-

2334 3387 2517 3451 ferret,
2553 3397 2755 3442 etcum
2798 3386 2851 3443 iu
2871 3387 3191 3456 compositis
3219 3385 3452 3440 maxime
3483 3384 3729 3446 haereret,
3759 3395 3903 3435 nova

2335 3489 2389 3533 et
2431 3478 2673 3531 inaudita
2707 3475 2970 3546 lingeret,
3021 3491 3139 3544 quae
3163 3518 3178 3542 ,
3225 3473 3324 3528 nisi
3358 3474 3408 3527 in
3449 3472 3570 3526 aliis
3609 3470 3766 3524 medii
3795 3469 3906 3523 sevi

2334 3569 2683 3624 monimentis
2713 3566 3226 3635 deprehendantur,
3275 3565 3420 3619 inter
3461 3564 3708 3618 barbarie
3754 3561 3906 3616 illius

2333 3661 2646 3717 Latinitatis
2677 3660 2976 3731 specimina
3013 3658 3287 3713 numerari
3322 3667 3616 3726 nequeunt.

2408 3755 2536 3809 Mihi
2575 3755 2793 3822 quidem
2840 3752 3021 3822 placet
3048 3765 3232 3805 eorum
3279 3750 3567 3819 prudentia
3593 3789 3608 3814 ,
3647 3746 3736 3819 qui
3773 3761 3906 3802 cum

2333 3847 2449 3900 sine
2502 3846 2657 3898 testis
2716 3843 3041 3898 auctoritate
3093 3843 3227 3896 nihil
3286 3842 3531 3896 historici
3589 3840 3905 3908 argumenti

2335 3949 2480 3994 recte
2513 3938 2619 3992 dici
2660 3937 2960 4008 intelligant
3007 3936 3073 3991 de
3117 3936 3330 4006 origine
3375 3934 3645 3988 Versionis
3670 3933 3907 4004 ejusque

2332 4041 2489 4086 {etate
2516 4062 2585 4076 —
2614 4031 2860 4101 quisnam
2893 4029 3036 4083 enim
3064 4042 3299 4097 unquam
3336 4027 3475 4081 vidit
3515 4035 3606 4080 aut
3641 4028 3904 4096 produxit

2333 4126 2399 4181 de
2435 4135 2664 4193 utraque
2712 4123 2940 4178 testem?
2989 4151 3058 4161 —
3109 4121 3244 4174 nihil
3284 4119 3580 4185 deﬁniunt,
3633 4136 3904 4191 suamque

2330 4216 2695 4286 ignorantiam
2721 4214 2828 4268 illis
2856 4223 3005 4268 certe
3032 4227 3136 4266 non
3177 4212 3454 4280 propriam
3485 4214 3578 4267 sed
3615 4227 3736 4266 cum
3769 4227 3900 4266 oni-

2331 4309 2488 4362 nihus
2523 4319 2861 4360 communem
2895 4305 3051 4359 fateri
3082 4305 3306 4360 malunt.
3342 4304 3548 4360 Sufﬁcit
3572 4307 3744 4373 nobis,
3773 4323 3900 4362 eam

2331 4414 2436 4453 non
2470 4397 2770 4452 recentiore
2795 4405 2973 4461 :etate,
3015 4398 3109 4452 sed
3138 4407 3317 4452 vetere
3344 4413 3464 4452 esse
3495 4398 3691 4453 factam
3717 4410 3772 4453 et
3795 4414 3902 4455 co-

2331 4491 2479 4544 dices
2505 4489 2624 4556 ejus
2654 4489 2789 4545 satis
2829 4490 3081 4557 antiquos
3113 4491 3367 4544 inveniri.
3410 4490 3533 4544 llaec
3572 4491 3681 4561 ipsa
3723 4492 3905 4546 inter-

663 4575 1108 4645 Lugdunensium
1139 4592 1420 4632 sacrorum
1449 4581 1695 4647 praesulis
1722 4581 1920 4636 s'cculo
1948 4596 1974 4634 a
2001 4581 2221 4638 Christo
2255 4609 2298 4664 υ
2326 4583 2565 4649 pretatio
2603 4580 2727 4636 licet
2764 4583 2830 4634 ab
2851 4584 2998 4636 omni
3024 4582 3287 4652 elegantia
3315 4585 3386 4638 sit
3419 4585 3591 4637 aliena
3612 4625 3625 4644 ,
3659 4585 3900 4639 barbara

663 4677 795 4720 nato
819 4669 1055 4722 secundo
1086 4668 1242 4735 clari,
1270 4668 1534 4742 {nomine}
1570 4674 1774 4725 ornari.
1803 4673 1878 4725 De
1905 4673 1986 4727 his
2017 4689 2221 4743 pauca,

661 4775 782 4829 qua:
812 4760 939 4814 huic
969 4761 1321 4829 di5putationi
1362 4762 1535 4816 lucem
1570 4766 1853 4833 spondent,
1891 4782 2226 4833 prieinonere

661 4851 816 4906 libet.
846 4851 1033 4907 Griece
1071 4867 1162 4907 eos
1202 4855 1434 4922 scriptos
1457 4870 1574 4908 esse
1597 4896 1609 4917 ,
1657 4872 1816 4910 nemo
1848 4867 2032 4911 nostra
2064 4871 2226 4913 aetate

665 4944 906 5012 negabit,
964 4958 1062 4999 nec
1114 4943 1386 4999 dubitabit
1447 4947 1697 5014 quidem,
1745 4949 1903 5002 modo
1960 4949 2002 5002 si
2053 4952 2225 5004 oculis

659 5037 773 5092 suis
815 5036 932 5089 illos
965 5051 1200 5104 unquam
1249 5039 1625 5105 usurpaverit,
1672 5047 1724 5091 et
1774 5040 1878 5091 alia
1927 5041 2001 5094 rei
2057 5057 2224 5111 argn-

664 5138 842 5181 iiienta
885 5128 1134 5182 habuerit
1165 5128 1382 5197 cognita
1407 5169 1422 5195 ,
1457 5144 1577 5198 quae
1600 5131 1739 5185 docti
1779 5133 1881 5188 viri
1914 5134 2222 5190 luculenter

660 5231 1018 5288 exposuerunt
1050 5221 1150 5290 (α).

735 5313 1021 5366 Perierunt
1057 5311 1271 5380 quidem
1305 5312 1514 5381 Grieca,
1555 5316 1624 5370 ita
1653 5325 1742 5383 ut,
1775 5326 2030 5385 quantum
2063 5320 2220 5372 novi-

665 5421 809 5468 mus,
840 5406 1022 5458 nulius
1052 5404 1104 5457 in
1137 5405 1363 5476 EurOpa:
1390 5409 1732 5464 bibliothecis
1768 5411 2000 5477 supersit
2026 5412 2219 5473 codex,

665 5497 756 5565 qui
794 5496 980 5549 eadem
1010 5495 1268 5548 exhibeat
1305 5497 1552 5567 integra;
1586 5515 1684 5552 nec
1730 5509 1906 5554 tamen
1941 5499 2225 5567 perierunt

739 5652 817 5728 (ξιξ
839 5650 1533 5728 _Cf._Henr.__Dodwellnm,
1569 5655 1697 5708 diss.
1737 5672 1768 5709 v
1798 5657 1849 5707 in
1881 5656 2112 5728 Iren.,i§
2157 5656 2176 5709 l
2205 5695 2220 5720 ,

705 5760 714 5771 .
755 5721 885 5783 59’;
920 5723 1111 5775 “enat.
1147 5723 1473 5778 Massuetuin
1508 5729 1638 5778 diss.
1680 5741 1716 5779 ll
1788 5742 1945 5790 prter.
1974 5721 2220 5786 iii-Heiu,

705 5760 714 5771 .
755 5736 837 5775 ου
872 5737 885 5783 ;
920 5736 1111 5775 ltenat.
1147 5736 1473 5778 hlassuetuin
1508 5736 1638 5778 diss.
1680 5741 1716 5779 lt
1788 5742 1945 5790 pra’r.
1974 5736 2220 5786 iii-lien"

660 5736 802 5862 g5”,
839 5808 890 5860 ρ.
916 5793 1046 5851 226;
1079 5792 1287 5866 “etnig.
1321 5794 1630 5848 Ceilleriuin
1659 5796 1710 5847 in
1749 5796 1982 5866 Histoire
2007 5804 2094 5849 des
2122 5814 2221 5847 iiii-

656 5872 807 5919 teim
831 5877 969 5920 sacr.
995 5873 1042 5918 et
1070 5865 1381 5935 ecrlés‘ush,
1419 5874 1457 5918 ι.
1492 5866 1551 5932 ll,
1579 5881 1631 5935 p.
1680 5867 1800 5934 £97,
1834 5877 1887 5921 et
1916 5865 2220 5923 Benedicti-

2329 4681 2384 4727 et
2406 4672 2684 4741 quibusvis
2713 4672 2824 4726 fere
2867 4672 3118 4726 dictionis
3157 4673 3365 4727 Latinae
3391 4673 3538 4728 vitiis
3574 4675 3854 4742 inquinata
3879 4715 3896 4740 ,

2329 4779 2428 4817 nec
2461 4764 2643 4831 negari
2672 4765 2876 4833 possit,
2910 4763 3257 4818 librariorum
3286 4780 3389 4819 non
3424 4766 3578 4819 modo
3615 4765 3900 4834 negligen-

2331 4855 2406 4908 tia
2444 4856 2536 4909 sed
2564 4856 2777 4910 inscitia
2811 4856 2975 4907 etiam
3019 4857 3263 4910 eamdem
3306 4871 3673 4924 saepenumero
3712 4856 3900 4912 videri

2330 4948 2486 5002 novis
2510 4948 2836 5016 corruptelis
2863 4957 3109 5012 auctam;
3163 4946 3476 5000 ﬁdelitatem
3511 4956 3685 4999 tanien
3718 4947 3901 5000 inter-

2327 5041 2495 5110 prelis
2537 5041 2589 5093 in
2622 5041 2861 5094 auctoris
2903 5040 3082 5093 verbis
3111 5038 3480 5109 exprimendis
3520 5037 3719 5091 nullam
3766 5051 3901 5094 esse

2327 5146 2547 5186 causam
2581 5131 2928 5185 desiderandi
2983 5141 3072 5184 ant
3113 5130 3341 5184 vocandi
3391 5130 3442 5182 in
3491 5129 3896 5198 suspicionem,

2327 5223 2510 5276 denuo
2532 5239 2596 5276 ex
2625 5233 2702 5278 tot
2735 5223 3149 5291 particularum,
3183 5238 3301 5290 qua:
3330 5221 3519 5276 Graece
3551 5238 3579 5273 a
3610 5221 3766 5274 nobis
3805 5221 3896 5277 le-

2326 5325 2549 5382 guntur,
2576 5329 2695 5368 cum
2728 5314 2908 5368 latinis
2927 5315 3334 5382 comparatione
3359 5311 3656 5366 luculenter
3681 5327 3899 5382 cogno-

2327 5405 2520 5458 scitur.
2568 5404 2808 5460 Subinde
2863 5403 3138 5457 transtulit
3191 5403 3419 5471 iuepte:
3463 5403 3557 5455 sed
3611 5417 3896 5469 nunquam

2327 5495 2627 5562 malitiose;
2657 5510 2928 5563 nunquam
2954 5495 3293 5564 pervertendi
3315 5493 3597 5563 scriptoris
3623 5502 3891 5564 mentem,

2329 5670 2428 5708 nos
2454 5652 2761 5706 Maurianos
2789 5651 2843 5705 in
2863 5641 3488 5708 Ili'stoireliitérairedela
3517 5647 3746 5718 France,
3774 5658 3820 5706 t.
3844 5652 3904 5722 ι,

2325 5736 2467 5793 part.
2501 5740 2540 5787 I,
2576 5739 2627 5791 p.
2659 5722 2782 5778 554.

2398 5799 2469 5861 (ιη
2504 5795 2626 5848 Lib.
2659 5811 2707 5846 ιτ.
2745 5809 2796 5862 p.
2831 5791 2934 5846 597
2951 5805 3108 5863 seqq.

2397 5870 2466 5936 (ο)
2500 5869 2629 5924 Lcc.
2653 5861 2764 5932 cit.,
2795 5881 2847 5934 p.
2875 5861 2998 5918 355.
