4188 6336
292 360 410 417 385

1079 357 1164 421 ΒΕ
1197 357 1598 416 AUTHENTIA
1638 359 1990 418 LIBRORUM
2030 355 2288 410 ΞΒΕΝᾹΞΙ
2322 353 2480 409 AD".
2521 353 2792 411 "ZERES.

3444 356 3552 414 586

294 489 397 532 aut
425 493 544 546 qua:
573 477 663 532 hic
694 475 975 546 scripserit
1001 477 1345 546 corrigendi,
1389 479 1654 549 augendi,
1700 478 1867 532 omit-
1900 487 1942 538 Α
1971 477 2266 539 Iiwreticos,
2310 484 2443 540 etc.,
2485 475 2718 544 denique
2750 474 2922 544 quinti
2951 475 3018 546 (Γ)
3051 476 3382 544 :Traductis,
3412 483 3548 537 dile-

299 571 450 625 tendi
483 570 736 625 consilio.
765 571 844 624 Ex
870 586 977 639 qnu
1005 583 1344 639 consequens
1373 571 1425 625 id
1450 581 1531 624 est
1551 613 1566 636 ,
1590 571 1734 640 quod
1767 571 1868 624 hoc

296 660 426 716 loco
453 661 696 716 studiose
747 661 907 731 cupio
935 656 1248 725 observari,
1299 672 1358 716 ut
1381 678 1501 730 qua:
1532 664 1598 716 de
1630 663 1732 718 ﬁde
1758 662 1868 717 lre-

295 755 409 808 nai
436 754 778 822 disputantur
803 754 1087 822 aequabilia
1121 755 1228 807 sint
1251 765 1304 808 et
1327 756 1476 824 paria
1503 755 1641 810 inter
1663 757 1866 821 oumia,

291 861 423 913 quae
457 860 596 900 nunc
622 845 847 914 legimus
884 846 934 899 itt
966 846 1052 900 ltis
1077 845 1247 912 libris,
1268 847 1384 901 sive
1407 848 1459 900 in
1487 847 1596 902 sola
1623 849 1870 905 versione

295 935 500 990 Latina
532 938 827 1005 supersint,
858 939 974 992 sive
1012 949 1273 1008 tanquam
1298 939 1492 993 tabula:
1522 956 1552 994 e
1591 941 1869 1013 naufragio

294 1044 328 1081 a
365 1027 568 1083 Graecis
595 1029 796 1083 fuerint
830 1041 1060 1086 servata.

375 1122 443 1173 Αι
473 1135 597 1174 vero
627 1133 811 1176 ιιοειθτ
839 1138 942 1177 non
983 1121 1140 1176 ιιιοάο
1165 1122 1353 1178 (ἶΓέῙξΟΟ
1381 1139 1509 1179 SUOS
1538 1135 1870 1180 commenta-

293 1211 416 1266 rios
448 1213 688 1282 scripsit,
726 1214 819 1268 sed
863 1213 1026 1268 etiam
1060 1213 1262 1268 Graecis
1290 1230 1492 1285 eosque
1545 1215 1609 1267 ad
1653 1215 1868 1270 Graecos

291 1303 472 1357 misit.
499 1301 817 1372 Quicunque
841 1319 934 1358 eos
958 1305 1346 1366 consuluerint,
1374 1320 1465 1358 eos
1499 1307 1638 1359 haud
1676 1305 1866 1375 fugiet,

293 1394 607 1461 suscepisse
652 1405 706 1447 et
759 1394 1055 1462 perfecisse
1101 1405 1381 1449 auctorem
1412 1411 1544 1464 opus
1575 1398 1642 1450 ab
1690 1398 1869 1450 amico

291 1484 622 1552 expetitum.
656 1483 844 1552 Operae
879 1486 1113 1551 pretium
1160 1495 1242 1540 est
1271 1485 1526 1555 colligere
1573 1495 1628 1540 et
1680 1501 1866 1540 secum

287 1577 634 1632 contendere
667 1577 941 1632 luculenta
977 1577 1052 1632 rei
1086 1579 1413 1632 testimonia.
1461 1579 1516 1632 ln
1555 1579 1868 1649 praefatione

290 1670 422 1724 libri
453 1669 635 1738 primi,
669 1685 830 1739 quam
868 1669 1206 1740 Epiphanius
1237 1668 1423 1725 Graece
1459 1672 1739 1736 recitavit,
1773 1687 1866 1727 oc—

287 1771 528 1815 currunt
558 1761 721 1824 bina;
757 1776 985 1829 quorum
1011 1761 1163 1830 prius
1187 1763 1259 1816 ita
1286 1778 1602 1832 expressum
1630 1775 1709 1818 est
1739 1765 1814 1835 (a)
1851 1786 1863 1820 :

285 1853 616 1920 Ἀναγκαῖον
669 1851 984 1922 ἡγησάμην,
1045 1853 1282 1924 ἐντυχὼν
1337 1858 1449 1918 τοῖς
1511 1855 1862 1927 ὑπομνήμασι
1895 1832 1937 1885 Β

283 1944 424 2013 τῶν,
457 1946 532 2009 ὡς
557 1947 710 1999 αὐτοὶ
733 1945 1000 2013 λέγουσιν,
1033 1945 1384 2000 Οὐαλεντίνου
1410 1947 1682 2017 μαθητῶν,
1709 1949 1869 2011 ἐνίοις

288 2037 342 2089 δ’
372 2037 549 2091 αὐτῶν
579 2041 671 2091 καὶ
697 2038 988 2110 συμϐαλὼν
1026 2041 1120 2093 καὶ
1157 2039 1591 2110 καταλαϐόμενος
1623 2041 1719 2111 τὴν
1739 2039 1870 2109 γνώ-

293 2148 410 2201 μην
438 2131 632 2194 αὐτῶν,
665 2131 899 2203 μηνῦσαί
925 2149 1023 2194 σοι,
1051 2134 1319 2205 ἀγαπητὲ,
1357 2133 1426 2185 τὰ
1458 2132 1730 2204 τερατώδη
1774 2134 1867 2186 καὶ

287 2221 469 2290 βαθέα
503 2225 794 2294 μυστήρια,
816 2223 851 2278 ἃ
871 2225 931 2276 οὐ
957 2224 1158 2288 πάντες
1182 2224 1470 2295 χωροῦσιν,
1500 2226 1621 2277 ἐπεὶ
1644 2225 1717 2297 μὴ
1737 2226 1867 2278 πάν-

282 2329 384 2374 τες
409 2313 497 2366 τὸν
530 2315 830 2384 ἐγκέφαλον
859 2313 1217 2381 ὲξεπτύκασιν
1241 2354 1256 2380 ,
1289 2315 1437 2377 ὅπως
1465 2313 1558 2366 καὶ
1589 2315 1652 2366 σὺ
1683 2311 1866 2382 μαθὼν

284 2405 458 2470 αὐτὰ,
485 2408 614 2460 πᾶσι
641 2410 754 2470 τοῖς
793 2407 929 2478 μετὰ
960 2407 1053 2460 σοῦ
1076 2407 1284 2478 φανερὰ
1302 2407 1530 2478 ποιήσῃς
1545 2407 1638 2460 καὶ
1669 2424 1866 2478 παραι-

282 2495 456 2568 νὲσης
487 2497 668 2560 αὐτοῖς
705 2496 1040 2566 φυλάξασθαι
1076 2497 1168 2552 τὸν
1215 2497 1372 2568 βυθὸν
1421 2497 1520 2566 τῆς
1557 2497 1739 2560 ἀνοίας
1774 2497 1866 2550 καὶ

281 2584 391 2653 τῆς
430 2587 508 2646 εἰς
536 2586 766 2656 Χριστὸν
788 2585 1151 2657 βλασφημίας
1188 2587 1416 2641 alterum
1450 2602 1579 2641 vero
1603 2588 1678 2656 (ὁ)
1706 2605 1718 2641 :
1752 2589 1863 2640 Οὐκ

282 2676 639 2748 ἐπιζητήσεις
669 2677 727 2731 δὲ
760 2679 888 2750 παρ’
912 2677 1202 2749 ήμῶν,τῶν
1229 2679 1284 2730 ὲν
1315 2678 1537 2741 Κελτοῖς
1566 2679 1864 2749 διατριϐόν-

279 2785 396 2820 των
433 2770 522 2822 καὶ
555 2771 677 2841 περὶ
715 2769 986 2842 βάρϐαρον
1010 2771 1286 2824 διάλεκτον
1315 2772 1375 2824 τὸ
1414 2771 1658 2826 πλεῖστον
1706 2775 1864 2844 ἀσχο-

282 2857 582 2928 λουμένων,
604 2859 774 2929 λόγων
811 2862 1024 2932 τέχνην,
1062 2861 1128 2931 ἣν
1159 2862 1258 2916 οὐκ
1293 2864 1680 2934 ἐμάθομεν.....
1730 2866 1863 2919 ἀλλὰ

281 2950 474 3012 ἁπλῶς
502 2953 592 3004 καὶ
613 2951 825 3023 ἀληθῶς
858 2954 950 3004 καὶ
980 2953 1258 3017 ἰδιωτικῶς
1290 2955 1356 3006 τὰ
1388 2957 1522 3026 μετὰ
1550 2957 1765 3027 ἀγάπης
1784 2975 1864 3010 σοι

280 3049 585 3119 γραφέντα,
606 3048 742 3119 μετὰ
767 3050 986 3120 ἀγάπης
1016 3050 1076 3102 σὺ
1096 3049 1382 3122 προσδέξῃ,
1405 3051 1495 3103 καὶ
1519 3052 1679 3114 αὐτὸς
1698 3052 1865 3122 αὐξή-

279 3157 402 3202 σεις
435 3138 570 3192 αὐτὰ
612 3139 761 3211 παρὰ
805 3140 1036 3211 σεαυτῷ,
1073 3142 1168 3196 ἆτε
1209 3140 1530 3212 ἱκανώτερος
1551 3145 1580 3212 ἠ
1592 3143 1708 3212 μῶν
1737 3161 1864 3211 τυγ-
1892 3179 1933 3238 C

277 3232 484 3301 χάνων,
507 3233 666 3285 οἱονεὶ
685 3233 978 3303 σπέρματα
1007 3235 1099 3285 καὶ
1128 3233 1300 3304 ἀρχὰς
1331 3233 1509 3286 λαϐὼν
1534 3235 1661 3304 παρ’
1686 3234 1858 3303 ἡμῶν,

273 3323 380 3376 καὶ
415 3325 471 3374 ὲν
499 3323 572 3392 τῷ
596 3323 781 3376 πλάτει
812 3341 902 3375 σου
927 3323 1016 3376 τοῦ
1050 3323 1140 3376 νοῦ
1164 3325 1252 3376 ἐπὶ
1272 3325 1400 3376 πολὺ
1427 3327 1863 3395 καρποφορήσεις

280 3414 356 3466 τὰ
390 3414 455 3465 δι’
476 3413 667 3480 ὀλίγων
701 3414 788 3481 ὑφ’
814 3413 967 3483 ἡμῶν
995 3415 1279 3485 εἰρημένα,
1308 3416 1400 3467 καὶ
1421 3415 1656 3477 δυνατῶς
1684 3432 1862 3485 παρα-

283 3507 506 3572 στήσεις
542 3506 651 3566 τοῖς
694 3503 828 3575 μετὰ
865 3504 954 3556 σοῦ
996 3503 1062 3556 τὰ
1090 3504 1331 3566 ἀσθενῶς
1369 3505 1452 3572 ὡς’
1489 3505 1644 3574 ἡμῶν
1685 3507 1862 3576 ἀπηγ-

276 3595 539 3664 γελμένα·
562 3595 653 3648 καὶ
670 3596 744 3657 ὼς
771 3597 925 3664 ἡμεῖς
945 3595 1400 3667 ε’ριλοτιμήοημεν
1432 3597 1614 3662 πάλαι,
1643 3597 1862 3667 ζητοῦν-

276 3687 377 3749 τός
409 3703 497 3738 σου
531 3686 718 3756 μαθεῖν
741 3689 839 3756 τὴν
856 3679 1078 3758 γνώμην
1107 3687 1304 3748 αὐτῶν,
1329 3687 1400 3758 μὴ
1424 3689 1580 3757 μόνον
1608 3707 1685 3741 σοι
1706 3690 1861 3758 ποιῆ-

282 3796 380 3832 σαι
413 3778 669 3849 φανερὰν,
708 3780 840 3832 ἀλλα
866 3781 960 3832 καὶ
994 3780 1177 3848 ἐφόδια
1203 3780 1382 3832 δοῦναι
1409 3783 1542 3852 πρὸς
1579 3781 1638 3834 τὸ
1664 3782 1861 3834 ἐπιδει-

272 3870 473 3927 κνύειν
496 3871 670 3926 αὐτῶν
694 3872 883 3944 ψεύδηο
911 3873 1052 3925 οὕτω
1084 3873 1145 3943 δὴ
1189 3875 1282 3927 καὶ
1324 3875 1386 3927 σὺ
1420 3875 1716 3946 φιλοτίμως
1747 3879 1858 3938 τοῖς

276 3965 490 4027 λοιποῖς
516 3965 872 4037 διακονήσεις.
903 3965 1074 4020 Simili
1105 3969 1267 4020 modo
1301 3969 1400 4022 sub
1435 3968 1593 4022 liuent
1619 3969 1855 4036 ejusdem

282 4058 412 4111 libri
448 4057 518 4126 (ο)
551 4056 920 4127 :Quapropter
941 4060 1117 4111 conati
1152 4076 1333 4113 sumus
1367 4077 1483 4125 nos,
1515 4062 1710 4128 inquit,
1738 4063 1858 4113 uui-

281 4165 496 4204 versum
527 4150 664 4202 male
694 4150 996 4217 composita:
1039 4149 1324 4218 vulpecula
1366 4152 1524 4220 ltujus
1567 4169 1854 4220 corpuscuo

284 4244 399 4292 tum
429 4242 485 4292 in
522 4241 754 4293 medium
793 4241 1082 4303 producere
1102 4250 1152 4293 et
1190 4259 1281 4310 per
1320 4251 1369 4296 te
1415 4244 1588 4310 facere
1634 4245 1859 4312 monile-

276 4345 520 4395 stum,...
546 4332 692 4385 adest
714 4333 850 4385 enim
872 4344 920 4386 et
948 4333 1041 4385 tibi
1063 4342 1110 4387 et
1132 4335 1391 4400 omnibus,
1415 4337 1502 4403 qui
1527 4346 1692 4389 tecum
1713 4348 1855 4403 sunt,

279 4424 355 4477 ad
387 4425 516 4488 lucc,
544 4439 662 4491 qua:
691 4423 946 4491 prtedicta
979 4433 1130 4488 sunt,
1162 4427 1391 4477 exerceri
1430 4435 1478 4478 et
1505 4439 1727 4478 evertere
1757 4444 1854 4480 ne-

1972 567 2222 630 ctissime,
2242 568 2479 620 omnibus
2498 567 2758 621 haereticis"
2779 569 2831 621 in
2858 580 3085 637 quatuor
3108 570 3320 626 libris...
3343 585 3552 641 oporte-

1973 659 2040 710 bit
2069 668 2116 710 et
2142 668 2188 712 te
2218 669 2264 712 et
2289 675 2465 712 omnes
2491 658 2712 712 lecturos
2747 657 2879 711 hunc
2909 661 3223 729 scripturam
3263 664 3548 734 impensius

1971 749 2138 818 legere
2157 767 2241 814 ea,
2267 766 2384 820 qua:
2409 767 2440 802 a
2471 752 2617 803 nobis
2641 751 2892 817 pra’dicta
2917 762 3056 814 sunt,
3086 762 3142 805 ut
3166 764 3211 806 et
3241 768 3547 824 argumenta

1969 844 2143 907 scias,
2201 845 2452 897 adversus
2503 859 2618 910 qua:
2668 845 3113 898 contradictiones
3164 845 3404 914 facimus.
3457 851 3548 906 Sic

1970 937 2108 987 enim
2139 943 2188 987 et
2221 933 2446 1003 legitime
2469 936 2542 988 eis
2572 935 2898 988 contradices
2936 945 2981 987 et
3023 937 3086 988 de
3125 952 3428 1006 prwparato
3461 960 3549 995 ac-

1973 1026 2134 1093 cipies
2162 1026 2414 1078 adversus
2450 1042 2535 1079 eos
2559 1027 3024 1084 contradictiones.
3057 1028 3189 1094 Qua:
3221 1032 3264 1084 si
3293 1034 3548 1087 conside-

1973 1118 2300 1182 raverimus,
2326 1119 2451 1186 jure
2483 1118 2604 1171 inde
2632 1119 2948 1186 colligemus
2979 1137 2992 1173 :
3024 1119 3258 1186 primum
3280 1164 3292 1188 ,
3319 1124 3550 1193 scripto-

1971 1225 2084 1263 rem
2111 1223 2176 1262 eo
2201 1219 2444 1278 tempore
2476 1209 2678 1264 vixisse
2709 1211 2850 1264 inter
2894 1211 3114 1281 Gallos,
3157 1225 3213 1269 et
3261 1231 3382 1269 cum
3430 1218 3549 1282 ipse

1969 1309 2116 1354 esset
2147 1301 2311 1355 homo
2338 1301 2691 1368 peregrinus,
2726 1301 2792 1355 ad
2823 1306 3246 1372 comparandan'.
3293 1308 3395 1362 sibi
3432 1308 3546 1362 iiu-

1971 1405 2090 1460 gua:
2122 1392 2394 1455 barbaria,
2429 1393 2542 1446 sive
2591 1393 2702 1447 haec
2742 1391 2942 1448 Celtica
2976 1394 3188 1462 fuerit,
3215 1398 3358 1464 sive,
3397 1399 3547 1468 quod

1969 1481 2307 1549 probabilius
2335 1482 2519 1537 multis
2546 1483 2782 1548 videtur,
2815 1482 3006 1538 Latina
3040 1486 3112 1555 (g)
3137 1526 3151 1550 ,
3201 1502 3319 1542 eam
3349 1500 3545 1544 contu-

1970 1574 2098 1629 lisse
2126 1574 2489 1646 diligentiam,
2519 1585 2576 1628 ut
2602 1575 2803 1632 στεῖραι
2829 1579 3226 1636 exercitatione
3258 1581 3372 1637 fere
3399 1585 3547 1640 omni

1970 1679 2220 1733 careret;
2273 1666 2465 1722 deinde
2517 1677 2767 1737 rogat-um
2815 1685 2938 1726 eum
2991 1669 3165 1727 fuisse
3215 1673 3282 1728 ab
3331 1676 3546 1741 amico,

1970 1771 2129 1824 quem
2178 1758 2484 1828 ἀγαπητόν,
2510 1759 2938 1829 dilectissimum,
2971 1765 3290 1833 compellat,
3317 1782 3552 1837 eumque

1968 1861 2020 1902 et
2052 1849 2300 1902 doctrina
2331 1864 2389 1904 se
2412 1861 2676 1919 praestare
2706 1861 2970 1920 teStatur;
3014 1871 3191 1927 neque
3223 1857 3457 1914 obscure
3481 1859 3552 1915 si-

1969 1938 2216 2008 gnificat,
2265 1942 2504 1996 tenuisse
2557 1943 2700 1999 inter
2747 1945 3005 2002 doctores
3054 1947 3232 2004 locum
3272 1960 3326 2005 et
3371 1951 3549 2009 olIiclo

1970 2031 2143 2084 fuisse
2173 2031 2516 2098 obstrictum,
2547 2037 2797 2102 cavendi,
2833 2052 2900 2093 ne
2939 2040 3026 2109 qui
3052 2056 3170 2094 cum
3200 2041 3294 2094 illo
3334 2058 3500 2098 essent
3528 2085 3548 2111 ,

1969 2122 2071 2176 hoc
2099 2132 2182 2178 est
2209 2125 2325 2193 ejus
2354 2125 2652 2191 auditores,
2681 2129 3021 2198 gravissimis
3049 2143 3375 2201 caperentur
3392 2150 3545 2190 BrI'O-

1968 2215 2156 2282 ribus;
2198 2224 2313 2271 tum
2350 2231 2572 2288 rogasse
2606 2219 2748 2274 hunc
2773 2222 3008 2274 amicum
3031 2261 3047 2286 ,
3072 2233 3130 2278 ut
3161 2226 3552 2282 absconditam

1969 2309 2476 2367 Valentiniauorum
2509 2315 2745 2368 maxime
2781 2315 3124 2384 disciplinam
3157 2329 3376 2374 erueret
3407 2334 3437 2374 e
3467 2331 3549 2377 te‘

1970 2402 2178 2468 nebris,
2209 2403 2399 2472 sicque
2425 2404 2762 2460 convellendi
2785 2421 2876 2460 eos
2912 2407 3057 2461 viam
3082 2419 3296 2477 pararet
3318 2419 3371 2464 et
3397 2425 3548 2466 com-

1968 2492 2231 2558 muniret;
2261 2492 2495 2563 denique
2523 2505 2770 2550 nostrum
2804 2498 2889 2552 his
2914 2499 3173 2568 precibus
3218 2515 3282 2555 eo
3309 2501 3548 2557 consilio

1966 2583 2326 2650 satisfecisse,
2360 2595 2418 2638 ut
2450 2576 2503 2641 e't
2531 2589 2738 2642 amicus
2769 2604 2966 2645 arcana
2992 2591 3082 2645 illa
3112 2593 3365 2659 dogmata
3389 2594 3550 2650 intel-

1966 2677 2152 2746 ligeret
2208 2687 2262 2731 et
2309 2679 2362 2731 in
2418 2679 2646 2734 aliorum
2712 2697 2842 2737 usus
2898 2685 3134 2741 feliciter
3177 2699 3547 2751 converteret.

1966 2769 2104 2823 Num
2139 2772 2348 2824 amicus
2373 2771 2462 2824 ille
2490 2775 2728 2844 episcopi
2760 2777 2965 2831 honore
2994 2779 3154 2833 fuerit
3190 2783 3543 2851 conspicuus,

1964 2856 2063 2931 ego
2083 2864 2302 2930 quidem
2340 2866 2571 2919 definire
2607 2882 2709 2920 non
2744 2870 2938 2933 audeo,
2966 2872 3090 2926 licet
3129 2890 3227 2928 nec
3257 2890 3419 2930 causa
3448 2877 3549 2930 ad-

1965 2956 2036 3006 sit
2060 2957 2474 3009 contradicendi
2517 2958 2642 3022 illis,
2676 2960 2766 3028 qtti
2801 2962 2874 3014 ita
2908 2965 3149 3018 sentiunt
3177 2966 3282 3036 (It);
3324 2967 3430 3023 hoc
3457 2978 3544 3024 ta-

1967 3059 2088 3096 men
2121 3045 2286 3098 tutius
2315 3046 2582 3103 aliirmare
2614 3051 2773 3112 licet,
2829 3052 3030 3107 vixisse
3068 3057 3303 3111 amicum
3349 3059 3401 3112 in
3457 3074 3543 3114 re-

1968 3135 2143 3199 gione,
2169 3151 2288 3203 qum
2320 3153 2346 3189 ιι
2382 3137 2652 3193 Valentini
2689 3145 3052 3199 sectatoribus
3084 3161 3383 3216 eorumque
3408 3151 3544 3206 arti-

1968 3227 2090 3290 bns,
2127 3227 2264 3280 alios
2296 3229 2363 3282 ad
2395 3246 2522 3293 suas
2551 3243 2734 3300 partes
2771 3236 3105 3302 deducendi,
3154 3241 3390 3309 maxime
3427 3259 3543 3300 me-

1969 3319 2170 3373 tuebat.
2201 3317 2477 3374 Valentint
2527 3323 2789 3378 familiam
2826 3342 2985 3390 vero,
3022 3328 3144 3382 licet
3177 3331 3300 3385 alibi
3327 3349 3548 3403 quoque

1966 3415 2122 3466 sedes
2154 3430 2280 3467 snas
2315 3415 2582 3472 collocare
2615 3424 2923 3486 tentavcrit,
2956 3426 3192 3479 maxime
3222 3426 3272 3479 in
3304 3427 3544 3500 Algypte

1965 3514 2016 3557 et
2070 3506 2292 3560 Oriente
2339 3510 2610 3577 ﬂoruisse,
2644 3526 2800 3565 nemo
2845 3514 3076 3582 ignorat.
3130 3515 3185 3568 ln
3231 3517 3462 3591 Egypto
3487 3530 3542 3577 et

1967 3598 2294 3653 Marc-osiani
2330 3601 2573 3669 fuerunt;
2616 3619 2714 3657 nec
2741 3605 2851 3658 ullo
2884 3608 3044 3661 modo
3073 3623 3137 3661 ex
3172 3610 3353 3665 lrenmi
3391 3629 3541 3666 com-

1967 3693 2254 3748 tnentariis
2296 3697 2583 3761 probatur,
2612 3698 2754 3765 quod
2780 3699 3068 3754 manifesto
3102 3703 3412 3776 llicroaymi
3445 3723 3537 3760 er-

1969 3801 2089 3839 rore
2137 3789 2349 3841 seducti
2399 3790 2640 3844 nonnulli
2675 3792 3046 3858 contendunt,
3083 3793 3319 3848 Marcum
3350 3799 3538 3852 eadem

1966 3893 2088 3929 cum
2121 3878 2326 3933 Irenaeo
2356 3891 2513 3935 :L-tate
2548 3884 2597 3934 in
2627 3881 2799 3937 Gallia
2830 3899 2924 3936 sna
2960 3888 3228 3952 sparsisse
3262 3903 3540 3943 commen-

1967 3979 2016 4022 ta
2052 3970 2140 4040 (i),
2176 3971 2302 4026 licet
2330 3974 2619 4028 nonnullos
2650 3990 2716 4028 ex
2746 3974 2861 4041 eius
2906 3977 3189 4046 discipulis
3221 3981 3272 4033 in
3298 3997 3416 4036 eam
3444 4001 3538 4053 pe-

1963 4077 2209 4119 netrasse
2260 4066 2559 4134 scripserit.
2610 4065 2788 4120 Simili
2841 4069 2998 4122 tnodo
3049 4070 3255 4126 fatetur
3304 4087 3535 4141 noster,

1969 4176 2127 4214 usum
2158 4177 2216 4215 se
2257 4177 2377 4216 esse
2407 4165 2676 4220 nonnullis
2707 4167 2974 4222 Valentini
3009 4171 3230 4224 asseclis
3256 4172 3544 4228 familiari-

1962 4261 2043 4305 ter
2072 4263 2126 4305 et
2149 4268 2213 4307 ex
2247 4253 2351 4308 illis
2395 4255 2618 4322 perinde
2659 4272 2721 4309 ac
2746 4272 2809 4309 ex
2843 4259 2996 4314 libris
3029 4261 3532 4319 Valentiuianorutn

1962 4343 2154 4397 borum
2191 4346 2490 4399 sententias
2519 4347 2802 4413 didicisse;
2838 4351 2928 4402 sed
2954 4351 3004 4403 in
3039 4350 3208 4405 Gallia
3239 4353 3376 4406 idem
3403 4369 3536 4408 cott-

1968 4437 2154 4504 tigissc
2184 4454 2460 4506 nunquam
2490 4439 2643 4492 dixit.
2679 4438 2799 4493 llzec
2825 4443 3050 4510 quidem
3078 4458 3266 4512 aperte
3299 4449 3535 4513 docent,

279 4530 444 4584 quam
475 4515 709 4582 ipsorum
735 4513 1030 4566 doctrinas.
1068 4514 1236 4570 Tertii
1269 4514 1464 4569 deinde
1494 4517 1615 4570 libri
1649 4519 1749 4573 llOC
1777 4529 1859 4574 est
1890 4520 1934 4573 Ῑ)
1967 4527 2256 4596 insigniter
2291 4529 2425 4592 falli,
2459 4532 2547 4598 qui
2594 4545 2728 4600 Opus
2761 4533 2862 4586 hoc
2913 4545 3102 4602 puum:
3129 4535 3410 4591 Gallorum
3445 4550 3540 4592 θυι

288 4608 509 4660 initium
549 4605 671 4675 (d):
711 4605 789 4658 Tu
828 4608 1072 4675 quidem,
1113 4606 1483 4673 dilectissime,
1536 4627 1859 4680 prmccperus

281 4698 458 4763 nobis,
488 4707 543 4750 ut
569 4715 679 4762 eas,
718 4715 835 4766 qua:
858 4715 890 4751 a
928 4697 1204 4753 Valentino
1232 4711 1382 4764 sunt,
1419 4705 1699 4758 sententias
1735 4707 1856 4757 abs-

282 4791 568 4855 conditos,
621 4799 678 4842 ut
735 4792 833 4858 ipsi
884 4801 1112 4856 putant,
1165 4792 1221 4844 in
1280 4794 1617 4862 manifestum
1675 4799 1861 4862 prode-

282 4898 399 4936 rem
423 4923 439 4946 ,
484 4891 630 4948 etc.;
666 4897 830 4951 porro
869 4884 1047 4952 quarti
1070 4883 1337 4954 (e):Hunc
1375 4898 1617 4955 quartum
1640 4889 1854 4952 librum,

283 4977 648 5039 dilectissime,
680 4979 1041 5030 transmittens
1067 4980 1178 5043 tibi,
1204 4981 1372 5047 operis
1407 4982 1543 5046 quod
1581 4991 1652 5034 est
1683 4983 1746 5034 de
1769 4984 1859 5034 de-

284 5070 512 5123 iectione
532 5081 580 5122 et
609 5071 869 5124 eversione
892 5069 1044 5138 [alsia
1061 5073 1397 5139 cognitionis,
1421 5074 1858 5141 quemadmodum

282 5161 762 5231 promisimusmer
789 5158 1000 5214 Domini
1037 5177 1298 5214 sermones
1338 5179 1431 5224 ea,
1462 5179 1578 5232 qua:
1605 5165 1854 5232 prwdixi-

285 5265 429 5313 mus,
453 5249 905 5316 conﬁrmabimus,
932 5253 1007 5304 uti
1031 5263 1077 5305 et
1102 5264 1179 5316 tu,
1211 5254 1348 5306 sicut
1373 5257 1671 5322 postulasti,
1710 5255 1862 5309 undi-

283 5357 388 5412 que
407 5358 438 5394 a
463 5340 611 5393 nobis
638 5339 866 5408 accipias
892 5344 1193 5398 occasiones
1216 5346 1283 5396 ad
1305 5344 1432 5414 conf
1434 5346 1655 5400 utendos
1682 5363 1855 5400 omnes

364 5518 440 5590 (a)
485 5519 547 5574 N.
578 5521 635 5586 2,
660 5534 714 5590 p.
754 5523 806 5580 5.
834 5520 966 5577 edit.
999 5521 1276 5578 Massueti.

365 5589 441 5658 (si
479 5590 547 5645 Ν.
574 5593 630 5654 5,
663 5589 713 5660 ιι.
753 5592 804 5645 ι.

367 5668 436 5727 te)
479 5661 697 5734 (ξιιμ.
737 5681 788 5716 ιι.
813 5661 870 5728 4,
896 5678 947 5734 p.
980 5664 1094 5722 H5.

366 5735 447 5800 (dt
482 5731 547 5784 Ρ.
577 5733 696 5785 173.

364 5807 438 5875 te)
483 5800 541 5854 Ρ.
573 5802 698 5857 227.

1962 4620 2190 4672 aliorum
2226 4619 2548 4675 Latinorum
2580 4623 2768 4677 usibus
2801 4624 2966 4678 fuisse
2999 4626 3361 4692 destinatum,
3401 4631 3537 4684 alios

1960 4724 2089 4762 vero
2117 4712 2235 4765 sine
2269 4727 2433 4766 causa
2465 4713 2672 4776 mirari,
2711 4714 3261 4786 longe‘freqm-ntius
3309 4721 3434 4775 illud
3480 4723 3532 4775 in

1960 4802 2282 4857 Graecorum
2317 4807 2569 4861 manibus
2604 4809 2807 4863 versari
2841 4814 3212 4877 consuevisse,
3242 4828 3400 4880 quam
3430 4812 3536 4866 La-

1959 4893 2220 4948 tinorum.
2240 4895 2501 4960 Quamvis
2527 4899 2668 4951 enim
2697 4901 2749 4953 in
2774 4899 2944 4954 Gallia
2970 4900 3132 4955 fuerit
3155 4905 3536 4975 compositum,

1962 4986 2188 5040 missum
2213 4995 2393 5042 tamen
2413 4989 2509 5043 fuit
2532 4992 2581 5044 in
2609 4991 2901 5063 .‘Egyptum
2929 5003 3020 5047 aut
3043 4996 3224 5048 Asiam
3246 4997 3532 5059 minorem,

1964 5079 2105 5131 unde
2137 5078 2187 5131 in
2227 5080 2364 5133 alias
2396 5081 2637 5138 Orientis
2667 5086 2975 5152 provincias
3013 5085 3175 5141 facile
3211 5099 3530 5157 penetnare,

1963 5169 2015 5221 in
2048 5171 2476 5227 occidentalibus
2498 5190 2630 5229 vero
2661 5177 2814 5244 quasi
2850 5177 3089 5247 ignorari
3125 5181 3318 5246 potuit,
3359 5181 3533 5234 donec

1963 5258 2261 5316 Latinitate
2307 5263 2563 5317 donatum
2605 5266 2659 5319 in
2693 5267 2923 5334 patriam
2955 5270 3108 5335 quasi
3141 5269 3362 5324 rediret.
3405 5268 3534 5324 Post

1965 5353 2080 5407 haec
2110 5367 2226 5406 tcto
2255 5353 2469 5420 medio,
2499 5355 2551 5409 id
2595 5365 2673 5410 est
2702 5357 2895 5412 litteris
2924 5359 3122 5415 infesto
3148 5401 3162 5427 ,
3202 5362 3432 5429 accidit,
3475 5370 3534 5418 ut

2036 5537 2102 5602 (ll
2137 5534 2195 5587 Ρ.
2227 5535 2354 5591 9.91.

2035 5607 2109 5675 (g)
2151 5605 2306 5675 Conl.
2344 5605 2696 5670 Dodwellutn,
2730 5621 2782 5670 p.
2807 5605 2929 5662 595.

2033 5674 2110 5742 (Ιι)
2152 5674 2210 5728 ν.
2247 5675 2477 5745 Histoire
2506 5675 2666 5729 littér.
2699 5678 2762 5732 de
2781 5677 2829 5730 la
2846 5675 3246 5745 France,t.l,p.
3272 5675 3397 5731 550.

1963 5748 2099 5870 Ὅὲὶ)
2137 5745 2294 5799 Coul'.
2327 5744 2727 5815 flwt'esiologtia:
2761 5763 2790 5800 a
2819 5761 2903 5800 me
2937 5747 3093 5800 cuitu:
3150 5744 3205 5799 t.’
3228 5747 3268 5810 Ι,
3306 5765 3356 5816 p.
3393 5745 3522 5815 530,

1963 5835 1997 5869 υ
2093 5831 2243 5886 seqq.
