  <div class='ocr_page' id='page_1' title='image "/cluster/home/n/w/nwhite01/storage/ocr_20150623/7 pars.1/pst.000005711833/217.png"; bbox 0 0 4188 6336; ppageno 0'>
   <div class='ocr_carea' id='block_1_1' title="bbox 715 336 819 394">
    <p class='ocr_par' dir='ltr' id='par_1_1' title="bbox 715 336 819 394">
     <span class='ocr_line' id='line_1_1' title="bbox 715 336 819 394; baseline -0.019 0"><span class='ocrx_word' id='word_1_1' title='bbox 715 336 819 394; x_wconf 71' lang='lat'><strong>587</strong></span> 
     </span>
    </p>
   </div>
   <div class='ocr_carea' id='block_1_2' title="bbox 2098 335 2548 397">
    <p class='ocr_par' dir='ltr' id='par_1_2' title="bbox 2098 335 2548 397">
     <span class='ocr_line' id='line_1_2' title="bbox 2098 335 2548 397; baseline 0.011 -6"><span class='ocrx_word' id='word_1_2' title='bbox 2098 335 2207 392; x_wconf 78' lang='lat' dir='ltr'><strong>FB.</strong></span> <span class='ocrx_word' id='word_1_3' title='bbox 2248 337 2548 397; x_wconf 81' lang='lat' dir='ltr'><strong>WALCHII</strong></span> 
     </span>
    </p>
   </div>
   <div class='ocr_carea' id='block_1_3' title="bbox 3829 342 3935 403">
    <p class='ocr_par' dir='ltr' id='par_1_3' title="bbox 3829 342 3935 403">
     <span class='ocr_line' id='line_1_3' title="bbox 3829 342 3935 403; baseline 0 0"><span class='ocrx_word' id='word_1_4' title='bbox 3829 342 3935 403; x_wconf 75' lang='lat'><strong>588</strong></span> 
     </span>
    </p>
   </div>
   <div class='ocr_carea' id='block_1_4' title="bbox 717 455 3934 528">
    <p class='ocr_par' dir='ltr' id='par_1_4' title="bbox 717 455 3934 528">
     <span class='ocr_line' id='line_1_4' title="bbox 717 455 3934 528; baseline 0.001 -17"><span class='ocrx_word' id='word_1_5' title='bbox 717 457 861 513; x_wconf 88' lang='lat' dir='ltr'><strong>inter</strong></span> <span class='ocrx_word' id='word_1_6' title='bbox 887 456 1103 511; x_wconf 63' lang='lat' dir='ltr'><strong>Graecos</strong></span> <span class='ocrx_word' id='word_1_7' title='bbox 1132 455 1254 510; x_wconf 84' lang='lat' dir='ltr'><strong>libri</strong></span> <span class='ocrx_word' id='word_1_8' title='bbox 1283 455 1473 512; x_wconf 56' lang='lat' dir='ltr'><strong>Graece</strong></span> <span class='ocrx_word' id='word_1_9' title='bbox 1507 455 1694 526; x_wconf 91' lang='lat' dir='ltr'><strong>scripti</strong></span> <span class='ocrx_word' id='word_1_10' title='bbox 1724 456 2031 520; x_wconf 84' lang='lat' dir='ltr'><strong>interirent,</strong></span> <span class='ocrx_word' id='word_1_11' title='bbox 2072 455 2264 510; x_wconf 85' lang='lat' dir='ltr'><strong>Latina</strong></span> <span class='ocrx_word' id='word_1_12' title='bbox 2297 466 2344 523; x_wconf 78' lang='grc' dir='ltr'>Α</span> <span class='ocrx_word' id='word_1_13' title='bbox 2374 457 2662 527; x_wconf 87' lang='lat' dir='ltr'><strong>utriusque.</strong></span> <span class='ocrx_word' id='word_1_14' title='bbox 2715 457 3004 526; x_wconf 76' lang='lat' dir='ltr'><strong>scriptoris</strong></span> <span class='ocrx_word' id='word_1_15' title='bbox 3064 457 3414 513; x_wconf 79' lang='lat' dir='ltr'><strong>monimentis</strong></span> <span class='ocrx_word' id='word_1_16' title='bbox 3459 468 3512 514; x_wconf 89' lang='lat' dir='ltr'><strong>et</strong></span> <span class='ocrx_word' id='word_1_17' title='bbox 3559 474 3675 528; x_wconf 70' lang='lat' dir='ltr'><strong>qua:</strong></span> <span class='ocrx_word' id='word_1_18' title='bbox 3727 460 3783 514; x_wconf 90' lang='lat' dir='ltr'><strong>in</strong></span> <span class='ocrx_word' id='word_1_19' title='bbox 3849 464 3934 517; x_wconf 80' lang='lat' dir='ltr'><strong>his</strong></span> 
     </span>
    </p>
   </div>
   <div class='ocr_carea' id='block_1_5' title="bbox 717 549 2268 620">
    <p class='ocr_par' dir='ltr' id='par_1_5' title="bbox 717 549 2268 620">
     <span class='ocr_line' id='line_1_5' title="bbox 717 549 2268 620; baseline 0 -18"><span class='ocrx_word' id='word_1_20' title='bbox 717 564 845 604; x_wconf 87' lang='lat' dir='ltr'><strong>vero</strong></span> <span class='ocrx_word' id='word_1_21' title='bbox 875 565 1060 604; x_wconf 89' lang='lat' dir='ltr'><strong>eorum</strong></span> <span class='ocrx_word' id='word_1_22' title='bbox 1099 551 1475 620; x_wconf 90' lang='lat' dir='ltr'><strong>interpretatio</strong></span> <span class='ocrx_word' id='word_1_23' title='bbox 1501 550 1844 604; x_wconf 80' lang='lat' dir='ltr'><strong>librariorum</strong></span> <span class='ocrx_word' id='word_1_24' title='bbox 1875 564 2036 618; x_wconf 87' lang='lat' dir='ltr'><strong>opera</strong></span> <span class='ocrx_word' id='word_1_25' title='bbox 2065 556 2121 604; x_wconf 90' lang='lat' dir='ltr'><strong>et</strong></span> <span class='ocrx_word' id='word_1_26' title='bbox 2145 549 2268 603; x_wconf 85' lang='lat' dir='ltr'><strong>dili-</strong></span> 
     </span>
    </p>
   </div>
   <div class='ocr_carea' id='block_1_6' title="bbox 715 639 2271 712">
    <p class='ocr_par' dir='ltr' id='par_1_6' title="bbox 715 639 2271 712">
     <span class='ocr_line' id='line_1_6' title="bbox 715 639 2271 712; baseline 0 -17"><span class='ocrx_word' id='word_1_27' title='bbox 715 643 897 712; x_wconf 90' lang='lat' dir='ltr'><strong>gentia</strong></span> <span class='ocrx_word' id='word_1_28' title='bbox 926 642 993 695; x_wconf 85' lang='lat' dir='ltr'><strong>ad</strong></span> <span class='ocrx_word' id='word_1_29' title='bbox 1030 653 1272 696; x_wconf 90' lang='lat' dir='ltr'><strong>nostram</strong></span> <span class='ocrx_word' id='word_1_30' title='bbox 1299 650 1511 696; x_wconf 79' lang='lat' dir='ltr'><strong>aetatem</strong></span> <span class='ocrx_word' id='word_1_31' title='bbox 1544 641 1867 710; x_wconf 87' lang='lat' dir='ltr'><strong>perveniret.</strong></span> <span class='ocrx_word' id='word_1_32' title='bbox 1911 639 2054 694; x_wconf 69' lang='lat' dir='ltr'><strong>litem</strong></span> <span class='ocrx_word' id='word_1_33' title='bbox 2096 642 2271 696; x_wconf 82' lang='lat' dir='ltr'><strong>nostis</strong></span> 
     </span>
    </p>
   </div>
   <div class='ocr_carea' id='block_1_7' title="bbox 716 729 2266 802">
    <p class='ocr_par' dir='ltr' id='par_1_7' title="bbox 716 729 2266 802">
     <span class='ocr_line' id='line_1_7' title="bbox 716 729 2266 802; baseline -0.001 -16"><span class='ocrx_word' id='word_1_34' title='bbox 716 733 1096 802; x_wconf 80' lang='lat' dir='ltr'><strong>antiquissimo</strong></span> <span class='ocrx_word' id='word_1_35' title='bbox 1126 731 1338 786; x_wconf 57' lang='lat' dir='ltr'><strong>Horme</strong></span> <span class='ocrx_word' id='word_1_36' title='bbox 1371 733 1532 795; x_wconf 90' lang='lat' dir='ltr'><strong>libro,</strong></span> <span class='ocrx_word' id='word_1_37' title='bbox 1570 729 1809 784; x_wconf 74' lang='lat' dir='ltr'><strong>Pastoris</strong></span> <span class='ocrx_word' id='word_1_38' title='bbox 1853 731 2009 784; x_wconf 83' lang='lat' dir='ltr'><strong>titulo</strong></span> <span class='ocrx_word' id='word_1_39' title='bbox 2043 741 2266 795; x_wconf 86' lang='lat' dir='ltr'><strong>ornato,</strong></span> 
     </span>
    </p>
   </div>
   <div class='ocr_carea' id='block_1_8' title="bbox 717 822 2269 892">
    <p class='ocr_par' dir='ltr' id='par_1_8' title="bbox 717 822 2269 892">
     <span class='ocr_line' id='line_1_8' title="bbox 717 822 2269 892; baseline -0.001 -14"><span class='ocrx_word' id='word_1_40' title='bbox 717 825 1002 891; x_wconf 86' lang='lat' dir='ltr'><strong>accidisse,</strong></span> <span class='ocrx_word' id='word_1_41' title='bbox 1028 833 1086 878; x_wconf 91' lang='lat' dir='ltr'><strong>ut</strong></span> <span class='ocrx_word' id='word_1_42' title='bbox 1125 827 1241 879; x_wconf 82' lang='lat' dir='ltr'><strong>sola</strong></span> <span class='ocrx_word' id='word_1_43' title='bbox 1284 823 1522 892; x_wconf 81' lang='lat' dir='ltr'><strong>supersit</strong></span> <span class='ocrx_word' id='word_1_44' title='bbox 1552 822 1732 876; x_wconf 88' lang='lat' dir='ltr'><strong>versio</strong></span> <span class='ocrx_word' id='word_1_45' title='bbox 1761 822 1951 876; x_wconf 86' lang='lat' dir='ltr'><strong>Latina</strong></span> <span class='ocrx_word' id='word_1_46' title='bbox 1971 861 1983 885; x_wconf 92' lang='lat'><strong>,</strong></span> <span class='ocrx_word' id='word_1_47' title='bbox 2024 823 2269 879; x_wconf 67' lang='lat' dir='ltr'><strong>Graecmn</strong></span> 
     </span>
    </p>
   </div>
   <div class='ocr_carea' id='block_1_9' title="bbox 677 914 2268 985">
    <p class='ocr_par' dir='ltr' id='par_1_9' title="bbox 677 914 2268 985">
     <span class='ocr_line' id='line_1_9' title="bbox 677 914 2268 985; baseline -0.001 -18"><span class='ocrx_word' id='word_1_48' title='bbox 677 957 680 962; x_wconf 97' lang='lat'><strong>.</strong></span> <span class='ocrx_word' id='word_1_49' title='bbox 713 931 841 970; x_wconf 89' lang='lat' dir='ltr'><strong>vero</strong></span> <span class='ocrx_word' id='word_1_50' title='bbox 871 917 1173 984; x_wconf 88' lang='lat' dir='ltr'><strong>exemplum</strong></span> <span class='ocrx_word' id='word_1_51' title='bbox 1205 915 1433 985; x_wconf 81' lang='lat' dir='ltr'><strong>periisse</strong></span> <span class='ocrx_word' id='word_1_52' title='bbox 1473 924 1758 968; x_wconf 88' lang='lat' dir='ltr'><strong>censeatur</strong></span> <span class='ocrx_word' id='word_1_53' title='bbox 1798 914 1897 984; x_wconf 91' lang='lat' dir='ltr'><strong>(a).</strong></span> <span class='ocrx_word' id='word_1_54' title='bbox 1927 914 2028 980; x_wconf 87' lang='lat' dir='ltr'><strong>Qui</strong></span> <span class='ocrx_word' id='word_1_55' title='bbox 2057 929 2184 968; x_wconf 87' lang='lat' dir='ltr'><strong>vero</strong></span> <span class='ocrx_word' id='word_1_56' title='bbox 2215 915 2268 968; x_wconf 90' lang='lat' dir='ltr'><strong>in</strong></span> 
     </span>
    </p>
   </div>
   <div class='ocr_carea' id='block_1_10' title="bbox 714 1011 2269 1079">
    <p class='ocr_par' dir='ltr' id='par_1_10' title="bbox 714 1011 2269 1079">
     <span class='ocr_line' id='line_1_10' title="bbox 714 1011 2269 1079; baseline 0 -14"><span class='ocrx_word' id='word_1_57' title='bbox 714 1012 1031 1065; x_wconf 82' lang='lat' dir='ltr'><strong>memoriam</strong></span> <span class='ocrx_word' id='word_1_58' title='bbox 1089 1012 1464 1078; x_wconf 80' lang='lat' dir='ltr'><strong>revocaverit,</strong></span> <span class='ocrx_word' id='word_1_59' title='bbox 1524 1013 1622 1063; x_wconf 88' lang='lat' dir='ltr'><strong>ista</strong></span> <span class='ocrx_word' id='word_1_60' title='bbox 1675 1019 1993 1079; x_wconf 78' lang='lat' dir='ltr'><strong>tempestate</strong></span> <span class='ocrx_word' id='word_1_61' title='bbox 2050 1011 2269 1065; x_wconf 89' lang='lat' dir='ltr'><strong>arctiori</strong></span> 
     </span>
    </p>
   </div>
   <div class='ocr_carea' id='block_1_11' title="bbox 713 1099 2271 1155">
    <p class='ocr_par' dir='ltr' id='par_1_11' title="bbox 713 1099 2271 1155">
     <span class='ocr_line' id='line_1_11' title="bbox 713 1099 2271 1155; baseline 0.001 -1"><span class='ocrx_word' id='word_1_62' title='bbox 713 1100 964 1155; x_wconf 68' lang='lat' dir='ltr'><strong>amicitiae</strong></span> <span class='ocrx_word' id='word_1_63' title='bbox 996 1109 1050 1154; x_wconf 91' lang='lat' dir='ltr'><strong>et</strong></span> <span class='ocrx_word' id='word_1_64' title='bbox 1087 1101 1386 1155; x_wconf 89' lang='lat' dir='ltr'><strong>litterarum</strong></span> <span class='ocrx_word' id='word_1_65' title='bbox 1405 1101 1712 1155; x_wconf 87' lang='lat' dir='ltr'><strong>commercii</strong></span> <span class='ocrx_word' id='word_1_66' title='bbox 1737 1099 1952 1154; x_wconf 86' lang='lat' dir='ltr'><strong>vinculo</strong></span> <span class='ocrx_word' id='word_1_67' title='bbox 1985 1101 2271 1155; x_wconf 72' lang='lat' dir='ltr'><strong>cohaesisse</strong></span> 
     </span>
    </p>
   </div>
   <div class='ocr_carea' id='block_1_12' title="bbox 712 1190 2270 1261">
    <p class='ocr_par' dir='ltr' id='par_1_12' title="bbox 712 1190 2270 1261">
     <span class='ocr_line' id='line_1_12' title="bbox 712 1190 2270 1261; baseline 0.001 -15"><span class='ocrx_word' id='word_1_68' title='bbox 712 1191 1052 1246; x_wconf 78' lang='lat' dir='ltr'><strong>Christianos</strong></span> <span class='ocrx_word' id='word_1_69' title='bbox 1077 1192 1262 1246; x_wconf 83' lang='lat' dir='ltr'><strong>Asiam</strong></span> <span class='ocrx_word' id='word_1_70' title='bbox 1288 1192 1528 1246; x_wconf 82' lang='lat' dir='ltr'><strong>colentes</strong></span> <span class='ocrx_word' id='word_1_71' title='bbox 1561 1208 1680 1246; x_wconf 92' lang='lat' dir='ltr'><strong>cum</strong></span> <span class='ocrx_word' id='word_1_72' title='bbox 1711 1190 1882 1247; x_wconf 85' lang='lat' dir='ltr'><strong>Gallis</strong></span> <span class='ocrx_word' id='word_1_73' title='bbox 1921 1193 2016 1261; x_wconf 73' lang='grc' dir='ltr'><strong>(ὁ),</strong></span> <span class='ocrx_word' id='word_1_74' title='bbox 2051 1193 2093 1246; x_wconf 91' lang='lat' dir='ltr'><strong>is</strong></span> <span class='ocrx_word' id='word_1_75' title='bbox 2121 1202 2270 1247; x_wconf 88' lang='lat' dir='ltr'><strong>certe</strong></span> 
     </span>
    </p>
   </div>
   <div class='ocr_carea' id='block_1_13' title="bbox 715 1282 2270 1354">
    <p class='ocr_par' dir='ltr' id='par_1_13' title="bbox 715 1282 2270 1354">
     <span class='ocr_line' id='line_1_13' title="bbox 715 1282 2270 1354; baseline 0.001 -19"><span class='ocrx_word' id='word_1_76' title='bbox 715 1298 782 1337; x_wconf 85' lang='lat' dir='ltr'><strong>ne</strong></span> <span class='ocrx_word' id='word_1_77' title='bbox 813 1283 1075 1337; x_wconf 75' lang='lat' dir='ltr'><strong>dubitabit</strong></span> <span class='ocrx_word' id='word_1_78' title='bbox 1106 1284 1360 1351; x_wconf 87' lang='lat' dir='ltr'><strong>quidem,</strong></span> <span class='ocrx_word' id='word_1_79' title='bbox 1404 1284 1643 1352; x_wconf 88' lang='lat' dir='ltr'><strong>potuisse</strong></span> <span class='ocrx_word' id='word_1_80' title='bbox 1671 1285 1738 1336; x_wconf 89' lang='lat' dir='ltr'><strong>ab</strong></span> <span class='ocrx_word' id='word_1_81' title='bbox 1769 1285 1986 1337; x_wconf 86' lang='lat' dir='ltr'><strong>homine</strong></span> <span class='ocrx_word' id='word_1_82' title='bbox 2018 1282 2270 1354; x_wconf 64' lang='lat' dir='ltr'><strong>IEgyptio</strong></span> 
     </span>
    </p>
   </div>
   <div class='ocr_carea' id='block_1_14' title="bbox 714 1373 2270 1444">
    <p class='ocr_par' dir='ltr' id='par_1_14' title="bbox 714 1373 2270 1444">
     <span class='ocr_line' id='line_1_14' title="bbox 714 1373 2270 1444; baseline -0.001 -16"><span class='ocrx_word' id='word_1_83' title='bbox 714 1385 804 1429; x_wconf 85' lang='lat' dir='ltr'><strong>aut</strong></span> <span class='ocrx_word' id='word_1_84' title='bbox 824 1375 1072 1430; x_wconf 84' lang='lat' dir='ltr'><strong>orientali</strong></span> <span class='ocrx_word' id='word_1_85' title='bbox 1107 1377 1287 1444; x_wconf 81' lang='lat' dir='ltr'><strong>rogari</strong></span> <span class='ocrx_word' id='word_1_86' title='bbox 1313 1377 1541 1429; x_wconf 87' lang='lat' dir='ltr'><strong>amicum</strong></span> <span class='ocrx_word' id='word_1_87' title='bbox 1565 1391 1685 1429; x_wconf 91' lang='lat' dir='ltr'><strong>cum</strong></span> <span class='ocrx_word' id='word_1_88' title='bbox 1708 1373 1874 1429; x_wconf 86' lang='lat' dir='ltr'><strong>Gallis</strong></span> <span class='ocrx_word' id='word_1_89' title='bbox 1898 1374 2181 1434; x_wconf 87' lang='lat' dir='ltr'><strong>viventem,</strong></span> <span class='ocrx_word' id='word_1_90' title='bbox 2211 1383 2270 1426; x_wconf 92' lang='lat' dir='ltr'><strong>ut</strong></span> 
     </span>
    </p>
   </div>
   <div class='ocr_carea' id='block_1_15' title="bbox 711 1466 2270 1535">
    <p class='ocr_par' dir='ltr' id='par_1_15' title="bbox 711 1466 2270 1535">
     <span class='ocr_line' id='line_1_15' title="bbox 711 1466 2270 1535; baseline 0 -18"><span class='ocrx_word' id='word_1_91' title='bbox 711 1466 1029 1519; x_wconf 88' lang='lat' dir='ltr'><strong>enarrandis</strong></span> <span class='ocrx_word' id='word_1_92' title='bbox 1059 1466 1438 1519; x_wconf 68' lang='lat' dir='ltr'><strong>hmreticorum</strong></span> <span class='ocrx_word' id='word_1_93' title='bbox 1472 1467 1848 1535; x_wconf 88' lang='lat' dir='ltr'><strong>opinionibus,</strong></span> <span class='ocrx_word' id='word_1_94' title='bbox 1872 1479 2009 1532; x_wconf 90' lang='lat' dir='ltr'><strong>quas</strong></span> <span class='ocrx_word' id='word_1_95' title='bbox 2045 1472 2270 1518; x_wconf 77' lang='lat' dir='ltr'><strong>noverat</strong></span> 
     </span>
    </p>
   </div>
   <div class='ocr_carea' id='block_1_16' title="bbox 709 1555 2266 1626">
    <p class='ocr_par' dir='ltr' id='par_1_16' title="bbox 709 1555 2266 1626">
     <span class='ocr_line' id='line_1_16' title="bbox 709 1555 2266 1626; baseline 0 -17"><span class='ocrx_word' id='word_1_96' title='bbox 709 1555 836 1610; x_wconf 90' lang='lat' dir='ltr'><strong>huic</strong></span> <span class='ocrx_word' id='word_1_97' title='bbox 861 1567 1174 1624; x_wconf 79' lang='lat' dir='ltr'><strong>perspectas</strong></span> <span class='ocrx_word' id='word_1_98' title='bbox 1198 1571 1338 1618; x_wconf 83' lang='lat' dir='ltr'><strong>esse,</strong></span> <span class='ocrx_word' id='word_1_99' title='bbox 1368 1557 1522 1610; x_wconf 90' lang='lat' dir='ltr'><strong>daret</strong></span> <span class='ocrx_word' id='word_1_100' title='bbox 1553 1571 1810 1624; x_wconf 86' lang='lat' dir='ltr'><strong>operam;</strong></span> <span class='ocrx_word' id='word_1_101' title='bbox 1842 1556 2102 1616; x_wconf 86' lang='lat' dir='ltr'><strong>authunc</strong></span> <span class='ocrx_word' id='word_1_102' title='bbox 2123 1555 2266 1626; x_wconf 90' lang='lat' dir='ltr'><strong>quod</strong></span> 
     </span>
    </p>
   </div>
   <div class='ocr_carea' id='block_1_17' title="bbox 714 1644 1988 1715">
    <p class='ocr_par' dir='ltr' id='par_1_17' title="bbox 714 1644 1988 1715">
     <span class='ocr_line' id='line_1_17' title="bbox 714 1644 1988 1715; baseline 0.002 -17"><span class='ocrx_word' id='word_1_103' title='bbox 714 1647 785 1699; x_wconf 89' lang='lat' dir='ltr'><strong>ab</strong></span> <span class='ocrx_word' id='word_1_104' title='bbox 809 1661 875 1700; x_wconf 93' lang='lat' dir='ltr'><strong>eo</strong></span> <span class='ocrx_word' id='word_1_105' title='bbox 905 1647 1326 1715; x_wconf 80' lang='lat' dir='ltr'><strong>exspectabatur</strong></span> <span class='ocrx_word' id='word_1_106' title='bbox 1354 1645 1431 1699; x_wconf 92' lang='lat' dir='ltr'><strong>illi</strong></span> <span class='ocrx_word' id='word_1_107' title='bbox 1468 1646 1701 1700; x_wconf 84' lang='lat' dir='ltr'><strong>tribuere</strong></span> <span class='ocrx_word' id='word_1_108' title='bbox 1732 1644 1988 1701; x_wconf 80' lang='lat' dir='ltr'><strong>cilicium.</strong></span> 
     </span>
    </p>
   </div>
   <div class='ocr_carea' id='block_1_18' title="bbox 775 1736 2260 1808">
    <p class='ocr_par' dir='ltr' id='par_1_18' title="bbox 775 1736 2260 1808">
     <span class='ocr_line' id='line_1_18' title="bbox 775 1736 2260 1808; baseline 0.001 -18"><span class='ocrx_word' id='word_1_109' title='bbox 775 1736 884 1791; x_wconf 86' lang='lat' dir='ltr'><strong>Hos</strong></span> <span class='ocrx_word' id='word_1_110' title='bbox 905 1737 1067 1806; x_wconf 86' lang='lat' dir='ltr'><strong>igitur</strong></span> <span class='ocrx_word' id='word_1_111' title='bbox 1091 1737 1254 1791; x_wconf 85' lang='lat' dir='ltr'><strong>libros</strong></span> <span class='ocrx_word' id='word_1_112' title='bbox 1300 1738 1342 1792; x_wconf 88' lang='lat' dir='ltr'><strong>si</strong></span> <span class='ocrx_word' id='word_1_113' title='bbox 1379 1752 1506 1792; x_wconf 70' lang='lat' dir='ltr'><strong>vare</strong></span> <span class='ocrx_word' id='word_1_114' title='bbox 1555 1739 1625 1792; x_wconf 87' lang='lat' dir='ltr'><strong>ab</strong></span> <span class='ocrx_word' id='word_1_115' title='bbox 1661 1737 1867 1793; x_wconf 68' lang='lat' dir='ltr'><strong>Irenaeo</strong></span> <span class='ocrx_word' id='word_1_116' title='bbox 1911 1738 2260 1808; x_wconf 85' lang='lat' dir='ltr'><strong>Lugdunensi</strong></span> 
     </span>
    </p>
   </div>
   <div class='ocr_carea' id='block_1_19' title="bbox 705 1812 2337 1906">
    <p class='ocr_par' dir='ltr' id='par_1_19' title="bbox 705 1812 2337 1906">
     <span class='ocr_line' id='line_1_19' title="bbox 705 1812 2337 1906; baseline 0.001 -18"><span class='ocrx_word' id='word_1_117' title='bbox 705 1837 961 1906; x_wconf 89' lang='lat' dir='ltr'><strong>episcopo</strong></span> <span class='ocrx_word' id='word_1_118' title='bbox 997 1837 1231 1903; x_wconf 88' lang='lat' dir='ltr'><strong>scriptos</strong></span> <span class='ocrx_word' id='word_1_119' title='bbox 1267 1850 1410 1900; x_wconf 79' lang='lat' dir='ltr'><strong>esse,</strong></span> <span class='ocrx_word' id='word_1_120' title='bbox 1457 1837 1666 1892; x_wconf 87' lang='lat' dir='ltr'><strong>idoneis</strong></span> <span class='ocrx_word' id='word_1_121' title='bbox 1717 1835 2044 1906; x_wconf 81' lang='lat' dir='ltr'><strong>argumentis</strong></span> <span class='ocrx_word' id='word_1_122' title='bbox 2088 1844 2264 1906; x_wconf 87' lang='lat' dir='ltr'><strong>potest</strong></span> <span class='ocrx_word' id='word_1_123' title='bbox 2296 1812 2337 1870; x_wconf 74' lang='grc' dir='ltr'><strong>Β</strong></span> 
     </span>
    </p>
   </div>
   <div class='ocr_carea' id='block_1_20' title="bbox 703 1928 2264 1996">
    <p class='ocr_par' dir='ltr' id='par_1_20' title="bbox 703 1928 2264 1996">
     <span class='ocr_line' id='line_1_20' title="bbox 703 1928 2264 1996; baseline -0.001 -12"><span class='ocrx_word' id='word_1_124' title='bbox 703 1930 896 1984; x_wconf 74' lang='lat' dir='ltr'><strong>confici</strong></span> <span class='ocrx_word' id='word_1_125' title='bbox 925 1946 941 1996; x_wconf 84' lang='lat'><strong>;</strong></span> <span class='ocrx_word' id='word_1_126' title='bbox 977 1940 1087 1985; x_wconf 90' lang='lat' dir='ltr'><strong>tum</strong></span> <span class='ocrx_word' id='word_1_127' title='bbox 1120 1941 1269 1985; x_wconf 91' lang='lat' dir='ltr'><strong>certe</strong></span> <span class='ocrx_word' id='word_1_128' title='bbox 1315 1931 1380 1984; x_wconf 81' lang='lat' dir='ltr'><strong>de</strong></span> <span class='ocrx_word' id='word_1_129' title='bbox 1423 1944 1608 1982; x_wconf 89' lang='lat' dir='ltr'><strong>eorum</strong></span> <span class='ocrx_word' id='word_1_130' title='bbox 1655 1928 1978 1982; x_wconf 86' lang='lat' dir='ltr'><strong>auctoritate</strong></span> <span class='ocrx_word' id='word_1_131' title='bbox 2008 1937 2062 1982; x_wconf 87' lang='lat' dir='ltr'><strong>et</strong></span> <span class='ocrx_word' id='word_1_132' title='bbox 2094 1928 2264 1982; x_wconf 86' lang='lat' dir='ltr'><strong>histo-</strong></span> 
     </span>
    </p>
   </div>
   <div class='ocr_carea' id='block_1_21' title="bbox 702 2019 2261 2088">
    <p class='ocr_par' dir='ltr' id='par_1_21' title="bbox 702 2019 2261 2088">
     <span class='ocr_line' id='line_1_21' title="bbox 702 2019 2261 2088; baseline -0.001 -12"><span class='ocrx_word' id='word_1_133' title='bbox 702 2022 814 2076; x_wconf 89' lang='lat' dir='ltr'><strong>rica</strong></span> <span class='ocrx_word' id='word_1_134' title='bbox 846 2023 952 2076; x_wconf 81' lang='lat' dir='ltr'><strong>lide</strong></span> <span class='ocrx_word' id='word_1_135' title='bbox 984 2032 1189 2077; x_wconf 89' lang='lat' dir='ltr'><strong>rectum</strong></span> <span class='ocrx_word' id='word_1_136' title='bbox 1224 2023 1398 2077; x_wconf 88' lang='lat' dir='ltr'><strong>fertur</strong></span> <span class='ocrx_word' id='word_1_137' title='bbox 1425 2019 1711 2088; x_wconf 83' lang='lat' dir='ltr'><strong>judicium.</strong></span> <span class='ocrx_word' id='word_1_138' title='bbox 1764 2019 1980 2075; x_wconf 70' lang='lat' dir='ltr'><strong>Criticte</strong></span> <span class='ocrx_word' id='word_1_139' title='bbox 2020 2022 2152 2076; x_wconf 86' lang='lat' dir='ltr'><strong>artis</strong></span> <span class='ocrx_word' id='word_1_140' title='bbox 2185 2021 2261 2075; x_wconf 87' lang='lat' dir='ltr'><strong>le-</strong></span> 
     </span>
    </p>
   </div>
   <div class='ocr_carea' id='block_1_22' title="bbox 703 2111 2257 2183">
    <p class='ocr_par' dir='ltr' id='par_1_22' title="bbox 703 2111 2257 2183">
     <span class='ocr_line' id='line_1_22' title="bbox 703 2111 2257 2183; baseline 0.003 -19"><span class='ocrx_word' id='word_1_141' title='bbox 703 2112 864 2180; x_wconf 81' lang='lat' dir='ltr'><strong>gibus</strong></span> <span class='ocrx_word' id='word_1_142' title='bbox 901 2113 1210 2183; x_wconf 80' lang='lat' dir='ltr'><strong>expeditum</strong></span> <span class='ocrx_word' id='word_1_143' title='bbox 1250 2121 1354 2176; x_wconf 86' lang='lat' dir='ltr'><strong>est,</strong></span> <span class='ocrx_word' id='word_1_144' title='bbox 1389 2111 1451 2164; x_wconf 89' lang='lat' dir='ltr'><strong>ad</strong></span> <span class='ocrx_word' id='word_1_145' title='bbox 1478 2111 1636 2181; x_wconf 85' lang='lat' dir='ltr'><strong>hujus</strong></span> <span class='ocrx_word' id='word_1_146' title='bbox 1687 2111 1901 2178; x_wconf 79' lang='lat' dir='ltr'><strong>generis</strong></span> <span class='ocrx_word' id='word_1_147' title='bbox 1939 2111 2257 2180; x_wconf 82' lang='lat' dir='ltr'><strong>disputatio-</strong></span> 
     </span>
    </p>
   </div>
   <div class='ocr_carea' id='block_1_23' title="bbox 701 2203 2262 2273">
    <p class='ocr_par' dir='ltr' id='par_1_23' title="bbox 701 2203 2262 2273">
     <span class='ocr_line' id='line_1_23' title="bbox 701 2203 2262 2273; baseline 0.003 -17"><span class='ocrx_word' id='word_1_148' title='bbox 701 2217 824 2257; x_wconf 89' lang='lat' dir='ltr'><strong>nem</strong></span> <span class='ocrx_word' id='word_1_149' title='bbox 859 2212 982 2273; x_wconf 87' lang='lat' dir='ltr'><strong>apte</strong></span> <span class='ocrx_word' id='word_1_150' title='bbox 1024 2203 1407 2259; x_wconf 87' lang='lat' dir='ltr'><strong>instituendam</strong></span> <span class='ocrx_word' id='word_1_151' title='bbox 1447 2204 1548 2258; x_wconf 92' lang='lat' dir='ltr'><strong>hoc</strong></span> <span class='ocrx_word' id='word_1_152' title='bbox 1578 2205 1803 2272; x_wconf 88' lang='lat' dir='ltr'><strong>requiri,</strong></span> <span class='ocrx_word' id='word_1_153' title='bbox 1832 2216 1889 2258; x_wconf 92' lang='lat' dir='ltr'><strong>ut</strong></span> <span class='ocrx_word' id='word_1_154' title='bbox 1934 2205 2120 2258; x_wconf 87' lang='lat' dir='ltr'><strong>sedulo</strong></span> <span class='ocrx_word' id='word_1_155' title='bbox 2151 2205 2262 2260; x_wconf 87' lang='lat' dir='ltr'><strong>dis-</strong></span> 
     </span>
    </p>
   </div>
   <div class='ocr_carea' id='block_1_24' title="bbox 700 2296 2260 2366">
    <p class='ocr_par' dir='ltr' id='par_1_24' title="bbox 700 2296 2260 2366">
     <span class='ocr_line' id='line_1_24' title="bbox 700 2296 2260 2366; baseline 0.004 -19"><span class='ocrx_word' id='word_1_156' title='bbox 700 2296 980 2365; x_wconf 87' lang='lat' dir='ltr'><strong>quiramus</strong></span> <span class='ocrx_word' id='word_1_157' title='bbox 1034 2297 1309 2364; x_wconf 87' lang='lat' dir='ltr'><strong>primum,</strong></span> <span class='ocrx_word' id='word_1_158' title='bbox 1388 2313 1513 2351; x_wconf 89' lang='lat' dir='ltr'><strong>num</strong></span> <span class='ocrx_word' id='word_1_159' title='bbox 1587 2298 1823 2352; x_wconf 71' lang='lat' dir='ltr'><strong>lrenaaus</strong></span> <span class='ocrx_word' id='word_1_160' title='bbox 1891 2299 2260 2366; x_wconf 88' lang='lat' dir='ltr'><strong>composuerit</strong></span> 
     </span>
    </p>
   </div>
   <div class='ocr_carea' id='block_1_25' title="bbox 700 2388 2259 2460">
    <p class='ocr_par' dir='ltr' id='par_1_25' title="bbox 700 2388 2259 2460">
     <span class='ocr_line' id='line_1_25' title="bbox 700 2388 2259 2460; baseline 0.003 -19"><span class='ocrx_word' id='word_1_161' title='bbox 700 2388 965 2442; x_wconf 82' lang='lat' dir='ltr'><strong>adversus</strong></span> <span class='ocrx_word' id='word_1_162' title='bbox 1011 2388 1249 2442; x_wconf 75' lang='lat' dir='ltr'><strong>hzereses</strong></span> <span class='ocrx_word' id='word_1_163' title='bbox 1311 2388 1513 2450; x_wconf 86' lang='lat' dir='ltr'><strong>libros;</strong></span> <span class='ocrx_word' id='word_1_164' title='bbox 1558 2388 1777 2455; x_wconf 90' lang='lat' dir='ltr'><strong>deinde,</strong></span> <span class='ocrx_word' id='word_1_165' title='bbox 1827 2405 1952 2442; x_wconf 91' lang='lat' dir='ltr'><strong>num</strong></span> <span class='ocrx_word' id='word_1_166' title='bbox 2018 2391 2062 2444; x_wconf 84' lang='lat' dir='ltr'><strong>si</strong></span> <span class='ocrx_word' id='word_1_167' title='bbox 2122 2406 2259 2460; x_wconf 90' lang='lat' dir='ltr'><strong>quos</strong></span> 
     </span>
    </p>
   </div>
   <div class='ocr_carea' id='block_1_26' title="bbox 697 2479 2260 2551">
    <p class='ocr_par' dir='ltr' id='par_1_26' title="bbox 697 2479 2260 2551">
     <span class='ocr_line' id='line_1_26' title="bbox 697 2479 2260 2551; baseline 0.003 -19"><span class='ocrx_word' id='word_1_168' title='bbox 697 2479 1108 2548; x_wconf 81' lang='lat' dir='ltr'><strong>conscripserit,</strong></span> <span class='ocrx_word' id='word_1_169' title='bbox 1139 2479 1297 2533; x_wconf 86' lang='lat' dir='ltr'><strong>iidem</strong></span> <span class='ocrx_word' id='word_1_170' title='bbox 1330 2479 1443 2534; x_wconf 85' lang='lat' dir='ltr'><strong>fere</strong></span> <span class='ocrx_word' id='word_1_171' title='bbox 1471 2480 1578 2535; x_wconf 89' lang='lat' dir='ltr'><strong>sint</strong></span> <span class='ocrx_word' id='word_1_172' title='bbox 1603 2494 1724 2534; x_wconf 92' lang='lat' dir='ltr'><strong>cum</strong></span> <span class='ocrx_word' id='word_1_173' title='bbox 1759 2480 1864 2547; x_wconf 84' lang='lat' dir='ltr'><strong>bis,</strong></span> <span class='ocrx_word' id='word_1_174' title='bbox 1890 2480 2086 2551; x_wconf 84' lang='lat' dir='ltr'><strong>quibus</strong></span> <span class='ocrx_word' id='word_1_175' title='bbox 2117 2497 2260 2536; x_wconf 89' lang='lat' dir='ltr'><strong>nunc</strong></span> 
     </span>
    </p>
   </div>
   <div class='ocr_carea' id='block_1_27' title="bbox 697 2569 920 2624">
    <p class='ocr_par' dir='ltr' id='par_1_27' title="bbox 697 2569 920 2624">
     <span class='ocr_line' id='line_1_27' title="bbox 697 2569 920 2624; baseline 0.004 -2"><span class='ocrx_word' id='word_1_176' title='bbox 697 2569 920 2624; x_wconf 88' lang='lat' dir='ltr'><strong>utimur.</strong></span> 
     </span>
    </p>
   </div>
   <div class='ocr_carea' id='block_1_28' title="bbox 768 2661 2259 2734">
    <p class='ocr_par' dir='ltr' id='par_1_28' title="bbox 768 2661 2259 2734">
     <span class='ocr_line' id='line_1_28' title="bbox 768 2661 2259 2734; baseline 0.004 -19"><span class='ocrx_word' id='word_1_177' title='bbox 768 2661 920 2728; x_wconf 87' lang='lat' dir='ltr'><strong>Quod</strong></span> <span class='ocrx_word' id='word_1_178' title='bbox 952 2661 1124 2730; x_wconf 91' lang='lat' dir='ltr'><strong>primo</strong></span> <span class='ocrx_word' id='word_1_179' title='bbox 1152 2661 1271 2716; x_wconf 89' lang='lat' dir='ltr'><strong>loco</strong></span> <span class='ocrx_word' id='word_1_180' title='bbox 1293 2661 1526 2733; x_wconf 87' lang='lat' dir='ltr'><strong>positum</strong></span> <span class='ocrx_word' id='word_1_181' title='bbox 1551 2671 1653 2726; x_wconf 88' lang='lat' dir='ltr'><strong>est,</strong></span> <span class='ocrx_word' id='word_1_182' title='bbox 1684 2679 1805 2718; x_wconf 90' lang='lat' dir='ltr'><strong>cum</strong></span> <span class='ocrx_word' id='word_1_183' title='bbox 1832 2664 1883 2717; x_wconf 91' lang='lat' dir='ltr'><strong>in</strong></span> <span class='ocrx_word' id='word_1_184' title='bbox 1913 2679 2115 2727; x_wconf 87' lang='lat' dir='ltr'><strong>rerum,</strong></span> <span class='ocrx_word' id='word_1_185' title='bbox 2141 2681 2259 2734; x_wconf 61' lang='lat' dir='ltr'><strong>qua:</strong></span> 
     </span>
    </p>
   </div>
   <div class='ocr_carea' id='block_1_29' title="bbox 698 2755 2254 2826">
    <p class='ocr_par' dir='ltr' id='par_1_29' title="bbox 698 2755 2254 2826">
     <span class='ocr_line' id='line_1_29' title="bbox 698 2755 2254 2826; baseline 0.001 -18"><span class='ocrx_word' id='word_1_186' title='bbox 698 2755 852 2810; x_wconf 65' lang='lat' dir='ltr'><strong>facta:</strong></span> <span class='ocrx_word' id='word_1_187' title='bbox 892 2763 1017 2809; x_wconf 88' lang='lat' dir='ltr'><strong>sunt</strong></span> <span class='ocrx_word' id='word_1_188' title='bbox 1069 2763 1128 2822; x_wconf 28' lang='lat' dir='ltr'><strong>et.</strong></span> <span class='ocrx_word' id='word_1_189' title='bbox 1154 2755 1314 2826; x_wconf 91' lang='lat' dir='ltr'><strong>longo</strong></span> <span class='ocrx_word' id='word_1_190' title='bbox 1355 2755 1551 2810; x_wconf 88' lang='lat' dir='ltr'><strong>abhinc</strong></span> <span class='ocrx_word' id='word_1_191' title='bbox 1599 2765 1839 2824; x_wconf 83' lang='lat' dir='ltr'><strong>tempore</strong></span> <span class='ocrx_word' id='word_1_192' title='bbox 1893 2757 2254 2826; x_wconf 86' lang='lat' dir='ltr'><strong>contigerunt,</strong></span> 
     </span>
    </p>
   </div>
   <div class='ocr_carea' id='block_1_30' title="bbox 692 2846 2254 2916">
    <p class='ocr_par' dir='ltr' id='par_1_30' title="bbox 692 2846 2254 2916">
     <span class='ocr_line' id='line_1_30' title="bbox 692 2846 2254 2916; baseline 0 -14"><span class='ocrx_word' id='word_1_193' title='bbox 692 2861 917 2902; x_wconf 88' lang='lat' dir='ltr'><strong>numero</strong></span> <span class='ocrx_word' id='word_1_194' title='bbox 945 2846 1036 2910; x_wconf 88' lang='lat' dir='ltr'><strong>sit,</strong></span> <span class='ocrx_word' id='word_1_195' title='bbox 1075 2846 1141 2901; x_wconf 88' lang='lat' dir='ltr'><strong>de</strong></span> <span class='ocrx_word' id='word_1_196' title='bbox 1167 2861 1230 2900; x_wconf 89' lang='lat' dir='ltr'><strong>eo</strong></span> <span class='ocrx_word' id='word_1_197' title='bbox 1262 2847 1480 2914; x_wconf 85' lang='lat' dir='ltr'><strong>quidem</strong></span> <span class='ocrx_word' id='word_1_198' title='bbox 1525 2855 1668 2899; x_wconf 89' lang='lat' dir='ltr'><strong>recte</strong></span> <span class='ocrx_word' id='word_1_199' title='bbox 1711 2848 2074 2916; x_wconf 82' lang='lat' dir='ltr'><strong>cognoscendi</strong></span> <span class='ocrx_word' id='word_1_200' title='bbox 2109 2847 2254 2902; x_wconf 88' lang='lat' dir='ltr'><strong>nulla</strong></span> 
     </span>
    </p>
   </div>
   <div class='ocr_carea' id='block_1_31' title="bbox 691 2936 2253 3008">
    <p class='ocr_par' dir='ltr' id='par_1_31' title="bbox 691 2936 2253 3008">
     <span class='ocr_line' id='line_1_31' title="bbox 691 2936 2253 3008; baseline 0 -17"><span class='ocrx_word' id='word_1_201' title='bbox 691 2939 914 3008; x_wconf 86' lang='lat' dir='ltr'><strong>cogitari</strong></span> <span class='ocrx_word' id='word_1_202' title='bbox 939 2946 1162 3008; x_wconf 80' lang='lat' dir='ltr'><strong>possunt</strong></span> <span class='ocrx_word' id='word_1_203' title='bbox 1185 2938 1474 3006; x_wconf 89' lang='lat' dir='ltr'><strong>principia,</strong></span> <span class='ocrx_word' id='word_1_204' title='bbox 1506 2937 1634 2990; x_wconf 90' lang='lat' dir='ltr'><strong>nulli</strong></span> <span class='ocrx_word' id='word_1_205' title='bbox 1659 2936 1855 2998; x_wconf 82' lang='lat' dir='ltr'><strong>fontes.</strong></span> <span class='ocrx_word' id='word_1_206' title='bbox 1887 2939 1988 2991; x_wconf 89' lang='lat' dir='ltr'><strong>nisi</strong></span> <span class='ocrx_word' id='word_1_207' title='bbox 2028 2940 2253 2992; x_wconf 86' lang='lat' dir='ltr'><strong>testium</strong></span> 
     </span>
    </p>
   </div>
   <div class='ocr_carea' id='block_1_32' title="bbox 693 3026 2257 3091">
    <p class='ocr_par' dir='ltr' id='par_1_32' title="bbox 693 3026 2257 3091">
     <span class='ocr_line' id='line_1_32' title="bbox 693 3026 2257 3091; baseline 0.002 -10"><span class='ocrx_word' id='word_1_208' title='bbox 693 3027 879 3084; x_wconf 82' lang='lat' dir='ltr'><strong>ell‘ata.</strong></span> <span class='ocrx_word' id='word_1_209' title='bbox 924 3029 1430 3084; x_wconf 89' lang='lat' dir='ltr'><strong>Commemorarunt</strong></span> <span class='ocrx_word' id='word_1_210' title='bbox 1477 3037 1710 3091; x_wconf 82' lang='lat' dir='ltr'><strong>veteres,</strong></span> <span class='ocrx_word' id='word_1_211' title='bbox 1759 3026 2016 3083; x_wconf 57' lang='lat' dir='ltr'><strong>Irenaeum</strong></span> <span class='ocrx_word' id='word_1_212' title='bbox 2062 3041 2257 3085; x_wconf 81' lang='lat' dir='ltr'><strong>contra</strong></span> 
     </span>
    </p>
   </div>
   <div class='ocr_carea' id='block_1_33' title="bbox 2372 543 3929 614">
    <p class='ocr_par' dir='ltr' id='par_1_33' title="bbox 2372 543 3929 614">
     <span class='ocr_line' id='line_1_33' title="bbox 2372 543 3929 614; baseline 0.005 -18"><span class='ocrx_word' id='word_1_213' title='bbox 2372 544 2471 596; x_wconf 87' lang='lat' dir='ltr'><strong>sibi</strong></span> <span class='ocrx_word' id='word_1_214' title='bbox 2502 543 2697 597; x_wconf 85' lang='lat' dir='ltr'><strong>similia</strong></span> <span class='ocrx_word' id='word_1_215' title='bbox 2739 554 2884 608; x_wconf 86' lang='lat' dir='ltr'><strong>sunt,</strong></span> <span class='ocrx_word' id='word_1_216' title='bbox 2923 543 3053 599; x_wconf 90' lang='lat' dir='ltr'><strong>locis</strong></span> <span class='ocrx_word' id='word_1_217' title='bbox 3096 546 3454 614; x_wconf 74' lang='lat' dir='ltr'><strong>congerendis</strong></span> <span class='ocrx_word' id='word_1_218' title='bbox 3495 549 3765 604; x_wconf 78' lang='lat' dir='ltr'><strong>neminem</strong></span> <span class='ocrx_word' id='word_1_219' title='bbox 3806 566 3929 606; x_wconf 78' lang='lat' dir='ltr'><strong>nov-</strong></span> 
     </span>
    </p>
   </div>
   <div class='ocr_carea' id='block_1_34' title="bbox 2373 636 3929 713">
    <p class='ocr_par' dir='ltr' id='par_1_34' title="bbox 2373 636 3929 713">
     <span class='ocr_line' id='line_1_34' title="bbox 2373 636 3929 713; baseline 0.006 -27"><span class='ocrx_word' id='word_1_220' title='bbox 2373 637 2631 702; x_wconf 86' lang='lat' dir='ltr'><strong>majorem</strong></span> <span class='ocrx_word' id='word_1_221' title='bbox 2661 636 2928 690; x_wconf 86' lang='lat' dir='ltr'><strong>collocare</strong></span> <span class='ocrx_word' id='word_1_222' title='bbox 2977 636 3314 706; x_wconf 75' lang='lat' dir='ltr'><strong>diligentiam</strong></span> <span class='ocrx_word' id='word_1_223' title='bbox 3367 653 3490 692; x_wconf 90' lang='lat' dir='ltr'><strong>ven.</strong></span> <span class='ocrx_word' id='word_1_224' title='bbox 3524 639 3769 696; x_wconf 89' lang='lat' dir='ltr'><strong>Semlero</strong></span> <span class='ocrx_word' id='word_1_225' title='bbox 3813 643 3929 713; x_wconf 82' lang='lat' dir='ltr'><strong>(d);</strong></span> 
     </span>
    </p>
   </div>
   <div class='ocr_carea' id='block_1_35' title="bbox 2371 729 3932 802">
    <p class='ocr_par' dir='ltr' id='par_1_35' title="bbox 2371 729 3932 802">
     <span class='ocr_line' id='line_1_35' title="bbox 2371 729 3932 802; baseline 0.006 -20"><span class='ocrx_word' id='word_1_226' title='bbox 2371 729 2511 785; x_wconf 87' lang='lat' dir='ltr'><strong>idem</strong></span> <span class='ocrx_word' id='word_1_227' title='bbox 2538 739 2716 784; x_wconf 88' lang='lat' dir='ltr'><strong>tamen</strong></span> <span class='ocrx_word' id='word_1_228' title='bbox 2751 731 3005 784; x_wconf 87' lang='lat' dir='ltr'><strong>nonnulla</strong></span> <span class='ocrx_word' id='word_1_229' title='bbox 3049 747 3153 785; x_wconf 92' lang='lat' dir='ltr'><strong>non</strong></span> <span class='ocrx_word' id='word_1_230' title='bbox 3188 732 3408 785; x_wconf 76' lang='lat' dir='ltr'><strong>testium</strong></span> <span class='ocrx_word' id='word_1_231' title='bbox 3445 736 3789 802; x_wconf 84' lang='lat' dir='ltr'><strong>auctoritate,</strong></span> <span class='ocrx_word' id='word_1_232' title='bbox 3839 739 3932 792; x_wconf 88' lang='lat' dir='ltr'><strong>sed</strong></span> 
     </span>
    </p>
   </div>
   <div class='ocr_carea' id='block_1_36' title="bbox 2372 821 3927 890">
    <p class='ocr_par' dir='ltr' id='par_1_36' title="bbox 2372 821 3927 890">
     <span class='ocr_line' id='line_1_36' title="bbox 2372 821 3927 890; baseline 0.006 -18"><span class='ocrx_word' id='word_1_233' title='bbox 2372 821 2787 875; x_wconf 83' lang='lat' dir='ltr'><strong>ratiocinatione</strong></span> <span class='ocrx_word' id='word_1_234' title='bbox 2819 821 3022 874; x_wconf 86' lang='lat' dir='ltr'><strong>munita</strong></span> <span class='ocrx_word' id='word_1_235' title='bbox 3062 821 3282 886; x_wconf 86' lang='lat' dir='ltr'><strong>adjecit,</strong></span> <span class='ocrx_word' id='word_1_236' title='bbox 3312 836 3433 890; x_wconf 78' lang='lat' dir='ltr'><strong>qua:</strong></span> <span class='ocrx_word' id='word_1_237' title='bbox 3466 824 3565 877; x_wconf 81' lang='lat' dir='ltr'><strong>nisi</strong></span> <span class='ocrx_word' id='word_1_238' title='bbox 3619 825 3927 887; x_wconf 89' lang='lat' dir='ltr'><strong>diluantur,</strong></span> 
     </span>
    </p>
   </div>
   <div class='ocr_carea' id='block_1_37' title="bbox 2370 909 3926 980">
    <p class='ocr_par' dir='ltr' id='par_1_37' title="bbox 2370 909 3926 980">
     <span class='ocr_line' id='line_1_37' title="bbox 2370 909 3926 980; baseline 0.002 -16"><span class='ocrx_word' id='word_1_239' title='bbox 2370 911 2587 966; x_wconf 85' lang='lat' dir='ltr'><strong>excitati</strong></span> <span class='ocrx_word' id='word_1_240' title='bbox 2627 926 2654 963; x_wconf 89' lang='lat' dir='ltr'><strong>a</strong></span> <span class='ocrx_word' id='word_1_241' title='bbox 2690 926 2775 964; x_wconf 89' lang='lat' dir='ltr'><strong>me</strong></span> <span class='ocrx_word' id='word_1_242' title='bbox 2816 909 3107 964; x_wconf 86' lang='lat' dir='ltr'><strong>testimonii</strong></span> <span class='ocrx_word' id='word_1_243' title='bbox 3142 910 3248 962; x_wconf 90' lang='lat' dir='ltr'><strong>vim</strong></span> <span class='ocrx_word' id='word_1_244' title='bbox 3295 920 3344 962; x_wconf 86' lang='lat' dir='ltr'><strong>et</strong></span> <span class='ocrx_word' id='word_1_245' title='bbox 3394 911 3626 980; x_wconf 89' lang='lat' dir='ltr'><strong>pretium</strong></span> <span class='ocrx_word' id='word_1_246' title='bbox 3675 913 3926 967; x_wconf 85' lang='lat' dir='ltr'><strong>imminui</strong></span> 
     </span>
    </p>
   </div>
   <div class='ocr_carea' id='block_1_38' title="bbox 2370 999 3935 1075">
    <p class='ocr_par' dir='ltr' id='par_1_38' title="bbox 2370 999 3935 1075">
     <span class='ocr_line' id='line_1_38' title="bbox 2370 999 3935 1075; baseline 0 -17"><span class='ocrx_word' id='word_1_247' title='bbox 2370 1013 2601 1075; x_wconf 88' lang='lat' dir='ltr'><strong>oportet.</strong></span> <span class='ocrx_word' id='word_1_248' title='bbox 2631 1004 2746 1057; x_wconf 81' lang='lat' dir='ltr'><strong>Non</strong></span> <span class='ocrx_word' id='word_1_249' title='bbox 2779 1003 2896 1056; x_wconf 88' lang='lat' dir='ltr'><strong>sine</strong></span> <span class='ocrx_word' id='word_1_250' title='bbox 2927 1000 3124 1070; x_wconf 86' lang='lat' dir='ltr'><strong>injuria</strong></span> <span class='ocrx_word' id='word_1_251' title='bbox 3157 999 3544 1055; x_wconf 84' lang='lat' dir='ltr'><strong>Tertullianum</strong></span> <span class='ocrx_word' id='word_1_252' title='bbox 3597 1002 3935 1058; x_wconf 85' lang='lat' dir='ltr'><strong>insimulavit</strong></span> 
     </span>
    </p>
   </div>
   <div class='ocr_carea' id='block_1_39' title="bbox 2371 1093 3935 1162">
    <p class='ocr_par' dir='ltr' id='par_1_39' title="bbox 2371 1093 3935 1162">
     <span class='ocr_line' id='line_1_39' title="bbox 2371 1093 3935 1162; baseline 0.001 -14"><span class='ocrx_word' id='word_1_253' title='bbox 2371 1096 2640 1157; x_wconf 86' lang='lat' dir='ltr'><strong>criminis,</strong></span> <span class='ocrx_word' id='word_1_254' title='bbox 2681 1096 2823 1162; x_wconf 90' lang='lat' dir='ltr'><strong>quod</strong></span> <span class='ocrx_word' id='word_1_255' title='bbox 2872 1093 3034 1162; x_wconf 85' lang='lat' dir='ltr'><strong>plagii</strong></span> <span class='ocrx_word' id='word_1_256' title='bbox 3079 1094 3322 1147; x_wconf 84' lang='lat' dir='ltr'><strong>litterarii</strong></span> <span class='ocrx_word' id='word_1_257' title='bbox 3374 1108 3569 1149; x_wconf 88' lang='lat' dir='ltr'><strong>nomen</strong></span> <span class='ocrx_word' id='word_1_258' title='bbox 3623 1094 3747 1149; x_wconf 83' lang='lat' dir='ltr'><strong>fert.</strong></span> <span class='ocrx_word' id='word_1_259' title='bbox 3778 1096 3935 1150; x_wconf 87' lang='lat' dir='ltr'><strong>Post-</strong></span> 
     </span>
    </p>
   </div>
   <div class='ocr_carea' id='block_1_40' title="bbox 2369 1183 3932 1254">
    <p class='ocr_par' dir='ltr' id='par_1_40' title="bbox 2369 1183 3932 1254">
     <span class='ocr_line' id='line_1_40' title="bbox 2369 1183 3932 1254; baseline 0.001 -16"><span class='ocrx_word' id='word_1_260' title='bbox 2369 1202 2530 1254; x_wconf 86' lang='lat' dir='ltr'><strong>quam</strong></span> <span class='ocrx_word' id='word_1_261' title='bbox 2561 1188 2701 1240; x_wconf 86' lang='lat' dir='ltr'><strong>enitn</strong></span> <span class='ocrx_word' id='word_1_262' title='bbox 2733 1186 2830 1240; x_wconf 87' lang='lat' dir='ltr'><strong>sub</strong></span> <span class='ocrx_word' id='word_1_263' title='bbox 2861 1187 3017 1239; x_wconf 89' lang='lat' dir='ltr'><strong>initio</strong></span> <span class='ocrx_word' id='word_1_264' title='bbox 3042 1186 3123 1240; x_wconf 89' lang='lat' dir='ltr'><strong>sui</strong></span> <span class='ocrx_word' id='word_1_265' title='bbox 3158 1183 3317 1238; x_wconf 79' lang='lat' dir='ltr'><strong>libelli</strong></span> <span class='ocrx_word' id='word_1_266' title='bbox 3365 1185 3597 1254; x_wconf 81' lang='lat' dir='ltr'><strong>ingenue</strong></span> <span class='ocrx_word' id='word_1_267' title='bbox 3644 1185 3932 1240; x_wconf 82' lang='lat' dir='ltr'><strong>confessus</strong></span> 
     </span>
    </p>
   </div>
   <div class='ocr_carea' id='block_1_41' title="bbox 2369 1289 3933 1348">
    <p class='ocr_par' dir='ltr' id='par_1_41' title="bbox 2369 1289 3933 1348">
     <span class='ocr_line' id='line_1_41' title="bbox 2369 1289 3933 1348; baseline -0.001 -14"><span class='ocrx_word' id='word_1_268' title='bbox 2369 1291 2472 1342; x_wconf 73' lang='grc' dir='ltr'><strong>εει,</strong></span> <span class='ocrx_word' id='word_1_269' title='bbox 2497 1295 2558 1334; x_wconf 72' lang='lat'>88</span> <span class='ocrx_word' id='word_1_270' title='bbox 2595 1296 2690 1335; x_wconf 87' lang='lat' dir='ltr'><strong>sua</strong></span> <span class='ocrx_word' id='word_1_271' title='bbox 2721 1295 2786 1333; x_wconf 77' lang='lat' dir='ltr'><strong>ex</strong></span> <span class='ocrx_word' id='word_1_272' title='bbox 2835 1290 3068 1347; x_wconf 90' lang='lat' dir='ltr'><strong>quatuor</strong></span> <span class='ocrx_word' id='word_1_273' title='bbox 3117 1289 3521 1344; x_wconf 76' lang='lat' dir='ltr'><strong>antecesserunt,</strong></span> <span class='ocrx_word' id='word_1_274' title='bbox 3551 1294 3779 1348; x_wconf 88' lang='lat' dir='ltr'><strong>quorum</strong></span> <span class='ocrx_word' id='word_1_275' title='bbox 3830 1295 3933 1333; x_wconf 86' lang='lat' dir='ltr'><strong>no-</strong></span> 
     </span>
    </p>
   </div>
   <div class='ocr_carea' id='block_1_42' title="bbox 2370 1369 3930 1440">
    <p class='ocr_par' dir='ltr' id='par_1_42' title="bbox 2370 1369 3930 1440">
     <span class='ocr_line' id='line_1_42' title="bbox 2370 1369 3930 1440; baseline -0.001 -13"><span class='ocrx_word' id='word_1_276' title='bbox 2370 1374 2511 1427; x_wconf 88' lang='lat' dir='ltr'><strong>mina</strong></span> <span class='ocrx_word' id='word_1_277' title='bbox 2539 1373 2732 1427; x_wconf 88' lang='lat' dir='ltr'><strong>recitat</strong></span> <span class='ocrx_word' id='word_1_278' title='bbox 2763 1372 3206 1440; x_wconf 89' lang='lat' dir='ltr'><strong>singulorumque</strong></span> <span class='ocrx_word' id='word_1_279' title='bbox 3237 1369 3425 1425; x_wconf 83' lang='lat' dir='ltr'><strong>laudes</strong></span> <span class='ocrx_word' id='word_1_280' title='bbox 3470 1373 3749 1438; x_wconf 73' lang='lat' dir='ltr'><strong>przedicat,</strong></span> <span class='ocrx_word' id='word_1_281' title='bbox 3778 1386 3930 1426; x_wconf 86' lang='lat' dir='ltr'><strong>cum-</strong></span> 
     </span>
    </p>
   </div>
   <div class='ocr_carea' id='block_1_43' title="bbox 2369 1461 3932 1531">
    <p class='ocr_par' dir='ltr' id='par_1_43' title="bbox 2369 1461 3932 1531">
     <span class='ocr_line' id='line_1_43' title="bbox 2369 1461 3932 1531; baseline -0.002 -12"><span class='ocrx_word' id='word_1_282' title='bbox 2369 1465 2652 1521; x_wconf 86' lang='lat' dir='ltr'><strong>mentariis</strong></span> <span class='ocrx_word' id='word_1_283' title='bbox 2680 1463 2954 1527; x_wconf 88' lang='lat' dir='ltr'><strong>didicisse,</strong></span> <span class='ocrx_word' id='word_1_284' title='bbox 2999 1479 3093 1518; x_wconf 93' lang='lat' dir='ltr'><strong>cur</strong></span> <span class='ocrx_word' id='word_1_285' title='bbox 3138 1476 3274 1529; x_wconf 90' lang='lat' dir='ltr'><strong>opus</strong></span> <span class='ocrx_word' id='word_1_286' title='bbox 3325 1461 3488 1515; x_wconf 87' lang='lat' dir='ltr'><strong>fuerit</strong></span> <span class='ocrx_word' id='word_1_287' title='bbox 3549 1461 3725 1516; x_wconf 89' lang='lat' dir='ltr'><strong>ubivis</strong></span> <span class='ocrx_word' id='word_1_288' title='bbox 3775 1476 3932 1531; x_wconf 89' lang='lat' dir='ltr'><strong>repe-</strong></span> 
     </span>
    </p>
   </div>
   <div class='ocr_carea' id='block_1_44' title="bbox 2370 1554 3931 1626">
    <p class='ocr_par' dir='ltr' id='par_1_44' title="bbox 2370 1554 3931 1626">
     <span class='ocr_line' id='line_1_44' title="bbox 2370 1554 3931 1626; baseline 0 -13"><span class='ocrx_word' id='word_1_289' title='bbox 2370 1558 2694 1615; x_wconf 65' lang='lat' dir='ltr'><strong>terelrenaai</strong></span> <span class='ocrx_word' id='word_1_290' title='bbox 2741 1573 2960 1621; x_wconf 85' lang='lat' dir='ltr'><strong>nomen,</strong></span> <span class='ocrx_word' id='word_1_291' title='bbox 3011 1571 3112 1626; x_wconf 90' lang='lat' dir='ltr'><strong>ego</strong></span> <span class='ocrx_word' id='word_1_292' title='bbox 3161 1554 3377 1623; x_wconf 88' lang='lat' dir='ltr'><strong>quidem</strong></span> <span class='ocrx_word' id='word_1_293' title='bbox 3414 1563 3620 1610; x_wconf 87' lang='lat' dir='ltr'><strong>tantum</strong></span> <span class='ocrx_word' id='word_1_294' title='bbox 3670 1557 3825 1612; x_wconf 88' lang='lat' dir='ltr'><strong>abest</strong></span> <span class='ocrx_word' id='word_1_295' title='bbox 3871 1568 3931 1613; x_wconf 88' lang='lat' dir='ltr'><strong>ut</strong></span> 
     </span>
    </p>
   </div>
   <div class='ocr_carea' id='block_1_45' title="bbox 2370 1645 3931 1720">
    <p class='ocr_par' dir='ltr' id='par_1_45' title="bbox 2370 1645 3931 1720">
     <span class='ocr_line' id='line_1_45' title="bbox 2370 1645 3931 1720; baseline -0.002 -15"><span class='ocrx_word' id='word_1_296' title='bbox 2370 1653 2529 1706; x_wconf 89' lang='lat' dir='ltr'><strong>ullam</strong></span> <span class='ocrx_word' id='word_1_297' title='bbox 2575 1652 2871 1720; x_wconf 77' lang='lat' dir='ltr'><strong>intelligam</strong></span> <span class='ocrx_word' id='word_1_298' title='bbox 2904 1664 3125 1705; x_wconf 89' lang='lat' dir='ltr'><strong>causam</strong></span> <span class='ocrx_word' id='word_1_299' title='bbox 3150 1691 3165 1716; x_wconf 92' lang='lat'><strong>,</strong></span> <span class='ocrx_word' id='word_1_300' title='bbox 3197 1659 3256 1702; x_wconf 89' lang='lat' dir='ltr'><strong>ut</strong></span> <span class='ocrx_word' id='word_1_301' title='bbox 3285 1663 3501 1712; x_wconf 87' lang='lat' dir='ltr'><strong>verear,</strong></span> <span class='ocrx_word' id='word_1_302' title='bbox 3547 1659 3635 1709; x_wconf 86' lang='lat' dir='ltr'><strong>ne,</strong></span> <span class='ocrx_word' id='word_1_303' title='bbox 3677 1648 3722 1701; x_wconf 90' lang='lat' dir='ltr'><strong>si</strong></span> <span class='ocrx_word' id='word_1_304' title='bbox 3763 1645 3931 1702; x_wconf 80' lang='lat' dir='ltr'><strong>fecis-</strong></span> 
     </span>
    </p>
   </div>
   <div class='ocr_carea' id='block_1_46' title="bbox 2369 1739 3933 1812">
    <p class='ocr_par' dir='ltr' id='par_1_46' title="bbox 2369 1739 3933 1812">
     <span class='ocr_line' id='line_1_46' title="bbox 2369 1739 3933 1812; baseline -0.001 -15"><span class='ocrx_word' id='word_1_305' title='bbox 2369 1753 2470 1806; x_wconf 90' lang='lat' dir='ltr'><strong>set,</strong></span> <span class='ocrx_word' id='word_1_306' title='bbox 2519 1742 2910 1812; x_wconf 74' lang='lat' dir='ltr'><strong>intempestiva:</strong></span> <span class='ocrx_word' id='word_1_307' title='bbox 2949 1739 3258 1794; x_wconf 86' lang='lat' dir='ltr'><strong>sedulitatis</strong></span> <span class='ocrx_word' id='word_1_308' title='bbox 3302 1740 3632 1796; x_wconf 80' lang='lat' dir='ltr'><strong>contraxerit</strong></span> <span class='ocrx_word' id='word_1_309' title='bbox 3661 1741 3763 1795; x_wconf 84' lang='lat' dir='ltr'><strong>sibi</strong></span> <span class='ocrx_word' id='word_1_310' title='bbox 3812 1756 3933 1796; x_wconf 86' lang='lat' dir='ltr'><strong>sus-</strong></span> 
     </span>
    </p>
   </div>
   <div class='ocr_carea' id='block_1_47' title="bbox 2365 1832 3932 1904">
    <p class='ocr_par' dir='ltr' id='par_1_47' title="bbox 2365 1832 3932 1904">
     <span class='ocr_line' id='line_1_47' title="bbox 2365 1832 3932 1904; baseline 0.001 -17"><span class='ocrx_word' id='word_1_311' title='bbox 2365 1833 2653 1904; x_wconf 89' lang='lat' dir='ltr'><strong>picionem.</strong></span> <span class='ocrx_word' id='word_1_312' title='bbox 2702 1833 2948 1899; x_wconf 77' lang='lat' dir='ltr'><strong>Accedit,</strong></span> <span class='ocrx_word' id='word_1_313' title='bbox 2996 1841 3278 1902; x_wconf 86' lang='lat' dir='ltr'><strong>postquam</strong></span> <span class='ocrx_word' id='word_1_314' title='bbox 3336 1832 3511 1886; x_wconf 91' lang='lat' dir='ltr'><strong>oculis</strong></span> <span class='ocrx_word' id='word_1_315' title='bbox 3567 1832 3932 1903; x_wconf 84' lang='lat' dir='ltr'><strong>manibusque</strong></span> 
     </span>
    </p>
   </div>
   <div class='ocr_carea' id='block_1_48' title="bbox 2363 1919 3933 1991">
    <p class='ocr_par' dir='ltr' id='par_1_48' title="bbox 2363 1919 3933 1991">
     <span class='ocr_line' id='line_1_48' title="bbox 2363 1919 3933 1991; baseline 0 -14"><span class='ocrx_word' id='word_1_316' title='bbox 2363 1924 2563 1978; x_wconf 88' lang='lat' dir='ltr'><strong>nostris</strong></span> <span class='ocrx_word' id='word_1_317' title='bbox 2613 1933 2790 1991; x_wconf 89' lang='lat' dir='ltr'><strong>erepta</strong></span> <span class='ocrx_word' id='word_1_318' title='bbox 2842 1931 2992 1986; x_wconf 90' lang='lat' dir='ltr'><strong>sunt,</strong></span> <span class='ocrx_word' id='word_1_319' title='bbox 3026 1921 3226 1991; x_wconf 86' lang='lat' dir='ltr'><strong>quibus</strong></span> <span class='ocrx_word' id='word_1_320' title='bbox 3270 1931 3465 1991; x_wconf 66' lang='lat' dir='ltr'><strong>praeter</strong></span> <span class='ocrx_word' id='word_1_321' title='bbox 3500 1919 3762 1976; x_wconf 72' lang='lat' dir='ltr'><strong>Irenaeum</strong></span> <span class='ocrx_word' id='word_1_322' title='bbox 3799 1937 3933 1977; x_wconf 86' lang='lat' dir='ltr'><strong>usus</strong></span> 
     </span>
    </p>
   </div>
   <div class='ocr_carea' id='block_1_49' title="bbox 2363 2009 3930 2083">
    <p class='ocr_par' dir='ltr' id='par_1_49' title="bbox 2363 2009 3930 2083">
     <span class='ocr_line' id='line_1_49' title="bbox 2363 2009 3930 2083; baseline -0.001 -15"><span class='ocrx_word' id='word_1_323' title='bbox 2363 2024 2446 2068; x_wconf 91' lang='lat' dir='ltr'><strong>est</strong></span> <span class='ocrx_word' id='word_1_324' title='bbox 2485 2015 2780 2083; x_wconf 82' lang='lat' dir='ltr'><strong>magistris,</strong></span> <span class='ocrx_word' id='word_1_325' title='bbox 2828 2012 3048 2076; x_wconf 74' lang='lat' dir='ltr'><strong>Justini,</strong></span> <span class='ocrx_word' id='word_1_326' title='bbox 3086 2011 3344 2068; x_wconf 85' lang='lat' dir='ltr'><strong>Miltiadis</strong></span> <span class='ocrx_word' id='word_1_327' title='bbox 3385 2021 3441 2066; x_wconf 88' lang='lat' dir='ltr'><strong>et</strong></span> <span class='ocrx_word' id='word_1_328' title='bbox 3487 2009 3702 2067; x_wconf 83' lang='lat' dir='ltr'><strong>Proculi</strong></span> <span class='ocrx_word' id='word_1_329' title='bbox 3753 2011 3930 2066; x_wconf 90' lang='lat' dir='ltr'><strong>moni-</strong></span> 
     </span>
    </p>
   </div>
   <div class='ocr_carea' id='block_1_50' title="bbox 2364 2099 3932 2171">
    <p class='ocr_par' dir='ltr' id='par_1_50' title="bbox 2364 2099 3932 2171">
     <span class='ocr_line' id='line_1_50' title="bbox 2364 2099 3932 2171; baseline 0 -13"><span class='ocrx_word' id='word_1_330' title='bbox 2364 2103 2882 2171; x_wconf 83' lang='lat' dir='ltr'><strong>menta,admodum</strong></span> <span class='ocrx_word' id='word_1_331' title='bbox 2918 2099 3187 2156; x_wconf 77' lang='lat' dir='ltr'><strong>difﬁcilem</strong></span> <span class='ocrx_word' id='word_1_332' title='bbox 3240 2110 3295 2155; x_wconf 91' lang='lat' dir='ltr'><strong>et</strong></span> <span class='ocrx_word' id='word_1_333' title='bbox 3341 2102 3567 2155; x_wconf 88' lang='lat' dir='ltr'><strong>arduam</strong></span> <span class='ocrx_word' id='word_1_334' title='bbox 3617 2117 3761 2156; x_wconf 90' lang='lat' dir='ltr'><strong>nunc</strong></span> <span class='ocrx_word' id='word_1_335' title='bbox 3803 2116 3932 2158; x_wconf 80' lang='lat' dir='ltr'><strong>esse</strong></span> 
     </span>
    </p>
   </div>
   <div class='ocr_carea' id='block_1_51' title="bbox 2363 2193 3932 2266">
    <p class='ocr_par' dir='ltr' id='par_1_51' title="bbox 2363 2193 3932 2266">
     <span class='ocr_line' id='line_1_51' title="bbox 2363 2193 3932 2266; baseline -0.002 -15"><span class='ocrx_word' id='word_1_336' title='bbox 2363 2198 2753 2266; x_wconf 83' lang='lat' dir='ltr'><strong>conjecturam,</strong></span> <span class='ocrx_word' id='word_1_337' title='bbox 2783 2211 2850 2250; x_wconf 80' lang='lat' dir='ltr'><strong>ex</strong></span> <span class='ocrx_word' id='word_1_338' title='bbox 2880 2195 3078 2264; x_wconf 87' lang='lat' dir='ltr'><strong>quibus</strong></span> <span class='ocrx_word' id='word_1_339' title='bbox 3109 2193 3352 2249; x_wconf 87' lang='lat' dir='ltr'><strong>fontibus</strong></span> <span class='ocrx_word' id='word_1_340' title='bbox 3385 2193 3628 2264; x_wconf 85' lang='lat' dir='ltr'><strong>singulas</strong></span> <span class='ocrx_word' id='word_1_341' title='bbox 3657 2203 3932 2248; x_wconf 81' lang='lat' dir='ltr'><strong>narratio-</strong></span> 
     </span>
    </p>
   </div>
   <div class='ocr_carea' id='block_1_52' title="bbox 2362 2286 3924 2358">
    <p class='ocr_par' dir='ltr' id='par_1_52' title="bbox 2362 2286 3924 2358">
     <span class='ocr_line' id='line_1_52' title="bbox 2362 2286 3924 2358; baseline -0.004 -12"><span class='ocrx_word' id='word_1_342' title='bbox 2362 2306 2457 2352; x_wconf 80' lang='lat' dir='ltr'><strong>nes</strong></span> <span class='ocrx_word' id='word_1_343' title='bbox 2483 2290 2789 2356; x_wconf 85' lang='lat' dir='ltr'><strong>historicas,</strong></span> <span class='ocrx_word' id='word_1_344' title='bbox 2819 2298 2875 2344; x_wconf 89' lang='lat' dir='ltr'><strong>et</strong></span> <span class='ocrx_word' id='word_1_345' title='bbox 2905 2289 2996 2358; x_wconf 87' lang='lat' dir='ltr'><strong>qui</strong></span> <span class='ocrx_word' id='word_1_346' title='bbox 3029 2289 3082 2343; x_wconf 93' lang='lat' dir='ltr'><strong>in</strong></span> <span class='ocrx_word' id='word_1_347' title='bbox 3116 2287 3201 2342; x_wconf 91' lang='lat' dir='ltr'><strong>bis</strong></span> <span class='ocrx_word' id='word_1_348' title='bbox 3223 2286 3444 2341; x_wconf 91' lang='lat' dir='ltr'><strong>omnino</strong></span> <span class='ocrx_word' id='word_1_349' title='bbox 3479 2287 3663 2353; x_wconf 88' lang='lat' dir='ltr'><strong>reponi</strong></span> <span class='ocrx_word' id='word_1_350' title='bbox 3697 2286 3924 2352; x_wconf 89' lang='lat' dir='ltr'><strong>debent,</strong></span> 
     </span>
    </p>
   </div>
   <div class='ocr_carea' id='block_1_53' title="bbox 2362 2379 3927 2439">
    <p class='ocr_par' dir='ltr' id='par_1_53' title="bbox 2362 2379 3927 2439">
     <span class='ocr_line' id='line_1_53' title="bbox 2362 2379 3927 2439; baseline -0.004 -2"><span class='ocrx_word' id='word_1_351' title='bbox 2362 2383 2863 2439; x_wconf 79' lang='lat' dir='ltr'><strong>\‘alentinianorum</strong></span> <span class='ocrx_word' id='word_1_352' title='bbox 2907 2383 3120 2437; x_wconf 88' lang='lat' dir='ltr'><strong>somnia</strong></span> <span class='ocrx_word' id='word_1_353' title='bbox 3154 2383 3208 2436; x_wconf 91' lang='lat' dir='ltr'><strong>in</strong></span> <span class='ocrx_word' id='word_1_354' title='bbox 3233 2394 3360 2435; x_wconf 89' lang='lat' dir='ltr'><strong>suos</strong></span> <span class='ocrx_word' id='word_1_355' title='bbox 3390 2379 3595 2434; x_wconf 82' lang='lat' dir='ltr'><strong>rivulos</strong></span> <span class='ocrx_word' id='word_1_356' title='bbox 3637 2379 3927 2435; x_wconf 82' lang='lat' dir='ltr'><strong>deduxerit</strong></span> 
     </span>
    </p>
   </div>
   <div class='ocr_carea' id='block_1_54' title="bbox 2359 2468 3930 2535">
    <p class='ocr_par' dir='ltr' id='par_1_54' title="bbox 2359 2468 3930 2535">
     <span class='ocr_line' id='line_1_54' title="bbox 2359 2468 3930 2535; baseline -0.004 -6"><span class='ocrx_word' id='word_1_357' title='bbox 2359 2475 2509 2530; x_wconf 83' lang='lat' dir='ltr'><strong>Afer.</strong></span> <span class='ocrx_word' id='word_1_358' title='bbox 2553 2475 2726 2530; x_wconf 85' lang='lat' dir='ltr'><strong>Probe</strong></span> <span class='ocrx_word' id='word_1_359' title='bbox 2757 2475 2901 2530; x_wconf 89' lang='lat' dir='ltr'><strong>enim</strong></span> <span class='ocrx_word' id='word_1_360' title='bbox 2940 2474 3231 2529; x_wconf 91' lang='lat' dir='ltr'><strong>tenendum</strong></span> <span class='ocrx_word' id='word_1_361' title='bbox 3275 2479 3379 2535; x_wconf 87' lang='lat' dir='ltr'><strong>est,</strong></span> <span class='ocrx_word' id='word_1_362' title='bbox 3405 2469 3718 2525; x_wconf 86' lang='lat' dir='ltr'><strong>Tertulliani</strong></span> <span class='ocrx_word' id='word_1_363' title='bbox 3745 2468 3930 2528; x_wconf 84' lang='lat' dir='ltr'><strong>libello</strong></span> 
     </span>
    </p>
   </div>
   <div class='ocr_carea' id='block_1_55' title="bbox 2359 2560 3930 2636">
    <p class='ocr_par' dir='ltr' id='par_1_55' title="bbox 2359 2560 3930 2636">
     <span class='ocr_line' id='line_1_55' title="bbox 2359 2560 3930 2636; baseline -0.001 -16"><span class='ocrx_word' id='word_1_364' title='bbox 2359 2567 2643 2621; x_wconf 88' lang='lat' dir='ltr'><strong>manifesta</strong></span> <span class='ocrx_word' id='word_1_365' title='bbox 2672 2567 2934 2635; x_wconf 89' lang='lat' dir='ltr'><strong>impressa</strong></span> <span class='ocrx_word' id='word_1_366' title='bbox 2979 2580 3098 2621; x_wconf 85' lang='lat' dir='ltr'><strong>esse</strong></span> <span class='ocrx_word' id='word_1_367' title='bbox 3133 2567 3361 2636; x_wconf 83' lang='lat' dir='ltr'><strong>vestigia</strong></span> <span class='ocrx_word' id='word_1_368' title='bbox 3403 2567 3683 2620; x_wconf 87' lang='lat' dir='ltr'><strong>dissensus</strong></span> <span class='ocrx_word' id='word_1_369' title='bbox 3717 2563 3783 2615; x_wconf 90' lang='lat' dir='ltr'><strong>ab</strong></span> <span class='ocrx_word' id='word_1_370' title='bbox 3813 2560 3930 2618; x_wconf 85' lang='lat' dir='ltr'><strong>lre-</strong></span> 
     </span>
    </p>
   </div>
   <div class='ocr_carea' id='block_1_56' title="bbox 2359 2653 3928 2726">
    <p class='ocr_par' dir='ltr' id='par_1_56' title="bbox 2359 2653 3928 2726">
     <span class='ocr_line' id='line_1_56' title="bbox 2359 2653 3928 2726; baseline -0.002 -15"><span class='ocrx_word' id='word_1_371' title='bbox 2359 2673 2496 2713; x_wconf 71' lang='lat' dir='ltr'><strong>naro.</strong></span> <span class='ocrx_word' id='word_1_372' title='bbox 2535 2656 2874 2724; x_wconf 69' lang='lat' dir='ltr'><strong>Quaestiones</strong></span> <span class='ocrx_word' id='word_1_373' title='bbox 2912 2656 3075 2719; x_wconf 84' lang='lat' dir='ltr'><strong>binae,</strong></span> <span class='ocrx_word' id='word_1_374' title='bbox 3110 2672 3248 2726; x_wconf 87' lang='lat' dir='ltr'><strong>quas</strong></span> <span class='ocrx_word' id='word_1_375' title='bbox 3295 2655 3550 2726; x_wconf 88' lang='lat' dir='ltr'><strong>proponit</strong></span> <span class='ocrx_word' id='word_1_376' title='bbox 3578 2653 3928 2709; x_wconf 78' lang='lat' dir='ltr'><strong>venerandus</strong></span> 
     </span>
    </p>
   </div>
   <div class='ocr_carea' id='block_1_57' title="bbox 2359 2747 3930 2818">
    <p class='ocr_par' dir='ltr' id='par_1_57' title="bbox 2359 2747 3930 2818">
     <span class='ocr_line' id='line_1_57' title="bbox 2359 2747 3930 2818; baseline -0.003 -13"><span class='ocrx_word' id='word_1_377' title='bbox 2359 2749 2656 2816; x_wconf 87' lang='lat' dir='ltr'><strong>Semlerus,</strong></span> <span class='ocrx_word' id='word_1_378' title='bbox 2693 2747 2852 2804; x_wconf 88' lang='lat' dir='ltr'><strong>facile</strong></span> <span class='ocrx_word' id='word_1_379' title='bbox 2895 2752 3275 2818; x_wconf 76' lang='lat' dir='ltr'><strong>expediuntur.</strong></span> <span class='ocrx_word' id='word_1_380' title='bbox 3309 2749 3553 2804; x_wconf 85' lang='lat' dir='ltr'><strong>Priorem</strong></span> <span class='ocrx_word' id='word_1_381' title='bbox 3588 2747 3753 2811; x_wconf 91' lang='lat' dir='ltr'><strong>enim,</strong></span> <span class='ocrx_word' id='word_1_382' title='bbox 3789 2760 3930 2816; x_wconf 90' lang='lat' dir='ltr'><strong>quo-</strong></span> 
     </span>
    </p>
   </div>
   <div class='ocr_carea' id='block_1_58' title="bbox 2360 2839 3928 2913">
    <p class='ocr_par' dir='ltr' id='par_1_58' title="bbox 2360 2839 3928 2913">
     <span class='ocr_line' id='line_1_58' title="bbox 2360 2839 3928 2913; baseline -0.003 -15"><span class='ocrx_word' id='word_1_383' title='bbox 2360 2845 2519 2899; x_wconf 88' lang='lat' dir='ltr'><strong>modo</strong></span> <span class='ocrx_word' id='word_1_384' title='bbox 2560 2844 2794 2911; x_wconf 87' lang='lat' dir='ltr'><strong>istojam</strong></span> <span class='ocrx_word' id='word_1_385' title='bbox 2826 2853 3069 2913; x_wconf 88' lang='lat' dir='ltr'><strong>tempore</strong></span> <span class='ocrx_word' id='word_1_386' title='bbox 3105 2842 3472 2897; x_wconf 86' lang='lat' dir='ltr'><strong>Tertullianus</strong></span> <span class='ocrx_word' id='word_1_387' title='bbox 3515 2839 3703 2895; x_wconf 68' lang='lat' dir='ltr'><strong>lrentei</strong></span> <span class='ocrx_word' id='word_1_388' title='bbox 3752 2839 3928 2894; x_wconf 88' lang='lat' dir='ltr'><strong>libros</strong></span> 
     </span>
    </p>
   </div>
   <div class='ocr_carea' id='block_1_59' title="bbox 2361 2934 3926 3006">
    <p class='ocr_par' dir='ltr' id='par_1_59' title="bbox 2361 2934 3926 3006">
     <span class='ocr_line' id='line_1_59' title="bbox 2361 2934 3926 3006; baseline -0.005 -13"><span class='ocrx_word' id='word_1_389' title='bbox 2361 2939 2534 2993; x_wconf 90' lang='lat' dir='ltr'><strong>oculis</strong></span> <span class='ocrx_word' id='word_1_390' title='bbox 2579 2948 2632 2991; x_wconf 91' lang='lat' dir='ltr'><strong>et</strong></span> <span class='ocrx_word' id='word_1_391' title='bbox 2663 2938 2915 2993; x_wconf 88' lang='lat' dir='ltr'><strong>manibus</strong></span> <span class='ocrx_word' id='word_1_392' title='bbox 2947 2939 3059 2993; x_wconf 90' lang='lat' dir='ltr'><strong>suis</strong></span> <span class='ocrx_word' id='word_1_393' title='bbox 3092 2937 3459 3006; x_wconf 86' lang='lat' dir='ltr'><strong>usurpaverit,</strong></span> <span class='ocrx_word' id='word_1_394' title='bbox 3487 2950 3586 2990; x_wconf 84' lang='lat' dir='ltr'><strong>cur</strong></span> <span class='ocrx_word' id='word_1_395' title='bbox 3611 2934 3926 3003; x_wconf 80' lang='lat' dir='ltr'><strong>pretuterit,</strong></span> 
     </span>
    </p>
   </div>
   <div class='ocr_carea' id='block_1_60' title="bbox 2360 3027 3929 3099">
    <p class='ocr_par' dir='ltr' id='par_1_60' title="bbox 2360 3027 3929 3099">
     <span class='ocr_line' id='line_1_60' title="bbox 2360 3027 3929 3099; baseline -0.004 -15"><span class='ocrx_word' id='word_1_396' title='bbox 2360 3045 2458 3084; x_wconf 90' lang='lat' dir='ltr'><strong>nec</strong></span> <span class='ocrx_word' id='word_1_397' title='bbox 2484 3030 2815 3099; x_wconf 87' lang='lat' dir='ltr'><strong>probaverit,</strong></span> <span class='ocrx_word' id='word_1_398' title='bbox 2857 3045 2970 3085; x_wconf 86' lang='lat' dir='ltr'><strong>rem</strong></span> <span class='ocrx_word' id='word_1_399' title='bbox 3004 3045 3132 3085; x_wconf 89' lang='lat' dir='ltr'><strong>vere</strong></span> <span class='ocrx_word' id='word_1_400' title='bbox 3166 3044 3286 3084; x_wconf 89' lang='lat' dir='ltr'><strong>esse</strong></span> <span class='ocrx_word' id='word_1_401' title='bbox 3332 3027 3612 3090; x_wconf 77' lang='grc' dir='ltr'>ἀδύνατον,</span> <span class='ocrx_word' id='word_1_402' title='bbox 3647 3041 3797 3095; x_wconf 68' lang='lat' dir='ltr'><strong>mque</strong></span> <span class='ocrx_word' id='word_1_403' title='bbox 3817 3027 3929 3079; x_wconf 85' lang='lat' dir='ltr'><strong>mi-</strong></span> 
     </span>
    </p>
   </div>
   <div class='ocr_carea' id='block_1_61' title="bbox 691 3119 3922 3221">
    <p class='ocr_par' dir='ltr' id='par_1_61' title="bbox 691 3119 3922 3221">
     <span class='ocr_line' id='line_1_61' title="bbox 691 3119 3922 3221; baseline 0 -47"><span class='ocrx_word' id='word_1_404' title='bbox 691 3136 805 3181; x_wconf 82' lang='lat' dir='ltr'><strong>eos,</strong></span> <span class='ocrx_word' id='word_1_405' title='bbox 829 3121 919 3189; x_wconf 88' lang='lat' dir='ltr'><strong>qui</strong></span> <span class='ocrx_word' id='word_1_406' title='bbox 946 3135 1040 3173; x_wconf 88' lang='lat' dir='ltr'><strong>sua</strong></span> <span class='ocrx_word' id='word_1_407' title='bbox 1067 3129 1226 3174; x_wconf 65' lang='lat' dir='ltr'><strong>aetate</strong></span> <span class='ocrx_word' id='word_1_408' title='bbox 1256 3121 1558 3174; x_wconf 88' lang='lat' dir='ltr'><strong>doctrinam</strong></span> <span class='ocrx_word' id='word_1_409' title='bbox 1586 3121 1951 3175; x_wconf 86' lang='lat' dir='ltr'><strong>Christianam</strong></span> <span class='ocrx_word' id='word_1_410' title='bbox 1980 3123 2254 3177; x_wconf 90' lang='lat' dir='ltr'><strong>erroribus</strong></span> <span class='ocrx_word' id='word_1_411' title='bbox 2282 3158 2326 3221; x_wconf 64' lang='grc' dir='ltr'><em>ς</em></span> <span class='ocrx_word' id='word_1_412' title='bbox 2361 3139 2470 3190; x_wconf 87' lang='lat' dir='ltr'><strong>ror,</strong></span> <span class='ocrx_word' id='word_1_413' title='bbox 2501 3140 2564 3178; x_wconf 90' lang='lat' dir='ltr'><strong>ac</strong></span> <span class='ocrx_word' id='word_1_414' title='bbox 2585 3140 2683 3178; x_wconf 86' lang='lat' dir='ltr'><strong>cur</strong></span> <span class='ocrx_word' id='word_1_415' title='bbox 2717 3139 2822 3177; x_wconf 88' lang='lat' dir='ltr'><strong>non</strong></span> <span class='ocrx_word' id='word_1_416' title='bbox 2851 3125 3166 3177; x_wconf 87' lang='lat' dir='ltr'><strong>recordatus</strong></span> <span class='ocrx_word' id='word_1_417' title='bbox 3198 3125 3285 3188; x_wconf 90' lang='lat' dir='ltr'><strong>sit,</strong></span> <span class='ocrx_word' id='word_1_418' title='bbox 3329 3137 3447 3191; x_wconf 68' lang='lat' dir='ltr'><strong>qua:</strong></span> <span class='ocrx_word' id='word_1_419' title='bbox 3487 3130 3613 3175; x_wconf 89' lang='lat' dir='ltr'><strong>ante</strong></span> <span class='ocrx_word' id='word_1_420' title='bbox 3655 3119 3836 3176; x_wconf 64' lang='lat' dir='ltr'><strong>saeculi</strong></span> <span class='ocrx_word' id='word_1_421' title='bbox 3878 3135 3922 3174; x_wconf 85' lang='lat' dir='ltr'><strong>ll</strong></span> 
     </span>
    </p>
   </div>
   <div class='ocr_carea' id='block_1_62' title="bbox 690 3212 2254 3282">
    <p class='ocr_par' dir='ltr' id='par_1_62' title="bbox 690 3212 2254 3282">
     <span class='ocr_line' id='line_1_62' title="bbox 690 3212 2254 3282; baseline 0 -16"><span class='ocrx_word' id='word_1_422' title='bbox 690 3225 1042 3281; x_wconf 89' lang='lat' dir='ltr'><strong>corrumpere</strong></span> <span class='ocrx_word' id='word_1_423' title='bbox 1083 3212 1447 3275; x_wconf 80' lang='lat' dir='ltr'><strong>studuerunt,</strong></span> <span class='ocrx_word' id='word_1_424' title='bbox 1499 3213 1686 3266; x_wconf 87' lang='lat' dir='ltr'><strong>sedulo</strong></span> <span class='ocrx_word' id='word_1_425' title='bbox 1723 3223 1776 3265; x_wconf 91' lang='lat' dir='ltr'><strong>et</strong></span> <span class='ocrx_word' id='word_1_426' title='bbox 1828 3213 2104 3281; x_wconf 77' lang='lat' dir='ltr'><strong>eleganter</strong></span> <span class='ocrx_word' id='word_1_427' title='bbox 2156 3230 2254 3282; x_wconf 58' lang='lat' dir='ltr'><strong>pttc</strong></span> 
     </span>
    </p>
   </div>
   <div class='ocr_carea' id='block_1_63' title="bbox 687 3303 2251 3374">
    <p class='ocr_par' dir='ltr' id='par_1_63' title="bbox 687 3303 2251 3374">
     <span class='ocr_line' id='line_1_63' title="bbox 687 3303 2251 3374; baseline 0.003 -19"><span class='ocrx_word' id='word_1_428' title='bbox 687 3317 885 3374; x_wconf 83' lang='lat' dir='ltr'><strong>gnasse</strong></span> <span class='ocrx_word' id='word_1_429' title='bbox 933 3303 1205 3370; x_wconf 86' lang='lat' dir='ltr'><strong>editisque</strong></span> <span class='ocrx_word' id='word_1_430' title='bbox 1242 3304 1458 3371; x_wconf 89' lang='lat' dir='ltr'><strong>scriptis</strong></span> <span class='ocrx_word' id='word_1_431' title='bbox 1505 3319 1599 3358; x_wconf 93' lang='lat' dir='ltr'><strong>eos</strong></span> <span class='ocrx_word' id='word_1_432' title='bbox 1642 3305 1966 3358; x_wconf 85' lang='lat' dir='ltr'><strong>confutasse.</strong></span> <span class='ocrx_word' id='word_1_433' title='bbox 2011 3306 2251 3361; x_wconf 86' lang='lat' dir='ltr'><strong>Primum</strong></span> 
     </span>
    </p>
   </div>
   <div class='ocr_carea' id='block_1_64' title="bbox 687 3393 2249 3464">
    <p class='ocr_par' dir='ltr' id='par_1_64' title="bbox 687 3393 2249 3464">
     <span class='ocr_line' id='line_1_64' title="bbox 687 3393 2249 3464; baseline 0.003 -15"><span class='ocrx_word' id='word_1_434' title='bbox 687 3411 751 3449; x_wconf 81' lang='lat' dir='ltr'><strong>ex</strong></span> <span class='ocrx_word' id='word_1_435' title='bbox 783 3395 957 3449; x_wconf 63' lang='lat' dir='ltr'><strong>astatis</strong></span> <span class='ocrx_word' id='word_1_436' title='bbox 982 3396 1193 3449; x_wconf 88' lang='lat' dir='ltr'><strong>ratione</strong></span> <span class='ocrx_word' id='word_1_437' title='bbox 1230 3393 1403 3449; x_wconf 88' lang='lat' dir='ltr'><strong>locum</strong></span> <span class='ocrx_word' id='word_1_438' title='bbox 1455 3405 1607 3451; x_wconf 90' lang='lat' dir='ltr'><strong>tenet</strong></span> <span class='ocrx_word' id='word_1_439' title='bbox 1652 3396 2045 3462; x_wconf 84' lang='lat' dir='ltr'><strong>Tertullianus,</strong></span> <span class='ocrx_word' id='word_1_440' title='bbox 2095 3400 2249 3464; x_wconf 88' lang='lat' dir='ltr'><strong>cujus</strong></span> 
     </span>
    </p>
   </div>
   <div class='ocr_carea' id='block_1_65' title="bbox 687 3487 2252 3562">
    <p class='ocr_par' dir='ltr' id='par_1_65' title="bbox 687 3487 2252 3562">
     <span class='ocr_line' id='line_1_65' title="bbox 687 3487 2252 3562; baseline 0.005 -23"><span class='ocrx_word' id='word_1_441' title='bbox 687 3488 822 3541; x_wconf 87' lang='lat' dir='ltr'><strong>satis</strong></span> <span class='ocrx_word' id='word_1_442' title='bbox 851 3487 1064 3542; x_wconf 88' lang='lat' dir='ltr'><strong>celebre</strong></span> <span class='ocrx_word' id='word_1_443' title='bbox 1095 3497 1176 3540; x_wconf 92' lang='lat' dir='ltr'><strong>est</strong></span> <span class='ocrx_word' id='word_1_444' title='bbox 1227 3489 1328 3541; x_wconf 89' lang='lat' dir='ltr'><strong>hoc</strong></span> <span class='ocrx_word' id='word_1_445' title='bbox 1357 3487 1572 3542; x_wconf 78' lang='lat' dir='ltr'><strong>eﬂ&#39;atum</strong></span> <span class='ocrx_word' id='word_1_446' title='bbox 1602 3490 1673 3560; x_wconf 78' lang='grc' dir='ltr'><strong>(ο)</strong></span> <span class='ocrx_word' id='word_1_447' title='bbox 1707 3509 1720 3543; x_wconf 89' lang='lat'><strong>:</strong></span> <span class='ocrx_word' id='word_1_448' title='bbox 1757 3507 1847 3543; x_wconf 84' lang='lat' dir='ltr'><strong>nec</strong></span> <span class='ocrx_word' id='word_1_449' title='bbox 1900 3495 2126 3562; x_wconf 78' lang='lat' dir='ltr'><strong>undique</strong></span> <span class='ocrx_word' id='word_1_450' title='bbox 2166 3495 2252 3547; x_wconf 86' lang='lat' dir='ltr'><strong>di—</strong></span> 
     </span>
    </p>
   </div>
   <div class='ocr_carea' id='block_1_66' title="bbox 686 3578 2250 3649">
    <p class='ocr_par' dir='ltr' id='par_1_66' title="bbox 686 3578 2250 3649">
     <span class='ocr_line' id='line_1_66' title="bbox 686 3578 2250 3649; baseline 0.004 -19"><span class='ocrx_word' id='word_1_451' title='bbox 686 3593 863 3631; x_wconf 86' lang='lat' dir='ltr'><strong>cemur</strong></span> <span class='ocrx_word' id='word_1_452' title='bbox 894 3578 995 3645; x_wconf 88' lang='lat' dir='ltr'><strong>ipsi</strong></span> <span class='ocrx_word' id='word_1_453' title='bbox 1029 3579 1172 3630; x_wconf 81' lang='lat' dir='ltr'><strong>nobis</strong></span> <span class='ocrx_word' id='word_1_454' title='bbox 1199 3579 1414 3645; x_wconf 73' lang='lat' dir='ltr'><strong>ﬁnxisse</strong></span> <span class='ocrx_word' id='word_1_455' title='bbox 1444 3581 1708 3645; x_wconf 88' lang='lat' dir='ltr'><strong>materias,</strong></span> <span class='ocrx_word' id='word_1_456' title='bbox 1737 3597 1867 3649; x_wconf 86' lang='lat' dir='ltr'><strong>quas</strong></span> <span class='ocrx_word' id='word_1_457' title='bbox 1911 3592 1982 3635; x_wconf 88' lang='lat' dir='ltr'><strong>tot</strong></span> <span class='ocrx_word' id='word_1_458' title='bbox 2007 3583 2116 3648; x_wconf 80' lang='lat' dir='ltr'><strong>jam</strong></span> <span class='ocrx_word' id='word_1_459' title='bbox 2153 3586 2250 3636; x_wconf 73' lang='lat' dir='ltr'><strong>viri</strong></span> 
     </span>
    </p>
   </div>
   <div class='ocr_carea' id='block_1_67' title="bbox 684 3669 2248 3738">
    <p class='ocr_par' dir='ltr' id='par_1_67' title="bbox 684 3669 2248 3738">
     <span class='ocr_line' id='line_1_67' title="bbox 684 3669 2248 3738; baseline 0.004 -18"><span class='ocrx_word' id='word_1_460' title='bbox 684 3669 962 3721; x_wconf 76' lang='lat' dir='ltr'><strong>sanctitate</strong></span> <span class='ocrx_word' id='word_1_461' title='bbox 984 3677 1032 3722; x_wconf 83' lang='lat' dir='ltr'><strong>et</strong></span> <span class='ocrx_word' id='word_1_462' title='bbox 1068 3669 1373 3736; x_wconf 64' lang='lat' dir='ltr'><strong>praestantia</strong></span> <span class='ocrx_word' id='word_1_463' title='bbox 1424 3670 1673 3738; x_wconf 74' lang='lat' dir='ltr'><strong>insignes,</strong></span> <span class='ocrx_word' id='word_1_464' title='bbox 1721 3688 1810 3724; x_wconf 88' lang='lat' dir='ltr'><strong>nec</strong></span> <span class='ocrx_word' id='word_1_465' title='bbox 1859 3674 2026 3726; x_wconf 82' lang='lat' dir='ltr'><strong>solum</strong></span> <span class='ocrx_word' id='word_1_466' title='bbox 2082 3676 2248 3728; x_wconf 78' lang='lat' dir='ltr'><strong>nostri</strong></span> 
     </span>
    </p>
   </div>
   <div class='ocr_carea' id='block_1_68' title="bbox 682 3761 2245 3836">
    <p class='ocr_par' dir='ltr' id='par_1_68' title="bbox 682 3761 2245 3836">
     <span class='ocr_line' id='line_1_68' title="bbox 682 3761 2245 3836; baseline 0.005 -24"><span class='ocrx_word' id='word_1_467' title='bbox 682 3773 1026 3814; x_wconf 81' lang='lat' dir='ltr'><strong>antecessores</strong></span> <span class='ocrx_word' id='word_1_468' title='bbox 1069 3773 1153 3813; x_wconf 83' lang='lat' dir='ltr'><strong>sed</strong></span> <span class='ocrx_word' id='word_1_469' title='bbox 1187 3762 1416 3827; x_wconf 80' lang='lat' dir='ltr'><strong>ipsorum</strong></span> <span class='ocrx_word' id='word_1_470' title='bbox 1441 3761 1909 3818; x_wconf 72' lang='lat' dir='ltr'><strong>ltwresiarcharum</strong></span> <span class='ocrx_word' id='word_1_471' title='bbox 1941 3775 2245 3836; x_wconf 86' lang='lat' dir='ltr'><strong>contempo-</strong></span> 
     </span>
    </p>
   </div>
   <div class='ocr_carea' id='block_1_69' title="bbox 683 3849 2250 3923">
    <p class='ocr_par' dir='ltr' id='par_1_69' title="bbox 683 3849 2250 3923">
     <span class='ocr_line' id='line_1_69' title="bbox 683 3849 2250 3923; baseline 0.005 -22"><span class='ocrx_word' id='word_1_472' title='bbox 683 3851 840 3912; x_wconf 85' lang='lat' dir='ltr'><strong>rales,</strong></span> <span class='ocrx_word' id='word_1_473' title='bbox 874 3851 1294 3904; x_wconf 76' lang='lat' dir='ltr'><strong>instructissimis</strong></span> <span class='ocrx_word' id='word_1_474' title='bbox 1333 3849 1679 3905; x_wconf 79' lang='lat' dir='ltr'><strong>voluminibus</strong></span> <span class='ocrx_word' id='word_1_475' title='bbox 1730 3865 1776 3906; x_wconf 88' lang='lat' dir='ltr'><strong>et</strong></span> <span class='ocrx_word' id='word_1_476' title='bbox 1821 3857 2166 3923; x_wconf 82' lang='lat' dir='ltr'><strong>prodiderunt</strong></span> <span class='ocrx_word' id='word_1_477' title='bbox 2197 3867 2250 3910; x_wconf 87' lang='lat' dir='ltr'><strong>et</strong></span> 
     </span>
    </p>
   </div>
   <div class='ocr_carea' id='block_1_70' title="bbox 681 3941 2246 4016">
    <p class='ocr_par' dir='ltr' id='par_1_70' title="bbox 681 3941 2246 4016">
     <span class='ocr_line' id='line_1_70' title="bbox 681 3941 2246 4016; baseline 0.003 -22"><span class='ocrx_word' id='word_1_478' title='bbox 681 3941 1008 4003; x_wconf 84' lang='lat' dir='ltr'><strong>retuderunt,</strong></span> <span class='ocrx_word' id='word_1_479' title='bbox 1066 3952 1121 3993; x_wconf 82' lang='lat' dir='ltr'><strong>ut</strong></span> <span class='ocrx_word' id='word_1_480' title='bbox 1164 3941 1407 3995; x_wconf 77' lang='lat' dir='ltr'><strong>Justinus</strong></span> <span class='ocrx_word' id='word_1_481' title='bbox 1450 3944 1786 4013; x_wconf 82' lang='lat' dir='ltr'><strong>philosOphus</strong></span> <span class='ocrx_word' id='word_1_482' title='bbox 1831 3954 1880 3998; x_wconf 86' lang='lat' dir='ltr'><strong>et</strong></span> <span class='ocrx_word' id='word_1_483' title='bbox 1925 3956 2147 4016; x_wconf 85' lang='lat' dir='ltr'><strong>martyr,</strong></span> <span class='ocrx_word' id='word_1_484' title='bbox 2191 3958 2246 3999; x_wconf 86' lang='lat' dir='ltr'><strong>ut</strong></span> 
     </span>
    </p>
   </div>
   <div class='ocr_carea' id='block_1_71' title="bbox 680 4029 2243 4102">
    <p class='ocr_par' dir='ltr' id='par_1_71' title="bbox 680 4029 2243 4102">
     <span class='ocr_line' id='line_1_71' title="bbox 680 4029 2243 4102; baseline 0.003 -16"><span class='ocrx_word' id='word_1_485' title='bbox 680 4029 1336 4094; x_wconf 81' lang='lat' dir='ltr'><strong>Miltiades,Ecclesiarum</strong></span> <span class='ocrx_word' id='word_1_486' title='bbox 1365 4034 1620 4102; x_wconf 79' lang='lat' dir='ltr'><strong>sophista,</strong></span> <span class='ocrx_word' id='word_1_487' title='bbox 1652 4046 1703 4087; x_wconf 89' lang='lat' dir='ltr'><strong>ut</strong></span> <span class='ocrx_word' id='word_1_488' title='bbox 1729 4035 1985 4101; x_wconf 74' lang='lat' dir='ltr'><strong>lrenwus,</strong></span> <span class='ocrx_word' id='word_1_489' title='bbox 2015 4038 2243 4090; x_wconf 82' lang='lat' dir='ltr'><strong>omnium</strong></span> 
     </span>
    </p>
   </div>
   <div class='ocr_carea' id='block_1_72' title="bbox 678 4127 2241 4190">
    <p class='ocr_par' dir='ltr' id='par_1_72' title="bbox 678 4127 2241 4190">
     <span class='ocr_line' id='line_1_72' title="bbox 678 4127 2241 4190; baseline 0.003 -12"><span class='ocrx_word' id='word_1_490' title='bbox 678 4127 1036 4180; x_wconf 84' lang='lat' dir='ltr'><strong>doctrinarum</strong></span> <span class='ocrx_word' id='word_1_491' title='bbox 1084 4127 1476 4180; x_wconf 73' lang='lat' dir='ltr'><strong>curiosissimus</strong></span> <span class='ocrx_word' id='word_1_492' title='bbox 1529 4128 1845 4190; x_wconf 70' lang='lat' dir='ltr'><strong>explorator,</strong></span> <span class='ocrx_word' id='word_1_493' title='bbox 1881 4141 1933 4180; x_wconf 87' lang='lat' dir='ltr'><strong>ut</strong></span> <span class='ocrx_word' id='word_1_494' title='bbox 1989 4128 2241 4185; x_wconf 88' lang='lat' dir='ltr'><strong>Proculus</strong></span> 
     </span>
    </p>
   </div>
   <div class='ocr_carea' id='block_1_73' title="bbox 679 4213 2240 4286">
    <p class='ocr_par' dir='ltr' id='par_1_73' title="bbox 679 4213 2240 4286">
     <span class='ocr_line' id='line_1_73' title="bbox 679 4213 2240 4286; baseline 0.006 -22"><span class='ocrx_word' id='word_1_495' title='bbox 679 4221 876 4276; x_wconf 81' lang='lat' dir='ltr'><strong>noster,</strong></span> <span class='ocrx_word' id='word_1_496' title='bbox 905 4213 1119 4282; x_wconf 76' lang='lat' dir='ltr'><strong>virginis</strong></span> <span class='ocrx_word' id='word_1_497' title='bbox 1147 4225 1363 4267; x_wconf 76' lang='lat' dir='ltr'><strong>senecta:</strong></span> <span class='ocrx_word' id='word_1_498' title='bbox 1393 4225 1437 4266; x_wconf 81' lang='lat' dir='ltr'><strong>et</strong></span> <span class='ocrx_word' id='word_1_499' title='bbox 1472 4213 1785 4269; x_wconf 71' lang='lat' dir='ltr'><strong>Christiana!</strong></span> <span class='ocrx_word' id='word_1_500' title='bbox 1818 4217 2124 4286; x_wconf 66' lang='lat' dir='ltr'><strong>eloquentia</strong></span> <span class='ocrx_word' id='word_1_501' title='bbox 2151 4221 2240 4272; x_wconf 87' lang='lat' dir='ltr'><strong>di-</strong></span> 
     </span>
    </p>
   </div>
   <div class='ocr_carea' id='block_1_74' title="bbox 676 4302 2240 4375">
    <p class='ocr_par' dir='ltr' id='par_1_74' title="bbox 676 4302 2240 4375">
     <span class='ocr_line' id='line_1_74' title="bbox 676 4302 2240 4375; baseline 0.004 -20"><span class='ocrx_word' id='word_1_502' title='bbox 676 4302 848 4370; x_wconf 83' lang='lat' dir='ltr'><strong>gnitas</strong></span> <span class='ocrx_word' id='word_1_503' title='bbox 880 4317 897 4355; x_wconf 89' lang='lat'><strong><em>:</em></strong></span> <span class='ocrx_word' id='word_1_504' title='bbox 930 4320 1055 4369; x_wconf 83' lang='lat' dir='ltr'><strong>quos</strong></span> <span class='ocrx_word' id='word_1_505' title='bbox 1084 4305 1137 4356; x_wconf 82' lang='lat' dir='ltr'><strong>in</strong></span> <span class='ocrx_word' id='word_1_506' title='bbox 1165 4306 1308 4357; x_wconf 84' lang='lat' dir='ltr'><strong>omni</strong></span> <span class='ocrx_word' id='word_1_507' title='bbox 1336 4319 1486 4372; x_wconf 85' lang='lat' dir='ltr'><strong>opere</strong></span> <span class='ocrx_word' id='word_1_508' title='bbox 1532 4305 1673 4372; x_wconf 78' lang='lat' dir='ltr'><strong>ﬁdei,</strong></span> <span class='ocrx_word' id='word_1_509' title='bbox 1703 4310 2139 4375; x_wconf 84' lang='lat' dir='ltr'><strong>quemadmodum</strong></span> <span class='ocrx_word' id='word_1_510' title='bbox 2187 4313 2240 4362; x_wconf 84' lang='lat' dir='ltr'><strong>in</strong></span> 
     </span>
    </p>
   </div>
   <div class='ocr_carea' id='block_1_75' title="bbox 677 4397 2238 4465">
    <p class='ocr_par' dir='ltr' id='par_1_75' title="bbox 677 4397 2238 4465">
     <span class='ocr_line' id='line_1_75' title="bbox 677 4397 2238 4465; baseline 0.006 -17"><span class='ocrx_word' id='word_1_511' title='bbox 677 4397 798 4458; x_wconf 86' lang='lat' dir='ltr'><strong>isto,</strong></span> <span class='ocrx_word' id='word_1_512' title='bbox 827 4398 1113 4465; x_wconf 82' lang='lat' dir='ltr'><strong>optaverim</strong></span> <span class='ocrx_word' id='word_1_513' title='bbox 1159 4399 1388 4464; x_wconf 81' lang='lat' dir='ltr'><strong>assequi.</strong></span> <span class='ocrx_word' id='word_1_514' title='bbox 1436 4398 1588 4451; x_wconf 89' lang='lat' dir='ltr'><strong>Dicta</strong></span> <span class='ocrx_word' id='word_1_515' title='bbox 1630 4400 1742 4453; x_wconf 70' lang='lat' dir='ltr'><strong>haec</strong></span> <span class='ocrx_word' id='word_1_516' title='bbox 1785 4415 1906 4454; x_wconf 89' lang='lat' dir='ltr'><strong>esse</strong></span> <span class='ocrx_word' id='word_1_517' title='bbox 1939 4402 2006 4454; x_wconf 88' lang='lat' dir='ltr'><strong>de</strong></span> <span class='ocrx_word' id='word_1_518' title='bbox 2055 4414 2238 4458; x_wconf 92' lang='lat' dir='ltr'><strong>nostro</strong></span> 
     </span>
    </p>
   </div>
   <div class='ocr_carea' id='block_1_76' title="bbox 2354 3213 3930 3282">
    <p class='ocr_par' dir='ltr' id='par_1_76' title="bbox 2354 3213 3930 3282">
     <span class='ocr_line' id='line_1_76' title="bbox 2354 3213 3930 3282; baseline -0.002 -12"><span class='ocrx_word' id='word_1_519' title='bbox 2354 3218 2557 3271; x_wconf 80' lang='lat' dir='ltr'><strong>exitum</strong></span> <span class='ocrx_word' id='word_1_520' title='bbox 2599 3219 2666 3269; x_wconf 89' lang='lat' dir='ltr'><strong>ab</strong></span> <span class='ocrx_word' id='word_1_521' title='bbox 2707 3215 2907 3277; x_wconf 81' lang='lat' dir='ltr'><strong>Irena:o</strong></span> <span class='ocrx_word' id='word_1_522' title='bbox 2944 3218 3089 3269; x_wconf 86' lang='lat' dir='ltr'><strong>edita</strong></span> <span class='ocrx_word' id='word_1_523' title='bbox 3132 3215 3354 3279; x_wconf 79' lang='lat' dir='ltr'><strong>fuerint,</strong></span> <span class='ocrx_word' id='word_1_524' title='bbox 3391 3213 3632 3282; x_wconf 89' lang='lat' dir='ltr'><strong>potuisse</strong></span> <span class='ocrx_word' id='word_1_525' title='bbox 3675 3221 3792 3280; x_wconf 87' lang='lat' dir='ltr'><strong>post</strong></span> <span class='ocrx_word' id='word_1_526' title='bbox 3821 3213 3930 3268; x_wconf 85' lang='lat' dir='ltr'><strong>ini-</strong></span> 
     </span>
    </p>
   </div>
   <div class='ocr_carea' id='block_1_77' title="bbox 2355 3305 3925 3376">
    <p class='ocr_par' dir='ltr' id='par_1_77' title="bbox 2355 3305 3925 3376">
     <span class='ocr_line' id='line_1_77' title="bbox 2355 3305 3925 3376; baseline -0.001 -15"><span class='ocrx_word' id='word_1_527' title='bbox 2355 3311 2489 3362; x_wconf 90' lang='lat' dir='ltr'><strong>tium</strong></span> <span class='ocrx_word' id='word_1_528' title='bbox 2542 3308 2686 3362; x_wconf 87' lang='lat' dir='ltr'><strong>tertii</strong></span> <span class='ocrx_word' id='word_1_529' title='bbox 2739 3308 2811 3376; x_wconf 85' lang='lat' dir='ltr'><strong>(e)</strong></span> <span class='ocrx_word' id='word_1_530' title='bbox 2860 3307 3183 3375; x_wconf 77' lang='lat' dir='ltr'><strong>Carthagine</strong></span> <span class='ocrx_word' id='word_1_531' title='bbox 3235 3307 3358 3376; x_wconf 90' lang='lat' dir='ltr'><strong>legi.</strong></span> <span class='ocrx_word' id='word_1_532' title='bbox 3414 3306 3492 3360; x_wconf 84' lang='lat' dir='ltr'><strong>Ad</strong></span> <span class='ocrx_word' id='word_1_533' title='bbox 3537 3305 3925 3374; x_wconf 88' lang='lat' dir='ltr'><strong>posteriorem,</strong></span> 
     </span>
    </p>
   </div>
   <div class='ocr_carea' id='block_1_78' title="bbox 2353 3395 3927 3468">
    <p class='ocr_par' dir='ltr' id='par_1_78' title="bbox 2353 3395 3927 3468">
     <span class='ocr_line' id='line_1_78' title="bbox 2353 3395 3927 3468; baseline 0 -18"><span class='ocrx_word' id='word_1_534' title='bbox 2353 3416 2458 3465; x_wconf 89' lang='lat' dir='ltr'><strong>quo</strong></span> <span class='ocrx_word' id='word_1_535' title='bbox 2487 3401 2608 3468; x_wconf 90' lang='lat' dir='ltr'><strong>jure</strong></span> <span class='ocrx_word' id='word_1_536' title='bbox 2639 3401 2715 3452; x_wconf 87' lang='lat' dir='ltr'><strong>sic</strong></span> <span class='ocrx_word' id='word_1_537' title='bbox 2749 3398 2946 3452; x_wconf 74' lang='lat' dir='ltr'><strong>fecerit</strong></span> <span class='ocrx_word' id='word_1_538' title='bbox 2978 3397 3368 3459; x_wconf 86' lang='lat' dir='ltr'><strong>Tertullianus,</strong></span> <span class='ocrx_word' id='word_1_539' title='bbox 3399 3407 3458 3450; x_wconf 92' lang='lat' dir='ltr'><strong>ut</strong></span> <span class='ocrx_word' id='word_1_540' title='bbox 3490 3411 3557 3450; x_wconf 79' lang='lat' dir='ltr'><strong>ex</strong></span> <span class='ocrx_word' id='word_1_541' title='bbox 3581 3395 3770 3451; x_wconf 64' lang='lat' dir='ltr'><strong>Graeco</strong></span> <span class='ocrx_word' id='word_1_542' title='bbox 3792 3397 3927 3450; x_wconf 88' lang='lat' dir='ltr'><strong>sub-</strong></span> 
     </span>
    </p>
   </div>
   <div class='ocr_carea' id='block_1_79' title="bbox 2353 3487 3928 3561">
    <p class='ocr_par' dir='ltr' id='par_1_79' title="bbox 2353 3487 3928 3561">
     <span class='ocr_line' id='line_1_79' title="bbox 2353 3487 3928 3561; baseline -0.001 -17"><span class='ocrx_word' id='word_1_543' title='bbox 2353 3491 2556 3561; x_wconf 69' lang='lat' dir='ltr'><strong>legerat</strong></span> <span class='ocrx_word' id='word_1_544' title='bbox 2598 3505 2715 3557; x_wconf 89' lang='lat' dir='ltr'><strong>sua,</strong></span> <span class='ocrx_word' id='word_1_545' title='bbox 2760 3501 2811 3544; x_wconf 88' lang='lat' dir='ltr'><strong>et</strong></span> <span class='ocrx_word' id='word_1_546' title='bbox 2842 3490 3026 3543; x_wconf 83' lang='lat' dir='ltr'><strong>Latinc</strong></span> <span class='ocrx_word' id='word_1_547' title='bbox 3061 3497 3346 3557; x_wconf 88' lang='lat' dir='ltr'><strong>repeteret,</strong></span> <span class='ocrx_word' id='word_1_548' title='bbox 3381 3503 3499 3556; x_wconf 69' lang='lat' dir='ltr'><strong>qua:</strong></span> <span class='ocrx_word' id='word_1_549' title='bbox 3551 3487 3641 3541; x_wconf 86' lang='lat' dir='ltr'><strong>ille</strong></span> <span class='ocrx_word' id='word_1_550' title='bbox 3679 3488 3928 3542; x_wconf 81' lang='lat' dir='ltr'><strong>creditur</strong></span> 
     </span>
    </p>
   </div>
   <div class='ocr_carea' id='block_1_80' title="bbox 2362 3578 3925 3650">
    <p class='ocr_par' dir='ltr' id='par_1_80' title="bbox 2362 3578 3925 3650">
     <span class='ocr_line' id='line_1_80' title="bbox 2362 3578 3925 3650; baseline -0.002 -16"><span class='ocrx_word' id='word_1_551' title='bbox 2362 3581 2650 3650; x_wconf 83' lang='lat' dir='ltr'><strong>scripsisse</strong></span> <span class='ocrx_word' id='word_1_552' title='bbox 2680 3581 2885 3642; x_wconf 64' lang='lat' dir='ltr'><strong>Graece,</strong></span> <span class='ocrx_word' id='word_1_553' title='bbox 2915 3580 3040 3648; x_wconf 85' lang='lat' dir='ltr'><strong>quid</strong></span> <span class='ocrx_word' id='word_1_554' title='bbox 3079 3589 3227 3633; x_wconf 87' lang='lat' dir='ltr'><strong>recte</strong></span> <span class='ocrx_word' id='word_1_555' title='bbox 3257 3578 3669 3648; x_wconf 84' lang='lat' dir='ltr'><strong>respondeatur,</strong></span> <span class='ocrx_word' id='word_1_556' title='bbox 3705 3579 3756 3633; x_wconf 91' lang='lat' dir='ltr'><strong>id</strong></span> <span class='ocrx_word' id='word_1_557' title='bbox 3797 3579 3925 3646; x_wconf 88' lang='lat' dir='ltr'><strong>qui-</strong></span> 
     </span>
    </p>
   </div>
   <div class='ocr_carea' id='block_1_81' title="bbox 2352 3669 3924 3740">
    <p class='ocr_par' dir='ltr' id='par_1_81' title="bbox 2352 3669 3924 3740">
     <span class='ocr_line' id='line_1_81' title="bbox 2352 3669 3924 3740; baseline -0.002 -13"><span class='ocrx_word' id='word_1_558' title='bbox 2352 3675 2473 3727; x_wconf 86' lang='lat' dir='ltr'><strong>dem</strong></span> <span class='ocrx_word' id='word_1_559' title='bbox 2530 3675 2643 3740; x_wconf 88' lang='lat' dir='ltr'><strong>ipsa</strong></span> <span class='ocrx_word' id='word_1_560' title='bbox 2707 3673 3135 3739; x_wconf 80' lang='lat' dir='ltr'><strong>interrogatione</strong></span> <span class='ocrx_word' id='word_1_561' title='bbox 3177 3669 3391 3723; x_wconf 89' lang='lat' dir='ltr'><strong>videtur</strong></span> <span class='ocrx_word' id='word_1_562' title='bbox 3435 3669 3564 3722; x_wconf 90' lang='lat' dir='ltr'><strong>mihi</strong></span> <span class='ocrx_word' id='word_1_563' title='bbox 3609 3669 3924 3724; x_wconf 83' lang='lat' dir='ltr'><strong>luculenter</strong></span> 
     </span>
    </p>
   </div>
   <div class='ocr_carea' id='block_1_82' title="bbox 2350 3760 3924 3832">
    <p class='ocr_par' dir='ltr' id='par_1_82' title="bbox 2350 3760 3924 3832">
     <span class='ocr_line' id='line_1_82' title="bbox 2350 3760 3924 3832; baseline -0.003 -13"><span class='ocrx_word' id='word_1_564' title='bbox 2350 3780 2468 3819; x_wconf 88' lang='lat' dir='ltr'><strong>esse</strong></span> <span class='ocrx_word' id='word_1_565' title='bbox 2501 3778 2839 3832; x_wconf 87' lang='lat' dir='ltr'><strong>expressum.</strong></span> <span class='ocrx_word' id='word_1_566' title='bbox 2870 3763 3001 3816; x_wconf 86' lang='lat' dir='ltr'><strong>Cum</strong></span> <span class='ocrx_word' id='word_1_567' title='bbox 3035 3766 3178 3815; x_wconf 91' lang='lat' dir='ltr'><strong>enim</strong></span> <span class='ocrx_word' id='word_1_568' title='bbox 3210 3772 3445 3831; x_wconf 85' lang='lat' dir='ltr'><strong>quatuor</strong></span> <span class='ocrx_word' id='word_1_569' title='bbox 3473 3761 3546 3814; x_wconf 93' lang='lat' dir='ltr'><strong>illi</strong></span> <span class='ocrx_word' id='word_1_570' title='bbox 3589 3775 3768 3814; x_wconf 87' lang='lat' dir='ltr'><strong>rerum</strong></span> <span class='ocrx_word' id='word_1_571' title='bbox 3805 3760 3924 3814; x_wconf 78' lang='lat' dir='ltr'><strong>Va-</strong></span> 
     </span>
    </p>
   </div>
   <div class='ocr_carea' id='block_1_83' title="bbox 2349 3851 3920 3923">
    <p class='ocr_par' dir='ltr' id='par_1_83' title="bbox 2349 3851 3920 3923">
     <span class='ocr_line' id='line_1_83' title="bbox 2349 3851 3920 3923; baseline -0.003 -13"><span class='ocrx_word' id='word_1_572' title='bbox 2349 3857 2766 3911; x_wconf 82' lang='lat' dir='ltr'><strong>lentinianorum</strong></span> <span class='ocrx_word' id='word_1_573' title='bbox 2823 3858 3114 3923; x_wconf 88' lang='lat' dir='ltr'><strong>scriptores</strong></span> <span class='ocrx_word' id='word_1_574' title='bbox 3164 3854 3230 3906; x_wconf 86' lang='lat' dir='ltr'><strong>ad</strong></span> <span class='ocrx_word' id='word_1_575' title='bbox 3283 3867 3446 3906; x_wconf 91' lang='lat' dir='ltr'><strong>unum</strong></span> <span class='ocrx_word' id='word_1_576' title='bbox 3503 3867 3691 3906; x_wconf 90' lang='lat' dir='ltr'><strong>omnes</strong></span> <span class='ocrx_word' id='word_1_577' title='bbox 3720 3851 3920 3906; x_wconf 74' lang='lat' dir='ltr'><strong>Graece</strong></span> 
     </span>
    </p>
   </div>
   <div class='ocr_carea' id='block_1_84' title="bbox 2349 3944 3924 4011">
    <p class='ocr_par' dir='ltr' id='par_1_84' title="bbox 2349 3944 3924 4011">
     <span class='ocr_line' id='line_1_84' title="bbox 2349 3944 3924 4011; baseline -0.004 -7"><span class='ocrx_word' id='word_1_578' title='bbox 2349 3950 2564 4004; x_wconf 82' lang='lat' dir='ltr'><strong>easdem</strong></span> <span class='ocrx_word' id='word_1_579' title='bbox 2599 3948 2949 4011; x_wconf 84' lang='lat' dir='ltr'><strong>retulissent,</strong></span> <span class='ocrx_word' id='word_1_580' title='bbox 2983 3945 3175 4000; x_wconf 88' lang='lat' dir='ltr'><strong>Latina</strong></span> <span class='ocrx_word' id='word_1_581' title='bbox 3210 3953 3389 3997; x_wconf 89' lang='lat' dir='ltr'><strong>autem</strong></span> <span class='ocrx_word' id='word_1_582' title='bbox 3414 3944 3596 3997; x_wconf 64' lang='lat' dir='ltr'><strong>lrenasi</strong></span> <span class='ocrx_word' id='word_1_583' title='bbox 3625 3945 3807 3998; x_wconf 87' lang='lat' dir='ltr'><strong>versio</strong></span> <span class='ocrx_word' id='word_1_584' title='bbox 3829 3944 3924 3998; x_wconf 86' lang='lat' dir='ltr'><strong>vel</strong></span> 
     </span>
    </p>
   </div>
   <div class='ocr_carea' id='block_1_85' title="bbox 2348 4035 3918 4097">
    <p class='ocr_par' dir='ltr' id='par_1_85' title="bbox 2348 4035 3918 4097">
     <span class='ocr_line' id='line_1_85' title="bbox 2348 4035 3918 4097; baseline -0.004 -1"><span class='ocrx_word' id='word_1_585' title='bbox 2348 4043 2586 4097; x_wconf 89' lang='lat' dir='ltr'><strong>nondmn</strong></span> <span class='ocrx_word' id='word_1_586' title='bbox 2629 4038 2875 4093; x_wconf 84' lang='lat' dir='ltr'><strong>conlecta</strong></span> <span class='ocrx_word' id='word_1_587' title='bbox 2934 4037 3013 4091; x_wconf 90' lang='lat' dir='ltr'><strong>vel</strong></span> <span class='ocrx_word' id='word_1_588' title='bbox 3060 4052 3088 4090; x_wconf 91' lang='lat' dir='ltr'><strong>a</strong></span> <span class='ocrx_word' id='word_1_589' title='bbox 3136 4035 3469 4090; x_wconf 90' lang='lat' dir='ltr'><strong>Tcrtulliano</strong></span> <span class='ocrx_word' id='word_1_590' title='bbox 3513 4037 3748 4088; x_wconf 89' lang='lat' dir='ltr'><strong>nondum</strong></span> <span class='ocrx_word' id='word_1_591' title='bbox 3793 4037 3918 4089; x_wconf 81' lang='lat' dir='ltr'><strong>visa</strong></span> 
     </span>
    </p>
   </div>
   <div class='ocr_carea' id='block_1_86' title="bbox 2347 4126 3917 4198">
    <p class='ocr_par' dir='ltr' id='par_1_86' title="bbox 2347 4126 3917 4198">
     <span class='ocr_line' id='line_1_86' title="bbox 2347 4126 3917 4198; baseline -0.004 -12"><span class='ocrx_word' id='word_1_592' title='bbox 2347 4134 2569 4198; x_wconf 84' lang='lat' dir='ltr'><strong>fuisset,</strong></span> <span class='ocrx_word' id='word_1_593' title='bbox 2614 4132 2705 4192; x_wconf 85' lang='lat' dir='ltr'><strong>hic</strong></span> <span class='ocrx_word' id='word_1_594' title='bbox 2743 4145 2871 4185; x_wconf 90' lang='lat' dir='ltr'><strong>vero</strong></span> <span class='ocrx_word' id='word_1_595' title='bbox 2902 4129 3020 4182; x_wconf 86' lang='lat' dir='ltr'><strong>illas</strong></span> <span class='ocrx_word' id='word_1_596' title='bbox 3067 4127 3235 4181; x_wconf 90' lang='lat' dir='ltr'><strong>nollet</strong></span> <span class='ocrx_word' id='word_1_597' title='bbox 3281 4128 3546 4181; x_wconf 87' lang='lat' dir='ltr'><strong>acivibus</strong></span> <span class='ocrx_word' id='word_1_598' title='bbox 3596 4126 3708 4179; x_wconf 91' lang='lat' dir='ltr'><strong>suis</strong></span> <span class='ocrx_word' id='word_1_599' title='bbox 3750 4126 3917 4195; x_wconf 85' lang='lat' dir='ltr'><strong>igno-</strong></span> 
     </span>
    </p>
   </div>
   <div class='ocr_carea' id='block_1_87' title="bbox 2348 4217 3920 4289">
    <p class='ocr_par' dir='ltr' id='par_1_87' title="bbox 2348 4217 3920 4289">
     <span class='ocr_line' id='line_1_87' title="bbox 2348 4217 3920 4289; baseline -0.004 -13"><span class='ocrx_word' id='word_1_600' title='bbox 2348 4223 2479 4287; x_wconf 89' lang='lat' dir='ltr'><strong>rari,</strong></span> <span class='ocrx_word' id='word_1_601' title='bbox 2529 4220 2802 4289; x_wconf 86' lang='lat' dir='ltr'><strong>sapienter</strong></span> <span class='ocrx_word' id='word_1_602' title='bbox 2848 4219 2990 4272; x_wconf 88' lang='lat' dir='ltr'><strong>idem</strong></span> <span class='ocrx_word' id='word_1_603' title='bbox 3028 4217 3179 4282; x_wconf 86' lang='lat' dir='ltr'><strong>fecit,</strong></span> <span class='ocrx_word' id='word_1_604' title='bbox 3215 4217 3378 4285; x_wconf 87' lang='lat' dir='ltr'><strong>quod,</strong></span> <span class='ocrx_word' id='word_1_605' title='bbox 3419 4225 3477 4270; x_wconf 93' lang='lat' dir='ltr'><strong>ut</strong></span> <span class='ocrx_word' id='word_1_606' title='bbox 3512 4231 3576 4270; x_wconf 84' lang='lat' dir='ltr'><strong>ex</strong></span> <span class='ocrx_word' id='word_1_607' title='bbox 3606 4217 3920 4270; x_wconf 85' lang='lat' dir='ltr'><strong>innumeris</strong></span> 
     </span>
    </p>
   </div>
   <div class='ocr_carea' id='block_1_88' title="bbox 2347 4305 3915 4375">
    <p class='ocr_par' dir='ltr' id='par_1_88' title="bbox 2347 4305 3915 4375">
     <span class='ocr_line' id='line_1_88' title="bbox 2347 4305 3915 4375; baseline 0 -13"><span class='ocrx_word' id='word_1_608' title='bbox 2347 4326 2509 4364; x_wconf 89' lang='lat' dir='ltr'><strong>unttm</strong></span> <span class='ocrx_word' id='word_1_609' title='bbox 2545 4308 2808 4374; x_wconf 80' lang='lat' dir='ltr'><strong>exemplis</strong></span> <span class='ocrx_word' id='word_1_610' title='bbox 2843 4305 3115 4373; x_wconf 88' lang='lat' dir='ltr'><strong>adjiciam,</strong></span> <span class='ocrx_word' id='word_1_611' title='bbox 3149 4308 3338 4360; x_wconf 80' lang='lat' dir='ltr'><strong>Cicero</strong></span> <span class='ocrx_word' id='word_1_612' title='bbox 3369 4307 3517 4369; x_wconf 82' lang='lat' dir='ltr'><strong>fecit,</strong></span> <span class='ocrx_word' id='word_1_613' title='bbox 3548 4307 3638 4375; x_wconf 87' lang='lat' dir='ltr'><strong>qui</strong></span> <span class='ocrx_word' id='word_1_614' title='bbox 3670 4307 3719 4360; x_wconf 87' lang='lat' dir='ltr'><strong>itt</strong></span> <span class='ocrx_word' id='word_1_615' title='bbox 3747 4307 3915 4362; x_wconf 90' lang='lat' dir='ltr'><strong>libris</strong></span> 
     </span>
    </p>
   </div>
   <div class='ocr_carea' id='block_1_89' title="bbox 2343 4399 3914 4470">
    <p class='ocr_par' dir='ltr' id='par_1_89' title="bbox 2343 4399 3914 4470">
     <span class='ocr_line' id='line_1_89' title="bbox 2343 4399 3914 4470; baseline 0 -14"><span class='ocrx_word' id='word_1_616' title='bbox 2343 4402 2735 4470; x_wconf 88' lang='lat' dir='ltr'><strong>philosophicis</strong></span> <span class='ocrx_word' id='word_1_617' title='bbox 2764 4400 2956 4454; x_wconf 87' lang='lat' dir='ltr'><strong>Latine</strong></span> <span class='ocrx_word' id='word_1_618' title='bbox 2989 4400 3229 4468; x_wconf 80' lang='lat' dir='ltr'><strong>repetiit,</strong></span> <span class='ocrx_word' id='word_1_619' title='bbox 3261 4416 3382 4470; x_wconf 72' lang='lat' dir='ltr'><strong>quae</strong></span> <span class='ocrx_word' id='word_1_620' title='bbox 3415 4415 3482 4453; x_wconf 83' lang='lat' dir='ltr'><strong>ex</strong></span> <span class='ocrx_word' id='word_1_621' title='bbox 3515 4399 3716 4456; x_wconf 65' lang='lat' dir='ltr'><strong>Graecis</strong></span> <span class='ocrx_word' id='word_1_622' title='bbox 3763 4401 3914 4456; x_wconf 79' lang='lat' dir='ltr'><strong>sele-</strong></span> 
     </span>
    </p>
   </div>
   <div class='ocr_carea' id='block_1_90' title="bbox 675 4489 3304 4565">
    <p class='ocr_par' dir='ltr' id='par_1_90' title="bbox 675 4489 3304 4565">
     <span class='ocr_line' id='line_1_90' title="bbox 675 4489 3304 4565; baseline 0.002 -24"><span class='ocrx_word' id='word_1_623' title='bbox 675 4503 856 4556; x_wconf 87' lang='lat' dir='ltr'><strong>opere,</strong></span> <span class='ocrx_word' id='word_1_624' title='bbox 894 4504 1000 4542; x_wconf 92' lang='lat' dir='ltr'><strong>non</strong></span> <span class='ocrx_word' id='word_1_625' title='bbox 1038 4489 1210 4541; x_wconf 89' lang='lat' dir='ltr'><strong>solum</strong></span> <span class='ocrx_word' id='word_1_626' title='bbox 1246 4505 1312 4542; x_wconf 83' lang='lat' dir='ltr'><strong>ex</strong></span> <span class='ocrx_word' id='word_1_627' title='bbox 1350 4492 1468 4557; x_wconf 80' lang='lat' dir='ltr'><strong>ipso</strong></span> <span class='ocrx_word' id='word_1_628' title='bbox 1501 4491 1660 4557; x_wconf 87' lang='lat' dir='ltr'><strong>hujus</strong></span> <span class='ocrx_word' id='word_1_629' title='bbox 1684 4491 1907 4545; x_wconf 85' lang='lat' dir='ltr'><strong>consilio</strong></span> <span class='ocrx_word' id='word_1_630' title='bbox 1936 4493 2236 4562; x_wconf 84' lang='lat' dir='ltr'><strong>colligitur,</strong></span> <span class='ocrx_word' id='word_1_631' title='bbox 2272 4509 2318 4565; x_wconf 73' lang='grc' dir='ltr'><strong>ι)</strong></span> <span class='ocrx_word' id='word_1_632' title='bbox 2345 4505 2514 4563; x_wconf 83' lang='lat' dir='ltr'><strong>gerat.</strong></span> <span class='ocrx_word' id='word_1_633' title='bbox 2558 4493 2830 4548; x_wconf 85' lang='lat' dir='ltr'><strong>llactenus</strong></span> <span class='ocrx_word' id='word_1_634' title='bbox 2855 4493 2918 4548; x_wconf 89' lang='lat' dir='ltr'><strong>de</strong></span> <span class='ocrx_word' id='word_1_635' title='bbox 2946 4490 3304 4548; x_wconf 88' lang='lat' dir='ltr'><strong>Tertulliano.</strong></span> 
     </span>
    </p>
   </div>
   <div class='ocr_carea' id='block_1_91' title="bbox 673 4578 2237 4648">
    <p class='ocr_par' dir='ltr' id='par_1_91' title="bbox 673 4578 2237 4648">
     <span class='ocr_line' id='line_1_91' title="bbox 673 4578 2237 4648; baseline 0.005 -18"><span class='ocrx_word' id='word_1_636' title='bbox 673 4594 803 4633; x_wconf 86' lang='lat' dir='ltr'><strong>vere</strong></span> <span class='ocrx_word' id='word_1_637' title='bbox 829 4579 970 4633; x_wconf 91' lang='lat' dir='ltr'><strong>enim</strong></span> <span class='ocrx_word' id='word_1_638' title='bbox 1002 4582 1312 4648; x_wconf 84' lang='lat' dir='ltr'><strong>oppositum</strong></span> <span class='ocrx_word' id='word_1_639' title='bbox 1356 4578 1458 4631; x_wconf 75' lang='lat' dir='ltr'><strong>fuit</strong></span> <span class='ocrx_word' id='word_1_640' title='bbox 1483 4579 1759 4633; x_wconf 82' lang='lat' dir='ltr'><strong>Valentini</strong></span> <span class='ocrx_word' id='word_1_641' title='bbox 1794 4582 2012 4648; x_wconf 84' lang='lat' dir='ltr'><strong>scholae,</strong></span> <span class='ocrx_word' id='word_1_642' title='bbox 2044 4595 2237 4638; x_wconf 88' lang='lat' dir='ltr'><strong>contra</strong></span> 
     </span>
    </p>
   </div>
   <div class='ocr_carea' id='block_1_92' title="bbox 672 4668 2238 4739">
    <p class='ocr_par' dir='ltr' id='par_1_92' title="bbox 672 4668 2238 4739">
     <span class='ocr_line' id='line_1_92' title="bbox 672 4668 2238 4739; baseline 0.004 -17"><span class='ocrx_word' id='word_1_643' title='bbox 672 4685 837 4739; x_wconf 87' lang='lat' dir='ltr'><strong>quam</strong></span> <span class='ocrx_word' id='word_1_644' title='bbox 875 4668 1237 4723; x_wconf 89' lang='lat' dir='ltr'><strong>Tertullianus</strong></span> <span class='ocrx_word' id='word_1_645' title='bbox 1269 4671 1488 4737; x_wconf 85' lang='lat' dir='ltr'><strong>scripsit</strong></span> <span class='ocrx_word' id='word_1_646' title='bbox 1539 4670 1800 4736; x_wconf 89' lang='lat' dir='ltr'><strong>libellum,</strong></span> <span class='ocrx_word' id='word_1_647' title='bbox 1836 4673 1972 4726; x_wconf 91' lang='lat' dir='ltr'><strong>unde</strong></span> <span class='ocrx_word' id='word_1_648' title='bbox 2002 4672 2113 4726; x_wconf 64' lang='lat' dir='ltr'><strong>haec</strong></span> <span class='ocrx_word' id='word_1_649' title='bbox 2147 4676 2238 4729; x_wconf 84' lang='lat' dir='ltr'><strong>de-</strong></span> 
     </span>
    </p>
   </div>
   <div class='ocr_carea' id='block_1_93' title="bbox 672 4762 2234 4829">
    <p class='ocr_par' dir='ltr' id='par_1_93' title="bbox 672 4762 2234 4829">
     <span class='ocr_line' id='line_1_93' title="bbox 672 4762 2234 4829; baseline 0.001 -14"><span class='ocrx_word' id='word_1_650' title='bbox 672 4771 883 4829; x_wconf 86' lang='lat' dir='ltr'><strong>sumpta</strong></span> <span class='ocrx_word' id='word_1_651' title='bbox 934 4771 1084 4824; x_wconf 87' lang='lat' dir='ltr'><strong>sunt;</strong></span> <span class='ocrx_word' id='word_1_652' title='bbox 1118 4763 1214 4814; x_wconf 89' lang='lat' dir='ltr'><strong>sed</strong></span> <span class='ocrx_word' id='word_1_653' title='bbox 1252 4762 1484 4814; x_wconf 81' lang='lat' dir='ltr'><strong>maxime</strong></span> <span class='ocrx_word' id='word_1_654' title='bbox 1531 4763 1692 4815; x_wconf 90' lang='lat' dir='ltr'><strong>etiam</strong></span> <span class='ocrx_word' id='word_1_655' title='bbox 1754 4763 1981 4816; x_wconf 90' lang='lat' dir='ltr'><strong>mirilico</strong></span> <span class='ocrx_word' id='word_1_656' title='bbox 2027 4779 2234 4829; x_wconf 90' lang='lat' dir='ltr'><strong>eorum,</strong></span> 
     </span>
    </p>
   </div>
   <div class='ocr_carea' id='block_1_94' title="bbox 669 4851 2232 4921">
    <p class='ocr_par' dir='ltr' id='par_1_94' title="bbox 669 4851 2232 4921">
     <span class='ocr_line' id='line_1_94' title="bbox 669 4851 2232 4921; baseline 0.001 -15"><span class='ocrx_word' id='word_1_657' title='bbox 669 4868 788 4921; x_wconf 63' lang='lat' dir='ltr'><strong>quae</strong></span> <span class='ocrx_word' id='word_1_658' title='bbox 831 4853 1061 4906; x_wconf 67' lang='lat' dir='ltr'><strong>lrenmus</strong></span> <span class='ocrx_word' id='word_1_659' title='bbox 1106 4861 1160 4905; x_wconf 83' lang='lat' dir='ltr'><strong>et</strong></span> <span class='ocrx_word' id='word_1_660' title='bbox 1206 4851 1572 4908; x_wconf 84' lang='lat' dir='ltr'><strong>Tertullianus</strong></span> <span class='ocrx_word' id='word_1_661' title='bbox 1620 4854 1685 4906; x_wconf 90' lang='lat' dir='ltr'><strong>de</strong></span> <span class='ocrx_word' id='word_1_662' title='bbox 1737 4852 2232 4909; x_wconf 78' lang='lat' dir='ltr'><strong>Valentinianorum</strong></span> 
     </span>
    </p>
   </div>
   <div class='ocr_carea' id='block_1_95' title="bbox 669 4944 2232 5012">
    <p class='ocr_par' dir='ltr' id='par_1_95' title="bbox 669 4944 2232 5012">
     <span class='ocr_line' id='line_1_95' title="bbox 669 4944 2232 5012; baseline 0.004 -19"><span class='ocrx_word' id='word_1_663' title='bbox 669 4945 951 5012; x_wconf 79' lang='lat' dir='ltr'><strong>disciplina</strong></span> <span class='ocrx_word' id='word_1_664' title='bbox 1002 4944 1394 5012; x_wconf 86' lang='lat' dir='ltr'><strong>prodiderunt,</strong></span> <span class='ocrx_word' id='word_1_665' title='bbox 1428 4960 1693 4999; x_wconf 88' lang='lat' dir='ltr'><strong>consensu</strong></span> <span class='ocrx_word' id='word_1_666' title='bbox 1748 4947 2125 5011; x_wconf 77' lang='lat' dir='ltr'><strong>conﬁrmatur,</strong></span> <span class='ocrx_word' id='word_1_667' title='bbox 2159 4949 2232 5000; x_wconf 90' lang='lat' dir='ltr'><strong>ita</strong></span> 
     </span>
    </p>
   </div>
   <div class='ocr_carea' id='block_1_96' title="bbox 670 5037 2232 5106">
    <p class='ocr_par' dir='ltr' id='par_1_96' title="bbox 670 5037 2232 5106">
     <span class='ocr_line' id='line_1_96' title="bbox 670 5037 2232 5106; baseline 0.002 -18"><span class='ocrx_word' id='word_1_668' title='bbox 670 5046 727 5088; x_wconf 92' lang='lat' dir='ltr'><strong>ut</strong></span> <span class='ocrx_word' id='word_1_669' title='bbox 755 5037 922 5101; x_wconf 91' lang='lat' dir='ltr'><strong>hunc,</strong></span> <span class='ocrx_word' id='word_1_670' title='bbox 959 5052 1079 5105; x_wconf 76' lang='lat' dir='ltr'><strong>qua:</strong></span> <span class='ocrx_word' id='word_1_671' title='bbox 1136 5037 1225 5091; x_wconf 90' lang='lat' dir='ltr'><strong>ille</strong></span> <span class='ocrx_word' id='word_1_672' title='bbox 1252 5040 1572 5106; x_wconf 89' lang='lat' dir='ltr'><strong>scripserat,</strong></span> <span class='ocrx_word' id='word_1_673' title='bbox 1603 5049 1727 5092; x_wconf 84' lang='lat' dir='ltr'><strong>ante</strong></span> <span class='ocrx_word' id='word_1_674' title='bbox 1753 5054 1879 5092; x_wconf 82' lang='lat' dir='ltr'><strong>suos</strong></span> <span class='ocrx_word' id='word_1_675' title='bbox 1910 5040 2096 5093; x_wconf 88' lang='lat' dir='ltr'><strong>oculos</strong></span> <span class='ocrx_word' id='word_1_676' title='bbox 2137 5043 2232 5093; x_wconf 84' lang='lat' dir='ltr'><strong>ha-</strong></span> 
     </span>
    </p>
   </div>
   <div class='ocr_carea' id='block_1_97' title="bbox 667 5129 2228 5199">
    <p class='ocr_par' dir='ltr' id='par_1_97' title="bbox 667 5129 2228 5199">
     <span class='ocr_line' id='line_1_97' title="bbox 667 5129 2228 5199; baseline 0.002 -18"><span class='ocrx_word' id='word_1_677' title='bbox 667 5129 848 5182; x_wconf 90' lang='lat' dir='ltr'><strong>buisse</strong></span> <span class='ocrx_word' id='word_1_678' title='bbox 898 5144 1070 5197; x_wconf 88' lang='lat' dir='ltr'><strong>neque</strong></span> <span class='ocrx_word' id='word_1_679' title='bbox 1131 5130 1381 5198; x_wconf 81' lang='lat' dir='ltr'><strong>exiguam</strong></span> <span class='ocrx_word' id='word_1_680' title='bbox 1445 5146 1632 5185; x_wconf 89' lang='lat' dir='ltr'><strong>eorum</strong></span> <span class='ocrx_word' id='word_1_681' title='bbox 1687 5140 1894 5199; x_wconf 85' lang='lat' dir='ltr'><strong>partem</strong></span> <span class='ocrx_word' id='word_1_682' title='bbox 1963 5134 2228 5186; x_wconf 88' lang='lat' dir='ltr'><strong>transcri-</strong></span> 
     </span>
    </p>
   </div>
   <div class='ocr_carea' id='block_1_98' title="bbox 666 5220 2229 5292">
    <p class='ocr_par' dir='ltr' id='par_1_98' title="bbox 666 5220 2229 5292">
     <span class='ocr_line' id='line_1_98' title="bbox 666 5220 2229 5292; baseline 0.004 -20"><span class='ocrx_word' id='word_1_683' title='bbox 666 5220 864 5289; x_wconf 89' lang='lat' dir='ltr'><strong>psisse,</strong></span> <span class='ocrx_word' id='word_1_684' title='bbox 910 5221 1052 5289; x_wconf 86' lang='lat' dir='ltr'><strong>justa</strong></span> <span class='ocrx_word' id='word_1_685' title='bbox 1102 5223 1173 5275; x_wconf 92' lang='lat' dir='ltr'><strong>sit</strong></span> <span class='ocrx_word' id='word_1_686' title='bbox 1207 5224 1476 5278; x_wconf 86' lang='lat' dir='ltr'><strong>statuendi</strong></span> <span class='ocrx_word' id='word_1_687' title='bbox 1520 5238 1710 5277; x_wconf 87' lang='lat' dir='ltr'><strong>causa.</strong></span> <span class='ocrx_word' id='word_1_688' title='bbox 1745 5224 1799 5276; x_wconf 92' lang='lat' dir='ltr'><strong>ln</strong></span> <span class='ocrx_word' id='word_1_689' title='bbox 1845 5225 2229 5292; x_wconf 87' lang='lat' dir='ltr'><strong>comparandis</strong></span> 
     </span>
    </p>
   </div>
   <div class='ocr_carea' id='block_1_99' title="bbox 733 5416 2218 5492">
    <p class='ocr_par' dir='ltr' id='par_1_99' title="bbox 733 5416 2218 5492">
     <span class='ocr_line' id='line_1_99' title="bbox 733 5416 2218 5492; baseline 0.006 -23"><span class='ocrx_word' id='word_1_690' title='bbox 733 5416 810 5492; x_wconf 77' lang='grc' dir='ltr'><strong>(ᾳ)</strong></span> <span class='ocrx_word' id='word_1_691' title='bbox 858 5417 1140 5492; x_wconf 58' lang='lat' dir='ltr'><strong>Eleganter</strong></span> <span class='ocrx_word' id='word_1_692' title='bbox 1201 5422 1252 5475; x_wconf 89' lang='lat' dir='ltr'><strong>id</strong></span> <span class='ocrx_word' id='word_1_693' title='bbox 1317 5424 1522 5475; x_wconf 87' lang='lat' dir='ltr'><strong>monuit</strong></span> <span class='ocrx_word' id='word_1_694' title='bbox 1582 5423 1911 5478; x_wconf 85' lang='lat' dir='ltr'><strong>Dodwellus.</strong></span> <span class='ocrx_word' id='word_1_695' title='bbox 1977 5439 2029 5492; x_wconf 94' lang='lat' dir='ltr'><strong>p.</strong></span> <span class='ocrx_word' id='word_1_696' title='bbox 2091 5425 2218 5478; x_wconf 72' lang='lat'><strong>408.</strong></span> 
     </span>
    </p>
   </div>
   <div class='ocr_carea' id='block_1_100' title="bbox 732 5486 2215 5563">
    <p class='ocr_par' dir='ltr' id='par_1_100' title="bbox 732 5486 2215 5563">
     <span class='ocr_line' id='line_1_100' title="bbox 732 5486 2215 5563; baseline 0.006 -24"><span class='ocrx_word' id='word_1_697' title='bbox 732 5486 1004 5563; x_wconf 28' lang='lat' dir='ltr'><strong>.(b)__Conf.</strong></span> <span class='ocrx_word' id='word_1_698' title='bbox 1050 5488 1251 5563; x_wconf 45' lang='grc' dir='ltr'><strong>’ξ’-ηεαδ.</strong></span> <span class='ocrx_word' id='word_1_699' title='bbox 1307 5493 1556 5546; x_wconf 76' lang='lat' dir='ltr'><strong>Ruinarti</strong></span> <span class='ocrx_word' id='word_1_700' title='bbox 1607 5486 1992 5563; x_wconf 26' lang='lat' dir='ltr'><strong>Acttntartyr.‘</strong></span> <span class='ocrx_word' id='word_1_701' title='bbox 2022 5511 2073 5563; x_wconf 89' lang='lat' dir='ltr'><strong>p.</strong></span> <span class='ocrx_word' id='word_1_702' title='bbox 2126 5495 2215 5557; x_wconf 77' lang='grc'><strong>54,</strong></span> 
     </span>
    </p>
   </div>
   <div class='ocr_carea' id='block_1_101' title="bbox 663 5557 2218 5630">
    <p class='ocr_par' dir='ltr' id='par_1_101' title="bbox 663 5557 2218 5630">
     <span class='ocr_line' id='line_1_101' title="bbox 663 5557 2218 5630; baseline 0.006 -23"><span class='ocrx_word' id='word_1_703' title='bbox 663 5557 788 5630; x_wconf 77' lang='lat' dir='ltr'><strong>edit.</strong></span> <span class='ocrx_word' id='word_1_704' title='bbox 823 5557 1032 5630; x_wconf 85' lang='lat' dir='ltr'><strong>_Venet.;</strong></span> <span class='ocrx_word' id='word_1_705' title='bbox 1060 5559 1289 5630; x_wconf 65' lang='lat' dir='ltr'><strong>ﬂistoire</strong></span> <span class='ocrx_word' id='word_1_706' title='bbox 1339 5564 1496 5614; x_wconf 84' lang='lat' dir='ltr'><strong>litte’r.</strong></span> <span class='ocrx_word' id='word_1_707' title='bbox 1545 5571 1608 5615; x_wconf 85' lang='lat' dir='ltr'><strong>de</strong></span> <span class='ocrx_word' id='word_1_708' title='bbox 1644 5566 1695 5617; x_wconf 80' lang='lat' dir='ltr'><strong>la</strong></span> <span class='ocrx_word' id='word_1_709' title='bbox 1738 5557 1964 5624; x_wconf 68' lang='lat' dir='ltr'><strong>France,</strong></span> <span class='ocrx_word' id='word_1_710' title='bbox 2003 5557 2043 5616; x_wconf 69' lang='grc' dir='ltr'><strong>ί.</strong></span> <span class='ocrx_word' id='word_1_711' title='bbox 2085 5565 2122 5627; x_wconf 92' lang='lat' dir='ltr'><strong>I,</strong></span> <span class='ocrx_word' id='word_1_712' title='bbox 2162 5581 2218 5630; x_wconf 79' lang='grc' dir='ltr'><strong>ρ.</strong></span> 
     </span>
    </p>
   </div>
   <div class='ocr_carea' id='block_1_102' title="bbox 662 5626 2217 5688">
    <p class='ocr_par' dir='ltr' id='par_1_102' title="bbox 662 5626 2217 5688">
     <span class='ocr_line' id='line_1_102' title="bbox 662 5626 2217 5688; baseline 0.004 -9"><span class='ocrx_word' id='word_1_713' title='bbox 662 5626 784 5688; x_wconf 71' lang='lat'><strong>228,</strong></span> <span class='ocrx_word' id='word_1_714' title='bbox 816 5628 937 5686; x_wconf 67' lang='lat'><strong>290.</strong></span> <span class='ocrx_word' id='word_1_715' title='bbox 969 5641 1023 5681; x_wconf 88' lang='lat' dir='ltr'><strong>et</strong></span> <span class='ocrx_word' id='word_1_716' title='bbox 1060 5628 1267 5682; x_wconf 85' lang='lat' dir='ltr'><strong>Paulini</strong></span> <span class='ocrx_word' id='word_1_717' title='bbox 1319 5634 1383 5684; x_wconf 87' lang='lat' dir='ltr'><strong>de</strong></span> <span class='ocrx_word' id='word_1_718' title='bbox 1434 5631 1657 5685; x_wconf 77' lang='lat' dir='ltr'><strong>Lumina</strong></span> <span class='ocrx_word' id='word_1_719' title='bbox 1727 5633 1958 5685; x_wconf 79' lang='lat' dir='ltr'><strong>Histoire</strong></span> <span class='ocrx_word' id='word_1_720' title='bbox 2005 5636 2066 5686; x_wconf 77' lang='lat' dir='ltr'><strong>tle</strong></span> <span class='ocrx_word' id='word_1_721' title='bbox 2103 5626 2217 5685; x_wconf 76' lang='grc' dir='ltr'><strong>ΓΕ-</strong></span> 
     </span>
    </p>
   </div>
   <div class='ocr_carea' id='block_1_103' title="bbox 662 5696 1491 5768">
    <p class='ocr_par' dir='ltr' id='par_1_103' title="bbox 662 5696 1491 5768">
     <span class='ocr_line' id='line_1_103' title="bbox 662 5696 1491 5768; baseline 0.01 -25"><span class='ocrx_word' id='word_1_722' title='bbox 662 5697 788 5765; x_wconf 82' lang='lat' dir='ltr'><strong>glise</strong></span> <span class='ocrx_word' id='word_1_723' title='bbox 829 5699 890 5748; x_wconf 89' lang='lat' dir='ltr'><strong>de</strong></span> <span class='ocrx_word' id='word_1_724' title='bbox 923 5696 1088 5766; x_wconf 82' lang='lat' dir='ltr'><strong>Lycn,</strong></span> <span class='ocrx_word' id='word_1_725' title='bbox 1135 5710 1172 5768; x_wconf 74' lang='lat' dir='ltr'><strong>t.</strong></span> <span class='ocrx_word' id='word_1_726' title='bbox 1223 5701 1258 5765; x_wconf 88' lang='lat' dir='ltr'><strong>l,</strong></span> <span class='ocrx_word' id='word_1_727' title='bbox 1305 5717 1356 5768; x_wconf 92' lang='lat' dir='ltr'><strong>p.</strong></span> <span class='ocrx_word' id='word_1_728' title='bbox 1404 5703 1491 5754; x_wconf 81' lang='grc'><strong>59.</strong></span> 
     </span>
    </p>
   </div>
   <div class='ocr_carea' id='block_1_104' title="bbox 729 5767 2201 5840">
    <p class='ocr_par' dir='ltr' id='par_1_104' title="bbox 729 5767 2201 5840">
     <span class='ocr_line' id='line_1_104' title="bbox 729 5767 2201 5840; baseline 0.007 -23"><span class='ocrx_word' id='word_1_729' title='bbox 729 5769 797 5836; x_wconf 65' lang='grc' dir='ltr'><strong>μ’)</strong></span> <span class='ocrx_word' id='word_1_730' title='bbox 848 5770 1058 5821; x_wconf 74' lang='grc' dir='ltr'><strong>Ααῑοτε.</strong></span> <span class='ocrx_word' id='word_1_731' title='bbox 1127 5767 1330 5824; x_wconf 77' lang='lat' dir='ltr'><strong>Valent.</strong></span> <span class='ocrx_word' id='word_1_732' title='bbox 1393 5789 1509 5825; x_wconf 75' lang='lat' dir='ltr'><strong>can.</strong></span> <span class='ocrx_word' id='word_1_733' title='bbox 1581 5773 1632 5826; x_wconf 85' lang='lat'><strong>5.</strong></span> <span class='ocrx_word' id='word_1_734' title='bbox 1696 5783 1728 5824; x_wconf 92' lang='lat' dir='ltr'><strong>t.</strong></span> <span class='ocrx_word' id='word_1_735' title='bbox 1807 5770 1866 5823; x_wconf 84' lang='grc' dir='ltr'><strong>ΙΙΙ</strong></span> <span class='ocrx_word' id='word_1_736' title='bbox 1931 5772 2092 5840; x_wconf 83' lang='lat' dir='ltr'><strong>Oper.</strong></span> <span class='ocrx_word' id='word_1_737' title='bbox 2155 5789 2201 5840; x_wconf 71' lang='grc' dir='ltr'>ρ.</span> 
     </span>
    </p>
   </div>
   <div class='ocr_carea' id='block_1_105' title="bbox 2411 4673 3916 4743">
    <p class='ocr_par' dir='ltr' id='par_1_105' title="bbox 2411 4673 3916 4743">
     <span class='ocr_line' id='line_1_105' title="bbox 2411 4673 3916 4743; baseline 0.001 -17"><span class='ocrx_word' id='word_1_738' title='bbox 2411 4673 2536 4726; x_wconf 83' lang='lat' dir='ltr'><strong>Post</strong></span> <span class='ocrx_word' id='word_1_739' title='bbox 2565 4675 2705 4728; x_wconf 90' lang='lat' dir='ltr'><strong>hunc</strong></span> <span class='ocrx_word' id='word_1_740' title='bbox 2731 4674 2953 4742; x_wconf 87' lang='lat' dir='ltr'><strong>prodeat</strong></span> <span class='ocrx_word' id='word_1_741' title='bbox 2982 4673 3242 4727; x_wconf 88' lang='lat' dir='ltr'><strong>Eusebius</strong></span> <span class='ocrx_word' id='word_1_742' title='bbox 3264 4673 3642 4737; x_wconf 64' lang='lat' dir='ltr'><strong>Carsareensis,</strong></span> <span class='ocrx_word' id='word_1_743' title='bbox 3675 4673 3916 4743; x_wconf 83' lang='lat' dir='ltr'><strong>diligen-</strong></span> 
     </span>
    </p>
   </div>
   <div class='ocr_carea' id='block_1_106' title="bbox 2338 4765 3905 4823">
    <p class='ocr_par' dir='ltr' id='par_1_106' title="bbox 2338 4765 3905 4823">
     <span class='ocr_line' id='line_1_106' title="bbox 2338 4765 3905 4823; baseline 0.004 -6"><span class='ocrx_word' id='word_1_744' title='bbox 2338 4765 2576 4820; x_wconf 87' lang='lat' dir='ltr'><strong>tissimus</strong></span> <span class='ocrx_word' id='word_1_745' title='bbox 2629 4776 2681 4819; x_wconf 83' lang='lat' dir='ltr'><strong>et</strong></span> <span class='ocrx_word' id='word_1_746' title='bbox 2717 4766 2966 4819; x_wconf 87' lang='lat' dir='ltr'><strong>sincerus</strong></span> <span class='ocrx_word' id='word_1_747' title='bbox 2999 4780 3175 4818; x_wconf 89' lang='lat' dir='ltr'><strong>rerum</strong></span> <span class='ocrx_word' id='word_1_748' title='bbox 3217 4766 3268 4818; x_wconf 91' lang='lat' dir='ltr'><strong>in</strong></span> <span class='ocrx_word' id='word_1_749' title='bbox 3315 4766 3621 4820; x_wconf 84' lang='lat' dir='ltr'><strong>Christiana</strong></span> <span class='ocrx_word' id='word_1_750' title='bbox 3667 4765 3905 4823; x_wconf 72' lang='lat' dir='ltr'><strong>civitate</strong></span> 
     </span>
    </p>
   </div>
   <div class='ocr_carea' id='block_1_107' title="bbox 2337 4856 3904 4927">
    <p class='ocr_par' dir='ltr' id='par_1_107' title="bbox 2337 4856 3904 4927">
     <span class='ocr_line' id='line_1_107' title="bbox 2337 4856 3904 4927; baseline 0.002 -17"><span class='ocrx_word' id='word_1_751' title='bbox 2337 4867 2609 4924; x_wconf 81' lang='lat' dir='ltr'><strong>gestarum</strong></span> <span class='ocrx_word' id='word_1_752' title='bbox 2646 4859 3046 4925; x_wconf 85' lang='lat' dir='ltr'><strong>pronuntiator.</strong></span> <span class='ocrx_word' id='word_1_753' title='bbox 3084 4856 3132 4909; x_wconf 91' lang='lat' dir='ltr'><strong>ls</strong></span> <span class='ocrx_word' id='word_1_754' title='bbox 3168 4873 3293 4911; x_wconf 83' lang='lat' dir='ltr'><strong>vero</strong></span> <span class='ocrx_word' id='word_1_755' title='bbox 3332 4873 3455 4912; x_wconf 90' lang='lat' dir='ltr'><strong>cum</strong></span> <span class='ocrx_word' id='word_1_756' title='bbox 3504 4858 3804 4927; x_wconf 74' lang='lat' dir='ltr'><strong>SthlSSilllo</strong></span> <span class='ocrx_word' id='word_1_757' title='bbox 3829 4861 3904 4913; x_wconf 80' lang='lat' dir='ltr'><strong>de</strong></span> 
     </span>
    </p>
   </div>
   <div class='ocr_carea' id='block_1_108' title="bbox 2335 4955 3907 5022">
    <p class='ocr_par' dir='ltr' id='par_1_108' title="bbox 2335 4955 3907 5022">
     <span class='ocr_line' id='line_1_108' title="bbox 2335 4955 3907 5022; baseline 0.003 -15"><span class='ocrx_word' id='word_1_758' title='bbox 2335 4956 2533 5007; x_wconf 71' lang='lat' dir='ltr'><strong>lreuzco</strong></span> <span class='ocrx_word' id='word_1_759' title='bbox 2563 4967 2746 5008; x_wconf 89' lang='lat' dir='ltr'><strong>nostro</strong></span> <span class='ocrx_word' id='word_1_760' title='bbox 2799 4955 3008 5008; x_wconf 88' lang='lat' dir='ltr'><strong>locutus</strong></span> <span class='ocrx_word' id='word_1_761' title='bbox 3036 4965 3118 5009; x_wconf 90' lang='lat' dir='ltr'><strong>est</strong></span> <span class='ocrx_word' id='word_1_762' title='bbox 3159 4968 3390 5020; x_wconf 91' lang='lat' dir='ltr'><strong>eumque</strong></span> <span class='ocrx_word' id='word_1_763' title='bbox 3424 4955 3630 5022; x_wconf 83' lang='lat' dir='ltr'><strong>magnis</strong></span> <span class='ocrx_word' id='word_1_764' title='bbox 3673 4958 3907 5011; x_wconf 88' lang='lat' dir='ltr'><strong>ornavit</strong></span> 
     </span>
    </p>
   </div>
   <div class='ocr_carea' id='block_1_109' title="bbox 2334 5045 3901 5115">
    <p class='ocr_par' dir='ltr' id='par_1_109' title="bbox 2334 5045 3901 5115">
     <span class='ocr_line' id='line_1_109' title="bbox 2334 5045 3901 5115; baseline 0.004 -19"><span class='ocrx_word' id='word_1_765' title='bbox 2334 5045 2604 5108; x_wconf 80' lang='lat' dir='ltr'><strong>laudibus,</strong></span> <span class='ocrx_word' id='word_1_766' title='bbox 2634 5047 2862 5099; x_wconf 88' lang='lat' dir='ltr'><strong>sulliciat</strong></span> <span class='ocrx_word' id='word_1_767' title='bbox 2904 5061 2962 5098; x_wconf 88' lang='lat' dir='ltr'><strong>ea</strong></span> <span class='ocrx_word' id='word_1_768' title='bbox 3017 5062 3157 5099; x_wconf 88' lang='lat' dir='ltr'><strong>nunc</strong></span> <span class='ocrx_word' id='word_1_769' title='bbox 3186 5046 3458 5114; x_wconf 88' lang='lat' dir='ltr'><strong>colligere,</strong></span> <span class='ocrx_word' id='word_1_770' title='bbox 3489 5061 3606 5114; x_wconf 68' lang='lat' dir='ltr'><strong>qua:</strong></span> <span class='ocrx_word' id='word_1_771' title='bbox 3634 5047 3696 5098; x_wconf 89' lang='lat' dir='ltr'><strong>de</strong></span> <span class='ocrx_word' id='word_1_772' title='bbox 3719 5060 3901 5115; x_wconf 85' lang='lat' dir='ltr'><strong>opere</strong></span> 
     </span>
    </p>
   </div>
   <div class='ocr_carea' id='block_1_110' title="bbox 2334 5135 3898 5205">
    <p class='ocr_par' dir='ltr' id='par_1_110' title="bbox 2334 5135 3898 5205">
     <span class='ocr_line' id='line_1_110' title="bbox 2334 5135 3898 5205; baseline 0.003 -17"><span class='ocrx_word' id='word_1_773' title='bbox 2334 5137 2591 5190; x_wconf 85' lang='lat' dir='ltr'><strong>adversus</strong></span> <span class='ocrx_word' id='word_1_774' title='bbox 2621 5138 2904 5190; x_wconf 79' lang='lat' dir='ltr'><strong>haereticos</strong></span> <span class='ocrx_word' id='word_1_775' title='bbox 2947 5141 3012 5191; x_wconf 88' lang='lat' dir='ltr'><strong>ab</strong></span> <span class='ocrx_word' id='word_1_776' title='bbox 3043 5139 3131 5190; x_wconf 81' lang='lat' dir='ltr'><strong>illo</strong></span> <span class='ocrx_word' id='word_1_777' title='bbox 3162 5137 3364 5202; x_wconf 87' lang='lat' dir='ltr'><strong>scripto</strong></span> <span class='ocrx_word' id='word_1_778' title='bbox 3412 5137 3644 5205; x_wconf 87' lang='lat' dir='ltr'><strong>reliquit,</strong></span> <span class='ocrx_word' id='word_1_779' title='bbox 3679 5135 3822 5190; x_wconf 86' lang='lat' dir='ltr'><strong>loca.</strong></span> <span class='ocrx_word' id='word_1_780' title='bbox 3858 5139 3898 5192; x_wconf 90' lang='grc' dir='ltr'>Ι.</span> 
     </span>
    </p>
   </div>
   <div class='ocr_carea' id='block_1_111' title="bbox 2330 5225 3906 5296">
    <p class='ocr_par' dir='ltr' id='par_1_111' title="bbox 2330 5225 3906 5296">
     <span class='ocr_line' id='line_1_111' title="bbox 2330 5225 3906 5296; baseline 0.004 -17"><span class='ocrx_word' id='word_1_781' title='bbox 2330 5227 2620 5295; x_wconf 82' lang='lat' dir='ltr'><strong>Postquam</strong></span> <span class='ocrx_word' id='word_1_782' title='bbox 2665 5228 2730 5280; x_wconf 82' lang='lat' dir='ltr'><strong>de</strong></span> <span class='ocrx_word' id='word_1_783' title='bbox 2771 5227 3008 5280; x_wconf 88' lang='lat' dir='ltr'><strong>Simonis</strong></span> <span class='ocrx_word' id='word_1_784' title='bbox 3054 5226 3189 5296; x_wconf 81' lang='lat' dir='ltr'><strong>Magi</strong></span> <span class='ocrx_word' id='word_1_785' title='bbox 3236 5226 3514 5280; x_wconf 83' lang='lat' dir='ltr'><strong>erroribus</strong></span> <span class='ocrx_word' id='word_1_786' title='bbox 3560 5241 3624 5280; x_wconf 72' lang='lat' dir='ltr'><strong>ex</strong></span> <span class='ocrx_word' id='word_1_787' title='bbox 3669 5225 3906 5285; x_wconf 70' lang='lat' dir='ltr'><strong>Iustino</strong></span> 
     </span>
    </p>
   </div>
   <div class='ocr_carea' id='block_1_112' title="bbox 2329 5427 2863 5493">
    <p class='ocr_par' dir='ltr' id='par_1_112' title="bbox 2329 5427 2863 5493">
     <span class='ocr_line' id='line_1_112' title="bbox 2329 5427 2863 5493; baseline -0.007 -10"><span class='ocrx_word' id='word_1_788' title='bbox 2329 5430 2447 5493; x_wconf 73' lang='lat' dir='ltr'><strong>H5,</strong></span> <span class='ocrx_word' id='word_1_789' title='bbox 2484 5429 2612 5482; x_wconf 84' lang='lat' dir='ltr'><strong>edit.</strong></span> <span class='ocrx_word' id='word_1_790' title='bbox 2649 5427 2863 5481; x_wconf 83' lang='lat' dir='ltr'><strong>lialens.</strong></span> 
     </span>
    </p>
   </div>
   <div class='ocr_carea' id='block_1_113' title="bbox 2397 5498 3896 5585">
    <p class='ocr_par' dir='ltr' id='par_1_113' title="bbox 2397 5498 3896 5585">
     <span class='ocr_line' id='line_1_113' title="bbox 2397 5498 3896 5585; baseline 0.005 -35"><span class='ocrx_word' id='word_1_791' title='bbox 2397 5501 2662 5585; x_wconf 35' lang='lat' dir='ltr'><strong>manus.</strong></span> <span class='ocrx_word' id='word_1_792' title='bbox 2706 5515 2719 5551; x_wconf 86' lang='grc' dir='ltr'>ι</span> <span class='ocrx_word' id='word_1_793' title='bbox 2771 5502 2823 5553; x_wconf 81' lang='lat' dir='ltr'><strong>in</strong></span> <span class='ocrx_word' id='word_1_794' title='bbox 2858 5498 3180 5552; x_wconf 85' lang='lat' dir='ltr'><strong>Tertullian.</strong></span> <span class='ocrx_word' id='word_1_795' title='bbox 3227 5499 3434 5565; x_wconf 89' lang='lat' dir='ltr'><strong>adjecta</strong></span> <span class='ocrx_word' id='word_1_796' title='bbox 3476 5499 3582 5554; x_wconf 85' lang='lat' dir='ltr'><strong>vol.</strong></span> <span class='ocrx_word' id='word_1_797' title='bbox 3629 5498 3753 5573; x_wconf 52' lang='grc' dir='ltr'><strong>Σὴθ</strong></span> <span class='ocrx_word' id='word_1_798' title='bbox 3799 5502 3896 5571; x_wconf 69' lang='lat' dir='ltr'><strong>l2,</strong></span> 
     </span>
    </p>
   </div>
   <div class='ocr_carea' id='block_1_114' title="bbox 2324 5570 3901 5709">
    <p class='ocr_par' dir='ltr' id='par_1_114' title="bbox 2324 5570 3901 5709">
     <span class='ocr_line' id='line_1_114' title="bbox 2324 5570 3901 5709; baseline 0.002 -17"><span class='ocrx_word' id='word_1_799' title='bbox 2324 5570 2658 5709; x_wconf 50' lang='grc' dir='ltr'><strong>β’(ῖῗοίὶοηΐ.</strong></span> <span class='ocrx_word' id='word_1_800' title='bbox 2712 5651 2838 5709; x_wconf 55' lang='grc' dir='ltr'><strong>γρηἒ</strong></span> <span class='ocrx_word' id='word_1_801' title='bbox 2897 5637 3163 5709; x_wconf 44' lang='grc' dir='ltr'><strong>,ιοηΑηθ</strong></span> <span class='ocrx_word' id='word_1_802' title='bbox 3208 5637 3456 5693; x_wconf 76' lang='lat' dir='ltr'><strong>Noesselt</strong></span> <span class='ocrx_word' id='word_1_803' title='bbox 3505 5637 3578 5692; x_wconf 84' lang='lat' dir='ltr'><strong>De</strong></span> <span class='ocrx_word' id='word_1_804' title='bbox 3626 5648 3780 5695; x_wconf 74' lang='lat' dir='ltr'><strong>a&#39;tate</strong></span> <span class='ocrx_word' id='word_1_805' title='bbox 3828 5659 3901 5702; x_wconf 69' lang='lat' dir='ltr'><strong>ac</strong></span> 
     </span>
    </p>
   </div>
   <div class='ocr_carea' id='block_1_115' title="bbox 2321 5708 3356 5777">
    <p class='ocr_par' dir='ltr' id='par_1_115' title="bbox 2321 5708 3356 5777">
     <span class='ocr_line' id='line_1_115' title="bbox 2321 5708 3356 5777; baseline -0.001 -13"><span class='ocrx_word' id='word_1_806' title='bbox 2321 5712 2559 5764; x_wconf 82' lang='lat' dir='ltr'><strong>doctrina</strong></span> <span class='ocrx_word' id='word_1_807' title='bbox 2584 5712 2759 5770; x_wconf 71' lang='lat' dir='ltr'><strong>script.</strong></span> <span class='ocrx_word' id='word_1_808' title='bbox 2816 5708 3142 5774; x_wconf 78' lang='lat' dir='ltr'><strong>Tertulliani,</strong></span> <span class='ocrx_word' id='word_1_809' title='bbox 3187 5725 3237 5777; x_wconf 92' lang='lat' dir='ltr'><strong>p.</strong></span> <span class='ocrx_word' id='word_1_810' title='bbox 3269 5709 3356 5763; x_wconf 84' lang='lat'><strong>89.</strong></span> 
     </span>
    </p>
   </div>
  </div>
