4188 6336
186 377 288 433 589

936 371 1025 427 DE
1061 372 1464 430 AUTHENTIA
1502 369 1858 427 LIBRORUM
1894 367 2151 424 IRENZEI
2192 365 2362 421 ADV.
2403 365 2683 422 ILERES.

3333 373 3441 432 ὅθί)

193 503 432 563 martyre
464 493 726 548 nonnulla
763 504 1109 559 recitaverat,
1139 495 1208 549 ita
1244 497 1418 564 pergit
1453 497 1528 566 (α)
1566 513 1579 548 :
1615 499 1771 566 συνᾴο
1803 512 1844 564 Α
1875 495 2191 562 inscriptum
2223 494 2329 563 (j);
2362 492 2446 547 Ill.
2487 492 2537 545 in
2581 493 2769 547 iisdem
2813 494 3080 546 lrenmum
3135 504 3244 543 non
3284 492 3449 544 mod.)

186 585 264 638 δει
285 585 328 637 δ’
364 583 514 652 αὑτῷ
548 586 641 637 καὶ
674 586 702 638 ὁ
735 584 1021 654 Εἰρηναῖος
1058 586 1115 636 ὲν
1159 585 1358 656 πρώτῳ
1382 585 1491 640 τῶν
1516 586 1652 656 πρὸς
1673 587 1774 649 τὰς

187 675 444 746 αἱρέσεις,
481 675 798 746 adjicitque,
840 692 897 732 se
935 671 1078 731 nolle
1116 677 1305 730 Irenati
1357 689 1607 746 repetere
1639 695 1764 731 nar-

189 768 452 829 rationes,
481 767 624 835 quod
662 769 973 836 quicunque
1015 767 1201 832 velint,
1233 767 1375 822 facili
1413 770 1626 838 negotio
1662 769 1768 837 ipsi

190 857 460 926 inspicere
490 869 694 927 queant
720 861 840 927 ejus
869 862 1092 926 librum,
1129 878 1236 932 quo
1281 863 1572 916 haeresium
1603 863 1771 932 origi-

189 963 302 1014 nes,
333 950 607 1017 dogmata,
643 967 846 1016 mores,
897 954 1141 1006 instituta
1176 964 1231 1007 et
1281 955 1362 1008 his
1408 955 1605 1009 similia
1659 964 1770 1009 stu-

191 1039 340 1093 diose
367 1039 436 1094 sit
465 1051 803 1106 persecutus.
832 1041 894 1096 II.
934 1044 1075 1097 Alibi
1105 1044 1178 1114 (b)
1219 1045 1304 1099 ubi
1339 1045 1599 1099 Joannem
1637 1062 1768 1115 apo-

190 1130 387 1186 stolum
424 1133 717 1188 Domitiani
749 1144 964 1190 aetatem
1006 1138 1252 1205 attigisse
1311 1148 1479 1192 testes
1513 1139 1770 1206 produxit

188 1221 292 1289 ﬁde
317 1225 505 1294 dignos
530 1227 600 1278 ob
625 1227 880 1296 insignia,
917 1229 1112 1296 quibus
1156 1230 1457 1292 enitebant,
1503 1231 1765 1284 ecclesia-

189 1316 381 1370 SIicam
418 1319 724 1372 doctrinam
753 1321 935 1374 tuendi
972 1329 1024 1374 et
1054 1323 1406 1375 conservandi
1434 1338 1622 1391 puram
1653 1335 1765 1377 stu-

191 1409 300 1471 dia,
334 1409 569 1464 alterum
595 1410 880 1476 lreumum,
918 1413 1142 1467 alterum
1171 1415 1502 1468 Clementem
1539 1417 1763 1468 Alexan-

193 1501 438 1565 drinum,
475 1513 780 1569 sequuntur
828 1504 940 1558 btec
965 1507 1126 1559 verba
1166 1525 1178 1558 :
1209 1500 1282 1559 ὧν
1310 1508 1337 1559 ὁ
1372 1508 1467 1576 μὲν
1502 1509 1763 1579 πρότερος

190 1591 243 1642 ὲν
272 1590 507 1662 δευτέρῳ
527 1591 633 1644 τῶν
677 1591 815 1663 πρὸς
849 1593 946 1658 τὰς
995 1595 1232 1665 αἱρέσεις
1268 1588 1368 1649 ὧδέ
1418 1614 1532 1658 πως
1565 1598 1764 1667 γράφει

188 1679 326 1734 κατά
349 1681 512 1747 λέξιν,
540 1693 594 1736 et
638 1685 826 1753 paucis
864 1686 1204 1755 interpositis
1239 1705 1252 1741 :
1290 1687 1381 1739 καὶ
1422 1690 1482 1740 ὲν
1512 1690 1677 1759 τρίτῳ
1707 1690 1762 1742 δὲ

185 1770 281 1840 τῆς
326 1772 499 1841 αὐτῆς
549 1774 856 1838 ὑποθέσεως
909 1775 1072 1828 ταὺτὸ
1125 1777 1280 1830 τοῦτο
1325 1778 1471 1848 δηλοῖ
1514 1780 1600 1832 διὰ
1643 1782 1764 1834 τοὺ-

188 1878 318 1915 των.
350 1862 429 1916 ll‘I.
482 1864 611 1930 Qua:
661 1868 900 1920 breviter
942 1869 1008 1922 de
1046 1867 1344 1931 Menandro
1378 1873 1640 1940 prodidit,
1668 1889 1760 1928 ea-
1791 1867 1836 1925 Β

186 1955 330 2019 dem,
365 1968 573 2023 monet,
597 1961 661 2013 ὲκ
688 1960 794 2012 τῶν
823 1960 1114 2031 Εἰρηναίου
1137 1962 1427 2031 διαγνῶναι
1457 1964 1635 2035 ῥᾴδιον
1662 1968 1755 2034 (c).

185 2045 272 2099 IV.
302 2048 560 2104 Similiter
587 2053 651 2105 de
678 2052 934 2107 Cerintho
953 2053 1029 2124 (d)
1059 2073 1073 2107 :
1112 2057 1168 2108 Ὀ
1201 2056 1256 2108 δὲ
1287 2058 1570 2128 Εἰρηναῖος
1595 2061 1763 2130 amp.

186 2141 480 2213 ρητοτέρας
503 2145 565 2214 δή
598 2162 747 2207 τινας
775 2144 866 2198 τοῦ
908 2147 1068 2200 αὑτοῦ
1097 2148 1438 2216 ψευδοδοξίας
1471 2154 1527 2203 ὲν
1562 2151 1760 2222 πρώτῳ

182 2235 570 2305 συγγράμματι
627 2237 734 2290 τῶν
789 2240 926 2310 πρὸς
988 2239 1086 2303 τὰς
1125 2242 1362 2311 αἱρέσεις
1409 2243 1647 2313 προθεὶς,
1702 2243 1761 2294 ἐν

182 2323 258 2392 τῷ
310 2325 475 2395 τρίτῳ
518 2329 613 2380 καὶ
663 2330 992 2401 ἱστορίαν....
1045 2333 1379 2404 παρέδωκεν.
1428 2332 1490 2386 ν.
1533 2333 1633 2388 Ubi
1696 2336 1760 2386 de

183 2412 432 2469 Cerdone
461 2422 749 2488 exscripsit
777 2421 965 2477 Ireuzei
992 2425 1240 2490 ell'atum,
1271 2428 1418 2481 addit
1442 2427 1545 2496 (e):
1573 2429 1757 2481 Ταῦτα

183 2502 240 2556 δέ
269 2521 432 2574 φησιν
464 2509 521 2560 ὲν
555 2510 720 2582 τρίτῳ
750 2514 857 2569 τῶν
887 2516 1021 2586 πρὸς
1053 2516 1150 2580 τὰς
1181 2518 1437 2587 αἱρέσεις.
1474 2518 1560 2574 VI.
1590 2518 1759 2575 Porro

182 2609 247 2649 ex
274 2596 477 2656 Irenaeo
511 2615 745 2659 testatur
771 2622 835 2663 se
861 2609 1161 2678 accepisse,
1190 2624 1311 2678 qua:
1352 2611 1418 2665 de
1462 2627 1757 2680 congressu

184 2689 471 2765 Polycarpi
520 2711 641 2751 cum
697 2699 928 2755 Auiceto
972 2702 1035 2754 ad
1086 2703 1394 2771 paschalem
1443 2689 1760 2760 controver-

182 2781 319 2835 siam
345 2789 780 2854 componendam
823 2793 1106 2856 narravit,
1150 2795 1372 2862 hmcque
1414 2796 1601 2864 adjicit
1633 2798 1698 2868 (f)
1741 2816 1754 2852 :

181 2868 290 2958 Καὶ
308 2869 470 2943 ἄλλην
487 2873 583 2928 δὲὸ
607 2877 766 2941 αὐτὸς
786 2881 1020 2952 περὶτοῦ
1043 2883 1400 2957 Πολυκάρπου
1427 2889 1757 2958 παραδίδωσι

177 2956 540 3029 διήγησιν,....
572 2967 679 3019 ἀπὸ
709 2968 800 3020 τοῦ
852 2971 1035 3041 τρίτου
1067 2972 1174 3025 τῶν
1221 2956 1355 3045 πρὸς
1399 2956 1756 3048 τὰςναὶρέσεις

181 3048 490 3122 Εἰρηναίου.
530 3054 640 3110 VII.
665 3058 797 3112 Cum
834 3058 1094 3115 Irenaaum
1123 3074 1242 3132 post
1274 3065 1558 3121 Pothinum
1585 3070 1757 3123 sacris

184 3140 645 3212 Lugdunensibus
688 3151 1060 3219 gubernandis
1101 3155 1375 3211 admotum
1426 3159 1596 3214 fuisse
1626 3177 1751 3213 nar-

183 3250 375 3325 rasset,
405 3242 638 3308 subjecit
670 3244 783 3298 hate
810 3247 884 3316 (g)
918 3265 931 3300 :
964 3241 1133 3312 Οὗτος
1160 3251 1264 3302 τῶν
1296 3252 1387 3304 ἐπὶ
1430 3251 1614 3325 Ῥώμῃ
1657 3253 1752 3324 τὴν

179 3324 430 3399 διαδοχὴν
463 3334 776 3388 ἐπισκόπων
810 3338 866 3389 ὲν
897 3339 1050 3411 τρίτῃ
1083 3339 1329 3405 συντάξει
1365 3343 1471 3395 τῶν
1501 3324 1635 3414 προς
1661 3344 1758 3407 τὰς

183 3421 420 3491 αἱρέσεις
444 3427 839 3498 παραθέμενος,
855 3431 930 3493 είς
957 3431 1356 3502 Ἐλεύθερον....
1379 3434 1452 3496 ὡς
1472 3435 1536 3488 ἂν
1552 3434 1612 3505 δὴ
1643 3435 1754 3487 κατ’

184 3513 346 3566 αὑτὸν
373 3517 811 3592 σπουδαζομένης
836 3523 982 3592 αὐτῷ
1011 3524 1109 3593 τῆς
1132 3525 1369 3595 γραφῆς,
1405 3527 1495 3578 τὸν
1526 3528 1754 3579 κατάλο-

185 3620 276 3671 γον
327 3607 522 3676 ἵστησι.
575 3612 706 3665 VIII.
762 3613 1103 3682 Interpositis
1164 3619 1352 3673 Irenmi
1404 3622 1603 3678 verbis.
1635 3636 1756 3685 per-

185 3699 259 3762 git
286 3699 362 3764 (It)
389 3716 401 3750 :
435 3701 618 3753 Ταῦτα
641 3705 668 3753 ὀ
697 3704 1049 3774 Εἰρηναῖος...
1076 3709 1132 3759 ὲν
1161 3705 1239 3773 οἷς
1270 3711 1562 3779 ἐπέγραψε,
1597 3712 1753 3763 πέντε

182 3780 409 3839 cista-‘1‘:
452 3791 702 3869 ἀριθμὸν,
741 3793 959 3863 ἐλέγχου
996 3797 1087 3848 καὶ
1127 3799 1440 3867 ἀνατροπῆς
1481 3798 1580 3866 τῆς
1626 3797 1755 3866 ψευ-

182 3873 425 3946 δωνύμου
458 3880 730 3947 γνώσεως,
759 3885 815 3934 ἐν
847 3883 1078 3955 δευτέρῳ
1113 3887 1213 3955 τῆς
1238 3888 1403 3956 αὐτῆς
1427 3887 1751 3952 ὑποθέσεως,

183 3984 234 4020 κ.
263 3987 310 4020 τ.
348 3969 398 4021 λ.
432 3970 521 4025 IX.
566 3974 724 4037 Cum,
758 3991 877 4043 quae
920 3977 1156 4032 Irenteus
1196 3979 1261 4033 de
1292 3980 1446 4034 libris
1481 3979 1750 4036 Novil’m-

185 4060 327 4115 deris
358 4062 594 4132 reliquit,
625 4067 937 4120 testimonia
972 4069 1259 4136 diligenter
1291 4072 1622 4138 percensuit,
1662 4085 1753 4125 ex-

185 4154 382 4218 pressis
431 4157 614 4210 verbis
650 4157 784 4209 dixit
817 4158 881 4226 (ξ)
921 4179 930 4211 :
986 4159 1170 4211 Ταῦτα
1219 4161 1316 4231 μὲν
1356 4158 1445 4213 οὖν
1485 4140 1753 4233 ἐντρίτῳ

181 4243 276 4311 τῆς
311 4248 603 4318 εἰρημένης
637 4249 941 4313 ὑποθέσεως
973 4251 1048 4320 τῷ
1082 4253 1470 4324 προδηλωθέντι
1511 4255 1748 4324 εἴρηται.

192 4334 276 4387 Ἐν
293 4337 348 4389 δὲ
374 4339 444 4408 τῷ
465 4342 700 4410 πέμπτῳ
728 4341 965 4412 περὶτῆς
982 4344 1226 4397 Ἰωάννου
1246 4345 1746 4414 Ἀποκαλύῲεωςω

181 4425 545 4499 διαλαμϐάνει.
609 4434 934 4501 Colligantus
998 4451 1139 4488 nunc
1186 4450 1250 4488 ex
1299 4437 1510 4490 Eusebii
1554 4437 1746 4504 ell‘atis,

1877 596 2066 638 contra
2132 584 2367 653 purioris
2413 582 2674 636 doetriuue
2736 584 2923 636 hostes
2973 594 3277 650 pugnasse,
3344 579 3440 633 sed

1875 678 2040 731 etiam
2092 677 2145 729 in
2208 677 2528 730 enarrandis
2569 691 2754 730 eorum
2809 673 3158 744 opinionibus
3216 672 3442 725 multam

1875 769 2121 837 posuisse
2151 783 2373 831 curam;
2405 766 2491 822 IV.
2521 767 2756 822 Eusebio
2789 768 2953 820 rideri
2994 780 3086 820 eos
3112 765 3444 834 compositos

1874 875 1938 914 eo
1971 871 2232 929 tempore,
2274 876 2381 928 quo
2423 863 2743 916 Eleutherus
2776 859 3033 912 Romanis
3082 861 3255 911 sacris
3305 871 3442 922 pra:-

1873 953 2000 1018 fuit,
2031 955 2173 1021 quod
2201 954 2253 1007 in
2282 954 2382 1007 hoc
2415 953 2625 1007 desinat
2673 951 3046 1019 episcoporum
3073 950 3233 1005 Urbis
3271 949 3443 1002 series

1873 1045 1940 1097 ab
1969 1043 2170 1098 Irenaeo
2203 1045 2516 1113 proposita;
2549 1043 2610 1096 ν.
2638 1043 2854 1097 Eusebii
2890 1041 3122 1108 denique
3152 1049 3309 1093 aetate
3339 1038 3443 1091 hos

1872 1134 2056 1188 Ireuzei
2085 1135 2251 1189 libros
2274 1133 2590 1203 frequentes
2621 1135 2672 1188 in
2704 1133 2930 1186 aliorum
2963 1132 3213 1184 manibus
3249 1130 3439 1192 fuisse,

1872 1227 1944 1278 ita
1982 1236 2040 1277 ut
2089 1226 2406 1293 quicunque
2456 1225 2746 1287 voluerint,
2779 1222 2937 1278 facile
2981 1221 3193 1290 c0piam
3239 1235 3332 1275 eos
3367 1219 3443 1273 Ie-

1869 1319 2029 1387 gendi
2065 1319 2305 1373 nancisci
2343 1326 2579 1387 possent.

1942 1430 2181 1486 Basilius
2202 1446 2323 1484 cum
2369 1439 2612 1483 veterum
2649 1429 2717 1484 de
2750 1427 2952 1498 Spiritu
2994 1436 3180 1482 sancto
3222 1436 3443 1481 senten-

1871 1525 1970 1579 tias
2000 1539 2281 1582 recensere
2306 1524 2647 1589 instituisset,
2683 1521 3034 1576 honoriﬁcam
3078 1521 3260 1573 Ireu:ci
3311 1519 3442 1573 fecit

1867 1619 2218 1678 mentionem,
2260 1632 2495 1683 eumque
2539 1615 2606 1669 ab
2666 1613 2924 1682 apostolis
2970 1626 3136 1681 prope
3195 1611 3438 1664 abfuisse

1866 1710 2104 1778 scripsit,
2135 1718 2188 1763 et
2249 1709 2533 1763 nonnullas
2579 1706 2873 1776 particulas
2922 1706 2979 1756 ὲν
3040 1702 3119 1773 τῷ
3154 1704 3291 1775 πρὸς
3339 1701 3439 1764 τὰς

1865 1802 2101 1874 αἱρέσεις
2129 1801 2270 1870 ὶόγῳ
2297 1800 2500 1869 positas
2533 1798 2780 1853 recitavit
2800 1799 2900 1866 (lt).

1935 1913 2057 1966 Pari
2092 1913 2249 1966 modo
2288 1912 2524 1982 Cyrillus
2572 1909 3103 1981 Hierosolymitanns
3144 1906 3437 1962 lurrctieos

1862 2015 2250 2058 commemorat
2283 2004 2348 2057 de
2381 2003 2585 2072 Spiritu
2622 2011 2810 2056 sancto
2863 1999 3102 2055 nefarios
3142 1999 3437 2069 protulisse

1861 2111 2094 2159 errores,
2123 2097 2287 2164 idque
2327 2109 2390 2148 ex
2424 2094 2624 2148 Irenaeo
2654 2096 2710 2146 ὲν
2747 2095 2858 2156 τοῖς
2896 2092 3279 2166 προστάγμασι
3322 2091 3436 2152 τοῖς

1861 2187 1995 2260 πρὸς
2024 2187 2121 2251 τὰς
2154 2188 2389 2260 αἱρέσεις
2413 2187 2583 2242 fusius
2608 2187 2746 2241 disci
2780 2186 2991 2240 monuit
3019 2187 3104 2254 (Ι).

1930 2300 2290 2370 Epiphaniam
2336 2314 2588 2366 magnam
2639 2314 2849 2365 eorum,
2895 2313 3016 2368 qua:
3066 2298 3130 2350 de
3161 2295 3441 2350 haereticis

1861 2393 2040 2445 saeculi
2070 2392 2291 2445 secundi
2314 2393 2367 2444 iu
2390 2406 2514 2445 suos
2538 2391 2961 2445 commentarios
2983 2389 3170 2443 retulit
3193 2400 3434 2458 partem,

1859 2483 2126 2538 exlrentei
2150 2482 2303 2537 libris
2327 2484 2594 2549 hausisse,
2618 2483 2815 2536 nullam
2838 2481 3430 2536 habetdubitationetn.

1859 2567 2062 2623 Nomen
2122 2569 2341 2638 quidem
2396 2569 2513 2637 ejus
2562 2571 2841 2639 expressit
2893 2571 3092 2634 rarius,
3155 2569 3428 2638 expressit

1860 2668 2036 2715 tamen
2073 2661 2168 2727 ita,
2194 2671 2251 2715 ut
2285 2676 2408 2716 eum
2443 2677 2547 2715 non
2573 2661 2732 2715 modo
2763 2671 2980 2715 nostros
3007 2661 3174 2715 libros
3211 2661 3430 2730 legisse,

1858 2754 1950 2806 sed
1982 2753 2200 2806 eosdem
2257 2753 2421 2806 etiam
2475 2754 2541 2806 ab
2579 2755 2780 2809 lrenazo
2827 2752 3101 2822 profectos
3131 2754 3432 2808 credidisse

1857 2844 2082 2912 quisque
2123 2843 2340 2898 sentiat.
2384 2844 2473 2898 Sic
2504 2844 2592 2898 ubi
2623 2847 2688 2897 de
2717 2844 2953 2898 Basilide
2977 2846 3089 2914 agit
3125 2847 3220 2913 (ηπ)
3248 2863 3262 2898 :
3287 2846 3430 2898 Θαυ-

1861 2935 2077 3007 μαστῶς
2124 2936 2204 3001 δὲ,
2255 2936 2450 3006 inquit,
2504 2938 2533 2992 ὀ
2581 2938 2848 3008 μακάριος
2893 2937 3200 3008 Εἰρηναῖος.
3253 2938 3281 2990 ὁ
3321 2938 3430 2992 τῶν

1857 3028 2164 3083 ἀποστόλων
2206 3029 2466 3098 διάδοχος,
2510 3030 2635 3099 περὶ
2671 3029 2857 3082 τούτου
2911 3030 3269 3098 λεπτολογῶν,
3316 3030 3429 3102 διή-

1856 3119 2009 3188 λεγξε
2059 3121 2244 3173 τούτου
2294 3121 2390 3190 τὴν
2426 3120 2750 3192 ἀϐελτηρίαν
2799 3122 2889 3176 καὶ
2935 3122 3240 3193 ἀδράνειαν.
3285 3122 3426 3176 Alibi

1782 3212 1820 3268 C
1857 3215 1955 3268 sub
1993 3214 2146 3268 initio
2177 3214 2558 3282 disputationis
2611 3215 2676 3267 de
2725 3215 3143 3280 Valentinianis,
3177 3217 3243 3271 de
3293 3233 3426 3271 cou-

1860 3315 2016 3354 seusu
2070 3302 2396 3354 sanctissimi
2445 3299 2631 3354 Ireuazi
2678 3302 2753 3371 (η)
2798 3300 3078 3370 gloriatur,
3107 3303 3428 3372 loogamque

1859 3392 2015 3445 allert
2039 3394 2366 3456 orationem,
2403 3407 2674 3464 sumptam
2700 3394 2807 3446 ἀπὸ
2840 3393 2946 3447 τῶν
2979 3395 3072 3448 τοῦ
3103 3398 3425 3470 προειρημέ-

1857 3506 1946 3540 νου
2020 3486 2247 3556 ἀνδρὸς,
2303 3486 2492 3538 δούλου
2562 3487 2736 3549 Θεοῦ,
2794 3503 2914 3541 cum
2981 3487 3351 3544 additameuto
3409 3509 3426 3544 :

1858 3580 2140 3650 Εἰρηναῖον
2173 3580 2228 3631 δέ
2253 3597 2391 3649 φημι
2421 3580 2712 3649 (u);eadem
2756 3593 2885 3632 vero
2918 3580 3094 3643 ﬁnita,
3125 3581 3426 3634 invidendis

1858 3675 2105 3728 laudibus
2160 3676 2506 3744 prosequitur
2588 3674 2871 3735 Iren:eum,
2941 3689 3174 3742 eumque
3231 3677 3287 3726 ὲν
3349 3673 3427 3744 τῷ

1857 3768 1981 3837 ἑξῆς
2007 3767 2245 3838 δευτέρῳ
2269 3766 2430 3820 αὑτοῦ
2467 3767 2607 3837 λόγῳ
2633 3768 2723 3820 καὶ
2764 3769 2872 3830 τοῖς
2905 3767 3082 3832 ἄλλοις
3117 3770 3427 3823 conlutasse

1856 3859 2110 3927 pta-dicat
2138 3861 2236 3927 (ρ).

1925 3969 2056 4021 (lum
2088 3966 2388 4036 Epiphanio
2433 3973 2592 4020 mtate
2635 3965 2958 4035 conjunctus
3012 3965 3116 4020 fuit
3155 3966 3419 4037 Ilierony-

1857 4073 1996 4119 mus,
2021 4057 2110 4124 qui
2137 4068 2189 4111 et
2214 4057 2531 4126 diligentim,
2564 4072 2726 4126 quam
2771 4057 2822 4109 iu
2865 4057 3252 4124 conquirendis
3284 4074 3420 4111 enu-

1856 4152 2237 4218 meraudisque
2266 4151 2594 4219 Scriptorum
2624 4148 3062 4202 Christianorum
3113 4150 3422 4203 tuouimeu-

1857 4245 1928 4297 tis
1977 4243 2183 4312 primus
2223 4243 2522 4304 collocavit,
2567 4249 2622 4294 et
2663 4255 2728 4293 ex
2759 4240 2842 4292 his
2884 4254 3008 4292 vera
3047 4254 3076 4292 a
3112 4240 3264 4293 falsis
3311 4243 3421 4295 (lis-

1853 4335 2104 4388 cernendi
2151 4334 2312 4386 studii
2366 4333 2522 4384 laude
2569 4347 2674 4384 non
2724 4331 2841 4384 sine
2887 4345 3049 4383 causa
3091 4332 3415 4387 celebratur.

1853 4424 2093 4493 Reliquit
2121 4439 2247 4478 vero
2291 4424 2468 4492 plura,
2494 4436 2615 4491 qua:
2642 4421 2709 4474 ad
2761 4421 2904 4474 hunc
2932 4418 3109 4473 locum
3145 4422 3419 4490 pertinent

182 4535 299 4586 qua:
338 4524 402 4575 de
435 4522 622 4576 [renati
657 4526 810 4580 libris
844 4526 890 4580 ei
937 4527 1157 4580 fuerunt
1205 4528 1439 4594 cognita.
1473 4529 1601 4593 Quae
1629 4529 1747 4593 qui-

1856 4516 2176 4569 testimonia.

181 4610 298 4664 dem
348 4614 462 4667 haec
510 4623 667 4670 sunt:
712 4614 753 4671 Ι.
799 4616 1082 4684 scripsisse
1134 4615 1388 4669 Irenaeum
1422 4616 1746 4684 Lugdunen-

182 4715 291 4753 sem
345 4701 510 4757 libros
568 4704 831 4758 adversus
867 4707 1102 4760 luereses
1138 4708 1403 4777 quinque,
1441 4721 1507 4760 ex
1557 4708 1749 4774 quibus

183 4788 489 4859 singulatim
518 4793 755 4863 primum
790 4795 897 4858 bis,
938 4797 1235 4852 secundum
1263 4795 1507 4860 totidem,
1531 4798 1745 4853 tertium

182 4883 376 4948 sexies,
403 4887 654 4957 quintum
687 4885 855 4939 semel
905 4885 1146 4948 notavit;
1174 4884 1238 4940 II.
1277 4886 1492 4940 titulum
1528 4887 1746 4959 ἐλέγχου

180 4972 269 5023 καὶ
312 4973 624 5043 ἀνατροπῆς
667 4975 763 5045 τῆς
789 4975 1138 5047 ψευδωνύμου
1180 4979 1433 5046 γνώσεως
1476 4980 1541 5034 iis
1586 4982 1747 5035 fuisse

208 5181 218 5190 .
247 5112 322 5180 (α)
359 5111 504 5167 Hist.
533 5113 714 5169 ποίεε.
746 5115 839 5169 lib.
876 5132 934 5183 ιι,
965 5131 1085 5185 cap.
1125 5116 1213 5184 15,
1249 5132 1301 5184 p.
1328 5116 1417 5183 57,
1443 5118 1573 5172 edit.
1605 5118 1745 5173 Tau-

180 5195 320 5325 mi'b)
345 5250 463 5325 Lib.
498 5267 558 5316 ιι,
591 5270 710 5323 cap.
749 5255 840 5314 εδ.
871 5272 920 5325 ρ.
957 5256 1045 5312 98.

246 5322 315 5396 (ε)
343 5323 459 5396 Eilt.
495 5339 591 5388 ιιι,
622 5322 739 5394 cap.
778 5322 950 5396 96η).
1001 5326 1124 5380 1116.

245 5395 322 5466 (et)
517 5410 596 5455 ιιι,
641 5391 754 5464 cap.
785 5398 875 5460 27,
901 5391 958 5466 ’ρ.
992 5397 1115 5451 108.

246 5463 314 5535 (e)
514 5479 595 5529 tv,
631 5461 748 5533 cap.
787 5468 868 5528 11,
903 5461 953 5535 p.
992 5468 1114 5522 155.

249 5534 314 5598 (Ῐ)
502 5550 577 5598 tv,
619 5531 738 5603 cap.
784 5537 871 5602 14,
902 5531 951 5603 p.
992 5539 1111 5590 157.

247 5609 322 5668 (9)
351 5600 465 5674 ιλιι).
497 5619 547 5661 V.
584 5600 701 5671 capi
726 5605 782 5668 5,
806 5600 1004 5674 p.137.

246 5675 322 5737 ut)
349 5671 466 5744 ιιι).
498 5688 546 5734 v,
575 5690 692 5742 θοι).
723 5677 778 5736 7,
806 5671 854 5744 ‘p.
886 5677 1006 5729 187.

252 5746 311 5813 ω
351 5741 468 5794 Lib.
503 5758 555 5807 ν,
587 5741 702 5810 cap.
732 5741 869 5813 8,_p.
902 5748 1022 5798 189.

249 5811 309 5876 Ui
347 5813 744 5868 Courenieuter
794 5811 905 5871 haec
959 5828 1011 5870 et
1057 5816 1240 5872 Ircutci
1301 5817 1726 5885 pnclaliOhibIIS.

1923 4605 1961 4659 l.
2017 4608 2092 4660 De
2145 4608 2345 4660 Irenaeo
2402 4621 2522 4660 cum
2586 4604 2708 4658 data
2769 4615 2928 4671 Opera
2985 4604 3228 4672 exponit,
3294 4620 3416 4658 eum

1851 4698 2089 4761 Pothini,
2125 4699 2211 4766 qui
2256 4696 2652 4766 Lugdunensem
2707 4695 2760 4746 in
2797 4692 2970 4747 Gallia
3004 4693 3207 4761 regebat
3235 4693 3418 4746 Eccle-

1848 4794 2000 4854 sium,
2033 4794 2428 4859 presbyterum;
2465 4790 2564 4843 hoc
2594 4801 2723 4840 vero
2767 4802 2925 4853 prope
2968 4788 3319 4852 nonagenaria
3352 4788 3414 4837 ob

1846 4884 2114 4937 Christum
2145 4883 2396 4947 martyrio
2432 4886 2699 4938 coronato,
2729 4877 2782 4929 in
2814 4877 2985 4928 locum
3015 4875 3124 4942 ejus
3159 4878 3414 4929 substitu-

1850 4986 1959 5027 tum
1985 4975 2176 5038 fuisse,
2207 4982 2395 5028 narrat
2428 4980 2482 5025 et
2514 4970 2660 5024 addit
2691 4967 2939 5034 .Scripsit
2975 4969 3197 5030 quinque
3225 4973 3413 5020 adver-

1848 5123 2077 5185 quatuor
2126 5115 2275 5167 libris
2323 5107 3032 5185 posterioribuspraemissis
3080 5118 3130 5159 et
3179 5108 3408 5185 aliorum

1850 5178 2171 5239 testitt'tOItiis
2229 5194 2284 5236 et
2326 5178 2609 5237 codicibus
2668 5182 2802 5232 adeo
2854 5178 3086 5239 Latinis,
3129 5181 3412 5243 scripsisse

1845 5255 2155 5312 Eusebium.
2197 5254 2355 5305 docet
2410 5253 2711 5305 III-assuetus
2757 5250 2887 5301 diss.
2953 5265 3009 5304 ιι.
3063 5247 3108 5318 ᾗ¹
3145 5250 3232 5300 46.

1916 5324 1986 5393 (Ic)
2022 5323 2095 5377 De
2129 5324 2333 5390 Spiritu
2375 5335 2563 5378 sancto
2590 5337 2708 5388 cap.
2739 5321 2829 5380 ‘29,
2866 5329 2902 5373 ι.
2932 5319 2994 5372 Ill
3046 5323 3207 5387 Uper.
3241 5333 3290 5386 p.
3317 5319 3407 5384 61,

1844 5395 1976 5452 edit.
2030 5394 2301 5447 Benedict.

1912 5466 1972 5534 (ι)
2005 5465 2226 5518 Cateclt.
2273 5479 2361 5517 ινι
2405 5463 2470 5518 ad
2517 5462 2882 5527 illum.,num.
2927 5459 2980 5526 6,
3027 5474 3078 5528 p.
3115 5457 3240 5523 9.46,
3273 5456 3406 5515 edit.

1842 5535 2064 5588 Tuutati.

1911 5607 2004 5672 (ιη)
2042 5604 2243 5658 Ilzeres.
2268 5620 2416 5662 xxw.
2452 5601 2477 5670 ᾖ
2508 5601 2559 5656 8.

1907 5677 1983 5743 (ιι)
2015 5673 2194 5727 I|.eres
2234 5691 2380 5737 xxxi,
2411 5673 2436 5743 §
2469 5674 2520 5726 5.

1906 5753 1978 5812 ιο)
2012 5744 2037 5812 §
2072 5749 2122 5796 υ-
