4188 6336
718 383 819 442 891

2115 369 2224 424 FR.
2270 366 2570 423 WALCIIII

3859 364 3966 420 επ

719 516 810 554 sus
852 497 1072 552 hwrescs
1120 496 1278 549 libros
1321 491 1420 564 (tt).
1474 493 1538 547 11.
1591 488 2149 546 Aliliiznehtereticis
2198 506 2289 544 eo-
2319 488 2592 547 AChristi
2663 503 2714 539 tn
2766 487 2833 537 iis
2881 483 3172 553 proposita:
3211 482 3622 536 conﬁrmentur.
3659 482 3718 536 In
3768 482 3962 539 horum

722 603 951 657 rumque
987 587 1330 648 commentis,
1368 586 1575 653 inquit,
1626 583 2023 652 diligentissime
2054 584 2130 635 vir
2161 599 2287 651 apo-

718 682 934 734 stolicus
981 679 1159 733 scribit
1215 677 1764 743 Irenwtts,episcopus
1822 673 2188 742 Lugdunensis
2238 685 2286 728 et

719 782 939 840 martyr,
969 769 1257 822 multarunt
1283 768 1508 835 origines
1531 767 1798 833 explicans
1826 767 2089 820 ltwt‘eseon
2116 766 2214 835 (ιι).

794 863 876 918 Ill.
920 862 1151 916 Humani
1191 860 1316 926 quid
1364 874 1558 927 passus
1599 867 1683 910 est
1733 856 2116 926 Hieronymus,
2161 871 2284 908 cum

725 957 826 1009 hoc
864 957 1133 1022 loco,qu2e
1163 951 1396 1005 Irenscus
1422 952 1486 1003 de
1517 949 1680 1002 Marci
1734 950 2020 1018 discipulis
2056 950 2286 1010 dixerat,

721 1049 786 1101 de
811 1046 994 1101 Marco
1024 1044 1369 1111 intelligeret,
1405 1042 1634 1109 repetiit
1679 1051 1853 1093 tamen
1900 1056 2162 1098 errorem.
2204 1041 2288 1094 his

721 1156 853 1193 usus
906 1140 1088 1192 verbis
1143 1157 1157 1193 ι
1201 1135 1380 1204 Refert
1432 1134 1689 1196 Irenazus,
1749 1136 1828 1187 vir
1885 1133 2286 1201 apostolicorum

720 1231 1321 1303 teniporttnt,episcoptts
1367 1227 1747 1295 Lugdunensis,
1778 1233 1832 1278 et
1875 1225 2046 1276 ﬁnivit
2086 1224 2288 1277 oratio-

720 1339 843 1375 nem
883 1320 984 1373 hac
1013 1319 1251 1372 clausula
1284 1337 1296 1370 :
1330 1318 1424 1370 ltoc
1455 1317 1542 1369 ille
1590 1317 1798 1383 scripsit
1835 1324 1956 1368 ante
1981 1333 2148 1369 annos
2184 1317 2287 1368 cir-

719 1414 850 1465 citer
894 1420 1146 1463 trecentos
1194 1409 1306 1475 (hic
1344 1407 1738 1478 Hieronymum
1792 1416 1888 1460 aut
1939 1407 2132 1460 fefellit
2175 1422 2287 1460 me-

719 1503 1029 1566 ntoria,aut
1081 1501 1266 1554 vocula
1319 1501 1526 1553 circiter
1573 1503 1776 1554 abusus
1825 1508 1930 1561 cst,
1986 1499 2110 1552 alibi
2146 1499 2286 1552 enim

719 1603 932 1647 aetatem
968 1590 1152 1645 Irenaei
1182 1592 1316 1642 satis
1351 1599 1497 1648 recte
1532 1587 1953 1657 signiﬁcavit),et
1989 1589 2195 1655 scripsit
2236 1589 2288 1640 in

718 1690 784 1740 iis
813 1686 982 1744 libris.
1010 1702 1139 1754 quos
1172 1688 1420 1737 adversus
1451 1697 1626 1734 omnes
1651 1681 1874 1734 hwreses
1918 1679 2218 1732 doctissimo
2244 1689 2290 1732 et

718 1779 1139 1848 eloquentissimo
1178 1791 1419 1830 sermone
1469 1773 1760 1842 composuit
1795 1770 1887 1842 (c).
1916 1769 2005 1824 IV.
2043 1770 2288 1838 Denique

2392 592 2619 628 numero
2647 576 2874 629 omnino
2929 574 3224 641 repositum
3269 570 3477 626 videbis
3514 568 3800 633 Irenaeum,
3848 575 3964 642 epi-

2389 682 2610 733 scopum
2641 665 3075 735 Lugdunensem,
3104 662 3436 728 recitataque
3455 662 3568 729 cjus
3596 661 3751 716 eiI'ata
3781 678 3966 731 quant-

2391 755 2618 822 plnrinta
2655 767 2707 808 et
2741 770 2987 822 magnam
3029 763 3237 821 partem
3289 754 3531 819 longiora
3562 754 3630 804 ἐκ·
3657 754 3750 805 τοῦ
3778 754 3962 825 τρίτου

2387 846 2544 912 λόγου
2566 845 2669 897 τῶν
2696 847 2773 907 εἰς
2799 844 2896 907 τὰς
2931 845 3168 915 αἱρέσεις
3194 843 3278 913 (i),
3311 845 3373 895 ὲκ
3399 842 3492 894 τοῦ
3518 844 3776 914 τετάρτου
3801 847 3962 914 λόγου

2388 938 2494 988 τῶν
2525 938 2602 998 εἰς
2634 937 2729 998 τὰς
2771 937 3010 1005 αἱρέσεις
3061 936 3144 1005 (j),
3181 947 3233 989 et
3267 937 3330 987 ὲκ
3375 935 3467 988 τοῦ
3520 937 3766 1006 πέμπτου
3803 937 3962 1006 λόγου

2387 1029 2484 1097 τῆς
2504 1027 2672 1096 αὐτῆς
2701 1027 3079 1097 πραγματείας
3115 1026 3206 1095 (lt).
3245 1026 3334 1078 Sic
3357 1038 3410 1080 et
3435 1027 3807 1082 Theodoretus
3835 1045 3962 1084 usus

2390 1129 2470 1171 est
2526 1120 2675 1171 libris
2735 1121 2986 1172 adversus
3026 1121 3277 1181 luci-eses,
3325 1134 3621 1188 eorumque
3681 1131 3960 1176 auctorem

2391 1210 2585 1264 habuit
2619 1212 2872 1263 Irenaeum
2900 1227 2913 1274 ;
2944 1225 3117 1279 neque
3155 1213 3425 1281 ignoravit
3453 1223 3603 1268 certe
3657 1217 3779 1284 quis
3825 1202 3970 1285 qua-I

2391 1303 2524 1356 Iisve
2549 1305 2594 1357 is
2625 1303 2809 1355 fuerit.

2460 1393 2515 1448 In
2551 1403 2627 1448 tot
2657 1395 2817 1463 igitur
2853 1405 3066 1464 tamque
3109 1396 3349 1464 gravium
3401 1398 3618 1452 teStium
3655 1398 3834 1455 eﬂ‘atis
3868 1402 3952 1456 in.

2390 1489 2584 1541 nititur
2633 1489 2818 1556 opinio
2849 1529 2861 1550 ,
2908 1489 3170 1542 Irenaeum
3225 1486 3640 1557 Lugdunensem
3701 1509 3961 1550 exarasse

2392 1583 2651 1633 adversus
2685 1581 2966 1634 haereticos
2998 1583 3438 1636 commentarios.
3467 1583 3722 1654 Quisquis
3754 1586 3959 1640 critica;

2392 1673 2524 1726 artis
2559 1671 2727 1741 leges,
2763 1673 2957 1739 quibus
2994 1689 3173 1726 rerum
3213 1687 3488 1743 gestarum
3530 1677 3730 1729 veritas
3755 1677 3959 1747 dijudi-

2393 1776 2548 1820 cetur
2595 1774 2688 1819 aut
2739 1765 2952 1818 testium
3003 1765 3133 1819 ﬁdes
3174 1768 3493 1831 aestimetur,
3532 1769 3785 1822 habuerit
3833 1785 3963 1838 per-

717 1838 840 1923 cutit
870 1868 1170 1921 litterarum
1206 1838 1704 1935 philosophicarum
1750 1838 1927 1915 studia
1961 1859 2212 1914 laudaret
2236 1868 2290 1914 et
2323 1838 2364 1891 Β
2396 1865 2628 1923 spectas,
2668 1857 2714 1910 is
2748 1864 2897 1910 certe
2919 1856 3399 1921 noninﬁciabitur,
3423 1859 3535 1912 sive
3556 1859 3793 1926 testium,
3819 1876 3962 1930 quos

717 1959 983 2028 exemplis
1041 1957 1334 2011 illustrium
1396 1955 1724 2010 Christianae
1771 1952 2074 2022 disciplina:
2117 1953 2289 2022 magi-

717 2060 955 2106 strorum
981 2049 1410 2109 commendaret,
1443 2048 1732 2110 Irenaeum,
1770 2044 1988 2100 Pothini
2035 2045 2289 2114 martyris

718 2157 1116 2204 successorem,
1153 2156 1275 2194 cum
1303 2141 1426 2196 aliis
1451 2139 1775 2200 nominavit,
1806 2138 1895 2205 qui
1926 2135 2153 2204 origines
2182 2136 2288 2188 Ita:-

716 2252 898 2289 reseon
943 2235 1270 2303 singularum
1297 2245 1346 2286 et
1376 2249 1440 2287 ea:
1482 2232 1672 2302 quibus
1705 2229 2132 2298 philosophorum
2164 2225 2288 2293 [on-

717 2330 854 2383 tibus
876 2330 1250 2392 emanaverint,
1267 2327 1446 2382 multis
1470 2326 1818 2381 voluminibus
1841 2323 2168 2393 eaplicarunt
2185 2320 2284 2388 (d).

714 2419 973 2476 Consulto
996 2434 1139 2472 nunc
1178 2416 1533 2486 przetermitto
1576 2415 1680 2469 alia
1728 2412 2040 2484 Hieronymi
2090 2408 2281 2475 eﬂ'ata,

721 2512 920 2582 quibus
975 2511 1163 2565 Irenaei
1212 2510 1340 2564 fecit
1367 2508 1713 2572 mentionem,
1761 2520 1933 2575 neque
1960 2504 2188 2558 obscure
2230 2515 2288 2556 se

715 2618 854 2672 opus
900 2601 1028 2655 illud
1071 2602 1335 2655 adversus
1403 2601 1641 2654 hazreses
1695 2598 1750 2651 in
1797 2606 1982 2652 mente
2034 2593 2289 2649 habuisse

717 2692 1062 2762 signiﬁcavit.
1107 2691 1390 2746 Suﬁiciunt
1425 2699 1572 2745 certe
1609 2691 1747 2754 haec,
1795 2699 1854 2742 ut
1898 2687 2284 2754 intelligamus,

716 2783 1103 2854 Hieronymum
1139 2797 1244 2835 nou
1286 2782 1457 2835 solum
1494 2782 1666 2836 libros
1712 2779 1836 2833 illos
1873 2780 2109 2847 quinque
2148 2779 2286 2831 bene

715 2875 1054 2942 cognovisse,
1081 2872 1177 2926 sed
1209 2873 1371 2925 etiam
1418 2881 1605 2940 aperte
1644 2885 1765 2924 esse
1799 2879 2074 2930 testatum,
2108 2868 2283 2922 editos

715 2965 931 3018 eosdem
961 2963 1128 3017 fuisse
1174 2965 1241 3016 ab
1272 2962 1496 3027 Irenaeo,
1535 2961 1971 3031 Lugdunensium
2001 2974 2284 3016 sacrorum

717 3064 837 3125 post
858 3053 1145 3109 Pothinum
1189 3054 1441 3122 praesule.

2394 1947 2654 2015 produxi,
2705 1961 2992 2000 numerum
3034 1955 3088 2000 et
3134 1947 3596 2015 praestantiam—
3619 1963 3778 2003 nemo
3808 1950 3958 2005 enim

2390 2048 2575 2088 eorum
2614 2035 2853 2101 fraudis,
2889 2044 2984 2089 aut
3012 2050 3109 2104 per
3126 2034 3310 2102 jocum
3351 2036 3810 2108 petulantiamque
3851 2041 3961 2094 fal-

2391 2125 2535 2178 lendi
2576 2125 2713 2186 alios
2745 2125 2982 2180 libidinis
3026 2126 3129 2181 hoc
3156 2126 3276 2181 loco
3303 2129 3420 2183 sine
3445 2128 3642 2196 injuria
3674 2130 3964 2186 insimula-

2390 2219 2557 2285 bitur,
2600 2234 2778 2290 neque
2808 2219 2948 2275 ullus
2987 2236 3174 2275 eorum
3213 2237 3310 2276 sua
3344 2239 3410 2278 ex
3448 2225 3622 2280 altero
3657 2229 3962 2295 sumpsisse

2331 2336 2333 2339 ί
2391 2315 2866 2384 arguetur,—sive
2901 2315 3368 2382 testimoniorum,
3396 2334 3515 2386 qua:
3540 2319 3854 2388 ediderunt,
3881 2322 3962 2376 itt-

2397 2409 2705 2478 tegritatem
2740 2415 2794 2461 et
2818 2409 3258 2478 perspicuitatem
3284 2411 3734 2479 consideraverit,
3762 2424 3855 2468 aut
3882 2415 3960 2472 ita

2391 2514 2533 2562 esse.
2581 2502 2660 2556 uti
2697 2502 2832 2567 dixi,
2869 2511 2962 2557 aut
2992 2503 3129 2557 nihil
3164 2504 3277 2558 veri
3315 2504 3495 2558 inesse
3529 2515 3779 2560 veterum
3812 2516 3959 2561 tem-

2391 2611 2581 2666 porum
2627 2597 2919 2652 memoriae.
2966 2597 3212 2661 Accedit,
3259 2599 3403 2666 quod
3439 2599 3559 2653 sine
3612 2599 3961 2656 btesitatione

2390 2686 2630 2752 afﬁrmo,
2662 2702 2730 2740 cx
2777 2688 3104 2756 scriptorum
3139 2698 3416 2757 veterum,
3456 2705 3594 2758 quos
3631 2692 3716 2745 sui
3752 2692 3960 2763 ingenii

2391 2780 2720 2832 monimenta
2756 2780 3041 2848 reliquisse
3077 2782 3302 2844 scimus,
3341 2783 3457 2835 sive
3496 2784 3612 2837 hzec
3655 2786 3957 2851 supersint,

2389 2872 2504 2924 sive
2537 2871 2877 2935 interierint,
2921 2884 3026 2924 tam
3073 2871 3385 2926 Grmcorum
3411 2913 3426 2936 ,
3468 2889 3630 2942 quam
3666 2875 3956 2931 Romano-

2390 2978 2508 3015 rum
2529 3003 2541 3023 ,
2582 2972 2691 3015 tam
2721 2962 3116 3030 profanorum,
3154 2978 3317 3031 quam
3349 2964 3787 3019 Christianorum
3818 2968 3959 3020 mul-

2391 3055 2660 3118 titudine,
2697 3055 2738 3109 si
2775 3054 2842 3108 ab
2872 3054 3127 3119 Homero,
3159 3055 3431 3110 Herodoto
3454 3096 3468 3119 ,
3507 3056 3762 3124 Platone,
3797 3059 3963 3113 Cice-

789 3145 886 3200 llis
922 3146 1150 3214 denique
1183 3147 1398 3198 unicum
1442 3144 1640 3198 addere
1670 3144 1830 3197 liceat
1861 3141 2278 3206 Theodoretum,
2311 3172 2351 3227 C
2388 3163 2519 3201 mne
2542 3187 2556 3210 ,
2615 3148 2915 3216 Augustino
2939 3187 2953 3212 ,
3002 3147 3393 3217 Chrysostomo
3439 3149 3634 3219 hisque
3685 3150 3960 3206 similibus

718 3253 927 3306 magna:
955 3248 1010 3290 et
1032 3237 1195 3289 variae
1232 3236 1556 3289 eruditionis
1588 3235 1782 3298 virtttu,
1829 3234 1918 3301 qui
1948 3246 2069 3300 quae
2100 3234 2164 3285 de
2195 3247 2284 3285 ve-

719 3330 1034 3385 tustissimis
1078 3329 1376 3383 hacresibus
1419 3327 1776 3389 enarraverit,
1816 3326 2085 3392 accepisse
2117 3339 2194 3388 se,
2227 3333 2285 3377 ut

717 3422 874 3475 decet
913 3423 1111 3475 bonum
1152 3422 1490 3484 historicum,
1537 3420 1819 3474 confessus
1861 3429 1944 3472 est
1979 3420 2048 3488 (e)
2086 3419 2148 3470 ὲκ
2176 3417 2283 3468 τῶν

717 3508 960 3561 παλαιῶν
995 3510 1094 3579 τῆς
1137 3509 1458 3579 Ἐκκλησίας
1485 3509 1834 3571 διδασκάλων,
1875 3509 2162 3561 Ἰουστίνου
2189 3506 2282 3558 τοῦ

715 3601 1004 3667 φιλοσόφου
1044 3602 1135 3654 καὶ
1182 3602 1455 3673 μάρτυρος
1498 3601 1586 3670 (ί),
1633 3602 1723 3653 καὶ
1771 3600 2052 3672 Εἱρηναίου
2091 3597 2182 3650 τοῦ
2215 3597 2283 3650 τὰ

716 3691 955 3744 Κελτικὰ
982 3692 1073 3744 καὶ
1109 3693 1522 3762 γεωργήσαντος
1559 3692 1648 3744 καὶ
1686 3690 2014 3760 φωτίσαντος
2041 3688 2189 3759 ἔθνη,
2223 3704 2276 3740 κ.

716 3801 765 3837 τ.
813 3781 863 3835 λ.
898 3784 1029 3839 Cum
1077 3785 1286 3838 somnia
1323 3793 1377 3836 et
1423 3782 1645 3852 ﬂagitia,
1681 3799 1800 3851 quae
1843 3784 1907 3835 de
1955 3782 2282 3850 Carpocrate

716 3875 943 3945 ejusque
975 3877 1200 3931 asseclis
1235 3878 1374 3929 tradi
1410 3876 1606 3939 solent,
1635 3876 1866 3929 strictim
1904 3874 2188 3943 attigisset,
2216 3888 2283 3926 ne

719 3968 844 4037 tingi
880 3967 1185 4035 huiusmodi
1236 3969 1645 4020 criminationes
1689 3967 1809 4035 quis
1845 3967 2167 4033 suspicetur,
2202 3974 2283 4018 tc-

716 4069 858 4113 Stem
918 4058 1177 4112 excitavit
1233 4057 1530 4122 Irenaeum,
1593 4057 1683 4126 qui
1715 4058 2060 4113 Occidentem
2123 4056 2279 4111 Chri-

715 4152 905 4206 stiana:
941 4150 1217 4220 religionis
1248 4150 1367 4204 luce
1397 4148 1815 4212 collustraverit,
1859 4149 2031 4201 virum
2064 4159 2281 4218 aposto-

714 4243 902 4307 licum,
939 4241 1160 4309 ejusque
1202 4242 1455 4295 excitatis
1486 4241 1668 4295 verbis
1715 4241 1830 4294 hazc
1869 4241 2126 4308 pramtisit
2151 4239 2224 4311 (g)
2261 4259 2276 4292 :

715 4333 878 4400 Λέγει
931 4333 985 4384 δὲ
1036 4326 1187 4395 οὗτος
1243 4335 1298 4384 ὲν
1347 4331 1423 4401 τῷ
1468 4330 1666 4401 πρώτῳ
1711 4330 1897 4400 βιϐλίῳ
1938 4330 2042 4383 τῶν
2074 4333 2152 4394 εἰς
2184 4330 2281 4394 τὰς

715 4426 954 4496 αἱρέσεις
987 4424 1404 4494 συκλγραφέντων
1419 4423 1585 4493 αὐτῷ.
1606 4424 1865 4477 Eumdem
1884 4423 2277 4476 Theodoretum

2387 3240 2716 3293 discesseris
2742 3279 2756 3304 ,
2791 3241 2884 3307 qui
2943 3250 3021 3293 tot
3060 3252 3277 3309 tamque
3322 3242 3579 3310 antiquos
3629 3257 3852 3311 operum
3887 3246 3959 3298 ab

2387 3331 2497 3385 illis
2527 3332 2868 3385 conditorum
2896 3331 3205 3387 laudatores
3242 3332 3387 3386 nacti
3429 3341 3633 3392 essent.
3662 3333 3959 3388 admodum

2387 3439 2591 3492 paucos
2616 3439 2760 3478 esse.
2795 3423 2984 3492 Neque
3028 3425 3080 3480 id
3114 3425 3312 3494 negligi
3349 3441 3377 3478 a
3421 3426 3577 3480 nobis
3625 3425 3804 3490 debet,
3834 3428 3959 3481 exi-

2386 3531 2547 3584 guutn
2606 3527 2756 3569 certe
2797 3530 2916 3570 esse
2970 3517 3428 3571 monimentorum
3469 3518 3907 3572 Christianorum
3939 3564 3955 3586 ,

2385 3622 2503 3675 quae
2536 3607 2602 3658 ad
2667 3604 2921 3659 saeculum
2983 3607 3202 3659 tertium
3246 3607 3579 3671 referuntur,
3626 3624 3954 3675 numerum;

2387 3699 2685 3753 maximam
2740 3714 2928 3752 eorum
2981 3709 3190 3768 partem
3237 3714 3358 3754 esse
3404 3701 3706 3768 perditam;
3750 3711 3961 3770 praeter

2384 3791 2707 3845 Tertulliani
2737 3790 2946 3844 libellos
2993 3791 3129 3844 nihil
3158 3807 3345 3845 eorum
3384 3806 3698 3861 superesse,
3751 3794 3844 3859 qui
3884 3794 3958 3847 ad

2385 3883 2672 3937 historiam
2695 3882 2983 3936 haaresium
3004 3882 3373 3936 enarrandam
3419 3883 3794 3951 pertinebant;
3822 3885 3964 3938 mul-

2384 3985 2559 4028 torum
2597 3991 2660 4029 ex
2717 3975 3080 4043 scriptoribus
3117 3972 3506 4028 ecclesiasticis
3551 3976 3873 4028 memoriam
3923 3991 3956 4030 a

2385 4068 2502 4121 solo
2537 4066 2794 4131 Eusebio,
2829 4067 2983 4120 imoa
3014 4065 3127 4119 solo
3159 4065 3490 4136 Hieronymo
3520 4066 3751 4134 posteris
3776 4064 3958 4122 fuisse

2381 4156 2849 4221 commendatam,
2900 4156 3097 4225 quibus
3148 4169 3336 4211 omnes
3392 4156 3742 4210 assentimur.
3805 4157 3956 4224 Quid

2382 4264 2566 4319 quaeso
2588 4259 2672 4302 est
2699 4263 2904 4313 causae,
2942 4264 3039 4302 cur
3080 4248 3269 4300 iisdem
3309 4257 3499 4316 totque
3535 4248 3655 4301 aliis
3681 4250 3954 4304 credendi

2381 4341 2615 4394 oﬁicium
2653 4341 2980 4408 denegemtts
3028 4338 3392 4403 testantibus,
3444 4338 3702 4392 Irenaeum
3754 4352 3959 4396 aucto-

2383 4448 2494 4486 rem
2531 4446 2649 4485 esse
2673 4441 2862 4485 contra
2898 4431 3139 4485 bzereses
3175 4429 3474 4484 librorum?

715 4517 1000 4586 scripsisse
1024 4518 1114 4584 qui
1144 4526 1430 4584 supersunt
1462 4515 1702 4583 dialogos
1735 4527 1867 4579 tres,
1901 4514 2212 4584 Ἐρανιστοῦ
2241 4508 2272 4578 ἢ

2453 4524 2839 4594 Progredimur
2872 4523 2937 4576 ad
2976 4522 3203 4575 alteram
3250 4521 3733 4576 demonstrationis
3780 4521 3954 4590 hujus

715 4609 1064 4680 πολυμόρφου
1093 4610 1309 4662 nomine
1339 4608 1642 4676 insignitos,
1675 4608 1800 4662 licet
1846 4609 2086 4662 nonnulli
2115 4609 2274 4661 dubi—

716 4706 982 4770 taverint;
1024 4712 1082 4756 ut
1120 4711 1298 4755 tamen
1341 4703 1454 4770 ipse
1507 4701 1738 4754 ﬁrmiter
1785 4701 2028 4766 credam,
2076 4703 2276 4770 quibus

716 4798 896 4852 causis
943 4794 1278 4852 commoveri
1325 4809 1411 4848 me
1451 4794 1645 4862 patiar,
1694 4793 1819 4848 alibi
1867 4794 2136 4848 declaravi
2175 4794 2272 4864 (It).

717 4888 973 4957 Quisquis
1034 4901 1164 4942 vero
1216 4884 1603 4951 illos;legcrit,
1665 4899 1826 4939 nosse
1871 4901 1994 4939 eum
2041 4894 2271 4955 oportet,

716 4983 946 5049 singulis
972 4980 1198 5051 dialogis
1222 4977 1459 5047 subjecta
1502 4979 1668 5033 fuisse
1694 4979 2056 5047 antiquiorum
2089 4983 2275 5033 docto-

718 5087 837 5125 rutn
860 5072 998 5140 loca,
1032 5075 1608 5142 quorumauctoritate
1649 5072 1930 5127 sententia:
1958 5065 2022 5126 de
2045 5086 2272 5141 persona

812 5206 890 5275 (ιι)
938 5206 1113 5260 Catal.
1157 5209 1313 5262 uiror.
1353 5206 1546 5260 illustr.
1599 5218 1718 5275 cap.
1770 5205 1859 5269 35,
1908 5213 1944 5261 t.
1997 5201 2038 5257 II
2085 5204 2271 5273 Oper.,

715 5291 768 5344 p.
817 5277 938 5336 875,
990 5279 1120 5334 edit.
1159 5277 1429 5334 Vallarsii.

787 5347 859 5417 (ὁ)
898 5346 982 5418 1ηῄ
1009 5344 1123 5399 Isa.
1163 5363 1310 5418 thv,
1344 5359 1380 5400 ι.
1407 5417 1413 5418 γ
1440 5346 1506 5401 ιγ
1570 5351 1751 5418 Oper.,
1799 5343 2008 5418 p._76l.

789 5415 859 5482 te)
894 5416 1060 5484 Epist.
1115 5417 1180 5468 ad
1231 5417 1503 5471 Theodor.
1552 5415 1809 5472 Blartiatt.
1864 5415 1926 5469 L.
1973 5416 2077 5483 III,

719 5483 844 5533 lars.
877 5501 1034 5533 Lxxv.
1066 5501 1118 5533 n-
1152 5488 1206 5533 5-
1237 5499 1272 5533 t.
1317 5489 1538 5533 Minor“
1575 5504 1625 5533 n-
1652 5488 1775 5533 ΜΤ-

738 5500 844 5536 ars.
876 5501 1034 5550 Lxxv,
1065 5501 1118 5541 ιι.
1152 5488 1207 5550 5,
1237 5499 1272 5537 ι.
1316 5489 1539 5554 IUper.,
1575 5504 1627 5554 p.
1652 5488 1775 5541 447.

738 5556 1179 5676 ng‘d)uhlpi‘tgb-ad
1222 5555 1394 5625 Magn.
1442 5557 1697 5612 Marti-an.
1747 5570 1983 5624 Lxxxtv,
2034 5555 2273 5613 Vallars.

713 5627 1297 5764 ui‘e’)pi’r+£2l?.llwt'et.
1345 5695 1536 5765 fabul.,
1585 5708 1623 5753 t.
1670 5697 1732 5753 IV
1777 5697 1981 5767 Opem,
2036 5713 2088 5768 p.
2145 5698 2273 5764 280,

715 5765 847 5822 edit.
887 5768 1142 5822 Schulzii.

731 5783 847 5823 tuli.
887 5783 1142 5823 DCIIUIZII.

2149 5415 2274 5469 Val—

2380 4617 2685 4688 argumcuti
2720 4626 2929 4684 partem
2981 4615 3382 4683 explicandam.
3424 4614 3539 4669 Ilac
3577 4628 3709 4668 vero
3751 4615 3952 4682 inqui-

2379 4710 2531 4762 rendi
2588 4709 2842 4775 imposita
2890 4707 3048 4761 nobis
3101 4716 3182 4761 est
3221 4708 3558 4770 necessitas,
3612 4720 3736 4759 num
3774 4707 3950 4758 iidem

2378 4803 2487 4856 sint
2522 4802 2710 4854 Irenazi
2741 4803 3004 4855 adversus
3037 4801 3271 4854 haereses
3305 4797 3452 4861 libri,
3480 4812 3620 4867 quos
3654 4797 3945 4861 viderunt,

2377 4893 2666 4960 legerunt,
2705 4891 3059 4945 laudaverunt
3097 4890 3393 4957 scriptores
3420 4887 3600 4941 saeculi
3638 4902 3718 4951 ιιι,
3756 4902 3833 4951 tv,
3885 4903 3944 4950 ν,

2376 5000 2498 5036 cum
2537 4985 2639 5047 his,
2672 4997 2806 5052 quos
2842 4984 2894 5035 in
2932 4983 3185 5035 manibus
3217 4981 3418 5035 nostris
3449 4980 3729 5033 habemus.
3765 4979 3945 5034 Recte

2377 5076 2429 5131 id
2462 5077 2625 5129 statui
2660 5086 2713 5129 et
2749 5073 3029 5140 amrmari,
3061 5073 3244 5128 multis
3268 5072 3515 5141 variique
3551 5069 3765 5141 generis
3800 5085 3943 5126 con-

2445 5209 2512 5277 (γ’)
2541 5207 2808 5262 Justinum
2835 5208 3117 5275 reliquisse
3156 5217 3343 5262 contra
3374 5221 3561 5259 omnes
3598 5205 3835 5277 hatreses
3871 5205 3942 5257 li-

2375 5275 2502 5332 bros
2551 5294 2690 5332 nunc
2727 5281 3059 5345 deperditos,
3109 5289 3309 5330 norunt
3344 5290 3549 5330 omnes.
3599 5275 3736 5345 Hinc
3769 5278 3940 5343 quale

2378 5349 2558 5402 lrcna-i
2599 5365 2730 5417 opus
2760 5344 3017 5417 Cyrensis
3048 5348 3248 5409 laudet,
3288 5357 3401 5399 tuto
3427 5344 3788 5417 concluditur.

2449 5421 2521 5488 (9)
2560 5413 2819 5482 Ηαὲνειὶιτξ
2874 5417 3085 5484 {abul.,
3147 5417 3239 5471 lib.
3303 5431 3522 5488 t._icap.
3573 5415 3634 5478 5,
3692 5427 3747 5482 p.
3797 5413 3934 5470 294.

2448 5486 2526 5553 (It)
2561 5489 2701 5542 Hist.
2734 5493 2943 5550 names”
2974 5489 3080 5540 vol.
3108 5488 3195 5550 VI,
3221 5503 3272 5555 p.
3308 5486 3432 5540 521.

2449 5552 2514 5626 (ι)
2555 5559 2748 5619 Dial.t,
2787 5575 2836 5625 p.
2881 5558 2967 5619 5|,
3007 5559 3136 5610 dial.
3189 5552 3249 5616 tt.
3277 5572 3345 5628 p.
3373 5555 3516 5628 l28;_
3561 5552 3689 5609 dial.
3735 5568 3821 5621 nt,
3866 5569 3933 5628 Ρ.

2375 5630 2498 5690 251,
2546 5629 2746 5680 laudati
2780 5642 2999 5694 operum
3030 5627 3350 5682 Theodoreti
3391 5626 3571 5698 lOtui.‘

2450 5700 2512 5767 (j)
2546 5699 2676 5755 Dial.
2710 5714 2770 5762 tt,
2803 5714 2853 5766 ιι.
2897 5699 3016 5751 1‘29.

2449 5770 2519 5842 tr)
2551 5769 2684 5824 Dial.
2716 5784 2797 5837 nt,
2830 5783 2880 5839 p.
2916 5768 3040 5821 9.32.
