4188 6336
250 382 351 440 597

1031 381 1119 435 DE
1153 379 1553 436 AiJTllENTlA
1592 381 1948 438 LlBROliUM
1988 380 2247 437 ΙΒΕΝᾹΞΙ
2284 379 2441 435 ADV'.
2481 377 2758 434 ΙΙίΕΙῖΕδ.

3409 387 3516 444 598

252 500 530 569 litterarii,
577 512 862 572 postquam
906 518 962 557 se
1005 501 1202 570 legisse
1235 505 1493 558 lrcnranm
1525 515 1580 557 ct
1612 522 1672 557 ex
1717 506 1832 572 ejus
1864 519 1907 567 Α
1940 506 2244 559 versionem
2284 505 2561 574 Syriacam
2594 506 2858 574 integram
2892 505 3189 572 exstitisse,
3229 523 3327 562 nec
3363 509 3516 566 Pari-

255 593 408 649 libris
442 609 542 648 sua
574 595 831 651 didicisse
866 595 1170 648 luculenter
1204 597 1598 664 signiticaruut.
1629 595 1833 648 Praeter

254 685 355 742 hos
404 686 639 740 alierum
675 689 895 740 Patrum
939 685 1099 738 effata
1138 687 1340 754 passim
1387 697 1666 752 notantur,
1714 703 1833 755 quae

254 773 443 832 Irenrei
508 778 676 832 dictis
722 777 999 831 simillima
1036 791 1196 841 sunt;
1261 788 1315 831 at
1367 793 1430 831 ex
1491 779 1581 830 illo
1646 777 1833 831 fraude

255 869 535 937 exscripta
557 883 689 923 “esse
723 883 809 931 ea,
844 882 1004 921 nemo
1041 867 1220 921 dicere
1245 883 1410 922 ausus
1446 877 1525 921 est
1563 869 1657 936 (ri).
1689 871 1832 922 Prm-

255 960 413 1030 cipue
441 961 570 1025 jure
597 960 794 1013 addere
829 959 960 1013 libet
990 959 1329 1028 Ep/irwmum
1362 959 1553 1029 Syrum
1583 963 1648 1013 de
1679 961 1830 1026 cujus

253 1055 373 1110 loco
403 1054 562 1124 digna
601 1054 716 1108 hcce
761 1063 888 1106 sunt
921 1061 1103 1108 nostra
1142 1054 1549 1107 observatione.
1593 1053 1831 1121 Diligen-

257 1149 345 1202 tia:
390 1146 477 1202 Jo.
525 1147 656 1200 Ern.
710 1144 897 1200 Grabii
963 1153 1244 1212 acceptum
1284 1145 1334 1198 id
1386 1143 1631 1206 ferimus,
1685 1145 1827 1212 quod

253 1240 531 1306 insignem
567 1249 622 1293 et
650 1239 785 1293 satis
816 1240 1028 1310 longam
1061 1239 1248 1293 lrenrei
1286 1237 1358 1306 {b)
1394 1238 1736 1306 particulam,
1766 1240 1830 1291 de

252 1329 637 1386 haereticorum
692 1330 975 1399 Scriptura
1011 1344 1164 1384 sacra
1201 1331 1454 1385 abutendi
1494 1330 1725 1392 artibus,
1763 1330 1828 1380 ab

251 1420 539 1490 Epitraemo
582 1421 652 1489 (υ)
683 1421 900 1482 recitari
945 1436 1052 1474 non
1085 1422 1242 1474 modo
1281 1421 1509 1485 monuit,
1547 1422 1640 1472 sed
1676 1435 1828 1471 earn-

252 1514 376 1569 dem
403 1515 568 1569 etiam
603 1514 851 1568 Graecam
884 1527 950 1567 ex
987 1513 1177 1567 codice
1218 1513 1510 1568 Bodleiano
1553 1524 1824 1580 sumptam

249 1605 463 1674 primus
499 1618 620 1657 cum
654 1603 842 1657 Graeco
870 1601 1058 1657 lrenaai
1093 1612 1244 1657 textu
1288 1605 1428 1672 apud
1463 1603 1823 1673 Epiphanium

248 1692 482 1749 contulit
511 1693 872 1762 lectionisqne
905 1695 1224 1750 varietatem
1250 1710 1360 1748 suae
1383 1696 1571 1749 lreuad
1600 1695 1824 1747 editioni

250 1785 528 1854 ascripsit.
584 1783 662 1837 Eo
701 1784 843 1837 enim
875 1793 1117 1854 tempore
1163 1785 1346 1840 Grzeca
1384 1785 1653 1855 Ephraemi
1694 1801 1826 1854 opu-

1938 598 2212 652 sieusibus
2249 597 2531 651 monachis
2569 597 2634 667 (f)
2665 601 2747 654 ad,
2777 597 2922 652 illam
2971 599 3358 654 confutandam
3391 618 3512 656 mo-

1938 691 2214 754 nentibus,
2263 690 2502 758 potuisse
2552 689 2893 756 Ephrmmum
2949 690 3175 743 aliorum
3228 707 3390 761 opera
3443 697 3511 748 ad

1937 782 2318 848 intelligendos
2341 781 2559 836 Graacos
2587 795 2837 839 auctores
2868 787 2966 841 uti.
3021 785 3216 838 Nescio
3245 797 3511 855 praeterea

1935 890 2032 926 cur
2083 875 2427 942 prrrcmum
2482 874 2677 945 lingua:
2728 875 2929 930 Grzeca:
2985 892 3208 946 prorsus
3261 880 3509 947 ignarum

1936 967 2105 1020 fuisse
2161 968 2468 1034 credamus,
2524 983 2684 1036 quem
2737 978 2947 1023 constat
2999 970 3336 1035 Greecorum,
3369 986 3416 1024 ν,
3457 986 3508 1028 c.

1934 1059 2120 1113 Basilii
2181 1062 2473 1114 amicitiam
2526 1062 2781 1115 coluisse.
2827 1061 3169 1116 Nobilissima
3210 1063 3296 1115 illa
3343 1064 3511 1118 Sozo-

1934 1153 2075 1206 meui
2122 1162 2175 1204 et
2207 1153 2538 1208 Theodoreti
2579 1154 2915 1220 testimonia,
2953 1155 3195 1208 caruisse
3245 1170 3368 1208 eum
3410 1156 3511 1227 τῆς

1932 1244 2178 1307 παιδείας
2243 1244 2560 1316 Ἑλληνικῆς
2612 1262 2710 1299 usu
2800 1260 2897 1298 cur
2960 1246 3024 1299 ad
3085 1245 3282 1314 lingua:
3341 1248 3507 1301 etiam

1932 1336 2134 1389 Grmcac
2195 1335 2556 1404 ignorantiam
2627 1337 3036 1406 significandam
3099 1342 3506 1407 contorquenda

1931 1431 2061 1489 sint,
2099 1441 2199 1496 ego
2243 1428 2456 1495 quidem
2501 1443 2605 1482 non
2655 1429 2830 1482 video.
2869 1428 2972 1482 Sed
3006 1429 3119 1483 haec
3155 1430 3230 1492 ὼς
3263 1431 3319 1481 ἐν
3364 1448 3512 1502 παρ-

1928 1522 2050 1590 ὁδῳ.

1956 1689 1957 1694 γ
2002 1618 2076 1670 lta
2098 1616 2223 1680 feci,
2254 1618 2396 1687 quod
2430 1617 2608 1670 facere
2634 1615 2908 1684 rccepi,et
2936 1617 3126 1685 collegi
3171 1633 3513 1688 quaecunque

1928 1719 2219 1779 supersunt
2245 1716 2486 1764 veterum
2523 1709 2848 1777 scriptorum
2884 1710 3020 1773 loca,
3063 1727 3129 1764 ex
3162 1713 3360 1780 quibus
3389 1722 3508 1765 tuto

1929 1801 2292 1863 concluditur,
2327 1815 2452 1852 vere
2487 1799 2671 1852 lrcna-i
2731 1800 2921 1863 libros,
2965 1817 3100 1869 quos
3146 1801 3396 1869 legerunt
3429 1802 3507 1856 illi

248 1875 392 1930 seu“
421 1876 601 1930 νενείο
637 1876 874 1928 nmmum
909 1877 961 1928 i"
999 1875 1173 1930 lucem
1218 1877 1491 1945 illiillic-im
1539 1885 1658 1928 0"”
1703 1893 1826 1945 Pm'
1859 1883 1899 1935 Β
1931 1901 1982 1945 ct
2016 1879 2444 1960 descripserunt,
2496 1905 2617 1943 cum
2657 1891 2740 1943 bis
2773 1891 2970 1960 quibus
3012 1908 3109 1946 nos
3142 1893 3344 1945 utimur
3380 1907 3507 1947 eos-

248 1968 431 2022 ducta.
471 1967 624 2034 Quod
656 1971 873 2037 quidem
907 1985 1070 2040 opera
1105 1970 1338 2024 Eduardi
1373 1968 1615 2022 Twaitsii
1652 1969 1828 2021 conti-

247 2059 347 2128 git,
372 2060 462 2129 qui
496 2076 838 2132 qmecunque
862 2063 1102 2118 nancisci
1128 2061 1322 2129 potuit,
1345 2060 1530 2115 Graaca
1554 2059 1822 2128 Ephriemi

246 2151 512 2222 Opuscula
549 2155 770 2223 collegit
806 2163 860 2208 et
890 2153 1291 2224 elegantissime
1325 2153 1597 2223 descripta
1630 2150 1823 2206 Oxouii

245 2247 470 2316 prodire
519 2247 714 2316 jussit;
769 2247 1043 2317 ignoravit
1105 2258 1282 2300 tamen
1341 2247 1668 2310 Massnetus,
1717 2248 1826 2299 imo

245 2339 339 2392 vix
374 2339 548 2408 potuit
581 2340 698 2394 fieri
743 2341 875 2411 quin
929 2341 1469 2411 ignoraret,ideoque
1502 2339 1691 2394 Grahii
1732 2339 1826 2392 ob-

246 2433 594 2486 servationes
617 2434 836 2502 repetiit
871 2448 1105 2502 suasque
1138 2417 1357 2500 adjecit,
1395 2434 1591 2502 quibus
1626 2433 1822 2485 librum

244 2524 512 2594 scriptum
552 2524 882 2580 Colbertina:
928 2525 1269 2580 bibliothecae
1301 2526 1658 2595 comparavit.
1695 2525 1820 2577 Post

244 2613 616 2671 Oxoniensem
638 2618 928 2673 editionem
956 2619 1189 2674 accessit
1208 2618 1527 2671 Assemanni
1555 2617 1823 2682 Romana,

244 2710 339 2779 qui
393 2712 556 2766 etiam
601 2728 790 2766 novem
842 2714 1184 2767 enumeravit
1237 2714 1451 2767 codices
1502 2713 1718 2768 Graecos
1767 2715 1840 2782 in.

249 2806 419 2860 variis
451 2804 799 2861 bibliothecis
847 2806 1141 2874 dispersos,
1183 2807 1378 2873 quibus
1429 2805 1699 2872 Ephrmmi
1737 2805 1823 2858 ille

244 2909 430 2948 sermo
478 2896 788 2949 continetur
836 2895 937 2964 (d).
987 2895 1176 2949 lreuzei
1217 2911 1408 2948 nomen
1457 2895 1528 2948 ibi
1589 2910 1692 2946 non
1744 2905 1826 2948 est

243 3000 601 3055 expressum;
656 2990 748 3041 sed
808 2990 943 3042 satis
997 2987 1188 3040 habuit
1241 2985 1433 3057 Syrus,
1480 2985 1660 3039 verbis
1706 2987 1824 3054 ejus

243 3077 364 3131 hzec
418 3079 746 3145 praemittere
791 3095 805 3130 :
853 3077 996 3148 Πρὸς
1044 3077 1136 3140 oili;
1189 3077 1368 3139 καλῶς
1426 3076 1518 3129 καὶ
1574 3078 1824 3146 μεγάλως

240 3171 564 3242 ἁπεφήνατὸ
594 3187 676 3234 τις
707 3170 816 3224 τῶν
852 3172 1039 3240 ἁγίων,
1073 3169 1245 3234 οὕτως
1286 3169 1499 3235 διδάξας
1543 3172 1632 3222 καί
1669 3187 1818 3240 φησι.

1931 1987 2050 2038 dem
2097 2000 2237 2040 esse.
2276 1983 2387 2036 Nisi
2441 1984 2600 2052 hujus
2631 1984 2846 2053 generis
2893 1996 3211 2053 argumenta
3248 1986 3312 2038 ad
3357 2001 3509 2039 com-

1930 2079 2264 2146 l'tl‘f)l,lilll(l:llll
2303 2085 2542 2129 veterum
2575 2076 3033 2129 monimentorum
3066 2076 3351 2130 αὐθεντίαν
3383 2087 3506 2146 apta

1928 2172 2036 2224 sint
2081 2178 2135 2222 et
2191 2168 2405 2232 idonea,
2465 2169 2568 2221 nisi
2623 2169 2726 2232 his,
2762 2183 2994 2238 quorum
3043 2170 3342 2222 auctoritas
3395 2179 3506 2222 tam

1929 2262 2096 2316 certis
2135 2271 2356 2329 tamque
2409 2262 2678 2329 expeditis
2728 2263 3074 2316 documentis
3123 2264 3346 2329 nititur,
3381 2280 3507 2317 cre-

1929 2356 2086 2408 dendi
2121 2356 2190 2408 sit
2215 2353 2447 2409 ollicium
2487 2357 2610 2409 boni
2639 2359 2737 2410 viri
2775 2359 2998 2424 verique
3027 2358 3276 2421 studiosi,
3315 2372 3507 2411 vereor

1928 2463 2080 2512 sane,
2132 2463 2198 2501 ne
2251 2448 2396 2501 nulla
2441 2449 2510 2501 sit
2565 2450 2767 2504 veteris
2822 2451 3064 2503 historia:
3116 2451 3295 2504 omnis
3347 2451 3504 2516 ﬁdes,

1932 2541 2136 2594 nullum
2174 2542 2427 2609 pretium.
2479 2539 2772 2594 Fateamur
2814 2543 2978 2611 igitur
3031 2558 3254 2597 necesse
3311 2553 3397 2597 est
3440 2547 3502 2597 li-

1928 2635 2047 2684 dcm
2082 2633 2595 2700 auctoritatemque,
2615 2648 2772 2700 quam
2795 2632 3017 2698 lrenteo,
3041 2635 3154 2688 sive
3173 2633 3365 2688 Graeco
3388 2636 3506 2689 sive

1929 2722 2143 2776 Latino.
2190 2732 2335 2776 recte
2371 2723 2533 2776 tribui
2565 2725 2709 2777 onmi
2752 2735 2992 2793 tempore
3021 2727 3371 2781 eruditissimi
3403 2729 3507 2782 viri

1927 2816 2307 2879 crediderunt,
2369 2818 2578 2868 firmam
2629 2831 2747 2871 esse
2801 2834 2975 2886 neque
3030 2822 3360 2885 ambiguam,
3409 2821 3506 2875 sed

1929 2908 2232 2962 rationibus
2275 2907 2483 2970 fulciri,
2519 2908 2719 2974 quibus
2763 2922 3031 2961 summum
3083 2911 3222 2964 inest
3272 2911 3506 2977 pondus,

1929 3014 2138 3068 nosque
2166 3008 2225 3051 ut
2249 3000 2319 3052 ita
2347 3013 2469 3053 esse
2500 3000 2659 3054 nobis
2677 3001 3102 3068 persuadeamus
3120 3003 3505 3058 commovendi

1927 3092 2008 3143 vis
2050 3093 2308 3144 maxima.

1997 3182 2399 3237 Nihilomuinus
2446 3183 2496 3236 in
2530 3183 2632 3236 alia
2671 3183 2850 3236 omnia
2895 3183 3147 3239 discessit
3185 3200 3310 3240 ven.
3346 3186 3506 3240 Sem-

241 3263 403 3318 Nulla
432 3265 647 3334 quidem
681 3276 766 3319 est
798 3263 1074 3318 dubitandi
1110 3278 1299 3326 causa,
1335 3264 1554 3316 nomine
1587 3264 1686 3317 hoc
1734 3279 1821 3316 or-

1931 3282 2076 3328 lcrus
2105 3275 2178 3345 (g)
2210 3287 2262 3329 et
2299 3276 2566 3346 insignem
2611 3276 2948 3346 diligentiam
3000 3278 3050 3329 in
3096 3293 3162 3332 eo
3193 3279 3504 3341 collocavit,

241 3359 363 3412 nari
398 3356 696 3422 Irenaeum;
733 3373 894 3413 nemo
936 3359 1083 3411 enim
1120 3356 1408 3420 dubitabit,
1460 3356 1678 3410 recitari
1709 3356 1819 3411 lre-

243 3452 350 3505 mei
403 3451 590 3516 verba,
624 3452 790 3506 modo
821 3453 866 3505 si
918 3452 1204 3520 utriusque
1235 3451 1521 3518 scriptoris
1553 3451 1695 3504 dicta
1730 3467 1818 3506 se-

240 3561 371 3600 cum
420 3547 650 3599 invicem
709 3546 1034 3605 contulerit;
1071 3546 1236 3598 nolim
1278 3556 1460 3598 tamen
1505 3544 1628 3598 huic
1665 3547 1819 3598 testi-

241 3642 432 3697 mcnio
485 3643 707 3695 nimiam
767 3643 927 3696 tribui
994 3642 1400 3696 auctoritatem.
1450 3639 1630 3694 Nostis
1678 3640 1820 3693 enim

240 3735 598 3803 prrremum‘
615 3751 720 3790 non
739 3734 929 3790 Graeca
951 3735 1045 3789 sed
1067 3734 1288 3804 Syriaca
1317 3734 1496 3801 lingua
1517 3749 1640 3788 esse
1663 3747 1842 3790 usum,

239 3838 301 3882 et
337 3844 455 3896 qua:
487 3827 678 3882 Gra‘ce
716 3828 976 3881 translata
1002 3827 1253 3896 legimus,
1280 3828 1397 3896 ejus
1419 3828 1692 3895 opusculis
1720 3828 1822 3896 Sy-

241 3920 415 3973 riacis
446 3934 546 3973 nos
574 3934 782 3972 carere.
803 3918 1043 3972 Arduum
1064 3933 1192 3990 ergo
1218 3928 1297 3971 est
1315 3919 1380 3973 de
1400 3919 1606 3975 Grascis
1632 3933 1817 3972 eorum

240 4013 788 4080 interpretationibus
829 4012 1116 4082 judicium,
1147 4029 1272 4066 num
1306 4013 1544 4081 perfecte
1587 4028 1819 4066 consen-

239 4105 388 4160 tiant
431 4123 554 4162 cum
590 4107 704 4161 suis
739 4107 1004 4171 fontibus,
1036 4122 1135 4162 nec
1166 4107 1396 4162 Graeculi
1449 4107 1685 4162 fortasse
1717 4107 1817 4160 sibi

238 4203 509 4257 nonnulla
562 4204 934 4258 additamenta
974 4219 1040 4258 ex
1085 4204 1204 4257 aliis
1239 4204 1595 4271 scriptoribus
1626 4204 1821 4268 adjun-

238 4311 375 4367 gcre
409 4296 780 4365 permiserint.
819 4295 1142 4365 Snspicandi
1176 4297 1226 4349 td
1278 4298 1380 4352 hoc
1428 4298 1549 4351 loco
1596 4314 1816 4351 causam

239 4389 379 4442 mihi
417 4390 578 4442 affert
611 4390 778 4442 nimia
813 4387 1129 4444 Graecorum
1168 4388 1351 4443 lrcnzpi
1387 4391 1526 4458 apud
1578 4390 1816 4458 Epipha-

241 4483 395 4535 nium
437 4491 490 4534 et
531 4481 872 4550 prraemum
906 4485 1330 4550 convenientia;
1364 4484 1462 4537 nisi
1511 4485 1667 4538 malis
1694 4501 1818 4538 crc-

239 4575 411 4639 dere,
469 4574 830 4643 interpretem
876 4579 1236 4645 cognovisse,
1293 4577 1540 4646 quisnam
1600 4578 1670 4630 sit
1725 4578 1814 4630 ille

237 4686 378 4723 unus
421 4685 486 4722 ea:
535 4673 761 4733 sanrtis,
807 4683 909 4724 nec
941 4670 1077 4722 hanc
1114 4671 1436 4740 particulam
1470 4686 1532 4724 ex
1574 4669 1814 4738 Syriacis

237 4763 540 4834 Ephrtemi,
575 4765 936 4830 convertisse,
963 4765 1057 4820 sed
1087 4781 1150 4818 ex
1189 4765 1372 4817 lreuaci
1413 4765 1599 4819 codice
1628 4763 1815 4818 Grteco

237 4856 618 4926 descripsisse.
653 4857 831 4924 Quare
866 4873 967 4914 nec
996 4859 1266 4913 assentior
1296 4857 1423 4912 Seb.
1468 4857 1606 4910 Nan.
1644 4856 1801 4911 Titie-

236 4951 435 5005 montii
462 4951 532 5021 (ε)
565 4953 912 5020 conjecturae,
931 4953 1200 5022 Ephraemi
1227 4961 1388 5008 aetate
1416 4953 1594 5022 Operis
1618 4952 1788 5007 nostri

233 5102 414 5177 gianis
449 5103 642 5177 lucres.
694 5105 920 5177 xxxv.§
969 5108 1034 5168 1,
1075 5123 1137 5159 ex
1193 5109 1314 5162 eod.
1362 5122 1481 5174 cap.
1532 5122 1583 5157 n.
1635 5106 1688 5159 5:
1747 5110 1814 5161 de

236 5171 543 5243 blarcosiis,
579 5176 770 5229 haeres.
817 5171 1008 5242 xxitv,
1061 5194 1121 5231 ex
1155 5178 1279 5231 libr.
1327 5195 1363 5238 t,
1397 5171 1518 5243 cap.
1575 5177 1639 5227 15
1690 5192 1807 5243 sqq.

233 5241 420 5297 Simili
469 5245 628 5297 modo
663 5245 988 5300 Theodoreti
1037 5248 1150 5302 loca
1199 5250 1264 5301 de
1315 5241 1594 5302 Sethianis
1623 5241 1812 5298 "mret.

232 5306 536 5386 fabulalib.
574 5329 610 5376 ι,
632 5331 752 5384 cap.
786 5317 874 5378 14,
907 5332 1028 5370 cum
1054 5317 1237 5372 lrenmi
1274 5318 1364 5373 lib.
1404 5337 1441 5381 r,
1470 5333 1594 5386 cap.
1624 5318 1712 5375 50;
1746 5320 1810 5370 de

231 5383 459 5437 tiaianis
505 5384 596 5437 lib.
654 5383 710 5444 ιζ
743 5403 865 5456 cap.
900 5387 987 5451 15,
1030 5404 1152 5442 cum
1205 5389 1297 5442 lib.
1359 5407 1397 5450 ι,
1445 5383 1563 5455 cap.
1613 5387 1700 5449 51,
1736 5389 1807 5440 ita

231 5455 594 5528 Conveniunt.
623 5465 681 5507 ut
707 5457 852 5511 illum
889 5474 983 5512 sua
1023 5474 1086 5512 ex
1121 5459 1222 5514 hoc
1253 5461 1528 5514 baussisse
1561 5459 1706 5528 jnsta
1740 5460 1809 5509 sit

227 5524 542 5590 suspicanti:
593 5540 776 5579 causa.

310 5599 407 5674 (a)_
445 5593 536 5646 Sic
564 5595 774 5674 .Cyrilli
819 5597 1297 5674 llierosolymitaui
1347 5601 1610 5674 nonnulla
1645 5600 1805 5654 effata

227 5679 360 5740 eum
390 5664 1120 5740 lrenmi_tcstimoniisrecie
1146 5673 1449 5740 comparari
1477 5673 1642 5737 jussit
1674 5674 1806 5727 Ant.

222 5735 526 5861 arguitur.
580 5735 880 5802 Touttwus,
929 5739 1200 5796 Observat.
1257 5735 1309 5796 i'n
1370 5735 1553 5812 Cyrill.
1600 5758 1650 5810 p.
1707 5743 1803 5800 87.

329 5824 389 5859 ce
419 5844 435 5859 .

329 5815 435 5859 cel.

301 5878 379 5948 (υ)
410 5875 532 5932 Lib.
561 5892 600 5944 ι,
624 5891 742 5950 cap.
769 5878 825 5948 8,
856 5895 913 5935 n.
944 5880 993 5936 1.

1927 3379 1984 3422 ut
2042 3369 2210 3422 libros
2241 3369 2357 3423 illos
2414 3373 2679 3424 adversus
2736 3373 2970 3423 luereses
3017 3386 3123 3423 non
3176 3372 3242 3425 ab
3295 3371 3504 3426 irenaeo

1928 3463 2271 3533 Lugdunensi
2307 3465 2582 3534 profectos
2615 3481 2758 3527 esse,
2795 3466 2887 3518 sed
2922 3465 2989 3518 ab
3015 3467 3382 3534 antiquissima
3413 3483 3504 3520 so-

1925 3557 2132 3618 cietate,
2179 3571 2299 3624 qum
2340 3556 2711 3611 fraudulenter
2747 3558 2915 3610 libros
2965 3559 3253 3626 scripserit
3285 3567 3339 3612 et
3385 3571 3500 3613 stu-

1925 3646 2220 3699 diosfssime
2261 3663 2345 3698 eos
2380 3649 2537 3699 variis
2569 3659 2614 3700 et
2649 3649 2870 3701 diversis
2918 3651 3265 3717 scriptoribus
3310 3651 3505 3704 divise--

1925 3741 1992 3792 rit
2023 3739 2122 3809 (lt).
2161 3738 2246 3792 Eat
2279 3741 2375 3792 hac
2421 3755 2550 3809 ergo
2598 3743 2800 3810 ofﬁcina
2834 3743 3190 3809 impostorum
3230 3744 3505 3812 prodiisse

1925 3841 2078 3901 putat
2110 3831 2296 3886 lrentci
2324 3835 2772 3899 commentarios,
2800 3835 2889 3901 qui
2924 3850 2990 3888 ex
3016 3836 3297 3890 veteribus
3332 3852 3504 3890 novas

1924 3924 2226 3994 compilare
2278 3925 2697 3978 consum-issent
2728 3927 3076 3995 scriptiones.
3122 3928 3196 3981 De
3246 3930 3348 3983 hac
3382 3930 3501 3998 ipsa

1924 4017 2182 4069 societate
2213 4016 2576 4084 antiquissima
2601 4017 2725 4070 nolo
2750 4018 2853 4070 hoc
2877 4019 2995 4072 loco
3015 4021 3290 4087 disputare
3310 4037 3324 4085 ;
3348 4022 3503 4090 igno-

1926 4123 2046 4162 rare
2075 4110 2216 4162 enim
2245 4124 2331 4162 me
2359 4108 2534 4163 fateor
2567 4118 2758 4173 testes,
2787 4126 3018 4178 quorum
3052 4111 3249 4180 eil'atis,
3280 4117 3501 4184 quando

1922 4210 1975 4251 et
1999 4201 2090 4252 ubi
2130 4208 2346 4268 autquo
2375 4200 2606 4253 consilio
2640 4203 2867 4254 coiverit
2889 4203 3197 4258 dolosorum
3219 4207 3499 4261 hominum

1923 4293 2257 4356 sodalitium,
2316 4301 2563 4355 constet;
2618 4309 2679 4347 ea
2721 4309 2851 4347 vero
2905 4304 2987 4350 est
3034 4298 3198 4350 animi
3233 4300 3335 4351 mei
3371 4314 3502 4353 con-

1921 4387 2144 4446 stantia,
2173 4401 2335 4453 quam
2375 4385 2464 4437 alii
2501 4385 2733 4440 fortasse
2770 4388 3156 4454 pertinaciam,
3199 4399 3293 4442 aut
3326 4391 3500 4445 obsti-

1925 4480 2198 4532 nationem
2231 4493 2430 4534 vocare
2470 4480 2679 4542 malint,
2733 4488 2790 4530 ut
2838 4480 2891 4533 in
2938 4481 3256 4550 explicanda
3309 4500 3494 4539 rerum

1924 4579 2196 4634 gestarum
2232 4573 2492 4625 memoria
2528 4572 2688 4625 nullis
2729 4573 2988 4637 aliorum,
3021 4574 3148 4627 licet
3174 4577 3500 4644 ingeniosis-

1873 4640 1891 4681 ¹
1922 4665 2042 4716 simi
2075 4665 2204 4728 sint,
2239 4664 2595 4732 conjecturis,
2623 4667 2714 4719 sed
2745 4668 2874 4721 solis
2909 4669 3263 4734 testimoniis,
3296 4673 3496 4739 quibus

1915 4759 2060 4826 justa
2095 4758 2237 4812 inest
2268 4760 2592 4822 auctoritas,
2628 4762 2846 4814 credam
2877 4771 2930 4815 et
2962 4763 3027 4816 ab
3053 4761 3173 4816 aliis
3204 4765 3351 4817 credi
3395 4782 3457 4819 cu
3479 4796 3494 4803 -

1920 4853 2083 4918 piam.
2120 4850 2302 4905 Placet
2329 4867 2458 4906 vero
2486 4856 2779 4908 venerandi
2816 4855 2914 4909 viri
2951 4856 3258 4924 ingenuitas
3286 4867 3338 4912 et
3369 4874 3495 4927 pro-

1917 4941 2091 5010 bitas,
2142 4959 2261 5012 quae
2318 4958 2428 4999 sure
2485 4946 2731 5000 societati
2796 4949 3041 5017 adeoque
3090 4947 3275 5004 Irenrei
3336 4950 3492 5006 libris

1991 5102 2062 5169 (c)
2105 5101 2238 5170 Cap.
2286 5101 2341 5158 8.
2383 5101 2461 5156 De
2492 5105 2702 5168 virtute,
2750 5121 2802 5172 p.
2854 5106 2981 5168 155,
3014 5107 3144 5160 edit.
3199 5106 3399 5172 Oxum,
3435 5120 3488 5162 et

1919 5182 2045 5226 tum.
2079 5172 2094 5225 Ι
2127 5187 2278 5238 oper.
2307 5173 2733 5240 Graeco-Latin”
2785 5191 2835 5241 p.
2874 5176 2983 5230 224
3033 5179 3164 5233 edit.
3205 5178 3486 5232 Romamn.

1986 5242 2246 5364 (ilg7Vid.
2307 5244 2632 5298 Assemanni
2690 5245 2989 5315 prolegom.
3053 5249 3260 5302 laudati
3317 5252 3486 5312 torni,

1915 5317 2341 5454 p.(:;)7j!é9101.r.
2388 5403 2524 5454 pour
2569 5387 2731 5439 servir
2770 5388 2801 5437 ὰ
2835 5385 2946 5439 ΓΗ.
2986 5385 3076 5454 .E.,
3123 5397 3160 5442 t.
3196 5389 3282 5454 lll,
3332 5406 3388 5458 p.
3422 5389 3491 5445 ’Π

1914 5471 2053 5592 Mliii)
2099 5525 2325 5599 ﬂristoir.
2363 5527 2526 5580 litte’r.
2562 5529 2624 5581 de
2653 5526 2884 5587 France,
2924 5537 3054 5581 tom.
3088 5529 3129 5593 l,
3166 5546 3218 5599 p.
3253 5529 3379 5584 536.

1983 5600 2059 5665 (έν)
2103 5597 2256 5651 Licet
2290 5599 2353 5668 in
2401 5599 2524 5654 aliis
2555 5599 2749 5668 ingenii
2796 5600 2876 5651 sui
2909 5597 3264 5654 monimentis
3309 5603 3490 5665 susui-

1913 5669 2123 5720 ciouem
2164 5667 2469 5740 prodiderit
2502 5672 2587 5722 vir
2615 5667 3028 5735 celeberrimus,
3061 5672 3374 5740 diligentius
3406 5681 3487 5726 ta-

1915 5755 2041 5810 men
2085 5739 2272 5810 nulilibi
2325 5754 2444 5791 eam
2496 5741 2806 5810 explicavit,
2836 5755 2998 5807 quam
3049 5744 3102 5798 in
3154 5739 3490 5799 dissertat.l

1911 5811 1964 5862 in
2000 5807 2394 5864 Tertullianum
2429 5807 2591 5883 supra
2631 5812 2863 5867 laudata.

1983 5879 2056 5947 (lt)
2095 5878 2151 5930 Ρ.
2188 5878 2313 5933 ἳδὲ-
