  <div class='ocr_page' id='page_1' title='image "/cluster/home/n/w/nwhite01/storage/ocr_20150623/7 pars.1/pst.000005711833/223.png"; bbox 0 0 4188 6336; ppageno 0'>
   <div class='ocr_carea' id='block_1_1' title="bbox 753 367 858 425">
    <p class='ocr_par' dir='ltr' id='par_1_1' title="bbox 753 367 858 425">
     <span class='ocr_line' id='line_1_1' title="bbox 753 367 858 425; baseline -0.01 0"><span class='ocrx_word' id='word_1_1' title='bbox 753 367 858 425; x_wconf 77' lang='lat'><strong>599</strong></span> 
     </span>
    </p>
   </div>
   <div class='ocr_carea' id='block_1_2' title="bbox 2154 361 2598 419">
    <p class='ocr_par' dir='ltr' id='par_1_2' title="bbox 2154 361 2598 419">
     <span class='ocr_line' id='line_1_2' title="bbox 2154 361 2598 419; baseline 0 -3"><span class='ocrx_word' id='word_1_2' title='bbox 2154 363 2241 417; x_wconf 75' lang='lat' dir='ltr'><strong>FB</strong></span> <span class='ocrx_word' id='word_1_3' title='bbox 2300 361 2598 419; x_wconf 77' lang='lat' dir='ltr'><strong>WALCIIII</strong></span> 
     </span>
    </p>
   </div>
   <div class='ocr_carea' id='block_1_3' title="bbox 3885 372 3989 430">
    <p class='ocr_par' dir='ltr' id='par_1_3' title="bbox 3885 372 3989 430">
     <span class='ocr_line' id='line_1_3' title="bbox 3885 372 3989 430; baseline 0.019 -2"><span class='ocrx_word' id='word_1_4' title='bbox 3885 372 3989 430; x_wconf 69' lang='grc' dir='ltr'><strong>ιοθ</strong></span> 
     </span>
    </p>
   </div>
   <div class='ocr_carea' id='block_1_4' title="bbox 756 481 3989 562">
    <p class='ocr_par' dir='ltr' id='par_1_4' title="bbox 756 481 3989 562">
     <span class='ocr_line' id='line_1_4' title="bbox 756 481 3989 562; baseline 0.003 -25"><span class='ocrx_word' id='word_1_5' title='bbox 756 481 952 537; x_wconf 82' lang='lat' dir='ltr'><strong>nostris</strong></span> <span class='ocrx_word' id='word_1_6' title='bbox 979 481 1153 537; x_wconf 64' lang='lat' dir='ltr'><strong>notuit</strong></span> <span class='ocrx_word' id='word_1_7' title='bbox 1195 481 1396 556; x_wconf 81' lang='lat' dir='ltr'><strong>auferri</strong></span> <span class='ocrx_word' id='word_1_8' title='bbox 1447 495 1675 538; x_wconf 73' lang='lat' dir='ltr'><strong>summa:</strong></span> <span class='ocrx_word' id='word_1_9' title='bbox 1713 482 2048 554; x_wconf 75' lang='lat' dir='ltr'><strong>antiquitatis</strong></span> <span class='ocrx_word' id='word_1_10' title='bbox 2089 481 2314 554; x_wconf 77' lang='lat' dir='ltr'><strong>gloriam</strong></span> <span class='ocrx_word' id='word_1_11' title='bbox 2347 487 2394 545; x_wconf 79' lang='grc' dir='ltr'><strong>Α</strong></span> <span class='ocrx_word' id='word_1_12' title='bbox 2425 482 2597 537; x_wconf 81' lang='lat' dir='ltr'><strong>fessus</strong></span> <span class='ocrx_word' id='word_1_13' title='bbox 2626 491 2731 537; x_wconf 89' lang='lat' dir='ltr'><strong>est.</strong></span> <span class='ocrx_word' id='word_1_14' title='bbox 2766 481 2918 549; x_wconf 83' lang='lat' dir='ltr'><strong>Quod</strong></span> <span class='ocrx_word' id='word_1_15' title='bbox 2941 481 2984 536; x_wconf 92' lang='lat' dir='ltr'><strong>si</strong></span> <span class='ocrx_word' id='word_1_16' title='bbox 3031 483 3171 536; x_wconf 93' lang='lat' dir='ltr'><strong>enim</strong></span> <span class='ocrx_word' id='word_1_17' title='bbox 3199 481 3515 538; x_wconf 91' lang='lat' dir='ltr'><strong>admittatur</strong></span> <span class='ocrx_word' id='word_1_18' title='bbox 3543 495 3847 544; x_wconf 84' lang='lat' dir='ltr'><strong>communis</strong></span> <span class='ocrx_word' id='word_1_19' title='bbox 3868 492 3989 562; x_wconf 85' lang='lat' dir='ltr'><strong>opl-</strong></span> 
     </span>
    </p>
   </div>
   <div class='ocr_carea' id='block_1_5' title="bbox 754 571 2312 642">
    <p class='ocr_par' dir='ltr' id='par_1_5' title="bbox 754 571 2312 642">
     <span class='ocr_line' id='line_1_5' title="bbox 754 571 2312 642; baseline 0.001 -16"><span class='ocrx_word' id='word_1_20' title='bbox 754 573 965 627; x_wconf 90' lang='lat' dir='ltr'><strong>unieam</strong></span> <span class='ocrx_word' id='word_1_21' title='bbox 1015 571 1157 626; x_wconf 85' lang='lat' dir='ltr'><strong>illam</strong></span> <span class='ocrx_word' id='word_1_22' title='bbox 1189 583 1244 628; x_wconf 88' lang='lat' dir='ltr'><strong>et</strong></span> <span class='ocrx_word' id='word_1_23' title='bbox 1294 572 1660 640; x_wconf 88' lang='lat' dir='ltr'><strong>invidendam,</strong></span> <span class='ocrx_word' id='word_1_24' title='bbox 1694 587 1813 642; x_wconf 63' lang='lat' dir='ltr'><strong>quae</strong></span> <span class='ocrx_word' id='word_1_25' title='bbox 1843 573 1930 627; x_wconf 90' lang='lat' dir='ltr'><strong>ubi</strong></span> <span class='ocrx_word' id='word_1_26' title='bbox 1981 572 2089 627; x_wconf 87' lang='lat' dir='ltr'><strong>illis</strong></span> <span class='ocrx_word' id='word_1_27' title='bbox 2118 573 2312 628; x_wconf 86' lang='lat' dir='ltr'><strong>relicta</strong></span> 
     </span>
    </p>
   </div>
   <div class='ocr_carea' id='block_1_6' title="bbox 755 662 2318 733">
    <p class='ocr_par' dir='ltr' id='par_1_6' title="bbox 755 662 2318 733">
     <span class='ocr_line' id='line_1_6' title="bbox 755 662 2318 733; baseline 0.004 -19"><span class='ocrx_word' id='word_1_28' title='bbox 755 663 939 726; x_wconf 84' lang='lat' dir='ltr'><strong>fuerit,</strong></span> <span class='ocrx_word' id='word_1_29' title='bbox 971 662 1155 718; x_wconf 90' lang='lat' dir='ltr'><strong>nescio</strong></span> <span class='ocrx_word' id='word_1_30' title='bbox 1199 677 1356 728; x_wconf 84' lang='lat' dir='ltr'><strong>sane,</strong></span> <span class='ocrx_word' id='word_1_31' title='bbox 1402 663 1661 733; x_wconf 83' lang='lat' dir='ltr'><strong>quidnam</strong></span> <span class='ocrx_word' id='word_1_32' title='bbox 1712 665 2063 720; x_wconf 83' lang='lat' dir='ltr'><strong>emolumenti</strong></span> <span class='ocrx_word' id='word_1_33' title='bbox 2107 680 2170 721; x_wconf 82' lang='lat' dir='ltr'><strong>ex</strong></span> <span class='ocrx_word' id='word_1_34' title='bbox 2216 667 2318 721; x_wconf 88' lang='lat' dir='ltr'><strong>hac</strong></span> 
     </span>
    </p>
   </div>
   <div class='ocr_carea' id='block_1_7' title="bbox 751 755 2318 828">
    <p class='ocr_par' dir='ltr' id='par_1_7' title="bbox 751 755 2318 828">
     <span class='ocr_line' id='line_1_7' title="bbox 751 755 2318 828; baseline 0.004 -20"><span class='ocrx_word' id='word_1_35' title='bbox 751 755 1061 822; x_wconf 85' lang='lat' dir='ltr'><strong>suspicione</strong></span> <span class='ocrx_word' id='word_1_36' title='bbox 1087 757 1390 826; x_wconf 80' lang='lat' dir='ltr'><strong>ex5pectari</strong></span> <span class='ocrx_word' id='word_1_37' title='bbox 1419 765 1605 826; x_wconf 84' lang='lat' dir='ltr'><strong>queat.</strong></span> <span class='ocrx_word' id='word_1_38' title='bbox 1639 756 1709 812; x_wconf 79' lang='lat' dir='ltr'><strong>At</strong></span> <span class='ocrx_word' id='word_1_39' title='bbox 1738 757 1804 813; x_wconf 90' lang='lat' dir='ltr'><strong>de</strong></span> <span class='ocrx_word' id='word_1_40' title='bbox 1829 758 2012 812; x_wconf 83' lang='lat' dir='ltr'><strong>causis</strong></span> <span class='ocrx_word' id='word_1_41' title='bbox 2044 759 2318 828; x_wconf 79' lang='lat' dir='ltr'><strong>diSpicere</strong></span> 
     </span>
    </p>
   </div>
   <div class='ocr_carea' id='block_1_8' title="bbox 754 846 2314 920">
    <p class='ocr_par' dir='ltr' id='par_1_8' title="bbox 754 846 2314 920">
     <span class='ocr_line' id='line_1_8' title="bbox 754 846 2314 920; baseline 0.004 -23"><span class='ocrx_word' id='word_1_42' title='bbox 754 846 900 909; x_wconf 86' lang='lat' dir='ltr'><strong>libet,</strong></span> <span class='ocrx_word' id='word_1_43' title='bbox 935 863 1030 901; x_wconf 88' lang='lat' dir='ltr'><strong>cur</strong></span> <span class='ocrx_word' id='word_1_44' title='bbox 1067 861 1204 915; x_wconf 88' lang='lat' dir='ltr'><strong>opus</strong></span> <span class='ocrx_word' id='word_1_45' title='bbox 1248 847 1378 902; x_wconf 90' lang='lat' dir='ltr'><strong>illud</strong></span> <span class='ocrx_word' id='word_1_46' title='bbox 1427 848 1494 904; x_wconf 90' lang='lat' dir='ltr'><strong>ab</strong></span> <span class='ocrx_word' id='word_1_47' title='bbox 1542 849 1769 916; x_wconf 87' lang='lat' dir='ltr'><strong>Irenaeo,</strong></span> <span class='ocrx_word' id='word_1_48' title='bbox 1803 849 2154 920; x_wconf 83' lang='lat' dir='ltr'><strong>Lugdunensi</strong></span> <span class='ocrx_word' id='word_1_49' title='bbox 2201 852 2314 919; x_wconf 84' lang='lat' dir='ltr'><strong>epi-</strong></span> 
     </span>
    </p>
   </div>
   <div class='ocr_carea' id='block_1_9' title="bbox 751 939 2316 1010">
    <p class='ocr_par' dir='ltr' id='par_1_9' title="bbox 751 939 2316 1010">
     <span class='ocr_line' id='line_1_9' title="bbox 751 939 2316 1010; baseline 0.003 -20"><span class='ocrx_word' id='word_1_50' title='bbox 751 953 936 1006; x_wconf 84' lang='lat' dir='ltr'><strong>scopo,</strong></span> <span class='ocrx_word' id='word_1_51' title='bbox 966 939 1244 993; x_wconf 89' lang='lat' dir='ltr'><strong>conditum</strong></span> <span class='ocrx_word' id='word_1_52' title='bbox 1284 939 1448 995; x_wconf 88' lang='lat' dir='ltr'><strong>fuisse</strong></span> <span class='ocrx_word' id='word_1_53' title='bbox 1480 949 1573 994; x_wconf 90' lang='lat' dir='ltr'><strong>aut</strong></span> <span class='ocrx_word' id='word_1_54' title='bbox 1613 951 1771 1010; x_wconf 82' lang='lat' dir='ltr'><strong>neget</strong></span> <span class='ocrx_word' id='word_1_55' title='bbox 1799 951 1892 996; x_wconf 90' lang='lat' dir='ltr'><strong>aut</strong></span> <span class='ocrx_word' id='word_1_56' title='bbox 1929 941 2121 997; x_wconf 88' lang='lat' dir='ltr'><strong>saltem</strong></span> <span class='ocrx_word' id='word_1_57' title='bbox 2154 943 2316 998; x_wconf 82' lang='lat' dir='ltr'><strong>dubi-</strong></span> 
     </span>
    </p>
   </div>
   <div class='ocr_carea' id='block_1_10' title="bbox 751 1029 2318 1106">
    <p class='ocr_par' dir='ltr' id='par_1_10' title="bbox 751 1029 2318 1106">
     <span class='ocr_line' id='line_1_10' title="bbox 751 1029 2318 1106; baseline 0.008 -26"><span class='ocrx_word' id='word_1_58' title='bbox 751 1037 848 1083; x_wconf 84' lang='lat' dir='ltr'><strong>tet.</strong></span> <span class='ocrx_word' id='word_1_59' title='bbox 898 1029 1026 1084; x_wconf 86' lang='lat' dir='ltr'><strong>Tria</strong></span> <span class='ocrx_word' id='word_1_60' title='bbox 1071 1031 1270 1100; x_wconf 81' lang='lat' dir='ltr'><strong>quippe</strong></span> <span class='ocrx_word' id='word_1_61' title='bbox 1310 1031 1518 1086; x_wconf 87' lang='lat' dir='ltr'><strong>notavit</strong></span> <span class='ocrx_word' id='word_1_62' title='bbox 1565 1031 1684 1087; x_wconf 90' lang='lat' dir='ltr'><strong>loca</strong></span> <span class='ocrx_word' id='word_1_63' title='bbox 1733 1032 1919 1088; x_wconf 83' lang='lat' dir='ltr'><strong>Irenaei</strong></span> <span class='ocrx_word' id='word_1_64' title='bbox 1954 1034 2054 1106; x_wconf 85' lang='lat' dir='ltr'><strong>(a),</strong></span> <span class='ocrx_word' id='word_1_65' title='bbox 2086 1050 2208 1104; x_wconf 84' lang='lat' dir='ltr'><strong>quae</strong></span> <span class='ocrx_word' id='word_1_66' title='bbox 2251 1053 2318 1092; x_wconf 86' lang='lat' dir='ltr'><strong>ex</strong></span> 
     </span>
    </p>
   </div>
   <div class='ocr_carea' id='block_1_11' title="bbox 750 1119 2315 1194">
    <p class='ocr_par' dir='ltr' id='par_1_11' title="bbox 750 1119 2315 1194">
     <span class='ocr_line' id='line_1_11' title="bbox 750 1119 2315 1194; baseline 0.005 -21"><span class='ocrx_word' id='word_1_67' title='bbox 750 1119 1043 1176; x_wconf 86' lang='lat' dir='ltr'><strong>Clementis</strong></span> <span class='ocrx_word' id='word_1_68' title='bbox 1077 1121 1430 1178; x_wconf 86' lang='lat' dir='ltr'><strong>Alexandrini</strong></span> <span class='ocrx_word' id='word_1_69' title='bbox 1479 1122 1635 1179; x_wconf 89' lang='lat' dir='ltr'><strong>libris</strong></span> <span class='ocrx_word' id='word_1_70' title='bbox 1678 1124 1958 1194; x_wconf 90' lang='lat' dir='ltr'><strong>desumpta</strong></span> <span class='ocrx_word' id='word_1_71' title='bbox 1989 1141 2108 1181; x_wconf 91' lang='lat' dir='ltr'><strong>esse</strong></span> <span class='ocrx_word' id='word_1_72' title='bbox 2153 1137 2315 1181; x_wconf 81' lang='lat' dir='ltr'><strong>autn-</strong></span> 
     </span>
    </p>
   </div>
   <div class='ocr_carea' id='block_1_12' title="bbox 751 1215 2318 1288">
    <p class='ocr_par' dir='ltr' id='par_1_12' title="bbox 751 1215 2318 1288">
     <span class='ocr_line' id='line_1_12' title="bbox 751 1215 2318 1288; baseline 0.003 -22"><span class='ocrx_word' id='word_1_73' title='bbox 751 1223 884 1279; x_wconf 86' lang='lat' dir='ltr'><strong>mat,</strong></span> <span class='ocrx_word' id='word_1_74' title='bbox 917 1222 1080 1284; x_wconf 86' lang='lat' dir='ltr'><strong>atque</strong></span> <span class='ocrx_word' id='word_1_75' title='bbox 1126 1215 1197 1269; x_wconf 90' lang='lat' dir='ltr'><strong>ita</strong></span> <span class='ocrx_word' id='word_1_76' title='bbox 1232 1225 1571 1285; x_wconf 89' lang='lat' dir='ltr'><strong>comparata,</strong></span> <span class='ocrx_word' id='word_1_77' title='bbox 1606 1226 1660 1269; x_wconf 88' lang='lat' dir='ltr'><strong>ut</strong></span> <span class='ocrx_word' id='word_1_78' title='bbox 1702 1233 1731 1269; x_wconf 90' lang='lat' dir='ltr'><strong>a</strong></span> <span class='ocrx_word' id='word_1_79' title='bbox 1764 1218 2027 1273; x_wconf 78' lang='lat' dir='ltr'><strong>destinato</strong></span> <span class='ocrx_word' id='word_1_80' title='bbox 2062 1220 2206 1288; x_wconf 79' lang='lat' dir='ltr'><strong>furto</strong></span> <span class='ocrx_word' id='word_1_81' title='bbox 2235 1231 2318 1273; x_wconf 84' lang='lat' dir='ltr'><strong>at-</strong></span> 
     </span>
    </p>
   </div>
   <div class='ocr_carea' id='block_1_13' title="bbox 748 1308 2318 1382">
    <p class='ocr_par' dir='ltr' id='par_1_13' title="bbox 748 1308 2318 1382">
     <span class='ocr_line' id='line_1_13' title="bbox 748 1308 2318 1382; baseline 0.004 -24"><span class='ocrx_word' id='word_1_82' title='bbox 748 1323 845 1374; x_wconf 81' lang='lat' dir='ltr'><strong>que</strong></span> <span class='ocrx_word' id='word_1_83' title='bbox 871 1310 1158 1375; x_wconf 84' lang='lat' dir='ltr'><strong>impostura</strong></span> <span class='ocrx_word' id='word_1_84' title='bbox 1193 1308 1276 1361; x_wconf 81' lang='lat' dir='ltr'><strong>via:</strong></span> <span class='ocrx_word' id='word_1_85' title='bbox 1303 1309 1478 1362; x_wconf 77' lang='lat' dir='ltr'><strong>abesse</strong></span> <span class='ocrx_word' id='word_1_86' title='bbox 1511 1311 1674 1377; x_wconf 78' lang='lat' dir='ltr'><strong>possit</strong></span> <span class='ocrx_word' id='word_1_87' title='bbox 1705 1309 1791 1363; x_wconf 83' lang='lat' dir='ltr'><strong>ille</strong></span> <span class='ocrx_word' id='word_1_88' title='bbox 1818 1313 2066 1378; x_wconf 65' lang='lat' dir='ltr'><strong>scriptor,</strong></span> <span class='ocrx_word' id='word_1_89' title='bbox 2099 1313 2186 1382; x_wconf 82' lang='lat' dir='ltr'><strong>qui</strong></span> <span class='ocrx_word' id='word_1_90' title='bbox 2217 1313 2318 1367; x_wconf 82' lang='lat' dir='ltr'><strong>ista</strong></span> 
     </span>
    </p>
   </div>
   <div class='ocr_carea' id='block_1_14' title="bbox 747 1400 2314 1470">
    <p class='ocr_par' dir='ltr' id='par_1_14' title="bbox 747 1400 2314 1470">
     <span class='ocr_line' id='line_1_14' title="bbox 747 1400 2314 1470; baseline 0.004 -19"><span class='ocrx_word' id='word_1_91' title='bbox 747 1401 806 1452; x_wconf 77' lang='lat' dir='ltr'><strong>in</strong></span> <span class='ocrx_word' id='word_1_92' title='bbox 836 1400 1006 1453; x_wconf 71' lang='lat' dir='ltr'><strong>&#39;suam</strong></span> <span class='ocrx_word' id='word_1_93' title='bbox 1050 1416 1158 1453; x_wconf 83' lang='lat' dir='ltr'><strong>rem</strong></span> <span class='ocrx_word' id='word_1_94' title='bbox 1202 1402 1508 1465; x_wconf 81' lang='lat' dir='ltr'><strong>carraserit,</strong></span> <span class='ocrx_word' id='word_1_95' title='bbox 1539 1401 1656 1455; x_wconf 80' lang='lat' dir='ltr'><strong>licet</strong></span> <span class='ocrx_word' id='word_1_96' title='bbox 1710 1419 1812 1456; x_wconf 88' lang='lat' dir='ltr'><strong>non</strong></span> <span class='ocrx_word' id='word_1_97' title='bbox 1871 1405 2314 1470; x_wconf 76' lang='lat' dir='ltr'><strong>commodissima,</strong></span> 
     </span>
    </p>
   </div>
   <div class='ocr_carea' id='block_1_15' title="bbox 750 1492 2316 1564">
    <p class='ocr_par' dir='ltr' id='par_1_15' title="bbox 750 1492 2316 1564">
     <span class='ocr_line' id='line_1_15' title="bbox 750 1492 2316 1564; baseline 0.005 -20"><span class='ocrx_word' id='word_1_98' title='bbox 750 1501 841 1544; x_wconf 81' lang='lat' dir='ltr'><strong>aut</strong></span> <span class='ocrx_word' id='word_1_99' title='bbox 872 1492 1088 1545; x_wconf 80' lang='lat' dir='ltr'><strong>consilio</strong></span> <span class='ocrx_word' id='word_1_100' title='bbox 1120 1493 1342 1545; x_wconf 77' lang='lat' dir='ltr'><strong>maxime</strong></span> <span class='ocrx_word' id='word_1_101' title='bbox 1365 1503 1484 1562; x_wconf 83' lang='lat' dir='ltr'><strong>apta</strong></span> <span class='ocrx_word' id='word_1_102' title='bbox 1519 1493 1615 1564; x_wconf 88' lang='lat' dir='ltr'><strong>(b).</strong></span> <span class='ocrx_word' id='word_1_103' title='bbox 1653 1494 1729 1546; x_wconf 85' lang='lat' dir='ltr'><strong>Ita</strong></span> <span class='ocrx_word' id='word_1_104' title='bbox 1760 1511 1890 1564; x_wconf 77' lang='lat' dir='ltr'><strong>ergo</strong></span> <span class='ocrx_word' id='word_1_105' title='bbox 1921 1512 2046 1552; x_wconf 88' lang='lat' dir='ltr'><strong>suas</strong></span> <span class='ocrx_word' id='word_1_106' title='bbox 2076 1498 2316 1552; x_wconf 86' lang='lat' dir='ltr'><strong>rationes</strong></span> 
     </span>
    </p>
   </div>
   <div class='ocr_carea' id='block_1_16' title="bbox 749 1583 2336 1658">
    <p class='ocr_par' dir='ltr' id='par_1_16' title="bbox 749 1583 2336 1658">
     <span class='ocr_line' id='line_1_16' title="bbox 749 1583 2336 1658; baseline 0.006 -21"><span class='ocrx_word' id='word_1_107' title='bbox 749 1584 1140 1640; x_wconf 88' lang='lat' dir='ltr'><strong>celeberrimus</strong></span> <span class='ocrx_word' id='word_1_108' title='bbox 1164 1585 1247 1638; x_wconf 85' lang='lat' dir='ltr'><strong>vir</strong></span> <span class='ocrx_word' id='word_1_109' title='bbox 1270 1585 1535 1640; x_wconf 78' lang='lat' dir='ltr'><strong>subduxit</strong></span> <span class='ocrx_word' id='word_1_110' title='bbox 1561 1588 1645 1640; x_wconf 90' lang='lat' dir='ltr'><strong>:Si</strong></span> <span class='ocrx_word' id='word_1_111' title='bbox 1679 1587 1732 1640; x_wconf 92' lang='lat' dir='ltr'><strong>in</strong></span> <span class='ocrx_word' id='word_1_112' title='bbox 1760 1587 1938 1655; x_wconf 88' lang='lat' dir='ltr'><strong>libris,</strong></span> <span class='ocrx_word' id='word_1_113' title='bbox 1972 1604 2090 1658; x_wconf 83' lang='lat' dir='ltr'><strong>quae</strong></span> <span class='ocrx_word' id='word_1_114' title='bbox 2113 1583 2336 1647; x_wconf 73' lang='lat' dir='ltr'><strong>Irenaeo</strong></span> 
     </span>
    </p>
   </div>
   <div class='ocr_carea' id='block_1_17' title="bbox 752 1678 2315 1753">
    <p class='ocr_par' dir='ltr' id='par_1_17' title="bbox 752 1678 2315 1753">
     <span class='ocr_line' id='line_1_17' title="bbox 752 1678 2315 1753; baseline 0.007 -24"><span class='ocrx_word' id='word_1_115' title='bbox 752 1678 989 1732; x_wconf 86' lang='lat' dir='ltr'><strong>tribuere</strong></span> <span class='ocrx_word' id='word_1_116' title='bbox 1048 1678 1333 1733; x_wconf 77' lang='lat' dir='ltr'><strong>consuevit</strong></span> <span class='ocrx_word' id='word_1_117' title='bbox 1379 1678 1608 1749; x_wconf 73' lang='lat' dir='ltr'><strong>vulgus,</strong></span> <span class='ocrx_word' id='word_1_118' title='bbox 1659 1679 1774 1734; x_wconf 88' lang='lat' dir='ltr'><strong>loca</strong></span> <span class='ocrx_word' id='word_1_119' title='bbox 1821 1694 2150 1748; x_wconf 89' lang='lat' dir='ltr'><strong>occurrunt,</strong></span> <span class='ocrx_word' id='word_1_120' title='bbox 2197 1699 2315 1753; x_wconf 81' lang='lat' dir='ltr'><strong>quae</strong></span> 
     </span>
    </p>
   </div>
   <div class='ocr_carea' id='block_1_18' title="bbox 750 1770 2312 1838">
    <p class='ocr_par' dir='ltr' id='par_1_18' title="bbox 750 1770 2312 1838">
     <span class='ocr_line' id='line_1_18' title="bbox 750 1770 2312 1838; baseline 0.005 -15"><span class='ocrx_word' id='word_1_121' title='bbox 750 1773 889 1838; x_wconf 87' lang='lat' dir='ltr'><strong>apud</strong></span> <span class='ocrx_word' id='word_1_122' title='bbox 940 1770 1274 1826; x_wconf 84' lang='lat' dir='ltr'><strong>Clementem</strong></span> <span class='ocrx_word' id='word_1_123' title='bbox 1321 1773 1748 1827; x_wconf 85' lang='lat' dir='ltr'><strong>Alexandrinum</strong></span> <span class='ocrx_word' id='word_1_124' title='bbox 1793 1774 1954 1828; x_wconf 90' lang='lat' dir='ltr'><strong>simili</strong></span> <span class='ocrx_word' id='word_1_125' title='bbox 2005 1775 2165 1830; x_wconf 90' lang='lat' dir='ltr'><strong>modo</strong></span> <span class='ocrx_word' id='word_1_126' title='bbox 2213 1778 2312 1831; x_wconf 88' lang='lat' dir='ltr'><strong>ha-</strong></span> 
     </span>
    </p>
   </div>
   <div class='ocr_carea' id='block_1_19' title="bbox 747 1863 2315 1935">
    <p class='ocr_par' dir='ltr' id='par_1_19' title="bbox 747 1863 2315 1935">
     <span class='ocr_line' id='line_1_19' title="bbox 747 1863 2315 1935; baseline 0.004 -19"><span class='ocrx_word' id='word_1_127' title='bbox 747 1864 963 1927; x_wconf 90' lang='lat' dir='ltr'><strong>bentur,</strong></span> <span class='ocrx_word' id='word_1_128' title='bbox 1000 1863 1266 1932; x_wconf 90' lang='lat' dir='ltr'><strong>sequitur,</strong></span> <span class='ocrx_word' id='word_1_129' title='bbox 1303 1873 1362 1918; x_wconf 92' lang='lat' dir='ltr'><strong>ut</strong></span> <span class='ocrx_word' id='word_1_130' title='bbox 1392 1865 1515 1920; x_wconf 88' lang='lat' dir='ltr'><strong>illos</strong></span> <span class='ocrx_word' id='word_1_131' title='bbox 1552 1865 1784 1920; x_wconf 83' lang='lat' dir='ltr'><strong>Irenaeus</strong></span> <span class='ocrx_word' id='word_1_132' title='bbox 1806 1865 2048 1920; x_wconf 87' lang='lat' dir='ltr'><strong>scribere</strong></span> <span class='ocrx_word' id='word_1_133' title='bbox 2081 1881 2187 1921; x_wconf 94' lang='lat' dir='ltr'><strong>non</strong></span> <span class='ocrx_word' id='word_1_134' title='bbox 2219 1882 2315 1935; x_wconf 85' lang='lat' dir='ltr'><strong>po-</strong></span> 
     </span>
    </p>
   </div>
   <div class='ocr_carea' id='block_1_20' title="bbox 749 1952 2312 2023">
    <p class='ocr_par' dir='ltr' id='par_1_20' title="bbox 749 1952 2312 2023">
     <span class='ocr_line' id='line_1_20' title="bbox 749 1952 2312 2023; baseline 0.003 -18"><span class='ocrx_word' id='word_1_135' title='bbox 749 1953 932 2006; x_wconf 86' lang='lat' dir='ltr'><strong>tuerit.</strong></span> <span class='ocrx_word' id='word_1_136' title='bbox 969 1952 1259 2006; x_wconf 84' lang='lat' dir='ltr'><strong>Videamus</strong></span> <span class='ocrx_word' id='word_1_137' title='bbox 1291 1953 1356 2007; x_wconf 91' lang='lat' dir='ltr'><strong>dc</strong></span> <span class='ocrx_word' id='word_1_138' title='bbox 1384 1954 1484 2007; x_wconf 76' lang='lat' dir='ltr'><strong>hac</strong></span> <span class='ocrx_word' id='word_1_139' title='bbox 1532 1954 1646 2023; x_wconf 89' lang='lat' dir='ltr'><strong>ipsa</strong></span> <span class='ocrx_word' id='word_1_140' title='bbox 1698 1954 2135 2022; x_wconf 84' lang='lat' dir='ltr'><strong>ratiocinatione,</strong></span> <span class='ocrx_word' id='word_1_141' title='bbox 2183 1972 2312 2010; x_wconf 92' lang='lat' dir='ltr'><strong>num</strong></span> 
     </span>
    </p>
   </div>
   <div class='ocr_carea' id='block_1_21' title="bbox 748 2043 2306 2112">
    <p class='ocr_par' dir='ltr' id='par_1_21' title="bbox 748 2043 2306 2112">
     <span class='ocr_line' id='line_1_21' title="bbox 748 2043 2306 2112; baseline 0.003 -17"><span class='ocrx_word' id='word_1_142' title='bbox 748 2045 873 2097; x_wconf 80' lang='lat' dir='ltr'><strong>insit</strong></span> <span class='ocrx_word' id='word_1_143' title='bbox 922 2058 985 2097; x_wconf 87' lang='lat' dir='ltr'><strong>ea</strong></span> <span class='ocrx_word' id='word_1_144' title='bbox 1033 2043 1116 2098; x_wconf 91' lang='lat' dir='ltr'><strong>vis</strong></span> <span class='ocrx_word' id='word_1_145' title='bbox 1173 2045 1237 2098; x_wconf 90' lang='lat' dir='ltr'><strong>de</strong></span> <span class='ocrx_word' id='word_1_146' title='bbox 1300 2043 1484 2098; x_wconf 75' lang='lat' dir='ltr'><strong>Irenaei</strong></span> <span class='ocrx_word' id='word_1_147' title='bbox 1538 2043 1642 2099; x_wconf 88' lang='lat' dir='ltr'><strong>fide</strong></span> <span class='ocrx_word' id='word_1_148' title='bbox 1705 2053 1912 2099; x_wconf 87' lang='lat' dir='ltr'><strong>tantum</strong></span> <span class='ocrx_word' id='word_1_149' title='bbox 1956 2045 2306 2112; x_wconf 83' lang='lat' dir='ltr'><strong>detrahendi,</strong></span> 
     </span>
    </p>
   </div>
   <div class='ocr_carea' id='block_1_22' title="bbox 746 2136 2314 2210">
    <p class='ocr_par' dir='ltr' id='par_1_22' title="bbox 746 2136 2314 2210">
     <span class='ocr_line' id='line_1_22' title="bbox 746 2136 2314 2210; baseline 0.006 -24"><span class='ocrx_word' id='word_1_150' title='bbox 746 2146 1010 2203; x_wconf 83' lang='lat' dir='ltr'><strong>quantum</strong></span> <span class='ocrx_word' id='word_1_151' title='bbox 1042 2136 1254 2191; x_wconf 87' lang='lat' dir='ltr'><strong>detrahi</strong></span> <span class='ocrx_word' id='word_1_152' title='bbox 1285 2138 1433 2207; x_wconf 89' lang='lat' dir='ltr'><strong>cupit</strong></span> <span class='ocrx_word' id='word_1_153' title='bbox 1455 2141 1519 2193; x_wconf 78' lang='lat' dir='ltr'><strong>de</strong></span> <span class='ocrx_word' id='word_1_154' title='bbox 1553 2138 1642 2193; x_wconf 90' lang='lat' dir='ltr'><strong>illa</strong></span> <span class='ocrx_word' id='word_1_155' title='bbox 1668 2137 1966 2196; x_wconf 88' lang='lat' dir='ltr'><strong>Semlerus.</strong></span> <span class='ocrx_word' id='word_1_156' title='bbox 1993 2139 2160 2206; x_wconf 85' lang='lat' dir='ltr'><strong>Quem</strong></span> <span class='ocrx_word' id='word_1_157' title='bbox 2193 2140 2314 2210; x_wconf 91' lang='lat' dir='ltr'><strong>qui-</strong></span> 
     </span>
    </p>
   </div>
   <div class='ocr_carea' id='block_1_23' title="bbox 744 2227 1822 2301">
    <p class='ocr_par' dir='ltr' id='par_1_23' title="bbox 744 2227 1822 2301">
     <span class='ocr_line' id='line_1_23' title="bbox 744 2227 1822 2301; baseline 0 -17"><span class='ocrx_word' id='word_1_158' title='bbox 744 2228 867 2284; x_wconf 88' lang='lat' dir='ltr'><strong>dem</strong></span> <span class='ocrx_word' id='word_1_159' title='bbox 908 2229 962 2282; x_wconf 90' lang='lat' dir='ltr'><strong>in</strong></span> <span class='ocrx_word' id='word_1_160' title='bbox 995 2227 1153 2282; x_wconf 89' lang='lat' dir='ltr'><strong>linem</strong></span> <span class='ocrx_word' id='word_1_161' title='bbox 1183 2228 1299 2284; x_wconf 83' lang='lat' dir='ltr'><strong>haec</strong></span> <span class='ocrx_word' id='word_1_162' title='bbox 1327 2230 1608 2284; x_wconf 89' lang='lat' dir='ltr'><strong>observari</strong></span> <span class='ocrx_word' id='word_1_163' title='bbox 1641 2232 1822 2301; x_wconf 90' lang='lat' dir='ltr'><strong>cupio.</strong></span> 
     </span>
    </p>
   </div>
   <div class='ocr_carea' id='block_1_24' title="bbox 816 2321 2308 2393">
    <p class='ocr_par' dir='ltr' id='par_1_24' title="bbox 816 2321 2308 2393">
     <span class='ocr_line' id='line_1_24' title="bbox 816 2321 2308 2393; baseline 0.001 -17"><span class='ocrx_word' id='word_1_164' title='bbox 816 2322 855 2376; x_wconf 87' lang='grc' dir='ltr'><strong>Ι.</strong></span> <span class='ocrx_word' id='word_1_165' title='bbox 892 2321 948 2376; x_wconf 93' lang='lat' dir='ltr'><strong>In</strong></span> <span class='ocrx_word' id='word_1_166' title='bbox 981 2332 1209 2392; x_wconf 90' lang='lat' dir='ltr'><strong>utroque</strong></span> <span class='ocrx_word' id='word_1_167' title='bbox 1242 2323 1502 2392; x_wconf 89' lang='lat' dir='ltr'><strong>scriptore</strong></span> <span class='ocrx_word' id='word_1_168' title='bbox 1527 2323 1693 2379; x_wconf 91' lang='lat' dir='ltr'><strong>multa</strong></span> <span class='ocrx_word' id='word_1_169' title='bbox 1725 2325 1906 2379; x_wconf 89' lang='lat' dir='ltr'><strong>inesse</strong></span> <span class='ocrx_word' id='word_1_170' title='bbox 1940 2323 2043 2380; x_wconf 91' lang='lat' dir='ltr'><strong>sibi</strong></span> <span class='ocrx_word' id='word_1_171' title='bbox 2087 2325 2308 2393; x_wconf 86' lang='lat' dir='ltr'><strong>similia,</strong></span> 
     </span>
    </p>
   </div>
   <div class='ocr_carea' id='block_1_25' title="bbox 744 2414 2312 2486">
    <p class='ocr_par' dir='ltr' id='par_1_25' title="bbox 744 2414 2312 2486">
     <span class='ocr_line' id='line_1_25' title="bbox 744 2414 2312 2486; baseline 0.001 -16"><span class='ocrx_word' id='word_1_172' title='bbox 744 2414 892 2470; x_wconf 86' lang='lat' dir='ltr'><strong>nulla</strong></span> <span class='ocrx_word' id='word_1_173' title='bbox 942 2424 1024 2470; x_wconf 90' lang='lat' dir='ltr'><strong>est</strong></span> <span class='ocrx_word' id='word_1_174' title='bbox 1065 2414 1297 2469; x_wconf 85' lang='lat' dir='ltr'><strong>mirandi</strong></span> <span class='ocrx_word' id='word_1_175' title='bbox 1344 2430 1528 2469; x_wconf 87' lang='lat' dir='ltr'><strong>causa.</strong></span> <span class='ocrx_word' id='word_1_176' title='bbox 1583 2415 1821 2486; x_wconf 89' lang='lat' dir='ltr'><strong>Uterque</strong></span> <span class='ocrx_word' id='word_1_177' title='bbox 1870 2416 2014 2470; x_wconf 82' lang='lat' dir='ltr'><strong>enim</strong></span> <span class='ocrx_word' id='word_1_178' title='bbox 2063 2427 2312 2472; x_wconf 76' lang='lat' dir='ltr'><strong>versatur</strong></span> 
     </span>
    </p>
   </div>
   <div class='ocr_carea' id='block_1_26' title="bbox 746 2507 2345 2589">
    <p class='ocr_par' dir='ltr' id='par_1_26' title="bbox 746 2507 2345 2589">
     <span class='ocr_line' id='line_1_26' title="bbox 746 2507 2345 2589; baseline 0.002 -28"><span class='ocrx_word' id='word_1_179' title='bbox 746 2507 1044 2576; x_wconf 80' lang='lat' dir='ltr'><strong>saepissime</strong></span> <span class='ocrx_word' id='word_1_180' title='bbox 1070 2510 1122 2561; x_wconf 83' lang='lat' dir='ltr'><strong>in</strong></span> <span class='ocrx_word' id='word_1_181' title='bbox 1158 2522 1264 2561; x_wconf 91' lang='lat' dir='ltr'><strong>uno</strong></span> <span class='ocrx_word' id='word_1_182' title='bbox 1298 2507 1595 2576; x_wconf 89' lang='lat' dir='ltr'><strong>eodemque</strong></span> <span class='ocrx_word' id='word_1_183' title='bbox 1621 2517 1938 2578; x_wconf 82' lang='lat' dir='ltr'><strong>argumento</strong></span> <span class='ocrx_word' id='word_1_184' title='bbox 1966 2509 2308 2577; x_wconf 80' lang='lat' dir='ltr'><strong>explicando,</strong></span> <span class='ocrx_word' id='word_1_185' title='bbox 2339 2582 2345 2589; x_wconf 31' lang='grc' dir='ltr'><strong>Ι</strong></span> 
     </span>
    </p>
   </div>
   <div class='ocr_carea' id='block_1_27' title="bbox 744 2598 2310 2670">
    <p class='ocr_par' dir='ltr' id='par_1_27' title="bbox 744 2598 2310 2670">
     <span class='ocr_line' id='line_1_27' title="bbox 744 2598 2310 2670; baseline 0.004 -20"><span class='ocrx_word' id='word_1_186' title='bbox 744 2612 978 2667; x_wconf 84' lang='lat' dir='ltr'><strong>uterque</strong></span> <span class='ocrx_word' id='word_1_187' title='bbox 1025 2598 1404 2654; x_wconf 88' lang='lat' dir='ltr'><strong>Gnosticorum</strong></span> <span class='ocrx_word' id='word_1_188' title='bbox 1448 2600 1655 2653; x_wconf 90' lang='lat' dir='ltr'><strong>somnia</strong></span> <span class='ocrx_word' id='word_1_189' title='bbox 1711 2601 2074 2670; x_wconf 87' lang='lat' dir='ltr'><strong>persequitur.</strong></span> <span class='ocrx_word' id='word_1_190' title='bbox 2107 2600 2310 2656; x_wconf 81' lang='lat' dir='ltr'><strong>Nihilo-</strong></span> 
     </span>
    </p>
   </div>
   <div class='ocr_carea' id='block_1_28' title="bbox 747 2690 2309 2755">
    <p class='ocr_par' dir='ltr' id='par_1_28' title="bbox 747 2690 2309 2755">
     <span class='ocr_line' id='line_1_28' title="bbox 747 2690 2309 2755; baseline 0.003 -11"><span class='ocrx_word' id='word_1_191' title='bbox 747 2692 924 2745; x_wconf 77' lang='lat' dir='ltr'><strong>minus</strong></span> <span class='ocrx_word' id='word_1_192' title='bbox 954 2691 1113 2745; x_wconf 84' lang='lat' dir='ltr'><strong>toties</strong></span> <span class='ocrx_word' id='word_1_193' title='bbox 1143 2707 1170 2743; x_wconf 90' lang='lat' dir='ltr'><strong>a</strong></span> <span class='ocrx_word' id='word_1_194' title='bbox 1217 2706 1274 2745; x_wconf 91' lang='lat' dir='ltr'><strong>se</strong></span> <span class='ocrx_word' id='word_1_195' title='bbox 1321 2690 1601 2755; x_wconf 79' lang='lat' dir='ltr'><strong>differunt,</strong></span> <span class='ocrx_word' id='word_1_196' title='bbox 1634 2692 1711 2745; x_wconf 90' lang='lat' dir='ltr'><strong>uti</strong></span> <span class='ocrx_word' id='word_1_197' title='bbox 1754 2691 1887 2747; x_wconf 87' lang='lat' dir='ltr'><strong>alias</strong></span> <span class='ocrx_word' id='word_1_198' title='bbox 1922 2709 1949 2745; x_wconf 93' lang='lat' dir='ltr'><strong>a</strong></span> <span class='ocrx_word' id='word_1_199' title='bbox 2002 2709 2059 2748; x_wconf 90' lang='lat' dir='ltr'><strong>se</strong></span> <span class='ocrx_word' id='word_1_200' title='bbox 2102 2695 2309 2749; x_wconf 87' lang='lat' dir='ltr'><strong>discre-</strong></span> 
     </span>
    </p>
   </div>
   <div class='ocr_carea' id='block_1_29' title="bbox 746 2784 2309 2853">
    <p class='ocr_par' dir='ltr' id='par_1_29' title="bbox 746 2784 2309 2853">
     <span class='ocr_line' id='line_1_29' title="bbox 746 2784 2309 2853; baseline 0.002 -16"><span class='ocrx_word' id='word_1_201' title='bbox 746 2801 875 2853; x_wconf 86' lang='lat' dir='ltr'><strong>pare</strong></span> <span class='ocrx_word' id='word_1_202' title='bbox 903 2784 1078 2838; x_wconf 86' lang='lat' dir='ltr'><strong>solent</strong></span> <span class='ocrx_word' id='word_1_203' title='bbox 1111 2784 1355 2838; x_wconf 76' lang='lat' dir='ltr'><strong>historici</strong></span> <span class='ocrx_word' id='word_1_204' title='bbox 1393 2785 1614 2853; x_wconf 76' lang='lat' dir='ltr'><strong>optimae</strong></span> <span class='ocrx_word' id='word_1_205' title='bbox 1648 2794 1810 2846; x_wconf 81' lang='lat' dir='ltr'><strong>notae,</strong></span> <span class='ocrx_word' id='word_1_206' title='bbox 1843 2785 1930 2853; x_wconf 90' lang='lat' dir='ltr'><strong>qui</strong></span> <span class='ocrx_word' id='word_1_207' title='bbox 1971 2786 2186 2839; x_wconf 88' lang='lat' dir='ltr'><strong>easdem</strong></span> <span class='ocrx_word' id='word_1_208' title='bbox 2225 2802 2309 2840; x_wconf 89' lang='lat' dir='ltr'><strong>res</strong></span> 
     </span>
    </p>
   </div>
   <div class='ocr_carea' id='block_1_30' title="bbox 745 2875 2307 2945">
    <p class='ocr_par' dir='ltr' id='par_1_30' title="bbox 745 2875 2307 2945">
     <span class='ocr_line' id='line_1_30' title="bbox 745 2875 2307 2945; baseline 0.004 -21"><span class='ocrx_word' id='word_1_209' title='bbox 745 2887 923 2945; x_wconf 67' lang='lat' dir='ltr'><strong>gestas</strong></span> <span class='ocrx_word' id='word_1_210' title='bbox 954 2885 1232 2941; x_wconf 91' lang='lat' dir='ltr'><strong>enarrant,</strong></span> <span class='ocrx_word' id='word_1_211' title='bbox 1265 2891 1315 2928; x_wconf 90' lang='lat' dir='ltr'><strong>v.</strong></span> <span class='ocrx_word' id='word_1_212' title='bbox 1353 2890 1402 2929; x_wconf 90' lang='lat' dir='ltr'><strong>c.</strong></span> <span class='ocrx_word' id='word_1_213' title='bbox 1432 2876 1652 2931; x_wconf 82' lang='lat' dir='ltr'><strong>Tacitus</strong></span> <span class='ocrx_word' id='word_1_214' title='bbox 1689 2891 1717 2928; x_wconf 86' lang='lat' dir='ltr'><strong>a</strong></span> <span class='ocrx_word' id='word_1_215' title='bbox 1753 2875 2030 2931; x_wconf 87' lang='lat' dir='ltr'><strong>Suetonio.</strong></span> <span class='ocrx_word' id='word_1_216' title='bbox 2083 2877 2171 2932; x_wconf 91' lang='lat' dir='ltr'><strong>Sic</strong></span> <span class='ocrx_word' id='word_1_217' title='bbox 2211 2895 2307 2931; x_wconf 89' lang='lat' dir='ltr'><strong>no-</strong></span> 
     </span>
    </p>
   </div>
   <div class='ocr_carea' id='block_1_31' title="bbox 744 2969 2306 3037">
    <p class='ocr_par' dir='ltr' id='par_1_31' title="bbox 744 2969 2306 3037">
     <span class='ocr_line' id='line_1_31' title="bbox 744 2969 2306 3037; baseline 0.001 -14"><span class='ocrx_word' id='word_1_218' title='bbox 744 2969 1003 3023; x_wconf 82' lang='lat' dir='ltr'><strong>bilissima</strong></span> <span class='ocrx_word' id='word_1_219' title='bbox 1043 2976 1125 3022; x_wconf 87' lang='lat' dir='ltr'><strong>est</strong></span> <span class='ocrx_word' id='word_1_220' title='bbox 1159 2977 1214 3022; x_wconf 91' lang='lat' dir='ltr'><strong>et</strong></span> <span class='ocrx_word' id='word_1_221' title='bbox 1241 2977 1529 3037; x_wconf 83' lang='lat' dir='ltr'><strong>pervagata</strong></span> <span class='ocrx_word' id='word_1_222' title='bbox 1562 2969 1843 3022; x_wconf 89' lang='lat' dir='ltr'><strong>doctorum</strong></span> <span class='ocrx_word' id='word_1_223' title='bbox 1874 2970 2149 3022; x_wconf 88' lang='lat' dir='ltr'><strong>hominum</strong></span> <span class='ocrx_word' id='word_1_224' title='bbox 2180 2986 2306 3026; x_wconf 79' lang='lat' dir='ltr'><strong>con-</strong></span> 
     </span>
    </p>
   </div>
   <div class='ocr_carea' id='block_1_32' title="bbox 748 3058 2305 3126">
    <p class='ocr_par' dir='ltr' id='par_1_32' title="bbox 748 3058 2305 3126">
     <span class='ocr_line' id='line_1_32' title="bbox 748 3058 2305 3126; baseline 0.001 -14"><span class='ocrx_word' id='word_1_225' title='bbox 748 3061 1035 3114; x_wconf 90' lang='lat' dir='ltr'><strong>troversia.</strong></span> <span class='ocrx_word' id='word_1_226' title='bbox 1067 3075 1194 3112; x_wconf 83' lang='lat' dir='ltr'><strong>nam</strong></span> <span class='ocrx_word' id='word_1_227' title='bbox 1239 3058 1423 3112; x_wconf 78' lang='lat' dir='ltr'><strong>lrenaei</strong></span> <span class='ocrx_word' id='word_1_228' title='bbox 1455 3076 1519 3112; x_wconf 92' lang='lat' dir='ltr'><strong>an</strong></span> <span class='ocrx_word' id='word_1_229' title='bbox 1567 3059 1860 3113; x_wconf 86' lang='lat' dir='ltr'><strong>Clementis</strong></span> <span class='ocrx_word' id='word_1_230' title='bbox 1891 3061 1961 3113; x_wconf 91' lang='lat' dir='ltr'><strong>sit</strong></span> <span class='ocrx_word' id='word_1_231' title='bbox 1996 3060 2166 3126; x_wconf 78' lang='lat' dir='ltr'><strong>major</strong></span> <span class='ocrx_word' id='word_1_232' title='bbox 2209 3078 2305 3113; x_wconf 92' lang='lat' dir='ltr'><strong>au-</strong></span> 
     </span>
    </p>
   </div>
   <div class='ocr_carea' id='block_1_33' title="bbox 2423 571 3987 638">
    <p class='ocr_par' dir='ltr' id='par_1_33' title="bbox 2423 571 3987 638">
     <span class='ocr_line' id='line_1_33' title="bbox 2423 571 3987 638; baseline 0.007 -11"><span class='ocrx_word' id='word_1_233' title='bbox 2423 574 2539 638; x_wconf 91' lang='lat' dir='ltr'><strong>nio,</strong></span> <span class='ocrx_word' id='word_1_234' title='bbox 2571 571 2833 628; x_wconf 88' lang='lat' dir='ltr'><strong>Irenaeum</strong></span> <span class='ocrx_word' id='word_1_235' title='bbox 2865 575 2964 629; x_wconf 90' lang='lat' dir='ltr'><strong>sub</strong></span> <span class='ocrx_word' id='word_1_236' title='bbox 2991 572 3194 628; x_wconf 86' lang='lat' dir='ltr'><strong>Severo</strong></span> <span class='ocrx_word' id='word_1_237' title='bbox 3222 574 3366 629; x_wconf 88' lang='lat' dir='ltr'><strong>circa</strong></span> <span class='ocrx_word' id='word_1_238' title='bbox 3393 591 3598 631; x_wconf 88' lang='lat' dir='ltr'><strong>annmn</strong></span> <span class='ocrx_word' id='word_1_239' title='bbox 3628 580 3814 634; x_wconf 74' lang='lat' dir='ltr'><strong>saeculi</strong></span> <span class='ocrx_word' id='word_1_240' title='bbox 3847 583 3987 638; x_wconf 88' lang='lat' dir='ltr'><strong>tertii</strong></span> 
     </span>
    </p>
   </div>
   <div class='ocr_carea' id='block_1_34' title="bbox 2421 666 3987 735">
    <p class='ocr_par' dir='ltr' id='par_1_34' title="bbox 2421 666 3987 735">
     <span class='ocr_line' id='line_1_34' title="bbox 2421 666 3987 735; baseline 0.005 -14"><span class='ocrx_word' id='word_1_241' title='bbox 2421 667 2721 722; x_wconf 88' lang='lat' dir='ltr'><strong>secundum</strong></span> <span class='ocrx_word' id='word_1_242' title='bbox 2772 666 3057 735; x_wconf 76' lang='lat' dir='ltr'><strong>gloriosam</strong></span> <span class='ocrx_word' id='word_1_243' title='bbox 3109 677 3337 721; x_wconf 88' lang='lat' dir='ltr'><strong>mortem</strong></span> <span class='ocrx_word' id='word_1_244' title='bbox 3383 668 3605 735; x_wconf 88' lang='lat' dir='ltr'><strong>obiisse,</strong></span> <span class='ocrx_word' id='word_1_245' title='bbox 3655 670 3987 730; x_wconf 83' lang='lat' dir='ltr'><strong>Clementem</strong></span> 
     </span>
    </p>
   </div>
   <div class='ocr_carea' id='block_1_35' title="bbox 2420 756 3984 829">
    <p class='ocr_par' dir='ltr' id='par_1_35' title="bbox 2420 756 3984 829">
     <span class='ocr_line' id='line_1_35' title="bbox 2420 756 3984 829; baseline 0.004 -17"><span class='ocrx_word' id='word_1_246' title='bbox 2420 773 2549 813; x_wconf 85' lang='lat' dir='ltr'><strong>vero</strong></span> <span class='ocrx_word' id='word_1_247' title='bbox 2583 756 2744 827; x_wconf 90' lang='lat' dir='ltr'><strong>paulo</strong></span> <span class='ocrx_word' id='word_1_248' title='bbox 2769 769 2896 812; x_wconf 88' lang='lat' dir='ltr'><strong>ante</strong></span> <span class='ocrx_word' id='word_1_249' title='bbox 2935 757 3225 812; x_wconf 80' lang='lat' dir='ltr'><strong>Caraeallae</strong></span> <span class='ocrx_word' id='word_1_250' title='bbox 3255 758 3485 826; x_wconf 91' lang='lat' dir='ltr'><strong>obitum,</strong></span> <span class='ocrx_word' id='word_1_251' title='bbox 3511 761 3604 829; x_wconf 89' lang='lat' dir='ltr'><strong>qui</strong></span> <span class='ocrx_word' id='word_1_252' title='bbox 3631 775 3774 816; x_wconf 90' lang='lat' dir='ltr'><strong>anno</strong></span> <span class='ocrx_word' id='word_1_253' title='bbox 3810 777 3984 818; x_wconf 80' lang='lat' dir='ltr'><strong>ccxvn</strong></span> 
     </span>
    </p>
   </div>
   <div class='ocr_carea' id='block_1_36' title="bbox 2419 848 3986 914">
    <p class='ocr_par' dir='ltr' id='par_1_36' title="bbox 2419 848 3986 914">
     <span class='ocr_line' id='line_1_36' title="bbox 2419 848 3986 914; baseline 0.004 -12"><span class='ocrx_word' id='word_1_254' title='bbox 2419 850 2731 912; x_wconf 90' lang='lat' dir='ltr'><strong>ascribitnr,</strong></span> <span class='ocrx_word' id='word_1_255' title='bbox 2767 849 2878 902; x_wconf 86' lang='lat' dir='ltr'><strong>vita</strong></span> <span class='ocrx_word' id='word_1_256' title='bbox 2914 848 3233 914; x_wconf 87' lang='lat' dir='ltr'><strong>decessisse,</strong></span> <span class='ocrx_word' id='word_1_257' title='bbox 3273 848 3527 904; x_wconf 84' lang='lat' dir='ltr'><strong>Clemens</strong></span> <span class='ocrx_word' id='word_1_258' title='bbox 3577 850 3782 906; x_wconf 86' lang='lat' dir='ltr'><strong>Irenaeo</strong></span> <span class='ocrx_word' id='word_1_259' title='bbox 3809 862 3867 906; x_wconf 91' lang='lat' dir='ltr'><strong>ut</strong></span> <span class='ocrx_word' id='word_1_260' title='bbox 3898 869 3986 908; x_wconf 89' lang='lat' dir='ltr'><strong>su-</strong></span> 
     </span>
    </p>
   </div>
   <div class='ocr_carea' id='block_1_37' title="bbox 2419 940 3988 1013">
    <p class='ocr_par' dir='ltr' id='par_1_37' title="bbox 2419 940 3988 1013">
     <span class='ocr_line' id='line_1_37' title="bbox 2419 940 3988 1013; baseline 0.003 -17"><span class='ocrx_word' id='word_1_261' title='bbox 2419 951 2628 1011; x_wconf 88' lang='lat' dir='ltr'><strong>perstes</strong></span> <span class='ocrx_word' id='word_1_262' title='bbox 2663 940 2846 1004; x_wconf 85' lang='lat' dir='ltr'><strong>fuerit,</strong></span> <span class='ocrx_word' id='word_1_263' title='bbox 2886 956 3109 996; x_wconf 90' lang='lat' dir='ltr'><strong>necesse</strong></span> <span class='ocrx_word' id='word_1_264' title='bbox 3132 955 3253 996; x_wconf 87' lang='lat' dir='ltr'><strong>esse</strong></span> <span class='ocrx_word' id='word_1_265' title='bbox 3287 953 3473 1010; x_wconf 90' lang='lat' dir='ltr'><strong>aperte</strong></span> <span class='ocrx_word' id='word_1_266' title='bbox 3518 945 3755 1013; x_wconf 92' lang='lat' dir='ltr'><strong>scripsit.</strong></span> <span class='ocrx_word' id='word_1_267' title='bbox 3791 945 3988 1001; x_wconf 87' lang='lat' dir='ltr'><strong>Fateor</strong></span> 
     </span>
    </p>
   </div>
   <div class='ocr_carea' id='block_1_38' title="bbox 2420 1034 3984 1103">
    <p class='ocr_par' dir='ltr' id='par_1_38' title="bbox 2420 1034 3984 1103">
     <span class='ocr_line' id='line_1_38' title="bbox 2420 1034 3984 1103; baseline 0.004 -16"><span class='ocrx_word' id='word_1_268' title='bbox 2420 1042 2619 1098; x_wconf 90' lang='lat' dir='ltr'><strong>tamen,</strong></span> <span class='ocrx_word' id='word_1_269' title='bbox 2653 1034 2814 1088; x_wconf 90' lang='lat' dir='ltr'><strong>nimis</strong></span> <span class='ocrx_word' id='word_1_270' title='bbox 2842 1044 3149 1103; x_wconf 86' lang='lat' dir='ltr'><strong>suspect-am</strong></span> <span class='ocrx_word' id='word_1_271' title='bbox 3185 1035 3315 1089; x_wconf 90' lang='lat' dir='ltr'><strong>mihi</strong></span> <span class='ocrx_word' id='word_1_272' title='bbox 3361 1051 3484 1090; x_wconf 90' lang='lat' dir='ltr'><strong>esse</strong></span> <span class='ocrx_word' id='word_1_273' title='bbox 3517 1052 3732 1092; x_wconf 90' lang='lat' dir='ltr'><strong>omnem</strong></span> <span class='ocrx_word' id='word_1_274' title='bbox 3765 1039 3830 1092; x_wconf 90' lang='lat' dir='ltr'><strong>de</strong></span> <span class='ocrx_word' id='word_1_275' title='bbox 3875 1039 3984 1093; x_wconf 88' lang='lat' dir='ltr'><strong>Ire-</strong></span> 
     </span>
    </p>
   </div>
   <div class='ocr_carea' id='block_1_39' title="bbox 2421 1127 3982 1200">
    <p class='ocr_par' dir='ltr' id='par_1_39' title="bbox 2421 1127 3982 1200">
     <span class='ocr_line' id='line_1_39' title="bbox 2421 1127 3982 1200; baseline 0.003 -20"><span class='ocrx_word' id='word_1_276' title='bbox 2421 1127 2519 1180; x_wconf 76' lang='lat' dir='ltr'><strong>naei</strong></span> <span class='ocrx_word' id='word_1_277' title='bbox 2555 1129 2814 1198; x_wconf 85' lang='lat' dir='ltr'><strong>martyrio</strong></span> <span class='ocrx_word' id='word_1_278' title='bbox 2841 1128 3206 1183; x_wconf 82' lang='lat' dir='ltr'><strong>narrationem</strong></span> <span class='ocrx_word' id='word_1_279' title='bbox 3246 1129 3528 1199; x_wconf 83' lang='lat' dir='ltr'><strong>magisque</strong></span> <span class='ocrx_word' id='word_1_280' title='bbox 3558 1131 3768 1200; x_wconf 85' lang='lat' dir='ltr'><strong>placere</strong></span> <span class='ocrx_word' id='word_1_281' title='bbox 3798 1147 3982 1187; x_wconf 87' lang='lat' dir='ltr'><strong>eorum</strong></span> 
     </span>
    </p>
   </div>
   <div class='ocr_carea' id='block_1_40' title="bbox 2418 1219 3981 1288">
    <p class='ocr_par' dir='ltr' id='par_1_40' title="bbox 2418 1219 3981 1288">
     <span class='ocr_line' id='line_1_40' title="bbox 2418 1219 3981 1288; baseline 0.003 -16"><span class='ocrx_word' id='word_1_282' title='bbox 2418 1220 2766 1282; x_wconf 90' lang='lat' dir='ltr'><strong>sententiam,</strong></span> <span class='ocrx_word' id='word_1_283' title='bbox 2803 1220 2896 1288; x_wconf 88' lang='lat' dir='ltr'><strong>qui</strong></span> <span class='ocrx_word' id='word_1_284' title='bbox 2945 1219 3204 1275; x_wconf 76' lang='lat' dir='ltr'><strong>Irenaeum</strong></span> <span class='ocrx_word' id='word_1_285' title='bbox 3249 1231 3378 1276; x_wconf 88' lang='lat' dir='ltr'><strong>ante</strong></span> <span class='ocrx_word' id='word_1_286' title='bbox 3428 1223 3580 1275; x_wconf 89' lang='lat' dir='ltr'><strong>initia</strong></span> <span class='ocrx_word' id='word_1_287' title='bbox 3626 1224 3809 1278; x_wconf 75' lang='lat' dir='ltr'><strong>saeculi</strong></span> <span class='ocrx_word' id='word_1_288' title='bbox 3841 1224 3981 1278; x_wconf 87' lang='lat' dir='ltr'><strong>tertii</strong></span> 
     </span>
    </p>
   </div>
   <div class='ocr_carea' id='block_1_41' title="bbox 2418 1310 3982 1383">
    <p class='ocr_par' dir='ltr' id='par_1_41' title="bbox 2418 1310 3982 1383">
     <span class='ocr_line' id='line_1_41' title="bbox 2418 1310 3982 1383; baseline 0.006 -20"><span class='ocrx_word' id='word_1_289' title='bbox 2418 1310 2583 1365; x_wconf 89' lang='lat' dir='ltr'><strong>vitam</strong></span> <span class='ocrx_word' id='word_1_290' title='bbox 2637 1312 2882 1367; x_wconf 81' lang='lat' dir='ltr'><strong>finivisse</strong></span> <span class='ocrx_word' id='word_1_291' title='bbox 2927 1322 3141 1382; x_wconf 88' lang='lat' dir='ltr'><strong>putant,</strong></span> <span class='ocrx_word' id='word_1_292' title='bbox 3180 1313 3307 1368; x_wconf 88' lang='lat' dir='ltr'><strong>licet</strong></span> <span class='ocrx_word' id='word_1_293' title='bbox 3352 1315 3523 1369; x_wconf 91' lang='lat' dir='ltr'><strong>tutius</strong></span> <span class='ocrx_word' id='word_1_294' title='bbox 3571 1315 3663 1379; x_wconf 88' lang='lat' dir='ltr'><strong>sit,</strong></span> <span class='ocrx_word' id='word_1_295' title='bbox 3714 1316 3982 1383; x_wconf 80' lang='lat' dir='ltr'><strong>conﬁteri,</strong></span> 
     </span>
    </p>
   </div>
   <div class='ocr_carea' id='block_1_42' title="bbox 2417 1404 3826 1479">
    <p class='ocr_par' dir='ltr' id='par_1_42' title="bbox 2417 1404 3826 1479">
     <span class='ocr_line' id='line_1_42' title="bbox 2417 1404 3826 1479; baseline 0.001 -21"><span class='ocrx_word' id='word_1_296' title='bbox 2417 1418 2515 1459; x_wconf 91' lang='lat' dir='ltr'><strong>nos</strong></span> <span class='ocrx_word' id='word_1_297' title='bbox 2545 1404 2818 1471; x_wconf 82' lang='lat' dir='ltr'><strong>ignorare,</strong></span> <span class='ocrx_word' id='word_1_298' title='bbox 2855 1421 2985 1458; x_wconf 88' lang='lat' dir='ltr'><strong>num</strong></span> <span class='ocrx_word' id='word_1_299' title='bbox 3019 1406 3267 1475; x_wconf 80' lang='lat' dir='ltr'><strong>attigerit</strong></span> <span class='ocrx_word' id='word_1_300' title='bbox 3295 1406 3505 1469; x_wconf 88' lang='lat' dir='ltr'><strong>eadem,</strong></span> <span class='ocrx_word' id='word_1_301' title='bbox 3533 1423 3702 1462; x_wconf 90' lang='lat' dir='ltr'><strong>necne</strong></span> <span class='ocrx_word' id='word_1_302' title='bbox 3733 1408 3826 1479; x_wconf 81' lang='grc' dir='ltr'>(ε).</span> 
     </span>
    </p>
   </div>
   <div class='ocr_carea' id='block_1_43' title="bbox 2486 1496 3984 1568">
    <p class='ocr_par' dir='ltr' id='par_1_43' title="bbox 2486 1496 3984 1568">
     <span class='ocr_line' id='line_1_43' title="bbox 2486 1496 3984 1568; baseline 0.006 -18"><span class='ocrx_word' id='word_1_303' title='bbox 2486 1496 2579 1552; x_wconf 87' lang='lat' dir='ltr'><strong>IV.</strong></span> <span class='ocrx_word' id='word_1_304' title='bbox 2621 1497 2689 1550; x_wconf 84' lang='lat' dir='ltr'><strong>At</strong></span> <span class='ocrx_word' id='word_1_305' title='bbox 2724 1498 2840 1553; x_wconf 84' lang='lat' dir='ltr'><strong>haec</strong></span> <span class='ocrx_word' id='word_1_306' title='bbox 2871 1499 3034 1552; x_wconf 86' lang='lat' dir='ltr'><strong>nimis</strong></span> <span class='ocrx_word' id='word_1_307' title='bbox 3067 1515 3095 1552; x_wconf 89' lang='lat' dir='ltr'><strong>a</strong></span> <span class='ocrx_word' id='word_1_308' title='bbox 3127 1499 3406 1568; x_wconf 89' lang='lat' dir='ltr'><strong>proposito</strong></span> <span class='ocrx_word' id='word_1_309' title='bbox 3440 1509 3565 1554; x_wconf 89' lang='lat' dir='ltr'><strong>sunt</strong></span> <span class='ocrx_word' id='word_1_310' title='bbox 3599 1511 3823 1560; x_wconf 75' lang='lat' dir='ltr'><strong>remota.</strong></span> <span class='ocrx_word' id='word_1_311' title='bbox 3853 1501 3984 1559; x_wconf 90' lang='lat' dir='ltr'><strong>Pro-</strong></span> 
     </span>
    </p>
   </div>
   <div class='ocr_carea' id='block_1_44' title="bbox 2417 1588 3982 1663">
    <p class='ocr_par' dir='ltr' id='par_1_44' title="bbox 2417 1588 3982 1663">
     <span class='ocr_line' id='line_1_44' title="bbox 2417 1588 3982 1663; baseline 0.004 -22"><span class='ocrx_word' id='word_1_312' title='bbox 2417 1588 2535 1657; x_wconf 86' lang='lat' dir='ltr'><strong>pius</strong></span> <span class='ocrx_word' id='word_1_313' title='bbox 2567 1589 2874 1643; x_wconf 87' lang='lat' dir='ltr'><strong>aecedimus</strong></span> <span class='ocrx_word' id='word_1_314' title='bbox 2913 1590 2978 1643; x_wconf 88' lang='lat' dir='ltr'><strong>ad</strong></span> <span class='ocrx_word' id='word_1_315' title='bbox 3025 1589 3077 1643; x_wconf 87' lang='lat' dir='ltr'><strong>id</strong></span> <span class='ocrx_word' id='word_1_316' title='bbox 3119 1590 3572 1660; x_wconf 86' lang='lat' dir='ltr'><strong>investigandum,</strong></span> <span class='ocrx_word' id='word_1_317' title='bbox 3609 1593 3751 1660; x_wconf 92' lang='lat' dir='ltr'><strong>quod</strong></span> <span class='ocrx_word' id='word_1_318' title='bbox 3786 1595 3982 1663; x_wconf 79' lang='lat' dir='ltr'><strong>exqui-</strong></span> 
     </span>
    </p>
   </div>
   <div class='ocr_carea' id='block_1_45' title="bbox 2418 1677 3982 1754">
    <p class='ocr_par' dir='ltr' id='par_1_45' title="bbox 2418 1677 3982 1754">
     <span class='ocr_line' id='line_1_45' title="bbox 2418 1677 3982 1754; baseline 0.005 -23"><span class='ocrx_word' id='word_1_319' title='bbox 2418 1679 2609 1744; x_wconf 81' lang='lat' dir='ltr'><strong>rimus,</strong></span> <span class='ocrx_word' id='word_1_320' title='bbox 2644 1679 2688 1733; x_wconf 86' lang='lat' dir='ltr'><strong>si</strong></span> <span class='ocrx_word' id='word_1_321' title='bbox 2724 1677 2789 1733; x_wconf 91' lang='lat' dir='ltr'><strong>ad</strong></span> <span class='ocrx_word' id='word_1_322' title='bbox 2817 1689 3029 1734; x_wconf 80' lang='lat' dir='ltr'><strong>aetatem</strong></span> <span class='ocrx_word' id='word_1_323' title='bbox 3067 1679 3331 1736; x_wconf 91' lang='lat' dir='ltr'><strong>librorum</strong></span> <span class='ocrx_word' id='word_1_324' title='bbox 3366 1681 3654 1752; x_wconf 90' lang='lat' dir='ltr'><strong>utriusque</strong></span> <span class='ocrx_word' id='word_1_325' title='bbox 3699 1686 3982 1754; x_wconf 83' lang='lat' dir='ltr'><strong>scriptoris</strong></span> 
     </span>
    </p>
   </div>
   <div class='ocr_carea' id='block_1_46' title="bbox 2419 1768 3983 1843">
    <p class='ocr_par' dir='ltr' id='par_1_46' title="bbox 2419 1768 3983 1843">
     <span class='ocr_line' id='line_1_46' title="bbox 2419 1768 3983 1843; baseline 0.006 -20"><span class='ocrx_word' id='word_1_326' title='bbox 2419 1768 2656 1823; x_wconf 85' lang='lat' dir='ltr'><strong>animum</strong></span> <span class='ocrx_word' id='word_1_327' title='bbox 2704 1771 3060 1827; x_wconf 89' lang='lat' dir='ltr'><strong>advertimus.</strong></span> <span class='ocrx_word' id='word_1_328' title='bbox 3111 1772 3188 1826; x_wconf 90' lang='lat' dir='ltr'><strong>De</strong></span> <span class='ocrx_word' id='word_1_329' title='bbox 3242 1773 3449 1829; x_wconf 80' lang='lat' dir='ltr'><strong>Irenaeo</strong></span> <span class='ocrx_word' id='word_1_330' title='bbox 3494 1776 3710 1843; x_wconf 88' lang='lat' dir='ltr'><strong>quidem</strong></span> <span class='ocrx_word' id='word_1_331' title='bbox 3766 1786 3983 1832; x_wconf 87' lang='lat' dir='ltr'><strong>constat</strong></span> 
     </span>
    </p>
   </div>
   <div class='ocr_carea' id='block_1_47' title="bbox 2416 1863 3983 1938">
    <p class='ocr_par' dir='ltr' id='par_1_47' title="bbox 2416 1863 3983 1938">
     <span class='ocr_line' id='line_1_47' title="bbox 2416 1863 3983 1938; baseline 0.003 -20"><span class='ocrx_word' id='word_1_332' title='bbox 2416 1863 2701 1933; x_wconf 89' lang='lat' dir='ltr'><strong>scripsisse</strong></span> <span class='ocrx_word' id='word_1_333' title='bbox 2747 1879 2870 1919; x_wconf 91' lang='lat' dir='ltr'><strong>eum</strong></span> <span class='ocrx_word' id='word_1_334' title='bbox 2905 1865 3074 1921; x_wconf 91' lang='lat' dir='ltr'><strong>libros</strong></span> <span class='ocrx_word' id='word_1_335' title='bbox 3106 1881 3233 1921; x_wconf 91' lang='lat' dir='ltr'><strong>suos</strong></span> <span class='ocrx_word' id='word_1_336' title='bbox 3283 1867 3546 1922; x_wconf 87' lang='lat' dir='ltr'><strong>adversus</strong></span> <span class='ocrx_word' id='word_1_337' title='bbox 3599 1869 3836 1923; x_wconf 86' lang='lat' dir='ltr'><strong>haereses</strong></span> <span class='ocrx_word' id='word_1_338' title='bbox 3886 1884 3983 1938; x_wconf 86' lang='lat' dir='ltr'><strong>per</strong></span> 
     </span>
    </p>
   </div>
   <div class='ocr_carea' id='block_1_48' title="bbox 2416 1956 3980 2028">
    <p class='ocr_par' dir='ltr' id='par_1_48' title="bbox 2416 1956 3980 2028">
     <span class='ocr_line' id='line_1_48' title="bbox 2416 1956 3980 2028; baseline 0.002 -19"><span class='ocrx_word' id='word_1_339' title='bbox 2416 1956 2742 2010; x_wconf 88' lang='lat' dir='ltr'><strong>intervalla:</strong></span> <span class='ocrx_word' id='word_1_340' title='bbox 2781 1970 2847 2010; x_wconf 75' lang='lat' dir='ltr'><strong>ex</strong></span> <span class='ocrx_word' id='word_1_341' title='bbox 2901 1957 3177 2013; x_wconf 89' lang='lat' dir='ltr'><strong>mentione</strong></span> <span class='ocrx_word' id='word_1_342' title='bbox 3229 1957 3544 2026; x_wconf 88' lang='lat' dir='ltr'><strong>Eleutheri,</strong></span> <span class='ocrx_word' id='word_1_343' title='bbox 3593 1957 3822 2013; x_wconf 83' lang='lat' dir='ltr'><strong>Romani</strong></span> <span class='ocrx_word' id='word_1_344' title='bbox 3861 1959 3980 2028; x_wconf 86' lang='lat' dir='ltr'><strong>epi-</strong></span> 
     </span>
    </p>
   </div>
   <div class='ocr_carea' id='block_1_49' title="bbox 2415 2047 3980 2119">
    <p class='ocr_par' dir='ltr' id='par_1_49' title="bbox 2415 2047 3980 2119">
     <span class='ocr_line' id='line_1_49' title="bbox 2415 2047 3980 2119; baseline 0.001 -15"><span class='ocrx_word' id='word_1_345' title='bbox 2415 2049 2594 2119; x_wconf 89' lang='lat' dir='ltr'><strong>scopi,</strong></span> <span class='ocrx_word' id='word_1_346' title='bbox 2642 2057 2697 2102; x_wconf 87' lang='lat' dir='ltr'><strong>et</strong></span> <span class='ocrx_word' id='word_1_347' title='bbox 2747 2048 3214 2119; x_wconf 88' lang='lat' dir='ltr'><strong>interpretationis</strong></span> <span class='ocrx_word' id='word_1_348' title='bbox 3265 2047 3483 2105; x_wconf 85' lang='lat' dir='ltr'><strong>Codicis</strong></span> <span class='ocrx_word' id='word_1_349' title='bbox 3539 2052 3678 2106; x_wconf 86' lang='lat' dir='ltr'><strong>sacri</strong></span> <span class='ocrx_word' id='word_1_350' title='bbox 3743 2050 3980 2114; x_wconf 76' lang='lat' dir='ltr'><strong>Graecae,</strong></span> 
     </span>
    </p>
   </div>
   <div class='ocr_carea' id='block_1_50' title="bbox 2414 2135 3980 2212">
    <p class='ocr_par' dir='ltr' id='par_1_50' title="bbox 2414 2135 3980 2212">
     <span class='ocr_line' id='line_1_50' title="bbox 2414 2135 3980 2212; baseline 0.001 -20"><span class='ocrx_word' id='word_1_351' title='bbox 2414 2156 2574 2212; x_wconf 87' lang='lat' dir='ltr'><strong>quam</strong></span> <span class='ocrx_word' id='word_1_352' title='bbox 2610 2135 2947 2196; x_wconf 87' lang='lat' dir='ltr'><strong>Theodotion</strong></span> <span class='ocrx_word' id='word_1_353' title='bbox 2972 2142 3232 2206; x_wconf 90' lang='lat' dir='ltr'><strong>condidit,</strong></span> <span class='ocrx_word' id='word_1_354' title='bbox 3269 2143 3408 2196; x_wconf 91' lang='lat' dir='ltr'><strong>libro</strong></span> <span class='ocrx_word' id='word_1_355' title='bbox 3441 2141 3607 2197; x_wconf 88' lang='lat' dir='ltr'><strong>tertio</strong></span> <span class='ocrx_word' id='word_1_356' title='bbox 3655 2142 3800 2195; x_wconf 86' lang='lat' dir='ltr'><strong>facta</strong></span> <span class='ocrx_word' id='word_1_357' title='bbox 3827 2143 3980 2195; x_wconf 88' lang='lat' dir='ltr'><strong>colli-</strong></span> 
     </span>
    </p>
   </div>
   <div class='ocr_carea' id='block_1_51' title="bbox 2415 2231 3980 2300">
    <p class='ocr_par' dir='ltr' id='par_1_51' title="bbox 2415 2231 3980 2300">
     <span class='ocr_line' id='line_1_51' title="bbox 2415 2231 3980 2300; baseline 0.001 -17"><span class='ocrx_word' id='word_1_358' title='bbox 2415 2239 2548 2300; x_wconf 84' lang='lat' dir='ltr'><strong>gunt</strong></span> <span class='ocrx_word' id='word_1_359' title='bbox 2577 2231 2675 2284; x_wconf 89' lang='lat' dir='ltr'><strong>viri</strong></span> <span class='ocrx_word' id='word_1_360' title='bbox 2709 2231 2874 2295; x_wconf 89' lang='lat' dir='ltr'><strong>docti,</strong></span> <span class='ocrx_word' id='word_1_361' title='bbox 2923 2231 3066 2284; x_wconf 91' lang='lat' dir='ltr'><strong>intra</strong></span> <span class='ocrx_word' id='word_1_362' title='bbox 3115 2247 3244 2285; x_wconf 91' lang='lat' dir='ltr'><strong>ann.</strong></span> <span class='ocrx_word' id='word_1_363' title='bbox 3301 2246 3539 2299; x_wconf 70' lang='lat' dir='ltr'><strong>caxxvu,</strong></span> <span class='ocrx_word' id='word_1_364' title='bbox 3590 2246 3696 2300; x_wconf 87' lang='lat' dir='ltr'><strong>quo</strong></span> <span class='ocrx_word' id='word_1_365' title='bbox 3737 2233 3980 2286; x_wconf 89' lang='lat' dir='ltr'><strong>creditur</strong></span> 
     </span>
    </p>
   </div>
   <div class='ocr_carea' id='block_1_52' title="bbox 2414 2322 3981 2394">
    <p class='ocr_par' dir='ltr' id='par_1_52' title="bbox 2414 2322 3981 2394">
     <span class='ocr_line' id='line_1_52' title="bbox 2414 2322 3981 2394; baseline 0.001 -17"><span class='ocrx_word' id='word_1_366' title='bbox 2414 2323 2648 2378; x_wconf 67' lang='lat' dir='ltr'><strong>Irenaius</strong></span> <span class='ocrx_word' id='word_1_367' title='bbox 2671 2325 2840 2378; x_wconf 91' lang='lat' dir='ltr'><strong>sacris</strong></span> <span class='ocrx_word' id='word_1_368' title='bbox 2865 2322 3314 2393; x_wconf 87' lang='lat' dir='ltr'><strong>Lugdunensibus</strong></span> <span class='ocrx_word' id='word_1_369' title='bbox 3338 2326 3699 2394; x_wconf 86' lang='lat' dir='ltr'><strong>gubernandis</strong></span> <span class='ocrx_word' id='word_1_370' title='bbox 3727 2326 3981 2379; x_wconf 89' lang='lat' dir='ltr'><strong>admotus</strong></span> 
     </span>
    </p>
   </div>
   <div class='ocr_carea' id='block_1_53' title="bbox 2415 2415 3979 2484">
    <p class='ocr_par' dir='ltr' id='par_1_53' title="bbox 2415 2415 3979 2484">
     <span class='ocr_line' id='line_1_53' title="bbox 2415 2415 3979 2484; baseline 0.001 -16"><span class='ocrx_word' id='word_1_371' title='bbox 2415 2429 2553 2480; x_wconf 81' lang='lat' dir='ltr'><strong>esse,</strong></span> <span class='ocrx_word' id='word_1_372' title='bbox 2604 2423 2658 2468; x_wconf 92' lang='lat' dir='ltr'><strong>et</strong></span> <span class='ocrx_word' id='word_1_373' title='bbox 2688 2430 2816 2468; x_wconf 92' lang='lat' dir='ltr'><strong>ann.</strong></span> <span class='ocrx_word' id='word_1_374' title='bbox 2849 2429 3086 2480; x_wconf 72' lang='lat' dir='ltr'><strong>ccxxxv,</strong></span> <span class='ocrx_word' id='word_1_375' title='bbox 3132 2430 3239 2484; x_wconf 87' lang='lat' dir='ltr'><strong>quo</strong></span> <span class='ocrx_word' id='word_1_376' title='bbox 3286 2415 3612 2470; x_wconf 86' lang='lat' dir='ltr'><strong>Eleutherus</strong></span> <span class='ocrx_word' id='word_1_377' title='bbox 3648 2417 3790 2470; x_wconf 90' lang='lat' dir='ltr'><strong>diem</strong></span> <span class='ocrx_word' id='word_1_378' title='bbox 3822 2418 3979 2478; x_wconf 88' lang='lat' dir='ltr'><strong>obiit,</strong></span> 
     </span>
    </p>
   </div>
   <div class='ocr_carea' id='block_1_54' title="bbox 2415 2503 3979 2567">
    <p class='ocr_par' dir='ltr' id='par_1_54' title="bbox 2415 2503 3979 2567">
     <span class='ocr_line' id='line_1_54' title="bbox 2415 2503 3979 2567; baseline -0.003 -9"><span class='ocrx_word' id='word_1_379' title='bbox 2415 2516 2507 2558; x_wconf 88' lang='lat' dir='ltr'><strong>aut</strong></span> <span class='ocrx_word' id='word_1_380' title='bbox 2552 2505 2596 2558; x_wconf 89' lang='lat' dir='ltr'><strong>si</strong></span> <span class='ocrx_word' id='word_1_381' title='bbox 2655 2504 2942 2559; x_wconf 87' lang='lat' dir='ltr'><strong>nonnullos</strong></span> <span class='ocrx_word' id='word_1_382' title='bbox 2997 2503 3196 2557; x_wconf 89' lang='lat' dir='ltr'><strong>addere</strong></span> <span class='ocrx_word' id='word_1_383' title='bbox 3251 2503 3507 2567; x_wconf 89' lang='lat' dir='ltr'><strong>libuerit,</strong></span> <span class='ocrx_word' id='word_1_384' title='bbox 3562 2518 3702 2558; x_wconf 84' lang='lat' dir='ltr'><strong>cxcu</strong></span> <span class='ocrx_word' id='word_1_385' title='bbox 3758 2504 3979 2557; x_wconf 88' lang='lat' dir='ltr'><strong>eosdem</strong></span> 
     </span>
    </p>
   </div>
   <div class='ocr_carea' id='block_1_55' title="bbox 2412 2595 3978 2665">
    <p class='ocr_par' dir='ltr' id='par_1_55' title="bbox 2412 2595 3978 2665">
     <span class='ocr_line' id='line_1_55' title="bbox 2412 2595 3978 2665; baseline -0.002 -14"><span class='ocrx_word' id='word_1_386' title='bbox 2412 2597 2582 2652; x_wconf 89' lang='lat' dir='ltr'><strong>fuisse</strong></span> <span class='ocrx_word' id='word_1_387' title='bbox 2629 2597 2805 2651; x_wconf 89' lang='lat' dir='ltr'><strong>editos</strong></span> <span class='ocrx_word' id='word_1_388' title='bbox 2852 2597 2940 2665; x_wconf 73' lang='lat' dir='ltr'><strong>(n.</strong></span> <span class='ocrx_word' id='word_1_389' title='bbox 2993 2595 3147 2649; x_wconf 87' lang='lat' dir='ltr'><strong>Nulla</strong></span> <span class='ocrx_word' id='word_1_390' title='bbox 3181 2606 3331 2650; x_wconf 86' lang='lat' dir='ltr'><strong>certe</strong></span> <span class='ocrx_word' id='word_1_391' title='bbox 3381 2595 3564 2649; x_wconf 88' lang='lat' dir='ltr'><strong>subest</strong></span> <span class='ocrx_word' id='word_1_392' title='bbox 3611 2611 3800 2658; x_wconf 87' lang='lat' dir='ltr'><strong>causa,</strong></span> <span class='ocrx_word' id='word_1_393' title='bbox 3839 2595 3978 2649; x_wconf 85' lang='lat' dir='ltr'><strong>ultra</strong></span> 
     </span>
    </p>
   </div>
   <div class='ocr_carea' id='block_1_56' title="bbox 2413 2687 3979 2756">
    <p class='ocr_par' dir='ltr' id='par_1_56' title="bbox 2413 2687 3979 2756">
     <span class='ocr_line' id='line_1_56' title="bbox 2413 2687 3979 2756; baseline -0.002 -14"><span class='ocrx_word' id='word_1_394' title='bbox 2413 2689 2514 2742; x_wconf 89' lang='lat' dir='ltr'><strong>hoc</strong></span> <span class='ocrx_word' id='word_1_395' title='bbox 2546 2688 2774 2755; x_wconf 87' lang='lat' dir='ltr'><strong>spatium</strong></span> <span class='ocrx_word' id='word_1_396' title='bbox 2825 2688 3219 2756; x_wconf 82' lang='lat' dir='ltr'><strong>progrediendi.</strong></span> <span class='ocrx_word' id='word_1_397' title='bbox 3253 2688 3500 2741; x_wconf 84' lang='lat' dir='ltr'><strong>Clemens</strong></span> <span class='ocrx_word' id='word_1_398' title='bbox 3536 2703 3660 2741; x_wconf 89' lang='lat' dir='ltr'><strong>vero</strong></span> <span class='ocrx_word' id='word_1_399' title='bbox 3703 2687 3979 2740; x_wconf 85' lang='lat' dir='ltr'><strong>Stromata</strong></span> 
     </span>
    </p>
   </div>
   <div class='ocr_carea' id='block_1_57' title="bbox 2411 2780 3980 2850">
    <p class='ocr_par' dir='ltr' id='par_1_57' title="bbox 2411 2780 3980 2850">
     <span class='ocr_line' id='line_1_57' title="bbox 2411 2780 3980 2850; baseline -0.001 -17"><span class='ocrx_word' id='word_1_400' title='bbox 2411 2781 2653 2835; x_wconf 90' lang='lat' dir='ltr'><strong>scribere</strong></span> <span class='ocrx_word' id='word_1_401' title='bbox 2683 2781 2849 2850; x_wconf 75' lang='lat' dir='ltr'><strong>cmpit</strong></span> <span class='ocrx_word' id='word_1_402' title='bbox 2888 2788 3005 2848; x_wconf 89' lang='lat' dir='ltr'><strong>post</strong></span> <span class='ocrx_word' id='word_1_403' title='bbox 3038 2780 3314 2835; x_wconf 82' lang='lat' dir='ltr'><strong>Commodi</strong></span> <span class='ocrx_word' id='word_1_404' title='bbox 3349 2780 3577 2842; x_wconf 90' lang='lat' dir='ltr'><strong>obitum,</strong></span> <span class='ocrx_word' id='word_1_405' title='bbox 3612 2780 3712 2831; x_wconf 92' lang='lat' dir='ltr'><strong>hoc</strong></span> <span class='ocrx_word' id='word_1_406' title='bbox 3747 2787 3829 2832; x_wconf 86' lang='lat' dir='ltr'><strong>est</strong></span> <span class='ocrx_word' id='word_1_407' title='bbox 3856 2787 3980 2846; x_wconf 78' lang='lat' dir='ltr'><strong>post</strong></span> 
     </span>
    </p>
   </div>
   <div class='ocr_carea' id='block_1_58' title="bbox 2413 2871 3980 2940">
    <p class='ocr_par' dir='ltr' id='par_1_58' title="bbox 2413 2871 3980 2940">
     <span class='ocr_line' id='line_1_58' title="bbox 2413 2871 3980 2940; baseline 0 -16"><span class='ocrx_word' id='word_1_408' title='bbox 2413 2886 2538 2925; x_wconf 91' lang='lat' dir='ltr'><strong>ann.</strong></span> <span class='ocrx_word' id='word_1_409' title='bbox 2567 2873 2819 2940; x_wconf 80' lang='lat' dir='ltr'><strong>cxcn(g).</strong></span> <span class='ocrx_word' id='word_1_410' title='bbox 2842 2871 2933 2925; x_wconf 86' lang='lat' dir='ltr'><strong>llis</strong></span> <span class='ocrx_word' id='word_1_411' title='bbox 2953 2873 3113 2940; x_wconf 80' lang='lat' dir='ltr'><strong>igitur</strong></span> <span class='ocrx_word' id='word_1_412' title='bbox 3133 2872 3662 2933; x_wconf 88' lang='lat' dir='ltr'><strong>rationibusductus,</strong></span> <span class='ocrx_word' id='word_1_413' title='bbox 3682 2871 3872 2924; x_wconf 91' lang='lat' dir='ltr'><strong>lubens</strong></span> <span class='ocrx_word' id='word_1_414' title='bbox 3900 2886 3980 2924; x_wconf 80' lang='lat' dir='ltr'><strong>as-</strong></span> 
     </span>
    </p>
   </div>
   <div class='ocr_carea' id='block_1_59' title="bbox 2411 2962 3977 3034">
    <p class='ocr_par' dir='ltr' id='par_1_59' title="bbox 2411 2962 3977 3034">
     <span class='ocr_line' id='line_1_59' title="bbox 2411 2962 3977 3034; baseline -0.003 -16"><span class='ocrx_word' id='word_1_415' title='bbox 2411 2965 2614 3018; x_wconf 91' lang='lat' dir='ltr'><strong>sentior</strong></span> <span class='ocrx_word' id='word_1_416' title='bbox 2633 2982 2752 3018; x_wconf 90' lang='lat' dir='ltr'><strong>ven.</strong></span> <span class='ocrx_word' id='word_1_417' title='bbox 2777 2964 3024 3020; x_wconf 84' lang='lat' dir='ltr'><strong>Semlero</strong></span> <span class='ocrx_word' id='word_1_418' title='bbox 3048 2965 3284 3034; x_wconf 84' lang='lat' dir='ltr'><strong>neganti,</strong></span> <span class='ocrx_word' id='word_1_419' title='bbox 3307 2964 3599 3019; x_wconf 88' lang='lat' dir='ltr'><strong>Clementis</strong></span> <span class='ocrx_word' id='word_1_420' title='bbox 3617 2962 3884 3016; x_wconf 89' lang='lat' dir='ltr'><strong>Stromata</strong></span> <span class='ocrx_word' id='word_1_421' title='bbox 3913 2965 3977 3017; x_wconf 87' lang='lat' dir='ltr'><strong>ab</strong></span> 
     </span>
    </p>
   </div>
   <div class='ocr_carea' id='block_1_60' title="bbox 2409 3057 3983 3122">
    <p class='ocr_par' dir='ltr' id='par_1_60' title="bbox 2409 3057 3983 3122">
     <span class='ocr_line' id='line_1_60' title="bbox 2409 3057 3983 3122; baseline -0.001 -10"><span class='ocrx_word' id='word_1_422' title='bbox 2409 3058 2609 3112; x_wconf 81' lang='lat' dir='ltr'><strong>Irenaeo</strong></span> <span class='ocrx_word' id='word_1_423' title='bbox 2637 3058 2771 3112; x_wconf 86' lang='lat' dir='ltr'><strong>lecta</strong></span> <span class='ocrx_word' id='word_1_424' title='bbox 2803 3068 2855 3111; x_wconf 94' lang='lat' dir='ltr'><strong>et</strong></span> <span class='ocrx_word' id='word_1_425' title='bbox 2883 3058 2993 3112; x_wconf 89' lang='lat' dir='ltr'><strong>visa</strong></span> <span class='ocrx_word' id='word_1_426' title='bbox 3021 3074 3160 3122; x_wconf 89' lang='lat' dir='ltr'><strong>esse,</strong></span> <span class='ocrx_word' id='word_1_427' title='bbox 3196 3058 3320 3111; x_wconf 89' lang='lat' dir='ltr'><strong>licet</strong></span> <span class='ocrx_word' id='word_1_428' title='bbox 3354 3057 3477 3111; x_wconf 91' lang='lat' dir='ltr'><strong>huic</strong></span> <span class='ocrx_word' id='word_1_429' title='bbox 3505 3058 3795 3112; x_wconf 77' lang='lat' dir='ltr'><strong>sententiae</strong></span> <span class='ocrx_word' id='word_1_430' title='bbox 3824 3071 3983 3111; x_wconf 89' lang='lat' dir='ltr'><strong>com-</strong></span> 
     </span>
    </p>
   </div>
   <div class='ocr_carea' id='block_1_61' title="bbox 745 3148 3980 3234">
    <p class='ocr_par' dir='ltr' id='par_1_61' title="bbox 745 3148 3980 3234">
     <span class='ocr_line' id='line_1_61' title="bbox 745 3148 3980 3234; baseline 0 -32"><span class='ocrx_word' id='word_1_431' title='bbox 745 3151 967 3204; x_wconf 90' lang='lat' dir='ltr'><strong>ctoritas</strong></span> <span class='ocrx_word' id='word_1_432' title='bbox 999 3150 1051 3203; x_wconf 90' lang='lat' dir='ltr'><strong>in</strong></span> <span class='ocrx_word' id='word_1_433' title='bbox 1083 3151 1170 3216; x_wconf 87' lang='lat' dir='ltr'><strong>iis,</strong></span> <span class='ocrx_word' id='word_1_434' title='bbox 1223 3165 1340 3218; x_wconf 80' lang='lat' dir='ltr'><strong>quae</strong></span> <span class='ocrx_word' id='word_1_435' title='bbox 1387 3149 1451 3204; x_wconf 88' lang='lat' dir='ltr'><strong>de</strong></span> <span class='ocrx_word' id='word_1_436' title='bbox 1487 3149 1722 3205; x_wconf 88' lang='lat' dir='ltr'><strong>Basilide</strong></span> <span class='ocrx_word' id='word_1_437' title='bbox 1768 3148 2129 3217; x_wconf 86' lang='lat' dir='ltr'><strong>tradiderunt,</strong></span> <span class='ocrx_word' id='word_1_438' title='bbox 2157 3154 2305 3206; x_wconf 87' lang='lat' dir='ltr'><strong>varia</strong></span> <span class='ocrx_word' id='word_1_439' title='bbox 2335 3177 2376 3234; x_wconf 74' lang='lat' dir='ltr'><strong><em>C</em></strong></span> <span class='ocrx_word' id='word_1_440' title='bbox 2411 3153 2698 3220; x_wconf 78' lang='lat' dir='ltr'><strong>probandae</strong></span> <span class='ocrx_word' id='word_1_441' title='bbox 2742 3153 2883 3205; x_wconf 86' lang='lat' dir='ltr'><strong>haud</strong></span> <span class='ocrx_word' id='word_1_442' title='bbox 2917 3151 3162 3205; x_wconf 83' lang='lat' dir='ltr'><strong>suilicere</strong></span> <span class='ocrx_word' id='word_1_443' title='bbox 3209 3151 3334 3204; x_wconf 90' lang='lat' dir='ltr'><strong>mihi</strong></span> <span class='ocrx_word' id='word_1_444' title='bbox 3371 3152 3655 3204; x_wconf 84' lang='lat' dir='ltr'><strong>videantur</strong></span> <span class='ocrx_word' id='word_1_445' title='bbox 3688 3150 3790 3202; x_wconf 75' lang='lat' dir='ltr'><strong>illae</strong></span> <span class='ocrx_word' id='word_1_446' title='bbox 3836 3148 3980 3204; x_wconf 78' lang='lat' dir='ltr'><strong>difﬁ-</strong></span> 
     </span>
    </p>
   </div>
   <div class='ocr_carea' id='block_1_62' title="bbox 745 3242 1383 3311">
    <p class='ocr_par' dir='ltr' id='par_1_62' title="bbox 745 3242 1383 3311">
     <span class='ocr_line' id='line_1_62' title="bbox 745 3242 1383 3311; baseline 0 -16"><span class='ocrx_word' id='word_1_447' title='bbox 745 3253 891 3296; x_wconf 89' lang='lat' dir='ltr'><strong>certe</strong></span> <span class='ocrx_word' id='word_1_448' title='bbox 917 3253 969 3296; x_wconf 92' lang='lat' dir='ltr'><strong>et</strong></span> <span class='ocrx_word' id='word_1_449' title='bbox 994 3242 1383 3311; x_wconf 87' lang='lat' dir='ltr'><strong>discrepantia.</strong></span> 
     </span>
    </p>
   </div>
   <div class='ocr_carea' id='block_1_63' title="bbox 819 3333 2310 3391">
    <p class='ocr_par' dir='ltr' id='par_1_63' title="bbox 819 3333 2310 3391">
     <span class='ocr_line' id='line_1_63' title="bbox 819 3333 2310 3391; baseline 0.003 -4"><span class='ocrx_word' id='word_1_450' title='bbox 819 3333 877 3388; x_wconf 94' lang='lat' dir='ltr'><strong>Il.</strong></span> <span class='ocrx_word' id='word_1_451' title='bbox 922 3334 1034 3387; x_wconf 81' lang='lat' dir='ltr'><strong>Non</strong></span> <span class='ocrx_word' id='word_1_452' title='bbox 1068 3334 1239 3387; x_wconf 91' lang='lat' dir='ltr'><strong>solum</strong></span> <span class='ocrx_word' id='word_1_453' title='bbox 1273 3334 1325 3386; x_wconf 91' lang='lat' dir='ltr'><strong>in</strong></span> <span class='ocrx_word' id='word_1_454' title='bbox 1356 3333 1758 3388; x_wconf 88' lang='lat' dir='ltr'><strong>narrationibus</strong></span> <span class='ocrx_word' id='word_1_455' title='bbox 1801 3333 2074 3389; x_wconf 88' lang='lat' dir='ltr'><strong>historicis</strong></span> <span class='ocrx_word' id='word_1_456' title='bbox 2106 3336 2169 3389; x_wconf 90' lang='lat' dir='ltr'><strong>de</strong></span> <span class='ocrx_word' id='word_1_457' title='bbox 2200 3338 2310 3391; x_wconf 77' lang='lat' dir='ltr'><strong>hae-</strong></span> 
     </span>
    </p>
   </div>
   <div class='ocr_carea' id='block_1_64' title="bbox 745 3424 2307 3494">
    <p class='ocr_par' dir='ltr' id='par_1_64' title="bbox 745 3424 2307 3494">
     <span class='ocr_line' id='line_1_64' title="bbox 745 3424 2307 3494; baseline 0.003 -16"><span class='ocrx_word' id='word_1_458' title='bbox 745 3426 978 3491; x_wconf 83' lang='lat' dir='ltr'><strong>resibus,</strong></span> <span class='ocrx_word' id='word_1_459' title='bbox 1023 3425 1117 3479; x_wconf 89' lang='lat' dir='ltr'><strong>sed</strong></span> <span class='ocrx_word' id='word_1_460' title='bbox 1151 3424 1315 3478; x_wconf 86' lang='lat' dir='ltr'><strong>etiam</strong></span> <span class='ocrx_word' id='word_1_461' title='bbox 1345 3424 1464 3479; x_wconf 90' lang='lat' dir='ltr'><strong>aliis</strong></span> <span class='ocrx_word' id='word_1_462' title='bbox 1506 3426 1836 3494; x_wconf 81' lang='lat' dir='ltr'><strong>argumentis</strong></span> <span class='ocrx_word' id='word_1_463' title='bbox 1881 3427 2179 3480; x_wconf 90' lang='lat' dir='ltr'><strong>tractandis</strong></span> <span class='ocrx_word' id='word_1_464' title='bbox 2227 3429 2307 3482; x_wconf 88' lang='lat' dir='ltr'><strong>vel</strong></span> 
     </span>
    </p>
   </div>
   <div class='ocr_carea' id='block_1_65' title="bbox 745 3517 2309 3589">
    <p class='ocr_par' dir='ltr' id='par_1_65' title="bbox 745 3517 2309 3589">
     <span class='ocr_line' id='line_1_65' title="bbox 745 3517 2309 3589; baseline 0.006 -18"><span class='ocrx_word' id='word_1_465' title='bbox 745 3519 937 3573; x_wconf 80' lang='lat' dir='ltr'><strong>leviter</strong></span> <span class='ocrx_word' id='word_1_466' title='bbox 992 3519 1320 3589; x_wconf 78' lang='lat' dir='ltr'><strong>attingendis</strong></span> <span class='ocrx_word' id='word_1_467' title='bbox 1368 3517 1472 3573; x_wconf 90' lang='lat' dir='ltr'><strong>sibi</strong></span> <span class='ocrx_word' id='word_1_468' title='bbox 1526 3518 1736 3574; x_wconf 85' lang='lat' dir='ltr'><strong>similes</strong></span> <span class='ocrx_word' id='word_1_469' title='bbox 1782 3536 1901 3576; x_wconf 90' lang='lat' dir='ltr'><strong>esse</strong></span> <span class='ocrx_word' id='word_1_470' title='bbox 1947 3522 2207 3577; x_wconf 86' lang='lat' dir='ltr'><strong>Irenaeum</strong></span> <span class='ocrx_word' id='word_1_471' title='bbox 2255 3534 2309 3580; x_wconf 89' lang='lat' dir='ltr'><strong>et</strong></span> 
     </span>
    </p>
   </div>
   <div class='ocr_carea' id='block_1_66' title="bbox 745 3611 2305 3679">
    <p class='ocr_par' dir='ltr' id='par_1_66' title="bbox 745 3611 2305 3679">
     <span class='ocr_line' id='line_1_66' title="bbox 745 3611 2305 3679; baseline 0.002 -13"><span class='ocrx_word' id='word_1_472' title='bbox 745 3615 1099 3678; x_wconf 83' lang='lat' dir='ltr'><strong>Clementem,</strong></span> <span class='ocrx_word' id='word_1_473' title='bbox 1141 3611 1271 3665; x_wconf 88' lang='lat' dir='ltr'><strong>vidit</strong></span> <span class='ocrx_word' id='word_1_474' title='bbox 1299 3611 1412 3679; x_wconf 86' lang='lat' dir='ltr'><strong>jam</strong></span> <span class='ocrx_word' id='word_1_475' title='bbox 1449 3625 1546 3665; x_wconf 88' lang='lat' dir='ltr'><strong>sua</strong></span> <span class='ocrx_word' id='word_1_476' title='bbox 1592 3621 1756 3666; x_wconf 79' lang='lat' dir='ltr'><strong>aetate</strong></span> <span class='ocrx_word' id='word_1_477' title='bbox 1806 3613 2092 3669; x_wconf 86' lang='lat' dir='ltr'><strong>Eusebius.</strong></span> <span class='ocrx_word' id='word_1_478' title='bbox 2142 3615 2305 3671; x_wconf 84' lang='lat' dir='ltr'><strong>Joan-</strong></span> 
     </span>
    </p>
   </div>
   <div class='ocr_carea' id='block_1_67' title="bbox 747 3700 2308 3774">
    <p class='ocr_par' dir='ltr' id='par_1_67' title="bbox 747 3700 2308 3774">
     <span class='ocr_line' id='line_1_67' title="bbox 747 3700 2308 3774; baseline 0.004 -20"><span class='ocrx_word' id='word_1_479' title='bbox 747 3717 867 3755; x_wconf 89' lang='lat' dir='ltr'><strong>nem</strong></span> <span class='ocrx_word' id='word_1_480' title='bbox 919 3700 1224 3768; x_wconf 83' lang='lat' dir='ltr'><strong>apostolum</strong></span> <span class='ocrx_word' id='word_1_481' title='bbox 1260 3715 1430 3770; x_wconf 89' lang='lat' dir='ltr'><strong>usque</strong></span> <span class='ocrx_word' id='word_1_482' title='bbox 1474 3702 1538 3755; x_wconf 93' lang='lat' dir='ltr'><strong>ad</strong></span> <span class='ocrx_word' id='word_1_483' title='bbox 1584 3701 1800 3772; x_wconf 78' lang='lat' dir='ltr'><strong>Trajani</strong></span> <span class='ocrx_word' id='word_1_484' title='bbox 1853 3713 2068 3759; x_wconf 83' lang='lat' dir='ltr'><strong>aetatem</strong></span> <span class='ocrx_word' id='word_1_485' title='bbox 2118 3721 2308 3774; x_wconf 85' lang='lat' dir='ltr'><strong>perve-</strong></span> 
     </span>
    </p>
   </div>
   <div class='ocr_carea' id='block_1_68' title="bbox 747 3790 2307 3860">
    <p class='ocr_par' dir='ltr' id='par_1_68' title="bbox 747 3790 2307 3860">
     <span class='ocr_line' id='line_1_68' title="bbox 747 3790 2307 3860; baseline 0.003 -16"><span class='ocrx_word' id='word_1_486' title='bbox 747 3793 910 3854; x_wconf 86' lang='lat' dir='ltr'><strong>nisse,</strong></span> <span class='ocrx_word' id='word_1_487' title='bbox 939 3790 1074 3844; x_wconf 91' lang='lat' dir='ltr'><strong>duos</strong></span> <span class='ocrx_word' id='word_1_488' title='bbox 1115 3791 1366 3860; x_wconf 77' lang='lat' dir='ltr'><strong>produxit</strong></span> <span class='ocrx_word' id='word_1_489' title='bbox 1391 3801 1573 3855; x_wconf 85' lang='lat' dir='ltr'><strong>testes,</strong></span> <span class='ocrx_word' id='word_1_490' title='bbox 1601 3791 1861 3847; x_wconf 87' lang='lat' dir='ltr'><strong>lrenaeum</strong></span> <span class='ocrx_word' id='word_1_491' title='bbox 1891 3804 1943 3848; x_wconf 88' lang='lat' dir='ltr'><strong>et</strong></span> <span class='ocrx_word' id='word_1_492' title='bbox 1979 3795 2307 3850; x_wconf 78' lang='lat' dir='ltr'><strong>Clementem</strong></span> 
     </span>
    </p>
   </div>
   <div class='ocr_carea' id='block_1_69' title="bbox 747 3883 2309 3952">
    <p class='ocr_par' dir='ltr' id='par_1_69' title="bbox 747 3883 2309 3952">
     <span class='ocr_line' id='line_1_69' title="bbox 747 3883 2309 3952; baseline 0.004 -17"><span class='ocrx_word' id='word_1_493' title='bbox 747 3883 844 3952; x_wconf 77' lang='grc' dir='ltr'><strong>(ε),</strong></span> <span class='ocrx_word' id='word_1_494' title='bbox 882 3892 1204 3951; x_wconf 89' lang='lat' dir='ltr'><strong>servatoque</strong></span> <span class='ocrx_word' id='word_1_495' title='bbox 1244 3887 1501 3952; x_wconf 88' lang='lat' dir='ltr'><strong>temporis</strong></span> <span class='ocrx_word' id='word_1_496' title='bbox 1531 3885 1723 3938; x_wconf 82' lang='lat' dir='ltr'><strong>ordine</strong></span> <span class='ocrx_word' id='word_1_497' title='bbox 1767 3885 1907 3940; x_wconf 91' lang='lat' dir='ltr'><strong>hunc</strong></span> <span class='ocrx_word' id='word_1_498' title='bbox 1931 3889 2186 3949; x_wconf 89' lang='lat' dir='ltr'><strong>secundo,</strong></span> <span class='ocrx_word' id='word_1_499' title='bbox 2222 3890 2309 3943; x_wconf 91' lang='lat' dir='ltr'><strong>illo</strong></span> 
     </span>
    </p>
   </div>
   <div class='ocr_carea' id='block_1_70' title="bbox 746 3974 2306 4049">
    <p class='ocr_par' dir='ltr' id='par_1_70' title="bbox 746 3974 2306 4049">
     <span class='ocr_line' id='line_1_70' title="bbox 746 3974 2306 4049; baseline 0.005 -23"><span class='ocrx_word' id='word_1_500' title='bbox 746 3974 983 4047; x_wconf 87' lang='lat' dir='ltr'><strong>[illum?]</strong></span> <span class='ocrx_word' id='word_1_501' title='bbox 1034 3975 1210 4045; x_wconf 86' lang='lat' dir='ltr'><strong>primo</strong></span> <span class='ocrx_word' id='word_1_502' title='bbox 1252 3976 1368 4031; x_wconf 82' lang='lat' dir='ltr'><strong>loco</strong></span> <span class='ocrx_word' id='word_1_503' title='bbox 1400 3979 1601 4046; x_wconf 82' lang='lat' dir='ltr'><strong>posuit,</strong></span> <span class='ocrx_word' id='word_1_504' title='bbox 1637 3994 1736 4032; x_wconf 85' lang='lat' dir='ltr'><strong>nec</strong></span> <span class='ocrx_word' id='word_1_505' title='bbox 1763 3980 2026 4048; x_wconf 79' lang='lat' dir='ltr'><strong>cogitavit</strong></span> <span class='ocrx_word' id='word_1_506' title='bbox 2067 3981 2306 4049; x_wconf 86' lang='lat' dir='ltr'><strong>quidem,</strong></span> 
     </span>
    </p>
   </div>
   <div class='ocr_carea' id='block_1_71' title="bbox 742 4069 2306 4139">
    <p class='ocr_par' dir='ltr' id='par_1_71' title="bbox 742 4069 2306 4139">
     <span class='ocr_line' id='line_1_71' title="bbox 742 4069 2306 4139; baseline 0.006 -20"><span class='ocrx_word' id='word_1_507' title='bbox 742 4083 863 4138; x_wconf 79' lang='lat' dir='ltr'><strong>quae</strong></span> <span class='ocrx_word' id='word_1_508' title='bbox 895 4070 1033 4138; x_wconf 91' lang='lat' dir='ltr'><strong>apud</strong></span> <span class='ocrx_word' id='word_1_509' title='bbox 1065 4069 1322 4122; x_wconf 87' lang='lat' dir='ltr'><strong>Irenaeum</strong></span> <span class='ocrx_word' id='word_1_510' title='bbox 1354 4070 1625 4139; x_wconf 85' lang='lat' dir='ltr'><strong>leguntur,</strong></span> <span class='ocrx_word' id='word_1_511' title='bbox 1648 4072 1834 4127; x_wconf 90' lang='lat' dir='ltr'><strong>eadem</strong></span> <span class='ocrx_word' id='word_1_512' title='bbox 1869 4072 2010 4126; x_wconf 87' lang='lat' dir='ltr'><strong>furto</strong></span> <span class='ocrx_word' id='word_1_513' title='bbox 2038 4074 2306 4130; x_wconf 81' lang='lat' dir='ltr'><strong>destinato</strong></span> 
     </span>
    </p>
   </div>
   <div class='ocr_carea' id='block_1_72' title="bbox 744 4162 1739 4217">
    <p class='ocr_par' dir='ltr' id='par_1_72' title="bbox 744 4162 1739 4217">
     <span class='ocr_line' id='line_1_72' title="bbox 744 4162 1739 4217; baseline -0.005 -1"><span class='ocrx_word' id='word_1_514' title='bbox 744 4172 798 4216; x_wconf 87' lang='lat' dir='ltr'><strong>et</strong></span> <span class='ocrx_word' id='word_1_515' title='bbox 825 4163 1013 4217; x_wconf 89' lang='lat' dir='ltr'><strong>doloso</strong></span> <span class='ocrx_word' id='word_1_516' title='bbox 1044 4162 1306 4216; x_wconf 90' lang='lat' dir='ltr'><strong>Clementi</strong></span> <span class='ocrx_word' id='word_1_517' title='bbox 1339 4162 1517 4216; x_wconf 90' lang='lat' dir='ltr'><strong>ablata</strong></span> <span class='ocrx_word' id='word_1_518' title='bbox 1559 4162 1739 4217; x_wconf 90' lang='lat' dir='ltr'><strong>fuisse.</strong></span> 
     </span>
    </p>
   </div>
   <div class='ocr_carea' id='block_1_73' title="bbox 819 4252 2307 4321">
    <p class='ocr_par' dir='ltr' id='par_1_73' title="bbox 819 4252 2307 4321">
     <span class='ocr_line' id='line_1_73' title="bbox 819 4252 2307 4321; baseline 0.004 -16"><span class='ocrx_word' id='word_1_519' title='bbox 819 4252 901 4306; x_wconf 93' lang='lat' dir='ltr'><strong>Ill.</strong></span> <span class='ocrx_word' id='word_1_520' title='bbox 941 4252 1094 4318; x_wconf 88' lang='lat' dir='ltr'><strong>Quod</strong></span> <span class='ocrx_word' id='word_1_521' title='bbox 1122 4252 1163 4305; x_wconf 89' lang='lat' dir='ltr'><strong>si</strong></span> <span class='ocrx_word' id='word_1_522' title='bbox 1196 4267 1224 4304; x_wconf 91' lang='lat' dir='ltr'><strong>a</strong></span> <span class='ocrx_word' id='word_1_523' title='bbox 1256 4253 1393 4305; x_wconf 91' lang='lat' dir='ltr'><strong>binis</strong></span> <span class='ocrx_word' id='word_1_524' title='bbox 1435 4254 1789 4321; x_wconf 87' lang='lat' dir='ltr'><strong>scriptoribus</strong></span> <span class='ocrx_word' id='word_1_525' title='bbox 1822 4255 2040 4310; x_wconf 89' lang='lat' dir='ltr'><strong>easdem</strong></span> <span class='ocrx_word' id='word_1_526' title='bbox 2087 4268 2307 4311; x_wconf 81' lang='lat' dir='ltr'><strong>senten-</strong></span> 
     </span>
    </p>
   </div>
   <div class='ocr_carea' id='block_1_74' title="bbox 744 4343 2307 4420">
    <p class='ocr_par' dir='ltr' id='par_1_74' title="bbox 744 4343 2307 4420">
     <span class='ocr_line' id='line_1_74' title="bbox 744 4343 2307 4420; baseline 0.006 -26"><span class='ocrx_word' id='word_1_527' title='bbox 744 4346 847 4400; x_wconf 79' lang='lat' dir='ltr'><strong>tias</strong></span> <span class='ocrx_word' id='word_1_528' title='bbox 875 4345 1108 4414; x_wconf 89' lang='lat' dir='ltr'><strong>proferri</strong></span> <span class='ocrx_word' id='word_1_529' title='bbox 1140 4343 1440 4413; x_wconf 59' lang='lat' dir='ltr'><strong>iisdemque</strong></span> <span class='ocrx_word' id='word_1_530' title='bbox 1473 4344 1718 4400; x_wconf 84' lang='lat' dir='ltr'><strong>formulis</strong></span> <span class='ocrx_word' id='word_1_531' title='bbox 1772 4350 1998 4415; x_wconf 79' lang='lat' dir='ltr'><strong>exprimi</strong></span> <span class='ocrx_word' id='word_1_532' title='bbox 2051 4349 2307 4420; x_wconf 81' lang='lat' dir='ltr'><strong>intelligi--</strong></span> 
     </span>
    </p>
   </div>
   <div class='ocr_carea' id='block_1_75' title="bbox 746 4436 2308 4510">
    <p class='ocr_par' dir='ltr' id='par_1_75' title="bbox 746 4436 2308 4510">
     <span class='ocr_line' id='line_1_75' title="bbox 746 4436 2308 4510; baseline 0.002 -19"><span class='ocrx_word' id='word_1_533' title='bbox 746 4452 886 4501; x_wconf 91' lang='lat' dir='ltr'><strong>mus,</strong></span> <span class='ocrx_word' id='word_1_534' title='bbox 919 4445 1028 4490; x_wconf 92' lang='lat' dir='ltr'><strong>tum</strong></span> <span class='ocrx_word' id='word_1_535' title='bbox 1058 4445 1203 4490; x_wconf 89' lang='lat' dir='ltr'><strong>certe</strong></span> <span class='ocrx_word' id='word_1_536' title='bbox 1235 4436 1412 4490; x_wconf 83' lang='lat' dir='ltr'><strong>facilis</strong></span> <span class='ocrx_word' id='word_1_537' title='bbox 1436 4448 1517 4490; x_wconf 90' lang='lat' dir='ltr'><strong>est</strong></span> <span class='ocrx_word' id='word_1_538' title='bbox 1558 4437 1687 4491; x_wconf 89' lang='lat' dir='ltr'><strong>furti</strong></span> <span class='ocrx_word' id='word_1_539' title='bbox 1720 4439 1981 4508; x_wconf 87' lang='lat' dir='ltr'><strong>suspicio,</strong></span> <span class='ocrx_word' id='word_1_540' title='bbox 2010 4440 2100 4494; x_wconf 88' lang='lat' dir='ltr'><strong>sed</strong></span> <span class='ocrx_word' id='word_1_541' title='bbox 2125 4442 2308 4510; x_wconf 87' lang='lat' dir='ltr'><strong>nequit</strong></span> 
     </span>
    </p>
   </div>
   <div class='ocr_carea' id='block_1_76' title="bbox 2411 3243 3980 3314">
    <p class='ocr_par' dir='ltr' id='par_1_76' title="bbox 2411 3243 3980 3314">
     <span class='ocr_line' id='line_1_76' title="bbox 2411 3243 3980 3314; baseline -0.002 -16"><span class='ocrx_word' id='word_1_542' title='bbox 2411 3248 2661 3309; x_wconf 91' lang='lat' dir='ltr'><strong>cultates,</strong></span> <span class='ocrx_word' id='word_1_543' title='bbox 2696 3245 2895 3314; x_wconf 89' lang='lat' dir='ltr'><strong>quibus</strong></span> <span class='ocrx_word' id='word_1_544' title='bbox 2927 3245 3255 3312; x_wconf 85' lang='lat' dir='ltr'><strong>implicatam</strong></span> <span class='ocrx_word' id='word_1_545' title='bbox 3286 3260 3404 3298; x_wconf 87' lang='lat' dir='ltr'><strong>esse</strong></span> <span class='ocrx_word' id='word_1_546' title='bbox 3432 3243 3727 3297; x_wconf 84' lang='lat' dir='ltr'><strong>arbitratur</strong></span> <span class='ocrx_word' id='word_1_547' title='bbox 3762 3252 3980 3296; x_wconf 82' lang='lat' dir='ltr'><strong>contra-</strong></span> 
     </span>
    </p>
   </div>
   <div class='ocr_carea' id='block_1_77' title="bbox 2407 3337 3979 3405">
    <p class='ocr_par' dir='ltr' id='par_1_77' title="bbox 2407 3337 3979 3405">
     <span class='ocr_line' id='line_1_77' title="bbox 2407 3337 3979 3405; baseline -0.001 -15"><span class='ocrx_word' id='word_1_548' title='bbox 2407 3338 2546 3390; x_wconf 83' lang='lat' dir='ltr'><strong>riam</strong></span> <span class='ocrx_word' id='word_1_549' title='bbox 2579 3338 2912 3404; x_wconf 88' lang='lat' dir='ltr'><strong>opinionem,</strong></span> <span class='ocrx_word' id='word_1_550' title='bbox 2951 3338 3127 3390; x_wconf 90' lang='lat' dir='ltr'><strong>denuo</strong></span> <span class='ocrx_word' id='word_1_551' title='bbox 3154 3352 3256 3388; x_wconf 91' lang='lat' dir='ltr'><strong>non</strong></span> <span class='ocrx_word' id='word_1_552' title='bbox 3282 3352 3346 3390; x_wconf 86' lang='lat' dir='ltr'><strong>ex</strong></span> <span class='ocrx_word' id='word_1_553' title='bbox 3378 3337 3657 3392; x_wconf 88' lang='lat' dir='ltr'><strong>historicis</strong></span> <span class='ocrx_word' id='word_1_554' title='bbox 3685 3349 3979 3405; x_wconf 81' lang='lat' dir='ltr'><strong>argumen-</strong></span> 
     </span>
    </p>
   </div>
   <div class='ocr_carea' id='block_1_78' title="bbox 2413 3432 3462 3497">
    <p class='ocr_par' dir='ltr' id='par_1_78' title="bbox 2413 3432 3462 3497">
     <span class='ocr_line' id='line_1_78' title="bbox 2413 3432 3462 3497; baseline 0 -11"><span class='ocrx_word' id='word_1_555' title='bbox 2413 3434 2504 3497; x_wconf 89' lang='lat' dir='ltr'><strong>tis,</strong></span> <span class='ocrx_word' id='word_1_556' title='bbox 2537 3433 2630 3487; x_wconf 86' lang='lat' dir='ltr'><strong>sed</strong></span> <span class='ocrx_word' id='word_1_557' title='bbox 2663 3449 2727 3487; x_wconf 82' lang='lat' dir='ltr'><strong>ex</strong></span> <span class='ocrx_word' id='word_1_558' title='bbox 2765 3432 3273 3487; x_wconf 86' lang='lat' dir='ltr'><strong>ratiocinationibus</strong></span> <span class='ocrx_word' id='word_1_559' title='bbox 3304 3441 3462 3486; x_wconf 67' lang='lat' dir='ltr'><strong>natm.</strong></span> 
     </span>
    </p>
   </div>
   <div class='ocr_carea' id='block_1_79' title="bbox 2482 3521 3981 3595">
    <p class='ocr_par' dir='ltr' id='par_1_79' title="bbox 2482 3521 3981 3595">
     <span class='ocr_line' id='line_1_79' title="bbox 2482 3521 3981 3595; baseline -0.003 -15"><span class='ocrx_word' id='word_1_560' title='bbox 2482 3524 2546 3580; x_wconf 89' lang='lat' dir='ltr'><strong>V.</strong></span> <span class='ocrx_word' id='word_1_561' title='bbox 2587 3526 2754 3589; x_wconf 82' lang='lat' dir='ltr'><strong>Addo,</strong></span> <span class='ocrx_word' id='word_1_562' title='bbox 2791 3527 2932 3595; x_wconf 90' lang='lat' dir='ltr'><strong>quod</strong></span> <span class='ocrx_word' id='word_1_563' title='bbox 2966 3527 3152 3590; x_wconf 90' lang='lat' dir='ltr'><strong>miror,</strong></span> <span class='ocrx_word' id='word_1_564' title='bbox 3187 3524 3526 3580; x_wconf 89' lang='lat' dir='ltr'><strong>celeberrimi</strong></span> <span class='ocrx_word' id='word_1_565' title='bbox 3562 3525 3659 3579; x_wconf 87' lang='lat' dir='ltr'><strong>viri</strong></span> <span class='ocrx_word' id='word_1_566' title='bbox 3697 3521 3981 3578; x_wconf 89' lang='lat' dir='ltr'><strong>solertiam</strong></span> 
     </span>
    </p>
   </div>
   <div class='ocr_carea' id='block_1_80' title="bbox 2409 3616 3978 3688">
    <p class='ocr_par' dir='ltr' id='par_1_80' title="bbox 2409 3616 3978 3688">
     <span class='ocr_line' id='line_1_80' title="bbox 2409 3616 3978 3688; baseline -0.001 -16"><span class='ocrx_word' id='word_1_567' title='bbox 2409 3617 2682 3688; x_wconf 77' lang='lat' dir='ltr'><strong>effugisse,</strong></span> <span class='ocrx_word' id='word_1_568' title='bbox 2716 3617 2841 3672; x_wconf 89' lang='lat' dir='ltr'><strong>licet</strong></span> <span class='ocrx_word' id='word_1_569' title='bbox 2870 3618 3103 3672; x_wconf 86' lang='lat' dir='ltr'><strong>Irenaeus</strong></span> <span class='ocrx_word' id='word_1_570' title='bbox 3146 3616 3442 3671; x_wconf 84' lang='lat' dir='ltr'><strong>Clementis</strong></span> <span class='ocrx_word' id='word_1_571' title='bbox 3477 3632 3637 3685; x_wconf 84' lang='lat' dir='ltr'><strong>opera</strong></span> <span class='ocrx_word' id='word_1_572' title='bbox 3684 3617 3978 3685; x_wconf 86' lang='lat' dir='ltr'><strong>ignorave-</strong></span> 
     </span>
    </p>
   </div>
   <div class='ocr_carea' id='block_1_81' title="bbox 2411 3709 3982 3780">
    <p class='ocr_par' dir='ltr' id='par_1_81' title="bbox 2411 3709 3982 3780">
     <span class='ocr_line' id='line_1_81' title="bbox 2411 3709 3982 3780; baseline -0.002 -15"><span class='ocrx_word' id='word_1_573' title='bbox 2411 3711 2502 3773; x_wconf 90' lang='lat' dir='ltr'><strong>rit,</strong></span> <span class='ocrx_word' id='word_1_574' title='bbox 2532 3710 2712 3780; x_wconf 85' lang='lat' dir='ltr'><strong>legere</strong></span> <span class='ocrx_word' id='word_1_575' title='bbox 2744 3719 2921 3763; x_wconf 89' lang='lat' dir='ltr'><strong>tamen</strong></span> <span class='ocrx_word' id='word_1_576' title='bbox 2961 3711 3200 3779; x_wconf 88' lang='lat' dir='ltr'><strong>potuisse</strong></span> <span class='ocrx_word' id='word_1_577' title='bbox 3233 3709 3566 3764; x_wconf 88' lang='lat' dir='ltr'><strong>Clementem</strong></span> <span class='ocrx_word' id='word_1_578' title='bbox 3599 3709 3785 3763; x_wconf 83' lang='lat' dir='ltr'><strong>lrenaei</strong></span> <span class='ocrx_word' id='word_1_579' title='bbox 3825 3723 3982 3763; x_wconf 86' lang='lat' dir='ltr'><strong>com-</strong></span> 
     </span>
    </p>
   </div>
   <div class='ocr_carea' id='block_1_82' title="bbox 2411 3801 3983 3872">
    <p class='ocr_par' dir='ltr' id='par_1_82' title="bbox 2411 3801 3983 3872">
     <span class='ocr_line' id='line_1_82' title="bbox 2411 3801 3983 3872; baseline -0.001 -17"><span class='ocrx_word' id='word_1_580' title='bbox 2411 3802 2726 3856; x_wconf 89' lang='lat' dir='ltr'><strong>mentarios.</strong></span> <span class='ocrx_word' id='word_1_581' title='bbox 2762 3801 2814 3854; x_wconf 86' lang='lat' dir='ltr'><strong>Id</strong></span> <span class='ocrx_word' id='word_1_582' title='bbox 2859 3817 2986 3855; x_wconf 86' lang='lat' dir='ltr'><strong>vero</strong></span> <span class='ocrx_word' id='word_1_583' title='bbox 3033 3818 3099 3856; x_wconf 80' lang='lat' dir='ltr'><strong>ex</strong></span> <span class='ocrx_word' id='word_1_584' title='bbox 3134 3801 3366 3855; x_wconf 81' lang='lat' dir='ltr'><strong>Eusebio</strong></span> <span class='ocrx_word' id='word_1_585' title='bbox 3409 3802 3485 3872; x_wconf 85' lang='lat' dir='ltr'><strong>(h)</strong></span> <span class='ocrx_word' id='word_1_586' title='bbox 3521 3802 3687 3862; x_wconf 89' lang='lat' dir='ltr'><strong>disco,</strong></span> <span class='ocrx_word' id='word_1_587' title='bbox 3721 3801 3811 3870; x_wconf 88' lang='lat' dir='ltr'><strong>qui</strong></span> <span class='ocrx_word' id='word_1_588' title='bbox 3849 3817 3983 3870; x_wconf 89' lang='lat' dir='ltr'><strong>pcr-</strong></span> 
     </span>
    </p>
   </div>
   <div class='ocr_carea' id='block_1_83' title="bbox 2411 3893 3982 3963">
    <p class='ocr_par' dir='ltr' id='par_1_83' title="bbox 2411 3893 3982 3963">
     <span class='ocr_line' id='line_1_83' title="bbox 2411 3893 3982 3963; baseline 0.001 -16"><span class='ocrx_word' id='word_1_589' title='bbox 2411 3894 2579 3948; x_wconf 90' lang='lat' dir='ltr'><strong>ditum</strong></span> <span class='ocrx_word' id='word_1_590' title='bbox 2617 3909 2760 3947; x_wconf 86' lang='lat' dir='ltr'><strong>nunc</strong></span> <span class='ocrx_word' id='word_1_591' title='bbox 2790 3893 3150 3947; x_wconf 83' lang='lat' dir='ltr'><strong>Alexandrini</strong></span> <span class='ocrx_word' id='word_1_592' title='bbox 3185 3909 3320 3963; x_wconf 91' lang='lat' dir='ltr'><strong>opus</strong></span> <span class='ocrx_word' id='word_1_593' title='bbox 3349 3895 3416 3949; x_wconf 90' lang='lat' dir='ltr'><strong>de</strong></span> <span class='ocrx_word' id='word_1_594' title='bbox 3441 3894 3697 3951; x_wconf 83' lang='lat' dir='ltr'><strong>Paschate</strong></span> <span class='ocrx_word' id='word_1_595' title='bbox 3733 3908 3982 3948; x_wconf 85' lang='lat' dir='ltr'><strong>comme-</strong></span> 
     </span>
    </p>
   </div>
   <div class='ocr_carea' id='block_1_84' title="bbox 2411 3985 3983 4058">
    <p class='ocr_par' dir='ltr' id='par_1_84' title="bbox 2411 3985 3983 4058">
     <span class='ocr_line' id='line_1_84' title="bbox 2411 3985 3983 4058; baseline -0.001 -21"><span class='ocrx_word' id='word_1_596' title='bbox 2411 3993 2616 4048; x_wconf 83' lang='lat' dir='ltr'><strong>morat,</strong></span> <span class='ocrx_word' id='word_1_597' title='bbox 2669 3985 2753 4038; x_wconf 84' lang='lat' dir='ltr'><strong>Iiis</strong></span> <span class='ocrx_word' id='word_1_598' title='bbox 2798 3986 2993 4039; x_wconf 91' lang='lat' dir='ltr'><strong>additis</strong></span> <span class='ocrx_word' id='word_1_599' title='bbox 3034 3987 3258 4040; x_wconf 88' lang='lat' dir='ltr'><strong>verbis:</strong></span> <span class='ocrx_word' id='word_1_600' title='bbox 3292 3987 3579 4058; x_wconf 78' lang='grc' dir='ltr'><strong>Μέμνηται</strong></span> <span class='ocrx_word' id='word_1_601' title='bbox 3624 3986 3680 4037; x_wconf 83' lang='grc' dir='ltr'><strong>δὲ</strong></span> <span class='ocrx_word' id='word_1_602' title='bbox 3723 3986 3780 4037; x_wconf 84' lang='grc' dir='ltr'><strong>ὲν</strong></span> <span class='ocrx_word' id='word_1_603' title='bbox 3828 3985 3983 4056; x_wconf 75' lang='grc' dir='ltr'><strong>αὐτῷ</strong></span> 
     </span>
    </p>
   </div>
   <div class='ocr_carea' id='block_1_85' title="bbox 2409 4070 3982 4148">
    <p class='ocr_par' dir='ltr' id='par_1_85' title="bbox 2409 4070 3982 4148">
     <span class='ocr_line' id='line_1_85' title="bbox 2409 4070 3982 4148; baseline 0 -18"><span class='ocrx_word' id='word_1_604' title='bbox 2409 4076 2713 4139; x_wconf 83' lang='grc' dir='ltr'><strong>Μελίτωνος</strong></span> <span class='ocrx_word' id='word_1_605' title='bbox 2761 4077 2850 4129; x_wconf 73' lang='grc' dir='ltr'>καὶ</span> <span class='ocrx_word' id='word_1_606' title='bbox 2885 4076 3175 4147; x_wconf 77' lang='grc' dir='ltr'><strong>Εἰρηναίου</strong></span> <span class='ocrx_word' id='word_1_607' title='bbox 3211 4079 3298 4130; x_wconf 75' lang='grc' dir='ltr'>καί</span> <span class='ocrx_word' id='word_1_608' title='bbox 3332 4096 3492 4132; x_wconf 81' lang='grc' dir='ltr'>τινων</span> <span class='ocrx_word' id='word_1_609' title='bbox 3518 4078 3739 4148; x_wconf 79' lang='grc' dir='ltr'><strong>ἑτέρων,</strong></span> <span class='ocrx_word' id='word_1_610' title='bbox 3776 4070 3849 4130; x_wconf 84' lang='grc' dir='ltr'><strong>ὧν</strong></span> <span class='ocrx_word' id='word_1_611' title='bbox 3883 4079 3982 4130; x_wconf 78' lang='grc' dir='ltr'><strong>καὶ</strong></span> 
     </span>
    </p>
   </div>
   <div class='ocr_carea' id='block_1_86' title="bbox 2408 4168 3984 4240">
    <p class='ocr_par' dir='ltr' id='par_1_86' title="bbox 2408 4168 3984 4240">
     <span class='ocr_line' id='line_1_86' title="bbox 2408 4168 3984 4240; baseline 0.001 -19"><span class='ocrx_word' id='word_1_612' title='bbox 2408 4168 2505 4231; x_wconf 76' lang='grc' dir='ltr'><strong>τὰς</strong></span> <span class='ocrx_word' id='word_1_613' title='bbox 2531 4170 2806 4240; x_wconf 74' lang='grc' dir='ltr'><strong>διηγήσεις</strong></span> <span class='ocrx_word' id='word_1_614' title='bbox 2838 4169 3097 4221; x_wconf 78' lang='grc' dir='ltr'>τέθειται.</span> <span class='ocrx_word' id='word_1_615' title='bbox 3135 4170 3210 4223; x_wconf 81' lang='lat' dir='ltr'><strong>Ex</strong></span> <span class='ocrx_word' id='word_1_616' title='bbox 3235 4169 3556 4238; x_wconf 86' lang='lat' dir='ltr'><strong>quibusnam</strong></span> <span class='ocrx_word' id='word_1_617' title='bbox 3590 4168 3776 4222; x_wconf 67' lang='lat' dir='ltr'><strong>lreuaai</strong></span> <span class='ocrx_word' id='word_1_618' title='bbox 3821 4169 3984 4223; x_wconf 82' lang='lat' dir='ltr'><strong>libris</strong></span> 
     </span>
    </p>
   </div>
   <div class='ocr_carea' id='block_1_87' title="bbox 2410 4260 3983 4328">
    <p class='ocr_par' dir='ltr' id='par_1_87' title="bbox 2410 4260 3983 4328">
     <span class='ocr_line' id='line_1_87' title="bbox 2410 4260 3983 4328; baseline -0.001 -14"><span class='ocrx_word' id='word_1_619' title='bbox 2410 4261 2699 4328; x_wconf 83' lang='lat' dir='ltr'><strong>sumpserit</strong></span> <span class='ocrx_word' id='word_1_620' title='bbox 2749 4261 2861 4322; x_wconf 86' lang='lat' dir='ltr'><strong>illa,</strong></span> <span class='ocrx_word' id='word_1_621' title='bbox 2909 4276 3027 4328; x_wconf 80' lang='lat' dir='ltr'><strong>quae</strong></span> <span class='ocrx_word' id='word_1_622' title='bbox 3077 4260 3278 4325; x_wconf 91' lang='lat' dir='ltr'><strong>retulit,</strong></span> <span class='ocrx_word' id='word_1_623' title='bbox 3329 4260 3442 4314; x_wconf 88' lang='lat' dir='ltr'><strong>fere</strong></span> <span class='ocrx_word' id='word_1_624' title='bbox 3489 4260 3797 4319; x_wconf 78' lang='lat' dir='ltr'><strong>nescimus:</strong></span> <span class='ocrx_word' id='word_1_625' title='bbox 3851 4275 3983 4312; x_wconf 88' lang='lat' dir='ltr'><strong>eum</strong></span> 
     </span>
    </p>
   </div>
   <div class='ocr_carea' id='block_1_88' title="bbox 2414 4349 3984 4422">
    <p class='ocr_par' dir='ltr' id='par_1_88' title="bbox 2414 4349 3984 4422">
     <span class='ocr_line' id='line_1_88' title="bbox 2414 4349 3984 4422; baseline 0.001 -19"><span class='ocrx_word' id='word_1_626' title='bbox 2414 4367 2537 4405; x_wconf 86' lang='lat' dir='ltr'><strong>vero</strong></span> <span class='ocrx_word' id='word_1_627' title='bbox 2571 4357 2635 4404; x_wconf 91' lang='lat' dir='ltr'><strong>ad</strong></span> <span class='ocrx_word' id='word_1_628' title='bbox 2675 4353 2983 4420; x_wconf 86' lang='lat' dir='ltr'><strong>paschalem</strong></span> <span class='ocrx_word' id='word_1_629' title='bbox 3016 4353 3439 4407; x_wconf 89' lang='lat' dir='ltr'><strong>controversiam</strong></span> <span class='ocrx_word' id='word_1_630' title='bbox 3479 4351 3742 4421; x_wconf 83' lang='lat' dir='ltr'><strong>pertinuit</strong></span> <span class='ocrx_word' id='word_1_631' title='bbox 3780 4349 3984 4422; x_wconf 84' lang='lat' dir='ltr'><strong>[perti-</strong></span> 
     </span>
    </p>
   </div>
   <div class='ocr_carea' id='block_1_89' title="bbox 2412 4439 3980 4512">
    <p class='ocr_par' dir='ltr' id='par_1_89' title="bbox 2412 4439 3980 4512">
     <span class='ocr_line' id='line_1_89' title="bbox 2412 4439 3980 4512; baseline 0.002 -20"><span class='ocrx_word' id='word_1_632' title='bbox 2412 4439 2650 4512; x_wconf 86' lang='lat' dir='ltr'><strong>nuerit?]</strong></span> <span class='ocrx_word' id='word_1_633' title='bbox 2699 4441 2913 4496; x_wconf 89' lang='lat' dir='ltr'><strong>libellus</strong></span> <span class='ocrx_word' id='word_1_634' title='bbox 2957 4441 3278 4505; x_wconf 90' lang='lat' dir='ltr'><strong>Clementis,</strong></span> <span class='ocrx_word' id='word_1_635' title='bbox 3308 4441 3480 4496; x_wconf 77' lang='lat' dir='ltr'><strong>facilis</strong></span> <span class='ocrx_word' id='word_1_636' title='bbox 3524 4451 3606 4497; x_wconf 90' lang='lat' dir='ltr'><strong>est</strong></span> <span class='ocrx_word' id='word_1_637' title='bbox 3634 4442 3980 4510; x_wconf 79' lang='lat' dir='ltr'><strong>conjectura,</strong></span> 
     </span>
    </p>
   </div>
   <div class='ocr_carea' id='block_1_90' title="bbox 744 4530 3983 4603">
    <p class='ocr_par' dir='ltr' id='par_1_90' title="bbox 744 4530 3983 4603">
     <span class='ocr_line' id='line_1_90' title="bbox 744 4530 3983 4603; baseline 0.002 -22"><span class='ocrx_word' id='word_1_638' title='bbox 744 4532 941 4584; x_wconf 77' lang='lat' dir='ltr'><strong>radere</strong></span> <span class='ocrx_word' id='word_1_639' title='bbox 995 4530 1097 4584; x_wconf 87' lang='lat' dir='ltr'><strong>nisi</strong></span> <span class='ocrx_word' id='word_1_640' title='bbox 1142 4531 1195 4583; x_wconf 92' lang='lat' dir='ltr'><strong>in</strong></span> <span class='ocrx_word' id='word_1_641' title='bbox 1249 4545 1392 4596; x_wconf 90' lang='lat' dir='ltr'><strong>eum,</strong></span> <span class='ocrx_word' id='word_1_642' title='bbox 1433 4531 1522 4599; x_wconf 90' lang='lat' dir='ltr'><strong>qui</strong></span> <span class='ocrx_word' id='word_1_643' title='bbox 1580 4533 1848 4601; x_wconf 89' lang='lat' dir='ltr'><strong>posterior</strong></span> <span class='ocrx_word' id='word_1_644' title='bbox 1896 4541 1975 4587; x_wconf 88' lang='lat' dir='ltr'><strong>est</strong></span> <span class='ocrx_word' id='word_1_645' title='bbox 2018 4543 2194 4587; x_wconf 82' lang='lat' dir='ltr'><strong>aetate.</strong></span> <span class='ocrx_word' id='word_1_646' title='bbox 2241 4536 2308 4587; x_wconf 84' lang='lat' dir='ltr'><strong>At</strong></span> <span class='ocrx_word' id='word_1_647' title='bbox 2343 4547 2380 4599; x_wconf 79' lang='grc' dir='ltr'>ι)</span> <span class='ocrx_word' id='word_1_648' title='bbox 2411 4533 2552 4585; x_wconf 89' lang='lat' dir='ltr'><strong>dicta</strong></span> <span class='ocrx_word' id='word_1_649' title='bbox 2588 4532 2700 4586; x_wconf 82' lang='lat' dir='ltr'><strong>haec</strong></span> <span class='ocrx_word' id='word_1_650' title='bbox 2728 4548 2848 4588; x_wconf 89' lang='lat' dir='ltr'><strong>esse</strong></span> <span class='ocrx_word' id='word_1_651' title='bbox 2877 4534 2942 4587; x_wconf 88' lang='lat' dir='ltr'><strong>de</strong></span> <span class='ocrx_word' id='word_1_652' title='bbox 2968 4535 3211 4603; x_wconf 87' lang='lat' dir='ltr'><strong>epistolis</strong></span> <span class='ocrx_word' id='word_1_653' title='bbox 3248 4534 3377 4599; x_wconf 92' lang='lat' dir='ltr'><strong>illis,</strong></span> <span class='ocrx_word' id='word_1_654' title='bbox 3411 4535 3480 4588; x_wconf 88' lang='lat' dir='ltr'><strong>ab</strong></span> <span class='ocrx_word' id='word_1_655' title='bbox 3504 4533 3707 4589; x_wconf 80' lang='lat' dir='ltr'><strong>Irenaeo</strong></span> <span class='ocrx_word' id='word_1_656' title='bbox 3739 4548 3862 4586; x_wconf 87' lang='lat' dir='ltr'><strong>cum</strong></span> <span class='ocrx_word' id='word_1_657' title='bbox 3911 4534 3983 4588; x_wconf 88' lang='lat' dir='ltr'><strong>ad</strong></span> 
     </span>
    </p>
   </div>
   <div class='ocr_carea' id='block_1_91' title="bbox 744 4622 2306 4691">
    <p class='ocr_par' dir='ltr' id='par_1_91' title="bbox 744 4622 2306 4691">
     <span class='ocr_line' id='line_1_91' title="bbox 744 4622 2306 4691; baseline 0.003 -16"><span class='ocrx_word' id='word_1_658' title='bbox 744 4623 1076 4676; x_wconf 89' lang='lat' dir='ltr'><strong>Clementem</strong></span> <span class='ocrx_word' id='word_1_659' title='bbox 1099 4623 1276 4691; x_wconf 80' lang='lat' dir='ltr'><strong>potius</strong></span> <span class='ocrx_word' id='word_1_660' title='bbox 1301 4623 1522 4687; x_wconf 75' lang='lat' dir='ltr'><strong>Irenaeo,</strong></span> <span class='ocrx_word' id='word_1_661' title='bbox 1551 4639 1711 4691; x_wconf 89' lang='lat' dir='ltr'><strong>quam</strong></span> <span class='ocrx_word' id='word_1_662' title='bbox 1742 4622 2001 4678; x_wconf 78' lang='lat' dir='ltr'><strong>Irenaeum</strong></span> <span class='ocrx_word' id='word_1_663' title='bbox 2032 4625 2306 4681; x_wconf 88' lang='lat' dir='ltr'><strong>Clemente</strong></span> 
     </span>
    </p>
   </div>
   <div class='ocr_carea' id='block_1_92' title="bbox 743 4714 2302 4786">
    <p class='ocr_par' dir='ltr' id='par_1_92' title="bbox 743 4714 2302 4786">
     <span class='ocr_line' id='line_1_92' title="bbox 743 4714 2302 4786; baseline 0.003 -18"><span class='ocrx_word' id='word_1_664' title='bbox 743 4725 901 4768; x_wconf 68' lang='lat' dir='ltr'><strong>aetate</strong></span> <span class='ocrx_word' id='word_1_665' title='bbox 940 4714 1107 4768; x_wconf 90' lang='lat' dir='ltr'><strong>fuisse</strong></span> <span class='ocrx_word' id='word_1_666' title='bbox 1138 4715 1424 4778; x_wconf 89' lang='lat' dir='ltr'><strong>minorem,</strong></span> <span class='ocrx_word' id='word_1_667' title='bbox 1461 4716 1575 4784; x_wconf 85' lang='lat' dir='ltr'><strong>ipse</strong></span> <span class='ocrx_word' id='word_1_668' title='bbox 1607 4731 1728 4769; x_wconf 88' lang='lat' dir='ltr'><strong>ven.</strong></span> <span class='ocrx_word' id='word_1_669' title='bbox 1761 4717 2036 4772; x_wconf 86' lang='lat' dir='ltr'><strong>Semlerus</strong></span> <span class='ocrx_word' id='word_1_670' title='bbox 2063 4717 2142 4786; x_wconf 74' lang='grc' dir='ltr'><strong>(ά)</strong></span> <span class='ocrx_word' id='word_1_671' title='bbox 2173 4736 2302 4772; x_wconf 90' lang='lat' dir='ltr'><strong>eon-</strong></span> 
     </span>
    </p>
   </div>
   <div class='ocr_carea' id='block_1_93' title="bbox 816 4851 1260 4918">
    <p class='ocr_par' dir='ltr' id='par_1_93' title="bbox 816 4851 1260 4918">
     <span class='ocr_line' id='line_1_93' title="bbox 816 4851 1260 4918; baseline 0.005 -16"><span class='ocrx_word' id='word_1_672' title='bbox 816 4852 887 4918; x_wconf 57' lang='grc' dir='ltr'><strong>μη</strong></span> <span class='ocrx_word' id='word_1_673' title='bbox 931 4851 987 4904; x_wconf 58' lang='grc' dir='ltr'><strong>ιι</strong></span> <span class='ocrx_word' id='word_1_674' title='bbox 1019 4851 1260 4905; x_wconf 73' lang='lat' dir='ltr'><strong>sis-365</strong></span> 
     </span>
    </p>
   </div>
   <div class='ocr_carea' id='block_1_94' title="bbox 819 4923 1153 4991">
    <p class='ocr_par' dir='ltr' id='par_1_94' title="bbox 819 4923 1153 4991">
     <span class='ocr_line' id='line_1_94' title="bbox 819 4923 1153 4991; baseline 0.009 -19"><span class='ocrx_word' id='word_1_675' title='bbox 819 4923 893 4991; x_wconf 55' lang='lat' dir='ltr'><strong>ibi</strong></span> <span class='ocrx_word' id='word_1_676' title='bbox 936 4923 991 4973; x_wconf 74' lang='grc' dir='ltr'>ν.</span> <span class='ocrx_word' id='word_1_677' title='bbox 1030 4923 1153 4975; x_wconf 73' lang='lat'><strong>557.</strong></span> 
     </span>
    </p>
   </div>
   <div class='ocr_carea' id='block_1_95' title="bbox 817 4991 1658 5062">
    <p class='ocr_par' dir='ltr' id='par_1_95' title="bbox 817 4991 1658 5062">
     <span class='ocr_line' id='line_1_95' title="bbox 817 4991 1658 5062; baseline 0.002 -18"><span class='ocrx_word' id='word_1_678' title='bbox 817 4998 887 5062; x_wconf 74' lang='grc' dir='ltr'><strong>(ε)</strong></span> <span class='ocrx_word' id='word_1_679' title='bbox 930 4991 996 5044; x_wconf 86' lang='lat' dir='ltr'><strong>Il.</strong></span> <span class='ocrx_word' id='word_1_680' title='bbox 1037 4991 1128 5052; x_wconf 61' lang='lat'><strong>13.,</strong></span> <span class='ocrx_word' id='word_1_681' title='bbox 1159 4993 1252 5045; x_wconf 89' lang='lat' dir='ltr'><strong>lib.</strong></span> <span class='ocrx_word' id='word_1_682' title='bbox 1298 5007 1379 5057; x_wconf 89' lang='lat' dir='ltr'><strong>nt,</strong></span> <span class='ocrx_word' id='word_1_683' title='bbox 1410 5007 1530 5060; x_wconf 87' lang='lat' dir='ltr'><strong>cap.</strong></span> <span class='ocrx_word' id='word_1_684' title='bbox 1566 4994 1658 5046; x_wconf 74' lang='grc'>25.</span> 
     </span>
    </p>
   </div>
   <div class='ocr_carea' id='block_1_96' title="bbox 820 5062 1150 5130">
    <p class='ocr_par' dir='ltr' id='par_1_96' title="bbox 820 5062 1150 5130">
     <span class='ocr_line' id='line_1_96' title="bbox 820 5062 1150 5130; baseline 0.003 -17"><span class='ocrx_word' id='word_1_685' title='bbox 820 5067 895 5130; x_wconf 80' lang='grc' dir='ltr'>(ιι)</span> <span class='ocrx_word' id='word_1_686' title='bbox 938 5063 996 5113; x_wconf 72' lang='grc'>1).</span> <span class='ocrx_word' id='word_1_687' title='bbox 1025 5062 1150 5114; x_wconf 81' lang='grc'>565.</span> 
     </span>
    </p>
   </div>
   <div class='ocr_carea' id='block_1_97' title="bbox 825 5130 2307 5204">
    <p class='ocr_par' dir='ltr' id='par_1_97' title="bbox 825 5130 2307 5204">
     <span class='ocr_line' id='line_1_97' title="bbox 825 5130 2307 5204; baseline 0.003 -20"><span class='ocrx_word' id='word_1_688' title='bbox 825 5136 890 5202; x_wconf 86' lang='lat' dir='ltr'><strong>(e)</strong></span> <span class='ocrx_word' id='word_1_689' title='bbox 934 5133 1238 5204; x_wconf 76' lang='lat' dir='ltr'><strong>Postquam</strong></span> <span class='ocrx_word' id='word_1_690' title='bbox 1266 5132 1441 5185; x_wconf 86' lang='lat' dir='ltr'><strong>omnia</strong></span> <span class='ocrx_word' id='word_1_691' title='bbox 1475 5130 1867 5204; x_wconf 83' lang='lat' dir='ltr'><strong>circumspecte</strong></span> <span class='ocrx_word' id='word_1_692' title='bbox 1895 5135 1998 5204; x_wconf 79' lang='lat' dir='ltr'><strong>legi</strong></span> <span class='ocrx_word' id='word_1_693' title='bbox 2036 5145 2089 5189; x_wconf 92' lang='lat' dir='ltr'><strong>et</strong></span> <span class='ocrx_word' id='word_1_694' title='bbox 2121 5138 2307 5190; x_wconf 88' lang='lat' dir='ltr'><strong>consi-</strong></span> 
     </span>
    </p>
   </div>
   <div class='ocr_carea' id='block_1_98' title="bbox 748 5203 2308 5271">
    <p class='ocr_par' dir='ltr' id='par_1_98' title="bbox 748 5203 2308 5271">
     <span class='ocr_line' id='line_1_98' title="bbox 748 5203 2308 5271; baseline 0.002 -14"><span class='ocrx_word' id='word_1_695' title='bbox 748 5205 983 5258; x_wconf 82' lang='lat' dir='ltr'><strong>deratius</strong></span> <span class='ocrx_word' id='word_1_696' title='bbox 1014 5203 1266 5271; x_wconf 81' lang='lat' dir='ltr'><strong>expendi,</strong></span> <span class='ocrx_word' id='word_1_697' title='bbox 1302 5218 1417 5268; x_wconf 85' lang='lat' dir='ltr'><strong>quae</strong></span> <span class='ocrx_word' id='word_1_698' title='bbox 1443 5204 1507 5254; x_wconf 90' lang='lat' dir='ltr'><strong>ad</strong></span> <span class='ocrx_word' id='word_1_699' title='bbox 1537 5203 1921 5259; x_wconf 88' lang='lat' dir='ltr'><strong>defendendam</strong></span> <span class='ocrx_word' id='word_1_700' title='bbox 1946 5203 2086 5259; x_wconf 84' lang='lat' dir='ltr'><strong>illam</strong></span> <span class='ocrx_word' id='word_1_701' title='bbox 2121 5224 2308 5260; x_wconf 87' lang='lat' dir='ltr'><strong>narra-</strong></span> 
     </span>
    </p>
   </div>
   <div class='ocr_carea' id='block_1_99' title="bbox 747 5274 2306 5340">
    <p class='ocr_par' dir='ltr' id='par_1_99' title="bbox 747 5274 2306 5340">
     <span class='ocr_line' id='line_1_99' title="bbox 747 5274 2306 5340; baseline 0.002 -13"><span class='ocrx_word' id='word_1_702' title='bbox 747 5276 970 5338; x_wconf 80' lang='lat' dir='ltr'><strong>tionem,</strong></span> <span class='ocrx_word' id='word_1_703' title='bbox 1015 5274 1272 5340; x_wconf 86' lang='lat' dir='ltr'><strong>martyris</strong></span> <span class='ocrx_word' id='word_1_704' title='bbox 1327 5275 1582 5326; x_wconf 89' lang='lat' dir='ltr'><strong>honorem</strong></span> <span class='ocrx_word' id='word_1_705' title='bbox 1630 5285 1979 5330; x_wconf 87' lang='lat' dir='ltr'><strong>consecutum</strong></span> <span class='ocrx_word' id='word_1_706' title='bbox 2028 5292 2146 5330; x_wconf 89' lang='lat' dir='ltr'><strong>esse</strong></span> <span class='ocrx_word' id='word_1_707' title='bbox 2197 5279 2306 5331; x_wconf 88' lang='lat' dir='ltr'><strong>Ire-</strong></span> 
     </span>
    </p>
   </div>
   <div class='ocr_carea' id='block_1_100' title="bbox 749 5342 2304 5415">
    <p class='ocr_par' dir='ltr' id='par_1_100' title="bbox 749 5342 2304 5415">
     <span class='ocr_line' id='line_1_100' title="bbox 749 5342 2304 5415; baseline 0.003 -18"><span class='ocrx_word' id='word_1_708' title='bbox 749 5360 952 5415; x_wconf 73' lang='lat' dir='ltr'><strong>naeum,</strong></span> <span class='ocrx_word' id='word_1_709' title='bbox 997 5342 1409 5415; x_wconf 74' lang='lat' dir='ltr'><strong>diligentissime</strong></span> <span class='ocrx_word' id='word_1_710' title='bbox 1455 5344 1799 5415; x_wconf 85' lang='lat' dir='ltr'><strong>disputarunt</strong></span> <span class='ocrx_word' id='word_1_711' title='bbox 1841 5346 1972 5398; x_wconf 78' lang='lat' dir='ltr'><strong>Dan.</strong></span> <span class='ocrx_word' id='word_1_712' title='bbox 2030 5348 2304 5415; x_wconf 80' lang='lat' dir='ltr'><strong>l’npebro-</strong></span> 
     </span>
    </p>
   </div>
   <div class='ocr_carea' id='block_1_101' title="bbox 745 5413 2302 5484">
    <p class='ocr_par' dir='ltr' id='par_1_101' title="bbox 745 5413 2302 5484">
     <span class='ocr_line' id='line_1_101' title="bbox 745 5413 2302 5484; baseline 0 -18"><span class='ocrx_word' id='word_1_713' title='bbox 745 5416 897 5467; x_wconf 85' lang='lat' dir='ltr'><strong>chius</strong></span> <span class='ocrx_word' id='word_1_714' title='bbox 945 5414 994 5465; x_wconf 87' lang='lat' dir='ltr'><strong>iu</strong></span> <span class='ocrx_word' id='word_1_715' title='bbox 1040 5414 1154 5465; x_wconf 79' lang='lat' dir='ltr'><strong>Act.</strong></span> <span class='ocrx_word' id='word_1_716' title='bbox 1191 5424 1385 5475; x_wconf 82' lang='lat' dir='ltr'><strong>sanct.,</strong></span> <span class='ocrx_word' id='word_1_717' title='bbox 1421 5426 1546 5466; x_wconf 89' lang='lat' dir='ltr'><strong>tom.</strong></span> <span class='ocrx_word' id='word_1_718' title='bbox 1588 5414 1618 5466; x_wconf 86' lang='lat' dir='ltr'><strong>V</strong></span> <span class='ocrx_word' id='word_1_719' title='bbox 1675 5413 1823 5477; x_wconf 84' lang='lat' dir='ltr'><strong>.luu.,</strong></span> <span class='ocrx_word' id='word_1_720' title='bbox 1863 5433 1913 5484; x_wconf 73' lang='grc' dir='ltr'><strong>ν,</strong></span> <span class='ocrx_word' id='word_1_721' title='bbox 1950 5417 2078 5474; x_wconf 77' lang='lat'><strong>555;</strong></span> <span class='ocrx_word' id='word_1_722' title='bbox 2110 5413 2302 5471; x_wconf 69' lang='grc' dir='ltr'><strong>Ιζυιιτιι,</strong></span> 
     </span>
    </p>
   </div>
   <div class='ocr_carea' id='block_1_102' title="bbox 746 5485 2325 5555">
    <p class='ocr_par' dir='ltr' id='par_1_102' title="bbox 746 5485 2325 5555">
     <span class='ocr_line' id='line_1_102' title="bbox 746 5485 2325 5555; baseline 0.003 -20"><span class='ocrx_word' id='word_1_723' title='bbox 746 5485 1046 5537; x_wconf 71' lang='grc'>1“‹1;1581101113</span> <span class='ocrx_word' id='word_1_724' title='bbox 1099 5485 1228 5537; x_wconf 85' lang='lat' dir='ltr'><strong>diss.</strong></span> <span class='ocrx_word' id='word_1_725' title='bbox 1280 5501 1320 5549; x_wconf 85' lang='grc' dir='ltr'>ι,</span> <span class='ocrx_word' id='word_1_726' title='bbox 1357 5500 1541 5555; x_wconf 58' lang='lat' dir='ltr'><strong>prmia,</strong></span> <span class='ocrx_word' id='word_1_727' title='bbox 1597 5501 1646 5550; x_wconf 89' lang='lat' dir='ltr'><strong>p.</strong></span> <span class='ocrx_word' id='word_1_728' title='bbox 1695 5485 1798 5538; x_wconf 69' lang='lat'><strong>208</strong></span> <span class='ocrx_word' id='word_1_729' title='bbox 1844 5502 1965 5552; x_wconf 85' lang='lat' dir='ltr'><strong>sqq.</strong></span> <span class='ocrx_word' id='word_1_730' title='bbox 2014 5489 2122 5555; x_wconf 87' lang='lat' dir='ltr'><strong>huj.</strong></span> <span class='ocrx_word' id='word_1_731' title='bbox 2170 5492 2325 5553; x_wconf 85' lang='lat' dir='ltr'><strong>edit.;</strong></span> 
     </span>
    </p>
   </div>
   <div class='ocr_carea' id='block_1_103' title="bbox 749 5553 2302 5627">
    <p class='ocr_par' dir='ltr' id='par_1_103' title="bbox 749 5553 2302 5627">
     <span class='ocr_line' id='line_1_103' title="bbox 749 5553 2302 5627; baseline 0.002 -21"><span class='ocrx_word' id='word_1_732' title='bbox 749 5557 953 5627; x_wconf 79' lang='lat' dir='ltr'><strong>lloinin.</strong></span> <span class='ocrx_word' id='word_1_733' title='bbox 984 5557 1050 5627; x_wconf 73' lang='lat' dir='ltr'><strong>tle</strong></span> <span class='ocrx_word' id='word_1_734' title='bbox 1083 5555 1324 5627; x_wconf 72' lang='lat' dir='ltr'><strong>Colonia.</strong></span> <span class='ocrx_word' id='word_1_735' title='bbox 1378 5553 1519 5627; x_wconf 67' lang='lat' dir='ltr'><strong>Hist.</strong></span> <span class='ocrx_word' id='word_1_736' title='bbox 1571 5557 1732 5607; x_wconf 78' lang='lat' dir='ltr'><strong>lillér.</strong></span> <span class='ocrx_word' id='word_1_737' title='bbox 1791 5559 1852 5608; x_wconf 75' lang='lat' dir='ltr'><strong>de</strong></span> <span class='ocrx_word' id='word_1_738' title='bbox 1888 5555 2056 5625; x_wconf 77' lang='lat' dir='ltr'><strong>Lyon,</strong></span> <span class='ocrx_word' id='word_1_739' title='bbox 2084 5553 2160 5627; x_wconf 20' lang='lat' dir='ltr'><strong>Vp.</strong></span> <span class='ocrx_word' id='word_1_740' title='bbox 2213 5560 2302 5618; x_wconf 73' lang='lat'><strong>5‘2,</strong></span> 
     </span>
    </p>
   </div>
   <div class='ocr_carea' id='block_1_104' title="bbox 745 5625 2301 5697">
    <p class='ocr_par' dir='ltr' id='par_1_104' title="bbox 745 5625 2301 5697">
     <span class='ocr_line' id='line_1_104' title="bbox 745 5625 2301 5697; baseline 0.003 -19"><span class='ocrx_word' id='word_1_741' title='bbox 745 5627 829 5682; x_wconf 60' lang='lat' dir='ltr'><strong>Si;</strong></span> <span class='ocrx_word' id='word_1_742' title='bbox 868 5625 1016 5697; x_wconf 77' lang='lat' dir='ltr'><strong>Paul.</strong></span> <span class='ocrx_word' id='word_1_743' title='bbox 1060 5627 1124 5678; x_wconf 85' lang='lat' dir='ltr'><strong>de</strong></span> <span class='ocrx_word' id='word_1_744' title='bbox 1166 5625 1416 5686; x_wconf 85' lang='lat' dir='ltr'><strong>Lumina,</strong></span> <span class='ocrx_word' id='word_1_745' title='bbox 1459 5625 1604 5677; x_wconf 80' lang='lat' dir='ltr'><strong>Hist.</strong></span> <span class='ocrx_word' id='word_1_746' title='bbox 1629 5628 1810 5679; x_wconf 78' lang='lat' dir='ltr'><strong>eccle’s.</strong></span> <span class='ocrx_word' id='word_1_747' title='bbox 1845 5629 1907 5679; x_wconf 79' lang='lat' dir='ltr'><strong>de</strong></span> <span class='ocrx_word' id='word_1_748' title='bbox 1941 5625 2119 5696; x_wconf 55' lang='grc' dir='ltr'><strong>[λείους</strong></span> <span class='ocrx_word' id='word_1_749' title='bbox 2151 5646 2203 5697; x_wconf 85' lang='lat' dir='ltr'><strong>p.</strong></span> <span class='ocrx_word' id='word_1_750' title='bbox 2236 5630 2301 5682; x_wconf 69' lang='grc'><strong>41</strong></span> 
     </span>
    </p>
   </div>
   <div class='ocr_carea' id='block_1_105' title="bbox 743 5696 2304 5764">
    <p class='ocr_par' dir='ltr' id='par_1_105' title="bbox 743 5696 2304 5764">
     <span class='ocr_line' id='line_1_105' title="bbox 743 5696 2304 5764; baseline 0.003 -16"><span class='ocrx_word' id='word_1_751' title='bbox 743 5713 886 5763; x_wconf 76' lang='lat' dir='ltr'><strong>sqq.,</strong></span> <span class='ocrx_word' id='word_1_752' title='bbox 917 5696 1140 5762; x_wconf 69' lang='lat' dir='ltr'><strong>aliique;</strong></span> <span class='ocrx_word' id='word_1_753' title='bbox 1174 5713 1275 5748; x_wconf 80' lang='lat' dir='ltr'><strong>non</strong></span> <span class='ocrx_word' id='word_1_754' title='bbox 1315 5713 1526 5761; x_wconf 71' lang='lat' dir='ltr'><strong>possunt</strong></span> <span class='ocrx_word' id='word_1_755' title='bbox 1577 5711 1603 5747; x_wconf 82' lang='lat' dir='ltr'><strong>a</strong></span> <span class='ocrx_word' id='word_1_756' title='bbox 1653 5713 1736 5750; x_wconf 87' lang='lat' dir='ltr'><strong>me</strong></span> <span class='ocrx_word' id='word_1_757' title='bbox 1779 5700 2091 5764; x_wconf 76' lang='lat' dir='ltr'><strong>itiipetrare,</strong></span> <span class='ocrx_word' id='word_1_758' title='bbox 2127 5696 2184 5751; x_wconf 80' lang='lat' dir='ltr'><strong>ttt</strong></span> <span class='ocrx_word' id='word_1_759' title='bbox 2219 5716 2304 5753; x_wconf 75' lang='lat' dir='ltr'><strong>vc-</strong></span> 
     </span>
    </p>
   </div>
   <div class='ocr_carea' id='block_1_106' title="bbox 747 5766 2309 5834">
    <p class='ocr_par' dir='ltr' id='par_1_106' title="bbox 747 5766 2309 5834">
     <span class='ocr_line' id='line_1_106' title="bbox 747 5766 2309 5834; baseline 0.002 -17"><span class='ocrx_word' id='word_1_760' title='bbox 747 5782 858 5817; x_wconf 76' lang='lat' dir='ltr'><strong>rani</strong></span> <span class='ocrx_word' id='word_1_761' title='bbox 891 5766 1056 5825; x_wconf 78' lang='lat' dir='ltr'><strong>illam,</strong></span> <span class='ocrx_word' id='word_1_762' title='bbox 1094 5769 1191 5818; x_wconf 84' lang='lat' dir='ltr'><strong>hoc</strong></span> <span class='ocrx_word' id='word_1_763' title='bbox 1227 5780 1326 5830; x_wconf 77' lang='lat' dir='ltr'><strong>est,</strong></span> <span class='ocrx_word' id='word_1_764' title='bbox 1365 5777 1527 5817; x_wconf 78' lang='lat' dir='ltr'><strong>t-ertis</strong></span> <span class='ocrx_word' id='word_1_765' title='bbox 1571 5767 1778 5834; x_wconf 70' lang='lat' dir='ltr'><strong>lidcqne</strong></span> <span class='ocrx_word' id='word_1_766' title='bbox 1827 5771 2002 5829; x_wconf 65' lang='lat' dir='ltr'><strong>dignis</strong></span> <span class='ocrx_word' id='word_1_767' title='bbox 2057 5772 2309 5823; x_wconf 74' lang='lat' dir='ltr'><strong>testiino—</strong></span> 
     </span>
    </p>
   </div>
   <div class='ocr_carea' id='block_1_107' title="bbox 744 5838 2301 5908">
    <p class='ocr_par' dir='ltr' id='par_1_107' title="bbox 744 5838 2301 5908">
     <span class='ocr_line' id='line_1_107' title="bbox 744 5838 2301 5908; baseline 0.003 -19"><span class='ocrx_word' id='word_1_768' title='bbox 744 5853 846 5889; x_wconf 71' lang='lat' dir='ltr'><strong>rans</strong></span> <span class='ocrx_word' id='word_1_769' title='bbox 873 5838 1268 5902; x_wconf 70' lang='lat' dir='ltr'><strong>totnprolmtaan</strong></span> <span class='ocrx_word' id='word_1_770' title='bbox 1299 5854 1414 5890; x_wconf 83' lang='lat' dir='ltr'><strong>csse</strong></span> <span class='ocrx_word' id='word_1_771' title='bbox 1451 5847 1704 5890; x_wconf 76' lang='lat' dir='ltr'><strong>statuant.</strong></span> <span class='ocrx_word' id='word_1_772' title='bbox 1745 5839 1830 5901; x_wconf 67' lang='lat' dir='ltr'><strong>At,</strong></span> <span class='ocrx_word' id='word_1_773' title='bbox 1863 5839 1981 5892; x_wconf 84' lang='lat' dir='ltr'><strong>licet</strong></span> <span class='ocrx_word' id='word_1_774' title='bbox 2013 5856 2301 5908; x_wconf 68' lang='lat' dir='ltr'><strong>i&#39;lUll‘JIllllS,</strong></span> 
     </span>
    </p>
   </div>
   <div class='ocr_carea' id='block_1_108' title="bbox 2413 4623 3983 4699">
    <p class='ocr_par' dir='ltr' id='par_1_108' title="bbox 2413 4623 3983 4699">
     <span class='ocr_line' id='line_1_108' title="bbox 2413 4623 3983 4699; baseline 0.003 -22"><span class='ocrx_word' id='word_1_775' title='bbox 2413 4623 2679 4680; x_wconf 84' lang='lat' dir='ltr'><strong>Victorem</strong></span> <span class='ocrx_word' id='word_1_776' title='bbox 2713 4639 2820 4681; x_wconf 90' lang='lat' dir='ltr'><strong>tum</strong></span> <span class='ocrx_word' id='word_1_777' title='bbox 2852 4628 2918 4680; x_wconf 86' lang='lat' dir='ltr'><strong>ad</strong></span> <span class='ocrx_word' id='word_1_778' title='bbox 2952 4628 3086 4682; x_wconf 89' lang='lat' dir='ltr'><strong>alios</strong></span> <span class='ocrx_word' id='word_1_779' title='bbox 3117 4630 3404 4699; x_wconf 87' lang='lat' dir='ltr'><strong>episcopos</strong></span> <span class='ocrx_word' id='word_1_780' title='bbox 3444 4628 3647 4694; x_wconf 85' lang='lat' dir='ltr'><strong>missis,</strong></span> <span class='ocrx_word' id='word_1_781' title='bbox 3687 4641 3820 4695; x_wconf 90' lang='lat' dir='ltr'><strong>quas</strong></span> <span class='ocrx_word' id='word_1_782' title='bbox 3845 4627 3983 4682; x_wconf 86' lang='lat' dir='ltr'><strong>alibi</strong></span> 
     </span>
    </p>
   </div>
   <div class='ocr_carea' id='block_1_109' title="bbox 2412 4716 3986 4790">
    <p class='ocr_par' dir='ltr' id='par_1_109' title="bbox 2412 4716 3986 4790">
     <span class='ocr_line' id='line_1_109' title="bbox 2412 4716 3986 4790; baseline 0.002 -22"><span class='ocrx_word' id='word_1_783' title='bbox 2412 4716 2674 4773; x_wconf 79' lang='lat' dir='ltr'><strong>Eusebius</strong></span> <span class='ocrx_word' id='word_1_784' title='bbox 2725 4722 2786 4788; x_wconf 86' lang='lat' dir='ltr'><strong>(i)</strong></span> <span class='ocrx_word' id='word_1_785' title='bbox 2840 4720 3111 4786; x_wconf 86' lang='lat' dir='ltr'><strong>laudavit,</strong></span> <span class='ocrx_word' id='word_1_786' title='bbox 3168 4721 3394 4790; x_wconf 87' lang='lat' dir='ltr'><strong>perinde</strong></span> <span class='ocrx_word' id='word_1_787' title='bbox 3449 4735 3512 4775; x_wconf 87' lang='lat' dir='ltr'><strong>ac</strong></span> <span class='ocrx_word' id='word_1_788' title='bbox 3577 4721 3642 4775; x_wconf 89' lang='lat' dir='ltr'><strong>de</strong></span> <span class='ocrx_word' id='word_1_789' title='bbox 3702 4717 3986 4774; x_wconf 87' lang='lat' dir='ltr'><strong>Melitonis</strong></span> 
     </span>
    </p>
   </div>
   <div class='ocr_carea' id='block_1_110' title="bbox 2412 4852 3982 4922">
    <p class='ocr_par' dir='ltr' id='par_1_110' title="bbox 2412 4852 3982 4922">
     <span class='ocr_line' id='line_1_110' title="bbox 2412 4852 3982 4922; baseline 0.001 -19"><span class='ocrx_word' id='word_1_790' title='bbox 2412 4863 2698 4922; x_wconf 79' lang='lat' dir='ltr'><strong>martyrem</strong></span> <span class='ocrx_word' id='word_1_791' title='bbox 2728 4853 2922 4906; x_wconf 86' lang='lat' dir='ltr'><strong>factum</strong></span> <span class='ocrx_word' id='word_1_792' title='bbox 2955 4869 3073 4908; x_wconf 89' lang='lat' dir='ltr'><strong>esse</strong></span> <span class='ocrx_word' id='word_1_793' title='bbox 3109 4854 3390 4915; x_wconf 74' lang='lat' dir='ltr'><strong>Irenaeum,</strong></span> <span class='ocrx_word' id='word_1_794' title='bbox 3427 4863 3603 4906; x_wconf 89' lang='lat' dir='ltr'><strong>tamen</strong></span> <span class='ocrx_word' id='word_1_795' title='bbox 3634 4852 3732 4906; x_wconf 92' lang='lat' dir='ltr'><strong>sub</strong></span> <span class='ocrx_word' id='word_1_796' title='bbox 3771 4852 3982 4906; x_wconf 86' lang='lat' dir='ltr'><strong>Severo</strong></span> 
     </span>
    </p>
   </div>
   <div class='ocr_carea' id='block_1_111' title="bbox 2415 4924 3985 4992">
    <p class='ocr_par' dir='ltr' id='par_1_111' title="bbox 2415 4924 3985 4992">
     <span class='ocr_line' id='line_1_111' title="bbox 2415 4924 3985 4992; baseline 0.002 -19"><span class='ocrx_word' id='word_1_797' title='bbox 2415 4924 2462 4973; x_wconf 90' lang='lat' dir='ltr'><strong>id</strong></span> <span class='ocrx_word' id='word_1_798' title='bbox 2496 4927 2785 4992; x_wconf 81' lang='lat' dir='ltr'><strong>contigisse</strong></span> <span class='ocrx_word' id='word_1_799' title='bbox 2833 4935 2885 4976; x_wconf 89' lang='lat' dir='ltr'><strong>et</strong></span> <span class='ocrx_word' id='word_1_800' title='bbox 2921 4925 2988 4977; x_wconf 89' lang='lat' dir='ltr'><strong>ad</strong></span> <span class='ocrx_word' id='word_1_801' title='bbox 3021 4942 3150 4978; x_wconf 92' lang='lat' dir='ltr'><strong>ann.</strong></span> <span class='ocrx_word' id='word_1_802' title='bbox 3184 4940 3285 4979; x_wconf 87' lang='lat' dir='ltr'><strong>ccn</strong></span> <span class='ocrx_word' id='word_1_803' title='bbox 3322 4925 3659 4977; x_wconf 82' lang='lat' dir='ltr'><strong>referendum</strong></span> <span class='ocrx_word' id='word_1_804' title='bbox 3695 4924 3864 4976; x_wconf 75' lang='lat' dir='ltr'><strong>trullis</strong></span> <span class='ocrx_word' id='word_1_805' title='bbox 3897 4939 3985 4976; x_wconf 86' lang='lat' dir='ltr'><strong>ra-</strong></span> 
     </span>
    </p>
   </div>
   <div class='ocr_carea' id='block_1_112' title="bbox 2415 4994 3982 5062">
    <p class='ocr_par' dir='ltr' id='par_1_112' title="bbox 2415 4994 3982 5062">
     <span class='ocr_line' id='line_1_112' title="bbox 2415 4994 3982 5062; baseline 0.002 -19"><span class='ocrx_word' id='word_1_806' title='bbox 2415 4994 2667 5055; x_wconf 78' lang='lat' dir='ltr'><strong>tionibus,</strong></span> <span class='ocrx_word' id='word_1_807' title='bbox 2719 4994 3016 5046; x_wconf 81' lang='lat' dir='ltr'><strong>&#39;l‘nronensi</strong></span> <span class='ocrx_word' id='word_1_808' title='bbox 3055 4996 3197 5047; x_wconf 90' lang='lat' dir='ltr'><strong>enim</strong></span> <span class='ocrx_word' id='word_1_809' title='bbox 3243 4995 3504 5062; x_wconf 86' lang='lat' dir='ltr'><strong>Gregorio</strong></span> <span class='ocrx_word' id='word_1_810' title='bbox 3535 4996 3655 5061; x_wconf 86' lang='lat' dir='ltr'><strong>quis</strong></span> <span class='ocrx_word' id='word_1_811' title='bbox 3708 4995 3810 5046; x_wconf 91' lang='lat' dir='ltr'><strong>hoc</strong></span> <span class='ocrx_word' id='word_1_812' title='bbox 3860 4995 3982 5046; x_wconf 87' lang='lat' dir='ltr'><strong>loco</strong></span> 
     </span>
    </p>
   </div>
   <div class='ocr_carea' id='block_1_113' title="bbox 2412 5064 3984 5130">
    <p class='ocr_par' dir='ltr' id='par_1_113' title="bbox 2412 5064 3984 5130">
     <span class='ocr_line' id='line_1_113' title="bbox 2412 5064 3984 5130; baseline 0.001 -17"><span class='ocrx_word' id='word_1_813' title='bbox 2412 5064 2510 5114; x_wconf 86' lang='lat' dir='ltr'><strong>soli</strong></span> <span class='ocrx_word' id='word_1_814' title='bbox 2562 5065 2782 5115; x_wconf 81' lang='lat' dir='ltr'><strong>credat?</strong></span> <span class='ocrx_word' id='word_1_815' title='bbox 2828 5066 2919 5116; x_wconf 85' lang='lat' dir='ltr'><strong>sed</strong></span> <span class='ocrx_word' id='word_1_816' title='bbox 2971 5065 3486 5117; x_wconf 83' lang='lat' dir='ltr'><strong>ratiocinatioaibus</strong></span> <span class='ocrx_word' id='word_1_817' title='bbox 3535 5075 3588 5116; x_wconf 91' lang='lat' dir='ltr'><strong>et</strong></span> <span class='ocrx_word' id='word_1_818' title='bbox 3640 5064 3984 5130; x_wconf 75' lang='lat' dir='ltr'><strong>coniecturis</strong></span> 
     </span>
    </p>
   </div>
   <div class='ocr_carea' id='block_1_114' title="bbox 2413 5134 3984 5203">
    <p class='ocr_par' dir='ltr' id='par_1_114' title="bbox 2413 5134 3984 5203">
     <span class='ocr_line' id='line_1_114' title="bbox 2413 5134 3984 5203; baseline 0.004 -23"><span class='ocrx_word' id='word_1_819' title='bbox 2413 5135 2626 5199; x_wconf 78' lang='lat' dir='ltr'><strong>probari</strong></span> <span class='ocrx_word' id='word_1_820' title='bbox 2659 5136 2813 5198; x_wconf 76' lang='lat' dir='ltr'><strong>solet,</strong></span> <span class='ocrx_word' id='word_1_821' title='bbox 2848 5151 2967 5202; x_wconf 76' lang='lat' dir='ltr'><strong>quae</strong></span> <span class='ocrx_word' id='word_1_822' title='bbox 2991 5134 3308 5188; x_wconf 85' lang='lat' dir='ltr'><strong>historicum</strong></span> <span class='ocrx_word' id='word_1_823' title='bbox 3338 5148 3463 5187; x_wconf 85' lang='lat' dir='ltr'><strong>vera</strong></span> <span class='ocrx_word' id='word_1_824' title='bbox 3495 5141 3795 5188; x_wconf 83' lang='lat' dir='ltr'><strong>sectantem</strong></span> <span class='ocrx_word' id='word_1_825' title='bbox 3828 5149 3984 5203; x_wconf 88' lang='lat' dir='ltr'><strong>pror-</strong></span> 
     </span>
    </p>
   </div>
   <div class='ocr_carea' id='block_1_115' title="bbox 2412 5205 2808 5258">
    <p class='ocr_par' dir='ltr' id='par_1_115' title="bbox 2412 5205 2808 5258">
     <span class='ocr_line' id='line_1_115' title="bbox 2412 5205 2808 5258; baseline 0.003 -3"><span class='ocrx_word' id='word_1_826' title='bbox 2412 5219 2504 5256; x_wconf 86' lang='lat' dir='ltr'><strong>sus</strong></span> <span class='ocrx_word' id='word_1_827' title='bbox 2535 5205 2808 5258; x_wconf 84' lang='lat' dir='ltr'><strong>dedecent.</strong></span> 
     </span>
    </p>
   </div>
   <div class='ocr_carea' id='block_1_116' title="bbox 2485 5272 3982 5344">
    <p class='ocr_par' dir='ltr' id='par_1_116' title="bbox 2485 5272 3982 5344">
     <span class='ocr_line' id='line_1_116' title="bbox 2485 5272 3982 5344; baseline -0.001 -17"><span class='ocrx_word' id='word_1_828' title='bbox 2485 5275 2548 5339; x_wconf 61' lang='grc' dir='ltr'><strong>(Γ)</strong></span> <span class='ocrx_word' id='word_1_829' title='bbox 2591 5277 2742 5327; x_wconf 87' lang='lat' dir='ltr'><strong>Cont&#39;.</strong></span> <span class='ocrx_word' id='word_1_830' title='bbox 2783 5275 3106 5328; x_wconf 70' lang='lat' dir='ltr'><strong>.llassuetnm</strong></span> <span class='ocrx_word' id='word_1_831' title='bbox 3140 5275 3270 5329; x_wconf 85' lang='lat' dir='ltr'><strong>diss.</strong></span> <span class='ocrx_word' id='word_1_832' title='bbox 3307 5292 3364 5338; x_wconf 88' lang='grc' dir='ltr'>ιι,</span> <span class='ocrx_word' id='word_1_833' title='bbox 3402 5289 3588 5344; x_wconf 79' lang='lat' dir='ltr'><strong>pr:ev.,</strong></span> <span class='ocrx_word' id='word_1_834' title='bbox 3626 5272 3653 5344; x_wconf 65' lang='grc' dir='ltr'>ᾗ</span> <span class='ocrx_word' id='word_1_835' title='bbox 3688 5273 3755 5324; x_wconf 70' lang='grc'><strong>47</strong></span> <span class='ocrx_word' id='word_1_836' title='bbox 3784 5283 3982 5326; x_wconf 76' lang='lat' dir='ltr'><strong>centra</strong></span> 
     </span>
    </p>
   </div>
   <div class='ocr_carea' id='block_1_117' title="bbox 2413 5342 3979 5414">
    <p class='ocr_par' dir='ltr' id='par_1_117' title="bbox 2413 5342 3979 5414">
     <span class='ocr_line' id='line_1_117' title="bbox 2413 5342 3979 5414; baseline -0.001 -19"><span class='ocrx_word' id='word_1_837' title='bbox 2413 5342 2742 5397; x_wconf 71' lang='lat' dir='ltr'><strong>Dinawellnm</strong></span> <span class='ocrx_word' id='word_1_838' title='bbox 2794 5349 3155 5414; x_wconf 72' lang='lat' dir='ltr'><strong>disputantem</strong></span> <span class='ocrx_word' id='word_1_839' title='bbox 3199 5357 3250 5399; x_wconf 86' lang='lat' dir='ltr'><strong>et</strong></span> <span class='ocrx_word' id='word_1_840' title='bbox 3299 5342 3657 5406; x_wconf 69' lang='lat' dir='ltr'><strong>l.ar1lnerut:i,</strong></span> <span class='ocrx_word' id='word_1_841' title='bbox 3694 5347 3799 5394; x_wconf 87' lang='lat' dir='ltr'><strong>loc.</strong></span> <span class='ocrx_word' id='word_1_842' title='bbox 3860 5348 3979 5408; x_wconf 82' lang='lat' dir='ltr'><strong>cit.,</strong></span> 
     </span>
    </p>
   </div>
   <div class='ocr_carea' id='block_1_118' title="bbox 2413 5415 3054 5482">
    <p class='ocr_par' dir='ltr' id='par_1_118' title="bbox 2413 5415 3054 5482">
     <span class='ocr_line' id='line_1_118' title="bbox 2413 5415 3054 5482; baseline 0.002 -16"><span class='ocrx_word' id='word_1_843' title='bbox 2413 5431 2463 5482; x_wconf 83' lang='lat' dir='ltr'><strong>p.</strong></span> <span class='ocrx_word' id='word_1_844' title='bbox 2496 5415 2597 5468; x_wconf 63' lang='lat'><strong>2:23</strong></span> <span class='ocrx_word' id='word_1_845' title='bbox 2633 5417 2742 5482; x_wconf 81' lang='lat' dir='ltr'><strong>ltuj.</strong></span> <span class='ocrx_word' id='word_1_846' title='bbox 2778 5423 2903 5469; x_wconf 78' lang='lat' dir='ltr'><strong>edit.</strong></span> <span class='ocrx_word' id='word_1_847' title='bbox 2937 5433 3054 5482; x_wconf 86' lang='lat' dir='ltr'><strong>sqq.</strong></span> 
     </span>
    </p>
   </div>
   <div class='ocr_carea' id='block_1_119' title="bbox 2484 5484 3978 5554">
    <p class='ocr_par' dir='ltr' id='par_1_119' title="bbox 2484 5484 3978 5554">
     <span class='ocr_line' id='line_1_119' title="bbox 2484 5484 3978 5554; baseline -0.001 -16"><span class='ocrx_word' id='word_1_848' title='bbox 2484 5490 2557 5554; x_wconf 61' lang='lat'><strong>(-1)</strong></span> <span class='ocrx_word' id='word_1_849' title='bbox 2607 5488 2720 5538; x_wconf 86' lang='lat' dir='ltr'><strong>\id.</strong></span> <span class='ocrx_word' id='word_1_850' title='bbox 2759 5488 2927 5539; x_wconf 57' lang='lat' dir='ltr'><strong>Nic-(il.</strong></span> <span class='ocrx_word' id='word_1_851' title='bbox 2960 5487 3272 5549; x_wconf 66' lang='lat' dir='ltr'><strong>Nourrium,</strong></span> <span class='ocrx_word' id='word_1_852' title='bbox 3316 5486 3568 5553; x_wconf 65' lang='lat' dir='ltr'><strong>xlpparal.</strong></span> <span class='ocrx_word' id='word_1_853' title='bbox 3627 5485 3695 5535; x_wconf 85' lang='lat' dir='ltr'><strong>ad</strong></span> <span class='ocrx_word' id='word_1_854' title='bbox 3733 5484 3978 5554; x_wconf 66' lang='lat' dir='ltr'><strong>biblioth.</strong></span> 
     </span>
    </p>
   </div>
   <div class='ocr_carea' id='block_1_120' title="bbox 2413 5553 3983 5623">
    <p class='ocr_par' dir='ltr' id='par_1_120' title="bbox 2413 5553 3983 5623">
     <span class='ocr_line' id='line_1_120' title="bbox 2413 5553 3983 5623; baseline 0 -14"><span class='ocrx_word' id='word_1_855' title='bbox 2413 5574 2550 5609; x_wconf 63' lang='lat' dir='ltr'><strong>nitar.</strong></span> <span class='ocrx_word' id='word_1_856' title='bbox 2586 5569 2749 5623; x_wconf 58' lang='lat' dir='ltr'><strong>pauiu,</strong></span> <span class='ocrx_word' id='word_1_857' title='bbox 2787 5569 2821 5608; x_wconf 90' lang='lat' dir='ltr'><strong>t.</strong></span> <span class='ocrx_word' id='word_1_858' title='bbox 2865 5560 2902 5614; x_wconf 86' lang='grc'>1,</span> <span class='ocrx_word' id='word_1_859' title='bbox 2939 5574 2988 5622; x_wconf 87' lang='lat' dir='ltr'><strong>p.</strong></span> <span class='ocrx_word' id='word_1_860' title='bbox 3023 5556 3144 5619; x_wconf 71' lang='lat'><strong>0&#39;58,</strong></span> <span class='ocrx_word' id='word_1_861' title='bbox 3185 5568 3238 5608; x_wconf 86' lang='lat' dir='ltr'><strong>et.</strong></span> <span class='ocrx_word' id='word_1_862' title='bbox 3275 5556 3357 5609; x_wconf 85' lang='lat' dir='ltr'><strong>J0.</strong></span> <span class='ocrx_word' id='word_1_863' title='bbox 3405 5558 3526 5609; x_wconf 67' lang='lat' dir='ltr'><strong>Alt).</strong></span> <span class='ocrx_word' id='word_1_864' title='bbox 3560 5554 3880 5609; x_wconf 76' lang='lat' dir='ltr'><strong>Fabricium</strong></span> <span class='ocrx_word' id='word_1_865' title='bbox 3911 5553 3983 5609; x_wconf 68' lang='grc' dir='ltr'>Β.</span> 
     </span>
    </p>
   </div>
   <div class='ocr_carea' id='block_1_121' title="bbox 2415 5628 2999 5695">
    <p class='ocr_par' dir='ltr' id='par_1_121' title="bbox 2415 5628 2999 5695">
     <span class='ocr_line' id='line_1_121' title="bbox 2415 5628 2999 5695; baseline 0.003 -17"><span class='ocrx_word' id='word_1_866' title='bbox 2415 5628 2527 5685; x_wconf 67' lang='grc' dir='ltr'>ΟΥ..</span> <span class='ocrx_word' id='word_1_867' title='bbox 2569 5629 2670 5678; x_wconf 74' lang='lat' dir='ltr'><strong>toi.</strong></span> <span class='ocrx_word' id='word_1_868' title='bbox 2703 5628 2759 5692; x_wconf 70' lang='grc' dir='ltr'><strong>Υ,</strong></span> <span class='ocrx_word' id='word_1_869' title='bbox 2793 5645 2844 5695; x_wconf 79' lang='lat' dir='ltr'><strong>p.</strong></span> <span class='ocrx_word' id='word_1_870' title='bbox 2880 5628 2999 5681; x_wconf 62' lang='lat' dir='ltr'><strong>illi}.</strong></span> 
     </span>
    </p>
   </div>
   <div class='ocr_carea' id='block_1_122' title="bbox 2482 5695 3308 5766">
    <p class='ocr_par' dir='ltr' id='par_1_122' title="bbox 2482 5695 3308 5766">
     <span class='ocr_line' id='line_1_122' title="bbox 2482 5695 3308 5766; baseline 0 -21"><span class='ocrx_word' id='word_1_871' title='bbox 2482 5699 2556 5766; x_wconf 79' lang='lat' dir='ltr'><strong>(li)</strong></span> <span class='ocrx_word' id='word_1_872' title='bbox 2600 5699 2667 5749; x_wconf 81' lang='grc' dir='ltr'>Η.</span> <span class='ocrx_word' id='word_1_873' title='bbox 2708 5698 2798 5760; x_wconf 62' lang='grc' dir='ltr'><strong>13η</strong></span> <span class='ocrx_word' id='word_1_874' title='bbox 2841 5700 2930 5752; x_wconf 69' lang='lat' dir='ltr'><strong>lib.</strong></span> <span class='ocrx_word' id='word_1_875' title='bbox 2964 5714 3036 5758; x_wconf 74' lang='lat' dir='ltr'><strong>Vl,</strong></span> <span class='ocrx_word' id='word_1_876' title='bbox 3073 5712 3190 5763; x_wconf 84' lang='lat' dir='ltr'><strong>cap.</strong></span> <span class='ocrx_word' id='word_1_877' title='bbox 3227 5695 3308 5746; x_wconf 72' lang='lat'><strong>13.</strong></span> 
     </span>
    </p>
   </div>
   <div class='ocr_carea' id='block_1_123' title="bbox 2481 5765 3452 5837">
    <p class='ocr_par' dir='ltr' id='par_1_123' title="bbox 2481 5765 3452 5837">
     <span class='ocr_line' id='line_1_123' title="bbox 2481 5765 3452 5837; baseline -0.001 -19"><span class='ocrx_word' id='word_1_878' title='bbox 2481 5765 2541 5837; x_wconf 66' lang='grc' dir='ltr'><strong>(ι)</strong></span> <span class='ocrx_word' id='word_1_879' title='bbox 2578 5769 2692 5821; x_wconf 79' lang='lat' dir='ltr'><strong>Lib.</strong></span> <span class='ocrx_word' id='word_1_880' title='bbox 2734 5787 2781 5833; x_wconf 83' lang='lat' dir='ltr'><strong>v,</strong></span> <span class='ocrx_word' id='word_1_881' title='bbox 2819 5786 2936 5835; x_wconf 65' lang='lat' dir='ltr'><strong>Cap.</strong></span> <span class='ocrx_word' id='word_1_882' title='bbox 2969 5770 3057 5833; x_wconf 66' lang='lat' dir='ltr'><strong>2i,</strong></span> <span class='ocrx_word' id='word_1_883' title='bbox 3088 5786 3137 5836; x_wconf 71' lang='grc' dir='ltr'><strong>ι).</strong></span> <span class='ocrx_word' id='word_1_884' title='bbox 3174 5765 3452 5830; x_wconf 49' lang='lat'><strong>“15,217.</strong></span> 
     </span>
    </p>
   </div>
  </div>
