4188 6336
742 412 844 469 605

1277 403 1391 461 FR.
1427 399 1706 458 VALCIIII
1743 399 1830 453 DE
1870 395 2280 454 AUTIIENTIA
2319 391 2676 450 LIBItOllUM
2717 388 2977 445 IRENEI
3013 385 3175 443 ADV.
3213 383 3486 440 HERES.

3884 378 3986 438 404

741 543 863 606 post
914 529 1226 591 Aristzeum,
1282 524 1614 594 Josephum,
1670 520 1986 584 Philonem,
2043 517 2314 574 Iustinum
2344 517 2392 574 Α
2486 511 2542 580 5)
2592 509 2700 564 Nec
2745 508 2909 563 verba
2958 506 3151 561 Grmca
3184 504 3364 560 ubivis
3403 501 3594 557 eadem
3621 509 3773 554 sunt.
3811 498 3987 554 Pauca

741 627 1038 694 Martyrem
1073 632 1381 675 enarrasse.
1433 614 1569 669 Num
1619 628 1746 668 vera
1797 611 2172 674 narraverint,
2210 610 2313 663 hoc

742 720 863 774 loco
911 718 1055 771 scire
1087 722 1275 768 nostra
1308 725 1413 765 non
1446 712 1697 772 interest,
1751 708 1843 762 sed
1882 707 1948 761 de
1981 707 2082 760 hoe
2109 715 2193 759 est
2228 704 2311 756 in-

741 809 1092 879 quirendum,
1116 823 1242 861 num
1279 819 1400 872 quas
1431 805 1483 856 in
1513 801 1698 856 Irenaai
1732 801 1890 855 libris
1925 799 2122 853 tradita
2159 807 2309 862 sunt,

740 919 806 957 ex
853 903 1133 956 Clemente
1189 898 1431 953 derivata
1482 895 1612 950 sint.
1673 892 1885 947 Nullam
1942 891 2310 961 suspicionem

740 996 873 1050 viris
902 993 1131 1049 eruditis
1159 991 1223 1046 de
1252 1006 1315 1046 ea
1356 1003 1415 1044 re
1446 989 1739 1042 subnatam
1775 985 1964 1050 fuisse,
2009 995 2158 1039 reete
2193 999 2310 1037 mo-

741 1099 835 1144 net
864 1087 1142 1143 Semlerus
1169 1085 1268 1154 (a),
1306 1098 1408 1138 nec
1435 1081 1678 1152 [silentio
1724 1077 2094 1151 praetermisit,
2124 1076 2312 1131 Irentei

742 1181 920 1236 locum
949 1180 1015 1234 ab
1039 1177 1366 1246 Eusebio(b)
1397 1174 1560 1229 fuisse
1591 1172 1904 1242 repetitum.
1937 1169 2152 1224 Primus
2184 1183 2312 1238 ergo

741 1274 1012 1344 suSpieari
1043 1283 1127 1327 est
1159 1286 1348 1333 ausus,
1382 1269 1529 1322 hunc
1567 1281 1636 1322 ex
1663 1265 1942 1321 Clemente
1974 1278 2070 1332 per
2105 1261 2311 1314 furtum

741 1375 796 1422 et
837 1367 1191 1435 iniposturam
1223 1377 1344 1418 esse
1376 1375 1685 1423 corrasum,
1735 1356 1933 1426 partim
1964 1355 2107 1424 quod
2137 1355 2313 1407 denuo

742 1472 848 1512 non
895 1455 1337 1510 commodissime
1387 1459 1482 1506 aut
1535 1449 1766 1505 consilio
1813 1448 1861 1502 ei
1933 1447 2140 1516 positus
2191 1459 2315 1500 esse

740 1551 977 1613 videtur,
1011 1547 1211 1614 partim
1235 1545 1376 1615 quod
1405 1544 1495 1614 qui
1529 1541 1695 1597 semel
1725 1541 1936 1595 furatus
1972 1541 2066 1604 sit,
2099 1538 2314 1592 facilius

742 1644 937 1697 iterum
989 1640 1163 1695 furari
1213 1639 1491 1693 credatur.
1530 1625 1704 1691 Secus
1749 1648 1835 1688 me
1881 1633 2090 1687 sentire
2124 1629 2314 1684 lubens

739 1731 934 1788 fateor.
990 1779 994 1782 .

815 1835 856 1890 Ι.
881 1831 1010 1898 Quae
1037 1829 1241 1885 Irenaeo
1267 1843 1332 1882 ex
1359 1827 1637 1882 Clemente
1675 1823 1887 1893 adjecta
1934 1821 2110 1874 fuisse
2142 1818 2315 1873 credit

742 1923 1045 1988 Semlerus,
1061 1921 1248 1976 eadem
1268 1920 1445 1974 denuo
1471 1917 1724 1971 Potterus
1750 1914 1958 1984 putavit
1976 1913 2312 1968 Clementem

737 2027 806 2069 ex
834 2014 1037 2068 Irenaeo
1069 2012 1328 2067 didicisse
1353 2027 1366 2076 ;
1390 2011 1530 2064 unde
1549 2009 1725 2063 denuo
1748 2005 2148 2068 concludimus,
2175 2005 2313 2059 bene

739 2108 943 2162 vidisse
974 2106 1110 2162 alios
1136 2106 1285 2159 viros
1313 2105 1501 2159 doctos
1535 2102 1980 2158 convenientiam
2027 2101 2314 2169 utriusque

740 2200 1042 2270 scriptoris.
1072 2197 1417 2268 Temperavit
1442 2211 1568 2251 vero
1593 2197 1694 2250 sibi
1717 2193 1992 2256 Pottcrus,
2019 2193 2313 2263 quominus

738 2293 923 2346 omnia
956 2307 1023 2347 ex
1054 2291 1258 2346 Irenaeo
1287 2288 1501 2359 sumpta
1536 2304 1656 2344 esse
1696 2288 2069 2352 contenderet,
2099 2286 2192 2341 sed
2219 2301 2314 2340 ac—

739 2394 930 2439 curate
958 2383 1204 2456 singulas
1255 2383 1551 2452 particulas
1581 2381 1810 2445 notavit,
1843 2394 1961 2449 qua:
1997 2379 2201 2435 Irenaeo
2233 2379 2313 2434 vi-

737 2478 1003 2534 derentur
1029 2492 1150 2533 esse
1186 2477 1435 2548 propriae.

813 2591 877 2645 Il.
928 2591 1171 2655 Eusebii,
1224 2591 1316 2645 uni
1363 2589 1667 2646 certissime
1697 2589 1998 2645 Clementis
2031 2587 2313 2643 Stromata

740 2681 893 2754 legit,
934 2684 1025 2753 qui
1069 2683 1256 2738 Ireutei
1288 2681 1479 2738 Graeca
1530 2682 1803 2746 recitavit,
1838 2681 2089 2750 exemplo
2141 2689 2310 2748 patet,

737 2784 950 2829 veteres
975 2777 1040 2829 de
1069 2775 1176 2829 ﬁde
1207 2774 1474 2830 librorum
1507 2774 1696 2829 Irenazi
1728 2776 1781 2829 in
1817 2776 2182 2845 suspicionem
2215 2793 2309 2830 vo-

740 2867 916 2920 canda
951 2881 1015 2920 ne
1043 2867 1260 2936 quidem
1290 2868 1584 2934 cogitasse,
1623 2868 1752 2922 lit-et
1779 2871 2047 2934 noverint,
2089 2884 2209 2938 qua:
2239 2869 2312 2924 ibi

741 2959 1015 3029 legantur,
1044 2961 1208 3014 etiam
1244 2961 1383 3029 apud
1410 2958 1744 3015 Clementem
1781 2961 1992 3015 haberi.

812 3071 901 3127 IlI.
931 3073 1074 3128 Loca
1103 3073 1390 3144 utriusque
1418 3075 1702 3130 scriptoris
1733 3075 2018 3129 admodum
2053 3091 2082 3129 a
2121 3091 2179 3130 se
2231 3077 2313 3130 in-

739 3166 920 3220 vicem
953 3165 1284 3236 discrepant.

813 3285 866 3355 I)
897 3285 1130 3340 lreuzeus
1156 3283 1404 3339 Crzecam
1457 3286 1602 3339 illam
1635 3285 2142 3355 interpretationem
2177 3285 2310 3340 scri-

741 3377 823 3433 bit
874 3378 1146 3434 conditam
1199 3393 1320 3432 esse
1366 3378 1465 3432 sub
1493 3377 1788 3432 Ptolomzeo
1834 3377 2003 3448 Lagi;
2038 3378 2308 3442 Clemens,

743 3473 845 3527 sub
871 3471 1168 3526 Ptolemaeo
1191 3471 1344 3540 Lagi,
1375 3482 1492 3534 aut,
1521 3473 1662 3540 quod
1693 3472 1780 3526 alii
1816 3473 2026 3538 malint,
2061 3473 2161 3527 sub
2188 3473 2311 3529 Ptoo

742 3564 929 3620 lenta-0
958 3563 1329 3633 Philadelpho.

814 3683 871 3752 9.)
924 3681 1112 3736 Irentei
1155 3683 1331 3756 oratio
1382 3682 1540 3752 longe
1590 3691 1673 3736 est
1711 3681 1985 3750 copiosior
2013 3689 2068 3735 et
2095 3680 2316 3734 uberior

742 3789 906 3842 quam
950 3773 1267 3828 Clementis.
1317 3772 1509 3827 Divino
1561 3773 1792 3828 consilio
1838 3787 1958 3826 eam
2006 3772 2315 3832 versionem

741 3877 1053 3938 Susceptam
1103 3883 1246 3931 esse,
1299 3875 1485 3921 narrat
1534 3877 1803 3936 uterque;
1851 3865 1944 3920 sed
1974 3863 2190 3919 consilii
2226 3878 2314 3916 ra-

745 3963 918 4016 tiones
937 3963 1084 4017 solus
1133 3961 1390 4014 Irenazus.
1427 3959 1666 4014 Collatos
1707 3971 1891 4012 secum
1934 3955 2103 4011 fuisse
2131 3955 2319 4023 singu-

743 4052 918 4108 lorum
949 4052 1309 4121 interpretum
1332 4050 1570 4115 labores,
1598 4047 1765 4102 tradit
1797 4055 2027 4116 uterque
2054 4063 2069 4109 ;
2096 4046 2316 4100 eosdem

742 4160 876 4201 vero
914 4147 1054 4214 apud
1078 4144 1428 4200 Ptolemaeum
1459 4157 1522 4196 eo
1549 4141 1781 4196 consilio
1814 4155 2141 4209 congressos
2171 4153 2314 4201 esse,

743 4241 894 4294 solus
922 4240 1194 4301 Irenazus;
1245 4238 1586 4292 consensisse
1635 4251 1722 4290 res
1768 4243 1822 4288 et
1865 4232 2056 4292 verba,
2089 4239 2320 4300 uterque

744 4333 912 4389 tradit
939 4351 953 4399 ;
987 4333 1080 4386 sed
1113 4334 1180 4386 ab
1209 4332 1367 4385 initio
1399 4332 1464 4383 ad
1498 4332 1657 4384 linem
1687 4343 2018 4383 consensum
2061 4329 2320 4379 observa-

745 4437 862 4478 tum
887 4433 940 4479 et
963 4423 1206 4479 divinum
1233 4437 1368 4490 Opus
1389 4438 1417 4473 a
1445 4421 1744 4490 gentilibus
1763 4417 2122 4489 praesentibus
2150 4415 2320 4469 fuisse

742 4518 1024 4586 agnitum,
1080 4515 1227 4568 solus
1277 4511 1531 4566 lremeus.
1587 4512 1700 4565 Sub
1743 4510 1937 4566 exsilio
1981 4506 2315 4576 Babylonico

745 4617 1030 4678 correptos
1062 4606 1230 4660 fuisse
1259 4621 1448 4659 saeros
1475 4602 1784 4657 Iuda-orum
1818 4602 1986 4656 libros
2013 4611 2069 4655 et
2100 4609 2315 4654 veteres

745 4702 844 4756 hos
891 4705 959 4753 ab
1009 4698 1180 4752 Es'tlt‘a
1224 4713 1319 4766 per
1366 4697 1780 4766 iuspirationem
1836 4702 2148 4757 renovatos,
2191 4691 2315 4746 Cle-

745 4806 900 4846 mens
927 4792 1038 4856 ait';
1083 4788 1317 4844 [renatus
1343 4804 1473 4841 vero
1512 4803 1607 4856 per
1639 4787 2051 4852 inspirationem
2084 4782 2312 4837 Esdram

746 4886 966 4938 ductum
1003 4880 1192 4946 fuisse,
1233 4892 1292 4933 ttt
1336 4882 1386 4932 in
1415 4895 1570 4934 suum
1611 4878 1855 4930 ordinem
1901 4875 2171 4944 redigeret
2205 4889 2322 4927 om-

748 4980 895 5030 nium
955 4979 1341 5047 prophetarum
1392 4971 1648 5029 vaticinia
1701 4979 1751 5024 et
1813 4970 2063 5024 redderet
2122 4966 2320 5036 populo

741 5070 1016 5126 llosaicas
1043 5069 1207 5134 leges.

821 5251 895 5323 (a)
931 5251 992 5323 ι).
1027 5250 1152 5306 357.

817 5320 892 5392 (ὑ)
927 5322 1045 5375 Lib.
1080 5337 1135 5386 v,
1164 5320 1366 5392 eap.78.

816 5391 888 5461 te)
925 5393 1042 5446 Lib.
1070 5408 1121 5446 tv
1173 5393 1252 5447 Ec
1283 5391 1505 5460 legibus.

819 5458 896 5536 ια’)
929 5462 1051 5518 Lib.
1084 5480 1171 5529 ιιι,
1201 5458 1448 5532 cap.“25,
1484 5480 1535 5531 p.
1569 5458 1696 5514 22L

2415 603 2639 658 aﬂ‘eram
2665 601 2936 669 exempla.
2968 600 3259 654 Clemens:
3311 597 3521 658 Πάσαις
3551 595 3793 666 γραφαῖς
3818 609 3830 621 ·
3873 593 3987 647 Ire-

2415 713 2600 762 ttzeus:
2662 696 2886 749 Πάντων
2937 692 3236 764 ἀνθρώπων
3303 687 3728 760 συγγράμμασιν
3777 686 3878 738 ὅσα
3925 701 3988 754 γε

2417 789 2677 842 σπουδαῖα
2727 787 2978 857 imit.va
3025 785 3315 839 Clemens:
3385 778 3611 844 Ἠξὶωσε
3673 777 3799 840 τοὺς
3863 777 3986 846 Ἱερ.

2418 884 2692 938 Ινθιιωιιεε
2738 882 3004 952 ᾘτήσατο
3039 877 3191 950 παρὰ
3227 874 3334 927 τῶν
3380 874 3503 943 Ἱερ.
3535 871 3823 926 Clemens:
3867 868 3990 938 Ἐρο

2418 972 2734 1045 pave-360:2,
2759 972 3028 1026 lrenteus:
3062 970 3218 1038 Σχείν
3250 961 3774 1038 μεταϐεϐλημένους.
3805 958 3988 1014 Ubivis

2414 1066 2808 1135 elegantiorem
2840 1065 3042 1118 Irenaeo
3073 1057 3392 1115 observabis
3420 1056 3778 1111 Clementem.

2485 1157 2572 1211 IV.
2606 1157 2759 1224 Quod
2791 1158 2833 1210 si
2871 1172 3000 1209 vera
3035 1153 3196 1208 fateri
3226 1151 3374 1215 licet,
3412 1158 3524 1202 tttm
3559 1155 3708 1201 certe
3737 1145 3988 1199 Clemens

2414 1249 2630 1302 videtur
2655 1264 2716 1301 ea
2771 1249 2823 1300 in
2877 1247 3095 1300 brevem
3141 1255 3410 1296 summam
3458 1237 3825 1301 contraxisse,
3871 1249 3989 1302 qua:

2416 1343 2650 1396 Irenzeus
2686 1339 2959 1409 cepiosius
3008 1336 3331 1398 tradiderat,
3382 1332 3486 1385 hac
3530 1337 3709 1383 tamen
3757 1327 3896 1397 lege,
3933 1335 3991 1380 ut

2416 1435 2644 1485 aliorum
2673 1445 2886 1500 quoque
2916 1426 3260 1481 narrationes
3289 1420 3624 1477 consuleret.

2485 1522 2700 1592 Optime
2735 1521 2971 1587 denique
2999 1515 3351 1576 conveniunt,
3385 1526 3504 1581 qua:
3534 1509 3768 1563 lrentens
3799 1505 3988 1570 tradit.

2416 1631 2540 1671 cum
2593 1613 2898 1684 argumenti
2954 1612 3005 1665 in
3059 1625 3166 1680 quo
3210 1617 3461 1662 versatur
3491 1602 3818 1657 rationibus.
3857 1585 3988 1653 Cum

2418 1710 2561 1763 cnim
2597 1706 3027 1760 Theodotionetn
3068 1711 3122 1756 et
3160 1699 3412 1769 Aquilam
3461 1712 3526 1751 ex
3575 1712 3672 1750 sua
3717 1692 3990 1748 sententia

2418 1799 2544 1852 odio
2597 1797 2674 1849 rei
2721 1794 3050 1848 Christiana:
3092 1800 3145 1844 et
3181 1789 3421 1844 Iudaicae
3479 1799 3703 1850 amore,
3761 1783 3816 1836 in
3871 1782 3990 1835 loco

2348 1868 2387 1922 Β
2417 1888 2572 1944 Isaia:
2625 1902 2812 1941 vocem
2871 1891 3028 1947 m7;
3077 1898 3182 1938 non
3208 1879 3502 1955 ,παρθένος
3534 1877 3626 1932 sed
3658 1877 3839 1937 νεᾶνις
3866 1887 3988 1926 ver-

2419 1981 2572 2043 tisse,
2616 1977 2928 2047 suspicatus
2973 1981 3144 2036 esset,
3175 1972 3402 2041 opponit
3446 1968 3555 2021 illis
3584 1963 3993 2033 interpretatio-

2418 2087 2538 2126 nem
2553 2070 2694 2127 LXX
2716 2070 2978 2131 virormn,
3031 2080 3264 2134 eamque
3295 2073 3345 2118 et
3393 2061 3737 2131 antiquitatis
3768 2056 3991 2112 nomine

2416 2163 2785 2226 commendat,
2810 2168 2865 2215 et
2885 2160 3030 2230 quod
3051 2174 3077 2210 a
3101 2157 3302 2212 Juda‘is
3335 2154 3550 2209 condita
3579 2154 3672 2216 sit,
3701 2149 3988 2220 praedicat.

2415 2254 2553 2309 Num
2617 2267 2801 2322 quzeso
2867 2250 3128 2320 majorem
3163 2247 3650 2321 _opportunitatem
3706 2239 3988 2312 repetendi

2416 2346 2564 2399 illam
2601 2345 2669 2399 de
2699 2344 2912 2414 origine
2947 2343 3091 2396 illius
3118 2340 3354 2394 fabulam
3401 2338 3669 2408 potuisset
3701 2333 3942 2388 nancisci
3965 2331 3992 2385 ἲ

2414 2436 2600 2506 Neque
2651 2426 2912 2491 Irenaeum
2953 2433 3124 2490 semel
3159 2433 3395 2486 hiratum
3436 2443 3580 2491 esse,
3613 2423 3990 2494 comprobavit

2416 2531 2716 2596 Scmlerus,
2753 2543 2851 2584 nec
2879 2527 2959 2582 las
2989 2535 3071 2580 est
3103 2523 3282 2578 ubivis
3312 2523 3516 2576 furtum
3549 2517 3848 2588 suspicari.

2488 2645 2708 2702 Tertius
2739 2642 2976 2710 denique
2999 2647 3244 2706 superest
3274 2635 3465 2690 Irenmi
3504 2632 3654 2686 locus
3676 2671 3692 2695 ,
3727 2643 3889 2684 quem
3921 2640 3993 2682 ex

2415 2742 2702 2797 Clemente
2754 2736 2980 2807 petitum
3013 2732 3180 2786 fuisse
3215 2730 3299 2783 vir
3326 2723 3767 2782 ccl.-contendit.
3801 2719 3992 2777 Veris-

2415 2833 2614 2888 simum
2652 2836 2738 2884 est
2787 2835 3082 2893 utrumque
3133 2820 3321 2875 eadem
3377 2817 3613 2871 recitare
3670 2813 3839 2866 verba
3870 2807 3995 2863 Pla-

2419 2925 2562 2979 tonis
2594 2920 2979 2991 (c):Irena:um
3016 2915 3118 2984 (Δ),
3161 2921 3216 2964 ut
3251 2907 3632 2979 philosophum
3682 2903 3857 2970 magis
3900 2914 3994 2954 sa-

2416 3019 2596 3089 puisse
2626 3017 2692 3070 iis
2716 3012 3054 3073 ostenderet,
3078 3005 3170 3073 qui
3197 3002 3582 3072 benignitatem
3607 2999 3701 3051 Dei
3722 3013 3749 3049 a
3775 2995 3994 3064 justitia

2416 3087 2597 3166 divelli
2636 3106 2875 3168 vellent;
2907 3102 3240 3157 Clementem
3275 3094 3368 3166 (ε),
3405 3105 3462 3147 ut
3497 3091 3741 3146 Platonis
3767 3089 3836 3142 de
3868 3087 3994 3142 l'elI-

2341 3213 2384 3271 c
2416 3207 2585 3260 citate
2634 3198 2942 3255 doctrinam
3000 3194 3319 3263 explicaret.
3371 3190 3442 3242 At
3489 3183 3618 3238 furti
3680 3179 3999 3250 suspicione

2418 3310 2706 3368 utrumque
2735 3303 2794 3348 ut
2825 3292 3074 3356 liberem,
3109 3289 3194 3342 his
3230 3280 3569 3356 argumentis
3616 3288 3992 3333 commoveor.

2485 3414 2527 3469 I.
2556 3413 2792 3468 Irenreus
2825 3407 2957 3464 alibi
2981 3405 3144 3460 etiam
3171 3398 3435 3456 excitavit
3461 3394 3710 3448 Platonis
3731 3388 3998 3457 dogmata

2416 3517 2470 3559 et
2499 3505 2646 3559 dicta
2675 3501 2766 3572 (ι’),
2803 3515 2922 3568 quae
2950 3512 3016 3552 ex
3053 3494 3339 3550 Clemente
3368 3502 3474 3541 non
3501 3483 3730 3551 accepit.

2489 3598 2552 3652 II.
2588 3566 2772 3664 Quid?
2813 3566 2959 3661 quod
3007 3585 3250 3649 mireris,
3307 3579 3550 3636 Platonis
3598 3573 3762 3629 eﬂ‘ato
3787 3612 3813 3664 ,ί
3850 3566 3999 3639 quod

2416 3663 2666 3744 Clemens
2695 3683 2858 3739 simili
2890 3679 3048 3734 modo
3082 3675 3286 3740 attulit,
3315 3671 3476 3725 nullis
3510 3663 3852 3736 interpositis
3877 3677 4000 3715 ver-

2419 3781 2501 3836 bis
2532 3779 2712 3832 statim
2743 3772 3028 3841 subjunxit
3068 3769 3233 3820 alium
3280 3763 3518 3818 Platonis
3565 3760 3740 3812 locum
3788 3771 3858 3809 ex
3909 3751 4001 3805 Ti-

2418 3887 2592 3934 mwo;
2625 3871 2878 3922 Clemens
2907 3878 3035 3917 vero
3066 3859 3301 3927 subjecit
3338 3856 3474 3909 alias
3519 3850 3833 3923 particulas,
3875 3863 4002 3918 qua

2419 3964 2558 4032 apud
2612 3961 2926 4020 Platonem,
2963 3954 3039 4008 De
3073 3953 3282 4023 legibus,
3345 3957 3672 4018 sequuntur.
3709 3943 4000 3998 Undeuatn

2423 4058 2630 4108 Iuratus
2671 4063 2753 4106 est
2802 4050 2889 4104 ille
2932 4050 3067 4102 latro
3116 4043 3358 4101 Platonis
3393 4038 3762 4094 testimonium
3798 4049 3869 4088 ex
3913 4031 4007 4086 Ti-

2420 4163 2550 4200 uueo
2580 4163 2595 4208 ,'
2650 4153 2743 4196 aut
2771 4158 2873 4196 cur
2916 4140 3181 4194 abstinuit
3213 4150 3270 4188 se
3303 4150 3330 4186 a
3378 4126 3748 4198 subripiendis
3782 4123 4004 4179 caeteris

2423 4237 2660 4292 Platonis
2692 4235 2899 4297 verbis,
2927 4246 3047 4300 qua:
3078 4229 3329 4287 Clemens
3373 4221 3594 4293 posuit?

2494 4334 2577 4387 ιιι.
2622 4328 2859 4384 Platonis
2895 4341 3023 4379 vero
3055 4326 3155 4377 iste
3199 4322 3348 4374 locus
3379 4334 3408 4371 a
3444 4325 3520 4371 tot
3547 4313 3668 4367 aliis
3703 4308 4002 4380 scriptori-

2424 4429 2548 4490 bus,
2577 4424 2645 4476 al;-
2676 4419 2983 4484 Aristolele,
3019 4433 3047 4470 a
3081 4413 3397 4476 Plutarcho,
3432 4427 3460 4463 a
3489 4407 3700 4462 Justiuo
3737 4411 4006 4457 monente

2425 4521 2639 4573 Pottero
2684 4515 2976 4575 laudatur;
3031 4523 3230 4563 ntttnne
3277 4523 3306 4558 a
3341 4506 3455 4560 solo
3499 4501 3705 4555 Irenaeo
3749 4493 4002 4567 ignorari

2425 4609 2631 4671 debuit,
2681 4614 2736 4659 ut
2789 4620 2856 4657 ne
2903 4605 2957 4655 in
3014 4601 3126 4669 ejus
3176 4599 3328 4652 libris
3389 4595 3490 4664 legi
3543 4600 3755 4662 posset,
3795 4589 4004 4642 uisiex

2424 4699 2705 4753 Clemente
2741 4694 3062 4762 compilatus
3091 4691 3114 4742 ?

2499 4785 2621 4840 Ilaec
2664 4768 2880 4853 quidem
2932 4797 3053 4834 cum
3106 4782 3176 4832 ita
3233 4785 3358 4832 sunt
3402 4770 3604 4846 [siut?|
3651 4777 4004 4837 comparata,

2427 4879 2603 4932 nullas
2663 4875 2828 4930 credo
2891 4884 3181 4940 superesse
3237 4881 3432 4922 causas
3482 4865 3678 4932 justas,
3735 4861 3906 4914 Iidem
3952 4869 4008 4914 et

2426 4971 2809 5026 auctoritatem
2858 4968 3121 5021 librorum
3173 4962 3362 5016 Irenaei
3397 4954 3628 5013 vocandi
3673 4956 3726 5008 in
3783 4953 4007 5008 dubita-

2431 5067 2656 5118 tionem.

2497 5245 2566 5314 (ε’)
2601 5241 2720 5314 Lib.
2755 5257 2790 5294 ιι
2850 5237 3131 5314 δινοηιςις..
3161 5249 3282 5302 cap.
3310 5229 3400 5314 2g,
3428 5246 3487 5314 p.
3511 5226 3638 5314 4ρῇ

2604 5293 2731 5367 Lib.
2756 5293 2993 5384 tt,rr_eap.
3029 5293 3128 5373 14,
3168 5293 3317 5360 nunt.
3351 5293 3443 5367 5",-
3469 5313 3522 5369 p.
3553 5297 3655 5352 155
3688 5312 3705 5365 ;
3752 5310 3884 5366 cap.
3916 5293 4002 5359 35,

2429 5379 2577 5440 nunt.
2611 5385 2665 5450 9.,
2702 5397 2754 5451 p.
2790 5379 2910 5435 I67.
