4188 6336
777 355 881 409 45‘?

1508 363 1563 417 S.
1602 363 1854 420 ΙΒΕΝΑΞΙ
1889 366 2191 422 EPISCOPI
2231 369 2713 426 LUGD[.\ENSIS
2752 369 2836 423 ET
2878 370 3231 425 MARTYRIS

3875 375 3984 431 HO

779 483 943 538 nav't;
973 481 1124 547 quasi
1160 483 1318 536 altius
1345 484 1540 553 aliquid
1567 497 1620 539 et
1651 489 1822 556 majus
1848 489 2107 542 habentes
2139 500 2309 544 osteu-
2350 501 2389 555 Α
2424 492 2510 557 ζον
2546 493 2754 562 ἔχοντες
2801 491 3059 559 ἐπιδεῖξαι
3090 493 3164 561 (8)
3193 511 3231 545 τι

2424 492 2510 557 ζον
2546 493 2754 562 ἔχοντες
2801 491 3059 559 ἐπιδεῖξαι
3090 493 3164 561 (8)
3193 493 3284 545 τοῦ
3333 494 3420 546 τὸν
3471 494 3714 565 οὐρανὸν.
3761 496 3854 548 καὶ
3882 497 3984 569 τὴν

775 573 904 626 dere
926 574 1019 641 (1),
1071 591 1231 643 quam
1256 593 1375 630 eum
1405 578 1494 643 qui
1521 579 1716 632 caelum
1741 589 1793 632 et
1816 591 2035 647 terram,
2062 592 2113 635 et
2144 598 2318 635 omma

773 666 968 732 qumia
998 668 1074 720 eis
1099 677 1223 719 sunt
1250 709 1263 726 ,
1313 669 1475 732 fecit;
1527 672 1816 724 suadenter
1861 674 1936 738 (2)
1979 676 2193 742 quidem
2247 676 2318 729 illi

773 755 998 810 iiliciunt
1035 773 1132 827 per
1163 761 1446 814 verborum
1480 775 1648 816 artem
1699 764 2060 832 simpliciores
2124 767 2189 818 ad
2233 783 2320 820 re-

770 847 1017 912 quirendi
1065 854 1316 914 modum,
1357 853 1494 906 male
1527 865 1702 906 autem
1757 856 1988 921 perdunt
2031 872 2123 910 eos
2171 859 2221 910 in
2257 875 2322 912 eo

770 940 909 1002 quod
939 939 1302 1008 blasphemam
1351 944 1426 1014 (5)
1467 955 1520 998 et
1567 946 1782 1012 impiam
1827 947 2060 1015 ipsorum
2094 940 2322 1002 senten-

767 1028 896 1081 tiam
928 1030 1127 1083 faciant
1163 1033 1213 1084 in
1241 1033 1640 1088 Fabricatorem
1669 1078 1682 1100 ,
1719 1052 1821 1089 non
1866 1037 2179 1092 discernere
2225 1055 2320 1092 va-

767 1119 989 1174 lentium
1022 1123 1206 1177 falsum
1233 1141 1260 1177 a
1290 1142 1438 1179 vero.

838 1213 892 1266 9..
927 1215 1095 1269 Error
1127 1218 1268 1270 enim
1300 1218 1593 1272 secundum
1627 1221 1972 1288 semetipsum
2004 1235 2108 1274 non
2139 1231 2321 1277 osten-

767 1306 931 1368 ditur,
976 1323 1042 1361 ne
1070 1309 1364 1363 denudatus
1397 1310 1489 1364 fiat
1529 1312 2053 1379 comprehensibilis;
2077 1316 2320 1368 suasorio

765 1408 944 1451 autent
975 1402 1376 1467 eooperimento
1402 1401 1625 1455 subdole
1668 1403 1989 1468 adornatus,
2013 1414 2065 1457 et
2095 1406 2208 1473 ipsa
2232 1418 2320 1457 vc—

768 1491 929 1541 ritate
961 1491 1271 1556 (ridiculum
1315 1503 1394 1547 est
1446 1502 1498 1546 et
1557 1493 1760 1559 dicere)
1797 1495 2064 1547 veriorem
2099 1495 2315 1548 semeti-

763 1594 915 1644 psum
969 1581 1184 1648 praefert
1228 1583 1329 1654 (4),
1379 1594 1436 1636 ιιι
1499 1585 1729 1653 decipiat
1776 1587 2032 1638 exteriori
2086 1587 2316 1651 phanta-

761 1679 935 1722 smate
981 1672 1255 1736 rudiores;
1310 1677 1764 1741 quemadmodum
1819 1691 1844 1727 a
1895 1677 2118 1730 meliore
2166 1676 2320 1730 nobis

761 1763 960 1815 dictum
1004 1774 1087 1818 est.
1136 1768 1200 1820 de
1250 1769 1550 1836 hujusmodi
1613 1785 1627 1822 :
1668 1771 1927 1838 Quoniam
1978 1774 2055 1843 (5)
2095 1774 2316 1842 lapidem

2423 586 2544 652 γῆν,
2587 584 2676 636 καὶ
2704 584 2875 635 πάντα
2904 583 2969 635 τὰ
2997 587 3052 635 ἐν
3083 584 3261 645 αὐτοῖς
3286 585 3638 653 πεποιηκότος
3666 585 3795 637 Θεοῦ
3813 602 3825 614 ·
3857 604 3982 638 πει-

2423 675 2594 738 θανῶς
2627 678 2721 746 μὲν
2755 676 3076 744 ἐπαγόμενοι
3119 674 3204 726 διὰ
3249 673 3418 743 λόγων
3450 673 3641 744 τέχνης
3677 677 3801 738 τοὺς
3851 677 3984 729 ἁκε-

2426 773 2604 842 ραίους
2634 771 2712 833 είς
2743 771 2831 822 τὸν
2858 769 2949 820 τοῦ
2981 769 3159 838 ζητεῖν
3191 755 3712 838 τρόπονίάπιθάνως
3734 767 3788 820 δὲ
3822 768 3982 820 ἀπολ-

2421 861 2603 922 λύντες
2639 861 2712 928 (9)
2748 861 2958 921 αὐτοὺς,
2995 860 3049 908 ἐν
3088 856 3162 926 τῷ
3197 857 3508 926 βλάσφημον
3550 858 3642 909 καὶ
3681 857 3847 928 ἀσεόῆ
3880 859 3986 928 τὴν

2422 951 2643 1021 γνώμην
2690 950 2866 1002 αὐτῶν
2914 951 3334 1014 κατασκευάζειν
3371 952 3448 1013 εἰς
3496 950 3583 1002 τὸν
3622 949 3981 1020 Δημιουργὸν,

2425 1042 2555 1110 μηδὲ
2586 1043 2641 1092 ἐν
2673 1041 2748 1110 τῷ
2781 1041 3072 1110 διακρίνειν
3097 1041 3206 1109 (10)
3224 1041 3530 1112 δυναμένων
3553 1041 3612 1092 τὸ
3642 1040 3830 1111 ψεῦδος
3871 1040 3981 1093 άπὸ

2419 1133 2512 1184 τοῦ
2549 1132 2799 1202 ἀληθοῦς.

2490 1225 2540 1278 2.
2588 1226 2600 1241 '
2629 1227 2672 1278 H
2707 1225 2812 1294 γὰρ
2848 1225 3019 1293 πλάνη
3062 1223 3179 1277 καθ’
3210 1223 3374 1294 αὐτὴν
3412 1223 3507 1293 μὲν
3539 1224 3638 1277 οὐκ
3684 1224 3980 1277 ἐπιδείκνυ-

2421 1337 2529 1380 ται,
2555 1319 2638 1369 ἵνα
2675 1317 2747 1387 μὴ
2765 1317 3105 1387 γυμνωθεῖσα
3138 1315 3358 1386 γένηται
3400 1315 3736 1387 κατάφωρος·
3773 1315 3983 1386 πιθανῷ

2420 1408 2473 1460 δὲ
2508 1407 2866 1480 περιϐλήματι
2901 1407 3218 1476 πανούργως
3268 1407 3630 1477 κοσμουμένη,
3676 1407 3768 1459 καὶ
3810 1406 3982 1476 αὐτῆς

2419 1503 2515 1571 τῆς
2567 1500 2817 1570 ἀληθείας
2858 1499 3219 1570 ἀληθεστέραν
3263 1499 3459 1569 ἑαυτὴν
3496 1499 3749 1569 παρέχειν
3793 1500 3983 1567 φαίνε-

2422 1593 2541 1645 σθαι
2562 1594 2606 1661 (l
2625 1594 2670 1659 l)
2697 1592 2782 1645 διὰ
2798 1593 2892 1662 τῆς
2920 1591 3113 1656 ἔξωθεν
3143 1591 3436 1660 φαντασίας
3469 1586 3978 1660 τοίςάπειροτέροις,

2420 1683 2598 1746 καθὼς
2643 1684 2745 1736 ὑπὸ
2804 1684 2895 1735 τοῦ
2934 1683 3234 1755 κρείττονος
3279 1682 3432 1752 ἡμῶν
3468 1681 3677 1753 εἴρηται
3726 1682 3833 1750 (12)
3886 1681 3981 1732 ἐπὶ

2418 1777 2523 1828 τῶν
2546 1776 2813 1829 τοιούτων·
2843 1777 2964 1828 ’Ότι
2995 1775 3135 1828 λίθον
3151 1775 3240 1828 τὸν
3274 1777 3450 1844 τίμιον
3487 1773 3789 1844 σμάραγδον
3819 1773 3946 1825 ὄντα
3964 1812 3982 1837 ,

762 1854 1059 1919 pretiosum
1095 1862 1459 1929 smaragdum,
1497 1881 1523 1912 ιι
1549 1865 1670 1931 agni
1702 1867 1858 1931 pretii
1880 1868 2315 1934 aptnlquosdam,
2349 1855 2388 1907 Β
2420 1869 2511 1923 καὶ
2545 1859 2902 1939 πολυτίμητον
2949 1885 3106 1930 τισιν,
3163 1867 3228 1920 ὓα

2420 1869 2511 1923 καὶ
2545 1859 2902 1939 πολυτίμητόν
2949 1885 3106 1930 τισιν,
3163 1867 3318 1930 ὕαλος
3367 1866 3630 1938 ὲνυϐρίζει
3665 1866 3752 1919 διὰ
3787 1866 3983 1936 τέχνης

763 1948 988 2028 vitreum
1051 1951 1104 2005 in
1147 1951 1262 2019 ejus
1308 1956 1684 2009 contumeliam
1720 1958 1794 2028 (6)
1828 1975 1923 2027 per
1967 1971 2137 2013 artem
2186 1963 2321 2014 assi-

763 2025 1030 2104 inilatmn,
1066 2044 1416 2114 quoadusq-te
1445 2063 1546 2101 non
1577 2025 1844 2119 adestqui
1872 2061 2046 2116 potest
2069 2053 2316 2119 probare,

761 2138 815 2182 et
869 2131 1160 2188 artificium
1212 2137 1262 2206 3
1327 2153 1586 2208 arguere,
1645 2142 2063 2208 quod-subdole.
2115 2144 2185 2197 sit
2241 2144 2319 2197 l'a-

761 2229 902 2273 ctum
936 2223 1030 2292 (7).
1083 2225 1214 2279 Cum
1267 2229 1408 2282 enim
1460 2233 1801 2286 commistqu
1842 2233 2001 2288 fuerit
2051 2251 2316 2288 atramen-

2419 1958 2881 2028 παρομοιουμένη,
2922 1957 3121 2010 ὁπόταν
3159 1957 3230 2028 μὴ
3270 1959 3414 2028 παρῇ
3459 1959 3487 2011 ὁ
3529 1957 3725 2010 σθένων
3757 1956 3982 2025 δοκιμά-

2416 2069 2522 2113 σαι,
2559 2052 2650 2104 καὶ
2683 2052 2843 2124 τέχνῃ
2874 2049 3140 2119 διελέγξαι
3177 2052 3274 2122 τὴν
3308 2050 3626 2122 πανούργως
3658 2049 3982 2119 γενομένην.

2420 2145 2584 2196 "Oc-av
2614 2138 2672 2194 δὲ
2707 2145 2932 2213 ὲπιμιγῇ
2967 2146 2994 2195 ὁ
3021 2142 3217 2212 χαλκὸς
3248 2144 3325 2206 είς
3358 2143 3449 2195 τὲν
3494 2143 3745 2213 ἄργυρον,
3774 2139 3859 2202 τίς
3890 2141 3978 2192 εὐο

2418 2233 2587 2295 κάλως
2641 2233 2923 2303 δυνήσεται
2954 2231 3140 2286 τοῦτον
3187 2234 3454 2305 ἀκεραίως
3497 2233 3606 2303 (-15)
3654 2231 3987 2300 δοκιμάσαι,

1953 2374 2148 2428 BlLLll
2188 2373 2763 2430 INTERPRETATIO.

759 2492 893 2560 scito
927 2485 1137 2560 quidem
1170 2484 1265 2548 illi,
1288 2490 1560 2560 atqueat]
1585 2490 2011 2553 persuadendum
2045 2492 2290 2560 apposito
2322 2494 2604 2545 verborum
2635 2491 2864 2544 artiﬁcio
2890 2504 3004 2549 eos.
3037 2490 3519 2560 quot-mnsimplex
3566 2489 3831 2554 ingenium
3857 2499 3974 2554 est,

759 2554 821 2606 ad
866 2555 1394 2630 quaerendimodum
1426 2557 1726 2630 illicientes,
1753 2569 2004 2612 cancrum
2056 2554 2246 2613 inscite
2291 2579 2351 2614 ac
2400 2573 2717 2630 praepostere
2765 2554 3066 2629 perniciem
3099 2562 3178 2616 eis
3215 2554 3537 2624 atterentes;
3579 2561 3680 2630 hoc
3722 2561 3982 2612 nimirum

758 2625 992 2696 nomine,
1027 2626 1166 2691 quod
1193 2628 1635 2696 contumeliosam
1662 2639 1713 2681 et
1740 2630 1954 2696 impiam
1985 2646 2172 2683 eorum
2207 2625 2531 2686 sctitetiiiarit
2573 2633 2622 2684 in
2655 2625 2921 2685 summum
2959 2631 3104 2684 illum
3132 2647 3313 2684 rermn
3355 2631 3594 2684 omniurn
3619 2627 3981 2684 Conditorem

758 2693 1018 2765 elIiAciunt.
1054 2704 1111 2746 ιιι
1141 2698 1228 2762 qui
1255 2695 1445 2749 falsum
1474 2715 1500 2749 a
1531 2714 1655 2752 vero
1687 2693 1996 2753 discernere
2023 2712 2311 2765 nequeant.

825 2763 886 2839 2.⁸
911 2764 1094 2830 Neque
1122 2766 1445 2839 enituit-aus
1469 2781 1520 2821 et
1555 2769 1851 2835 impostura
1884 2763 2120 2839 seorsim
2159 2772 2483 2836 ostenditur,
2531 2786 2598 2824 ne
2645 2770 2844 2839 alioqui
2870 2771 3016 2824 velut
3043 2769 3301 2824 detractis
3322 2771 3566 2822 vestibus
3599 2766 3884 2838 perspicue
3917 2783 3984 2820 se

757 2833 983 2908 prodat;
1021 2851 1205 2908 verum
1252 2835 1568 2891 illecebroso
1601 2833 1800 2892 amictu
1820 2838 2012 2893 callide
2042 2842 2300 2893 adornata
2342 2844 2391 2894 iu
2426 2833 2851 2908 assequitur,'ut
2901 2857 2997 2908 per
3027 2852 3307 2893 externam
3349 2839 3583 2904 speciem
3601 2833 3756 2907 apud
3808 2839 3986 2906 inpe-

757 2903 974 2956 ritiores
1008 2907 1184 2980 verior
1210 2921 1425 2980 quoque
1457 2909 1680 2961 veritate
1719 2912 1834 2977 ipsa
1889 2925 2008 2963 esse
2033 2912 2283 2964 videatur
2327 2929 2340 2963 :
2378 2903 2831 2980 quenia'dtnmlnm
2885 2903 2948 2963 de
2980 2910 3284 2973 huiusmodi
3329 2903 3704 2980 hominibusfa
3742 2903 3983 2980 quodam

757 2988 842 3048 me
868 2977 1241 3039 pra‘stanliore
1273 2977 1474 3028 dictum
1521 2988 1625 3043 est,
1655 2981 1798 3046 quod
1828 2983 2138 3046 smaragdo,
2175 2977 2436 3044 praeclaro
2483 2981 2681 3047 alioqui
2733 2981 2918 3048 lapidi,
2951 2981 3294 3047 ingentisque
3324 2983 3462 3046 apud
3498 2979 3760 3045 quosdam
3794 2978 3981 3044 pretii,

756 3044 949 3117 vitrum
977 3048 1111 3117 artis
1143 3048 1406 3098 industria
1439 3050 1504 3101 ad
1538 3044 2093 3112 ejussimilitudinem
2123 3053 2488 3112 elaboratum,
2520 3044 2749 3104 dedeCus
2785 3044 2971 3113 infert,
3004 3065 3125 3103 cum
3161 3044 3582 3117 haudquaquam
3635 3061 3832 3116 pra-sto
3868 3058 3980 3110 est,

756 3113 846 3180 qui
891 3114 1197 3183 explorare,
1249 3126 1409 3185 atque
1442 3119 1576 3173 artis
1609 3117 1853 3181 solertia,
1895 3121 1944 3173 id
1988 3122 2128 3188 quod
2162 3131 2381 3176 versute
2441 3122 2640 3175 factum
2683 3131 2784 3184 est,
2821 3121 3232 3187 deprehendere
3268 3113 3452 3187 queat.
3498 3113 3647 3172 Cum'
3680 3128 3855 3171 autem
3904 3134 3984 3172 ωε

824 3296 898 3365 (1)
928 3293 1190 3349 Habentes
1222 3298 1510 3350 ostendere.
1552 3298 1606 3352 Id
1641 3307 1746 3362 est,
1777 3301 1973 3366 possint
2015 3301 2302 3355 ostendere.
2337 3305 2379 3365 C

755 3363 868 3418 Non
901 3366 1042 3436 enim
1071 3366 1166 3418 abs
1199 3381 1253 3416 re
1277 3368 1377 3419 erit
1419 3369 1505 3420 hic
1538 3385 1755 3423 mouere
1778 3363 1975 3436 'smpius
2008 3370 2059 3422 in
2107 3371 2306 3424 lrenmo

755 3435 895 3490 hanc
921 3435 1168 3506 loquendi
1192 3436 1443 3499 formam,
1468 3454 1585 3505 quae
1611 3439 1763 3506 plane
1781 3435 1966 3493 Grieca
1990 3451 2101 3502 est,
2124 3455 2314 3492 occur-

757 3520 900 3585 rere,
934 3505 1123 3558 habere
1155 3523 1254 3575 pro
1297 3524 1469 3574 posse.
1525 3509 1576 3561 Id
1611 3505 1774 3564 Seittel
1807 3511 2126 3564 observasse
2170 3508 2313 3562 solli—

754 3587 881 3628 crat.

829 3645 1611 3718 (9)SuadentertClaromont.
1644 3650 1962 3713 suadentes;
1996 3651 2135 3718 quod
2191 3652 2311 3718 qui-

755 3716 1032 3788 tlenrlieet
1056 3720 1225 3786 magis
1253 3716 1466 3784 Latine,
1497 3720 1673 3771 minus
1705 3730 1882 3772 tamen
1917 3716 2163 3788 apposite
2199 3716 2308 3774 tum

756 3786 822 3840 ad
851 3785 1121 3859 Graecum,
1153 3785 1264 3859 tum
1304 3790 1367 3839 ad
1398 3791 1661 3859 sermonis
1691 3791 1885 3842 seriem
1923 3785 2205 3859 scriptum.

775 3901 781 3908 .
827 3855 992 3927 (5)1n
1025 3873 1082 3909 eo
1111 3858 1247 3926 quod
1277 3858 1625 3923 blasphemam
1651 3901 1664 3923 ,
1698 3868 1802 3912 elc.
1828 3859 1994 3912 Totus
2023 3855 2109 3914 hic
2137 3860 2309 3926 locus,

758 3928 809 3980 in
836 3931 988 3982 editt.
1026 3927 1180 3980 Eras.
1219 3939 1274 3980 et
1305 3927 1504 3980 Gallas.
1540 3938 1592 3981 et
1622 3930 1779 3981 codd.
1812 3931 2017 3982 Arund.
2051 3931 2308 3986 Ottobon.

756 4008 810 4050 et
841 3998 1002 4051 Merc.
1041 3999 1076 4051 ‘2
1107 3998 1299 4050 misere
1326 3996 1649 4060 defmdatus,
1680 4014 1706 4050 a
1744 3998 2103 4053 Fenardentio
2130 4015 2194 4053 ex
2225 4017 2314 4054 ve-

762 4071 860 4120 teri
897 4071 1018 4124 cod.
1049 4079 1102 4122 et
1136 4078 1281 4120 textu
1313 4069 1500 4121 Graeco
1526 4070 1809 4122 restitutus
1844 4080 1946 4123 est.
1979 4071 2155 4123 Veteri
2190 4074 2308 4123 cod.

757 4141 1104 4192 consentiunt
1137 4138 1282 4190 l'ass.
1309 4149 1363 4191 et
1385 4137 1555 4191 Vossii
1585 4140 1767 4205 codtl.,
1795 4142 1906 4192 ‘nisi
1943 4143 2084 4208 quod
2118 4141 2168 4193 hi
2193 4156 2312 4207 per-

756 4225 941 4276 peram
996 4209 1228 4261 habeant
1272 4210 1619 4274 blasphentent
1654 4225 1749 4276 pro
1789 4210 2177 4277 btasphemam;
2219 4212 2310 4263 sed

757 4280 959 4332 rectius
989 4290 1043 4332 et
1076 4279 1246 4345 magis
1281 4289 1471 4332 exacte
1499 4280 1566 4331 ad
1615 4281 1823 4341 Grreca,
1849 4280 2044 4347 falsum
2090 4297 2122 4332 a
2169 4297 2308 4344 vero,

757 4364 855 4417 pro
892 4364 1062 4418 rerum
1088 4367 1119 4401 a
1154 4349 1308 4417 falso,
1344 4360 1397 4400 ut
1426 4350 1476 4401 iu
1503 4351 1658 4402 editis
1689 4350 1900 4418 legitur.

828 4419 926 4484 (4).
966 4417 1226 4472 Veriorem
1255 4420 1582 4483 semetipsum
1607 4417 1835 4486 prae/ert,
1853 4430 1956 4473 etc.
1985 4420 2058 4473 ita
2083 4421 2309 4475 Feuard.

755 4490 808 4541 in
858 4505 1026 4557 marg.
1067 4489 1222 4543 Pass.
1264 4500 1317 4542 et
1351 4488 1501 4541 Voss.
1544 4493 1725 4542 caeteri
1775 4502 2006 4556 prestat.
2054 4493 2154 4544 Sed
2202 4494 2310 4544 haec

755 4559 961 4613 Grzecis
991 4576 1094 4613 non
1129 4563 1262 4613 satis
1287 4569 1539 4612 accurate
1572 4561 1918 4623 respmident.
1956 4561 2012 4613 Si
2049 4577 2169 4614 cum
2207 4561 2312 4612 Bil-

757 4629 829 4680 lio
859 4630 1006 4697 legas
1052 4631 1293 4699 φαίνεται
1327 4646 1421 4696 pro
1473 4628 1784 4696 φαίνεσθαι,
1834 4633 1909 4683 sic
1943 4642 2090 4684 verte
2138 4647 2150 4682 :

755 4701 913 4752 etiam
956 4703 1167 4753 veritate
1193 4707 1435 4751 reriorem
1461 4701 1787 4766 semetipsum
1831 4712 2046 4753 externa
2087 4705 2313 4770 quadam

754 4772 922 4837 specie
950 4773 1186 4822 exhibere
1231 4773 1428 4822 videtur
1475 4771 1899 4833 imperitioribus.
1927 4772 2017 4825 Vel
2067 4789 2132 4831 su,
2178 4773 2306 4824 reti—

758 4856 892 4894 nens
915 4841 1217 4909 φαίνεσθαι,
1241 4840 1414 4908 legere
1448 4842 1600 4890 malis
1633 4841 1877 4909 παρέχει,
1917 4844 1989 4891 uti
2020 4844 2116 4910 lrgi
2158 4857 2312 4908 posse

757 4916 938 4962 monet
969 4910 1237 4968 Petavius,
1272 4912 1583 4962 vertendum
1611 4923 1688 4960 cst
1718 4927 1728 4960 :
1761 4917 1882 4978 Ipsa
1912 4914 2064 4962 etiam
2097 4915 2306 4962 reritule

758 4997 1009 5032 rertorem
1040 4983 1371 5048 semetipsum
1403 4992 1610 5030 externa
1641 4981 1866 5047 quadam
1901 4986 2067 5048 specie
2102 4982 2308 5047 conspiu

759 5053 995 5103 ciendum
1026 5054 1223 5103 exhibet
1259 5051 1681 5114 imperitioribus.

831 5122 905 5187 (5)
937 5124 1221 5184 Quoniam.
1249 5123 1316 5171 Ita
1351 5132 1495 5171 rei-te
1526 5123 1729 5172 .‘at'und.
1770 5118 1922 5176 γοδς.
1973 5122 2206 5174 Clarum.
2259 5131 2312 5173 ut

756 5193 988 5247 FCuard.
1023 5195 1072 5243 in
1110 5189 1368 5261 ιιιιιιεηιιι
1418 5190 1649 5242 1⁴ὐιιιιιί1.
1701 5207 1826 5243 Vero
1875 5203 2046 5258 textu,
2086 5194 2313 5261 perinde

757 5276 917 5324 atque
945 5263 994 5313 iu
1022 5263 1170 5314 Erus.
1201 5277 1253 5313 et
1278 5260 1412 5314 Gali.
1443 5261 1598 5323 male,
1623 5262 1899 5327 quomodo.

827 5333 900 5401 (ϋ)
943 5330 1173 5384 Vitreum
1203 5336 1254 5384 in
1294 5332 1405 5398 ejus
1453 5333 1841 5383 contumeliam.
1882 5333 2201 5386 Accuratior
2231 5333 2314 5386 hic

759 5397 900 5454 Billti
928 5403 1104 5456 versio
1135 5422 1146 5454 ι
1175 5397 1492 5468 Sntaragdo,
1518 5419 1647 5460 etc.,
1673 5406 1858 5454 vitrum
1884 5406 2102 5456 dedecus
2130 5406 2306 5462 infert.

769 5470 998 5525 i'itreum
1028 5475 1115 5526 hic
1139 5489 1256 5525 cum
1287 5473 1612 5524 'l‘ertulliauo
1652 5475 1739 5524 lib.
1767 5475 1828 5524 ad
1855 5473 2010 5526 Mart.
2033 5491 2078 5528 c.
2097 5476 2147 5538 4,
2182 5475 2314 5527 scri-

758 5541 834 5592 bit
868 5547 1130 5610 interpres
1160 5559 1253 5610 pro
1285 5545 1493 5598 vitrum,

828 5613 902 5681 t7)
933 5614 1227 5681 Arii/icium
1284 5628 1520 5680 arguere,
1570 5617 1704 5684 quod
1747 5615 1958 5666 subdole
2002 5618 2064 5668 sit
2097 5615 2315 5682 factum.

762 5679 964 5753 Τέχνην
994 5679 1117 5754 legit
1149 5679 1440 5746 interpres,
1472 5679 1762 5754 ιιοέτέχνῃ
1794 5702 1806 5737 :
1835 5701 2001 5752 quare
2033 5679 2105 5739 ita
2135 5685 2319 5738 Latine

758 5756 991 5806 reddidit
1015 5753 1234 5807 Btllius:
1265 5754 1393 5803 artis
1417 5756 1627 5808 solertia
1655 5760 1705 5807 id
1732 5761 1865 5823 quod
1900 5768 2096 5809 versute
2125 5759 2318 5823 factum

755 5838 830 5875 (at
861 5826 1238 5891 deprehendere
1270 5837 1441 5892 queat.

2198 4630 2318 4698 Ipsa
2355 4647 2395 4699 ι)

2483 3301 2557 3361 (8)
2607 3301 2699 3365 Ὠς
2726 3300 3108 3367 ὑψηλότερόν
3137 3315 3190 3352 τι
3222 3298 3317 3352 καὶ
3345 3297 3543 3367 μεῖζον
3569 3296 3809 3366 ἔχοντες
3843 3296 3983 3349 ἐπι-

2416 3371 2624 3433 δεῖξαι,
2653 3383 2783 3431 etc.,
2803 3385 2922 3420 eum
2948 3372 3155 3422 scilicet
3179 3384 3334 3436 quem
3367 3370 3659 3421 delirantes
3687 3369 3985 3436 commini-

2414 3443 2704 3496 scehanlur
2754 3438 2920 3491 Βυθὸν
2945 3477 2960 3500 ,
3010 3455 3103 3492 seu
3139 3435 3511 3510 Προπάτορα,
3537 3449 3628 3490 aut
3665 3435 3980 3508 Προάρχην,

2413 3527 2570 3578 quem
2597 3510 2752 3562 Patre
2787 3520 2840 3561 et
2875 3525 3052 3562 rerum
3084 3509 3318 3562 omnium
3345 3509 3607 3577 principio
3637 3522 3981 3574 superiorem

2414 3597 2533 3635 esse
2557 3580 2892 3634 ciTnticbant.

2485 3652 2560 3721 (9)
2606 3647 3048 3721 Πειθανῶς-μὲν
3096 3643 3875 3721 ἐπαγόμενοι..τ.ῥὰετιθάνως
3909 3644 3984 3697 δὲ

2411 3717 2805 3786 ἀπολλύντες.
2864 3719 3170 3786 Elegantem
3224 3717 3360 3771 hanc
3405 3717 3752 3779 antithesim,
3813 3732 3979 3780 quam

2414 3795 2593 3845 minus
2619 3791 2850 3843 feliciter
2883 3789 3149 3855 expressit
3187 3790 3475 3856 interpres,
3517 3787 3593 3838 sic
3619 3800 3716 3853 ego
3745 3786 3983 3838 redden-

2414 3862 2535 3914 dam
2565 3875 2684 3913 esse
2712 3873 2985 3913 censerem
3009 3875 3021 3910 :
3049 3858 3298 3912 Oratione
3321 3859 3527 3927 quidem
3560 3860 3625 3927 ad
3654 3858 3988 3927 persuaderi-

2415 3933 2538 3984 dum
2567 3932 2959 3982 accommodata
2990 3924 3417 3992 simplicioresad
3442 3924 3984 3994 inquirenduminsti-

2416 4011 2565 4066 gant;
2603 4000 2843 4052 absurdis
2872 4008 3042 4049 autent
3060 4013 3120 4048 ac
3139 4014 3377 4065 prorsum
3404 3994 3792 4066 incredibilibus
3817 3995 3981 4062 [abu-

2413 4063 2478 4122 tis
2509 4071 2718 4122 miseros
2752 4083 2980 4136 verutum
3005 4063 3453 4136 {also'discernere
3477 4081 3576 4117 non
3604 4063 3825 4136 valentes
3851 4079 3980 4130 per-

2415 4140 2582 4202 dunt,
2632 4155 2760 4206 quos
2808 4140 2864 4190 in
2913 4134 3311 4189 Fabricatorem
3369 4136 3530 4205 impia
3574 4145 3619 4187 et
3671 4134 3978 4200 blasphema

2413 4212 2601 4261 sentire
2626 4212 2828 4263 docent.

2485 4278 2598 4346 (ιο)
2630 4277 2793 4344 Μηδὲ
2813 4279 2880 4330 ἐν
2899 4278 2974 4341 τῷ
2989 4275 3329 4343 διακρίνειν.
3351 4274 3594 4345 Exptmgi
3629 4275 3738 4328 vult
3760 4275 3975 4340 Billius,

2413 4350 2468 4402 δὲ
2495 4351 2552 4402 ὲν
2577 4348 2674 4418 τῷ.
2705 4347 2937 4418 Grattius
2972 4348 3191 4418 conjicit
3222 4347 3476 4418 Irenaeum
3502 4348 3814 4418 sri‘ipsissse
3851 4368 3864 4418 ς
3899 4349 3979 4418 μὴ

2412 4414 2638 4481 δεόντως
2660 4417 2968 4488 διακρίνειν.
3001 4415 3253 4488 Legerem
3290 4430 3408 4488 ego,
3460 4414 3647 4488 leviori
3677 4414 3982 4488 mutatione

2416 4489 2580 4548 facta,
2604 4487 2767 4559 μηδέν
2787 4485 2842 4540 ’τι
2869 4485 3161 4558 διακρίνειν
3187 4485 3512 4555 δυναμένων,
3538 4487 3834 4539 nullatenus
3861 4487 3983 4540 dis-

2416 4576 2622 4612 cernere
2646 4558 2948 4610 calentium.

2490 4629 2600 4698 (ll)
2622 4628 2908 4697 Παρέχειν
2929 4628 3258 4698 φαίνεσθαι.
3296 4623 3392 4698 Vel
3426 4625 3562 4693 lege,
3595 4625 3819 4696 παρέχει
3847 4626 3981 4692 φαί-

2423 4696 2626 4760 νεσθαι,
2658 4703 2737 4751 vel
2770 4696 3025 4770 παρέχειν
3053 4696 3317 4770 φαίνεται,
3348 4697 3507 4770 Addit
3539 4698 3975 4770 Latinusuinter-

2421 4786 2544 4837 pres
2581 4786 2676 4836 per
2727 4766 3086 4838 parenthesim
3134 4785 3148 4819 :
3210 4766 3490 4818 ridiculum
3533 4775 3684 4838 estet
3734 4766 3910 4838 dicere
3958 4805 3970 4816 .

2418 4836 2614 4907 quibus
2639 4836 2814 4892 verbis
2846 4840 2978 4893 nihil
3013 4840 3063 4892 in
3087 4838 3274 4892 Grmco
3300 4838 3606 4902 respondet.
3635 4836 3742 4887 Nisi
3770 4836 3882 4907 luet:
3911 4839 3980 4891 de

2419 4904 2514 4961 suo
2546 4911 2834 4974 addiderit,
2859 4912 3160 4964 omiserunt
3189 4910 3484 4962 oscitantes
3507 4908 3696 4960 scribae
3727 4927 3738 4957 :
3765 4904 3979 4971 γελοῖόν

2415 4981 2527 5031 ἐστι
2558 4979 2743 5047 φάναι.

2487 5046 2597 5119 (l2)
2636 5051 2776 5103 Ἀπὸ
2809 5051 2911 5104 τοῦ
2948 5052 3278 5118 κρείττονος
3312 5046 3477 5118 ἡμῶν
3506 5048 3756 5116 εἴρηται.’
3783 5047 3976 5102 Virum

2418 5123 2591 5183 hunc,
2635 5136 2821 5174 eorum
2865 5128 2950 5188 qui
2993 5122 3264 5191 apostolos
3307 5125 3552 5191 viderant
3601 5120 3977 5191 discipulum,

2418 5193 2611 5257 sepius
2642 5193 2822 5243 laudat
2857 5190 3108 5254 Irenaeus;
3145 5199 3200 5242 ut
3234 5190 3353 5243 libri
3386 5190 3540 5257 hujus
3569 5204 3686 5254 eap.
3721 5191 3784 5242 15
3807 5229 3820 5250 ,
3875 5190 3974 5241 lib.

2423 5277 2503 5320 ιιι,
2532 5279 2578 5314 c.
2612 5261 2674 5313 i7
2712 5271 2765 5314 et
2797 5262 2884 5324 25,
2916 5273 2968 5315 et
2999 5263 3089 5314 lib.
3128 5277 3199 5319 Iv,
3234 5277 3281 5312 c.
3311 5260 3401 5322 27,
3425 5272 3478 5312 ct
3502 5263 3566 5313 ab
3592 5275 3653 5312 eo
3691 5260 3852 5310 multa
3887 5261 3978 5310 di-

2424 5334 2618 5384 dicisse
2667 5347 2725 5384 se
2771 5335 3071 5384 contltetur.
3126 5330 3372 5397 Ejusdem
3419 5333 3655 5382 meminit
3709 5329 3978 5382 Eusebius

2419 5402 2511 5454 lib.
2541 5419 2570 5454 v
2605 5400 2744 5454 Hist.
2779 5417 2895 5470 cap.
2929 5403 2982 5457 3.
3017 5403 3215 5454 Nomen
3265 5413 3441 5454 autem
3475 5402 3590 5467 ejus
3623 5409 3848 5469 uterque
3888 5416 3976 5453 re-

2419 5485 2564 5525 ιιειτι.

2496 5544 2606 5612 (15)
2653 5543 2982 5609 Ἀκεραίως.
3014 5542 3318 5610 chendum
3351 5552 3477 5610 puto
3512 5543 3790 5612 ἀκέραιος,
3823 5543 3980 5612 adje—

2428 5615 2588 5675 ('liVC,
2633 5616 3082 5682 quemadmodum
3131 5615 3261 5679 legit
3315 5613 3535 5666 Latinus
3591 5625 3888 5679 mterpres.
3927 5616 3980 5668 Id

2428 5687 2568 5737 enim
2621 5687 2839 5754 exigunt
2885 5684 3151 5737 scrmoais
3183 5686 3354 5736 series
3383 5697 3436 5735 et
3475 5687 3713 5737 auctoris
3749 5699 3978 5751 scupm,

2431 5763 2484 5805 ut
2518 5757 2815 5808 attendeuti
2850 5754 3052 5824 patebit
3079 5772 3091 5818 ;
3127 5755 3393 5825 ἀκεραίως
3419 5765 3594 5810 autem
3621 5755 3706 5808 hic
3733 5769 3986 5811 cumino-

2431 5827 2554 5879 dum
2587 5827 2784 5880 habere
2815 5841 3028 5880 sensum
3056 5827 3140 5879 vix
3175 5837 3369 5894 potest.
