4188 6336
749 388 854 444 μδ

1517 379 1574 437 S.
1621 375 1881 434 ΙΒΕΝᾸΞΪ
1911 375 2220 433 EPISCOPI
2258 369 2743 430 LUGDUNENSIS
2775 370 2867 426 ET
2897 368 3249 426 MARTYRIS

3863 364 3960 422 4M

747 511 883 568 tem,
910 498 977 555 ad
1006 493 1354 553 evertendam
1389 508 1531 558 eam,
1583 508 1688 549 non
1735 492 1935 548 stantia
1979 492 2081 564 (1),
2127 507 2306 560 neque
2332 497 2378 554 Α
2407 507 2514 561 πης
2544 490 2600 543 δὲ
2631 491 2779 560 ἡμᾶς
2811 487 3249 561 προτρεπομένης

2407 507 2514 561 πης
2544 490 2600 543 δὲ
2631 491 2779 560 ἡμᾶς
2811 487 3255 561 προτρεπομένης
3299 484 3380 538 σοι
3426 501 3486 538 τε
3530 485 3621 538 καὶ
3667 486 3800 539 πᾶσι
3857 489 3959 552 τοῖς

750 599 876 663 apta
902 591 1116 644 veritati
1142 589 1491 644 ostendentes
1529 603 1616 653 ea,
1660 600 1783 658 qua:
1824 585 1892 641 ab
1918 586 1984 640 iis
2006 588 2303 640 dicuntur:

748 696 926 751 neque
973 678 1316 734 conscribere
1367 678 1616 733 consueti
1657 691 1833 747 neque
1866 677 1957 747 qui
1998 690 2305 731 sermonum

749 771 852 826 arti
889 769 1290 824 studuerimus:
1319 767 1609 824 dilectione
1633 776 1812 822 autem
1838 782 1937 822 nos
1961 767 2303 830 adhortante,

747 871 803 918 et
837 861 929 916 tibi
959 871 1014 916 et
1065 861 1339 924 omnibus,
1375 861 1467 929 qui
1510 868 1635 914 sunt
1685 867 1885 924 tecum,
1930 856 2302 921 manifestare,

747 966 867 1021 qua:
896 966 1063 1021 usque
1089 949 1153 1023 ᾧ
1179 951 1353 1004 adhuc
1396 959 1551 1007 erant
1587 951 1868 1005 absconste
1904 948 2006 1019 (2),
2041 947 2152 1017 jam
2209 965 2306 1002 au-

745 1053 851 1099 tem
879 1040 1170 1098 secundum
1202 1042 1428 1110 gratiam
1455 1040 1548 1096 Dei
1579 1042 1630 1096 in
1667 1040 2014 1096 manifestum
2042 1050 2305 1096 venerunt

743 1132 1003 1188 doctrina:
1032 1133 1292 1201 ipsorum.
1343 1129 1491 1184 Nihil
1522 1131 1657 1185 enim
1697 1142 1772 1185 cst
1814 1139 2133 1198 coopertum,
2165 1131 2303 1201 quod

744 1241 847 1279 non
877 1222 1345 1290 manifestabitur;
1377 1231 1425 1276 et
1481 1222 1615 1276 nihil
1643 1222 1981 1290 absconsum,
2021 1221 2160 1291 quod
2200 1237 2303 1276 non

739 1323 1077 1382 cognoscetur
1104 1312 1144 1366 ³.

809 1404 863 1458 3.
893 1402 1012 1459 Non
1042 1413 1222 1458 autem
1251 1405 1504 1474 exquires
1534 1420 1562 1460 a
1592 1404 1774 1470 nobis,
1803 1405 1896 1476 qui
1937 1404 2081 1475 apud
2123 1402 2303 1460 Celtas

736 1509 1163 1559 commoramur,
1198 1505 1252 1550 et
1291 1495 1346 1549 in
1385 1496 1676 1552 barbarum
1727 1510 2035 1552 sermonem
2067 1495 2300 1564 plerum-

738 1600 844 1655 que
866 1600 1121 1639 vacamus
1151 1585 1253 1653 (3),
1291 1586 1559 1640 orationis
1598 1597 1794 1650 artem,
1832 1601 2004 1654 quam
2025 1600 2130 1640 non
2159 1585 2299 1639 didi-

738 1680 933 1744 cimus,
962 1695 1136 1750 neque
1169 1680 1275 1734 vim
1307 1680 1710 1750 conscriptoris,
1744 1693 1904 1748 quam
1935 1693 2039 1733 non
2078 1677 2301 1733 allecta-

735 1773 934 1835 vimus,
965 1787 1144 1841 neque
1189 1778 1569 1827 ornamentum
1613 1772 1934 1833 verborum,
1970 1785 2144 1840 neque
2170 1786 2297 1825 sua-

2413 579 2546 650 μετὰ
2593 578 2684 632 σοῦ
2736 582 2968 650 μηνῦσαι
3007 577 3076 630 τὰ
3129 577 3288 649 μέχρι
3334 576 3429 646 μὲν
3468 575 3562 628 νῦν
3592 580 3956 650 κεκρυμμένα,

2408 673 2506 743 ἤδη
2535 671 2591 725 δὲ
2628 671 2766 724 κατὰ
2794 670 2891 742 τὴν
2921 671 3078 742 χάριν
3105 669 3198 723 τοῦ
3224 668 3357 722 Θεοῦ
3404 672 3482 731 εἰς
3529 669 3755 739 φανερὸν
3791 670 3961 741 ἐληλυ-

2409 763 2536 817 θότα
2577 764 2874 833 διδάγματα
2892 780 2907 795 ο
2941 762 3129 817 Οὐδὲν
3177 761 3284 831 γάρ
3322 763 3451 820 ἐστι
3495 763 3958 834 κεκαλυμμένον,

2408 853 2438 907 ὃ
2483 857 2594 909 οὐκ
2643 854 3240 925 ἀποκαλυφθήσεται·
3305 855 3403 908 καὶ
3459 853 3745 922 κρυπτὸν,
3803 854 3835 908 ὃ
3892 857 3958 909 οὐ

2409 947 2815 1015 γνωσθήσεται
2825 985 2837 999 .

2477 1037 2589 1090 Οὐκ
2634 1036 2980 1109 ὲπιζητήσεις
3022 1037 3080 1090 δὲ
3132 1040 3260 1107 παρ’
3290 1036 3445 1108 ἡμῶν
3489 1037 3598 1091 τῶν
3644 1038 3702 1090 ἐν
3742 1038 3961 1102 Κελτοῖς

2402 1127 2924 1198 διατριϐόντων,.καὶ
2958 1129 3086 1198 περὶ
3123 1127 3390 1201 βάρϐαρον
3430 1127 3702 1182 διάλεκτον
3730 1129 3790 1181 τὸ
3819 1128 3961 1182 πλεῖ·

2407 1235 2533 1271 στον
2561 1218 2986 1290 ἀσχολουμένων,
3016 1221 3188 1288 λόγων
3215 1221 3428 1291 τέχνην,
3460 1221 3526 1291 ἣν
3549 1221 3647 1273 οὐκ
3673 1220 3959 1290 ἐμάθομεν,

2402 1310 2523 1363 οὔτε
2556 1310 2780 1381 δύναμιν
2811 1313 3185 1382 συγγραφέως,
3233 1314 3297 1385 ἣν
3333 1316 3432 1370 οὐκ
3474 1316 3814 1385 ἠσκήσαμεν,
3841 1311 3960 1365 οὔτε

2406 1402 2793 1474 καλλωπισμὸν
2830 1403 3047 1470 λέξεων,
3087 1404 3209 1459 οὔτε
3251 1407 3601 1478 πιθανότητα,
3637 1408 3703 1479 ἢν
3753 1407 3850 1460 οὐκ
3887 1406 3962 1459 οτ-

2400 1491 2569 1564 δαμεν
2589 1510 2602 1524 ·
2636 1494 2780 1548 ἀλλὰ.
2806 1495 3008 1561 ἁπλῶς,
3041 1499 3134 1551 καὶ
3163 1498 3396 1570 άληθῶς,
3446 1500 3537 1553 καὶ
3584 1498 3863 1562 ἰδιωτικῶς
3885 1496 3962 1566 (8)

2400 1584 2468 1637 τά
2520 1586 2657 1656 μετὰ
2700 1587 2917 1658 ἀγάπης
2975 1606 3054 1642 σοι
3107 1590 3401 1660 γραφέντα,
3440 1590 3575 1662 μετὰ
3623 1592 3843 1660 ἀγάπης
3897 1590 3962 1643 ab

2401 1676 2665 1750 προσδέξῃ
2704 1679 2795 1733 καὶ
2844 1680 3004 1744 αὐτὸς
3040 1681 3292 1754 αὐξήσεις
3342 1683 3480 1737 αὐτὰ
3529 1683 3677 1754 παρὰ
3729 1679 3957 1751 σεαυτῷ,

2403 1769 2496 1823 ἅτε
2543 1769 2865 1840 ἱκανώτερος
2907 1773 3064 1843 ἡμῶν
3115 1775 3414 1845 τυγχάνων,
3465 1776 3623 1829 οἱονεὶ
3672 1776 3960 1845 σπέρματα

737 1865 937 1932 delatn,
971 1881 1132 1934 quam
1168 1867 1473 1931 nescimus;
1518 1867 1610 1920 sed
1639 1863 1966 1932 simpliciter
1995 1874 2049 1916 et
2083 1879 2210 1918 vere
2243 1876 2296 1918 et
2327 1843 2370 1902 Β
2398 1861 2490 1913 καὶ
2524 1859 2696 1931 ἀρχὰς
2726 1859 2903 1914 λαϐὼν
2937 1865 3062 1934 παρ’
3096 1843 3249 1935 ἡμῶν

2398 1861 2490 1913 καὶ
2524 1859 2696 1931 ἀρχὰς
2726 1859 2903 1914 λαϐὼν
2937 1865 3062 1934 παρ’
3096 1843 3273 1935 ἡμῶν,
3307 1866 3398 1918 καὶ
3440 1866 3498 1920 ἐν
3539 1863 3616 1935 τῷ
3650 1843 3838 1918 πλάτει
3868 1881 3958 1919 σου

735 1957 957 2014 idiotice
985 1972 1068 2023 ea,
1118 1973 1236 2027 qua:
1284 1958 1376 2013 tibi
1423 1973 1542 2014 cum
1587 1956 1882 2011 dilectione
1909 1955 2110 2026 scripta
2145 1966 2293 2022 sunt,

733 2061 860 2103 cum
891 2048 1181 2106 dilectione
1211 2049 1504 2120 percipies,
1542 2057 1601 2102 et"
1634 2049 1747 2117 ipse
1788 2062 1956 2119 auges
1995 2049 2070 2118 (4)
2104 2064 2167 2105 ea
2197 2063 2292 2118 pe-

734 2157 832 2200 nes
861 2153 934 2210 te,
965 2153 1023 2198 ut
1060 2145 1231 2214 magis
1251 2143 1478 2198 idoneus
1497 2158 1671 2212 quam
1699 2157 1820 2206 nos,
1844 2142 1997 2210 quasi
2026 2157 2209 2197 semen
2240 2151 2296 2198 et

735 2235 892 2290 initia
944 2235 1218 2305 accipiens
1262 2251 1290 2288 a
1347 2235 1544 2289 nobis:
1583 2243 1635 2289 et
1684 2234 1737 2287 in
1785 2233 2072 2289 latitudine
2100 2249 2296 2290 sensus

736 2329 812 2382 tui
841 2328 919 2398 (ὅ)
949 2329 1001 2380 in
1033 2328 1257 2381 multum
1293 2326 1649 2381 fructificabis
1675 2340 1761 2389 ea,
1785 2339 1906 2393 qua:
1939 2326 1992 2379 in
2033 2326 2221 2394 paucis
2260 2341 2290 2380 a

734 2418 1056 2480 nobisdicta
1082 2427 1228 2482 sunt,
1259 2427 1314 2472 et
1337 2427 1584 2487 potenter
1613 2431 1827 2470 asseres
1856 2417 1932 2486 (6)
1964 2415 2050 2483 iis,
2082 2416 2172 2486 qni
2208 2426 2290 2471 te-

733 2525 855 2565 cum
882 2520 1027 2576 sunt,
1060 2525 1120 2565 ea
1156 2525 1274 2579 quae
1306 2510 1537 2563 iuvalide
1563 2525 1590 2562 a
1639 2509 1796 2564 nobis
1821 2508 1989 2562 relata
2023 2517 2172 2562 sunt.
2228 2506 2294 2561 Et

731 2589 1184 2670 quemadmodum
1224 2617 1320 2656 uos
1372 2601 1788 2664 elaboravimus,
1844 2600 1970 2655 olim
2025 2600 2289 2670 quaerenti

731 2691 827 2747 tibi
853 2691 929 2762 (7)
948 2693 1158 2747 discere
1185 2693 1504 2748 sententiam
1532 2707 1745 2754 eorum,
1777 2706 1882 2746 non
1909 2691 2081 2745 solum
2114 2690 2292 2745 facere

2390 1950 2484 2004 τοῦ
2540 1952 2630 2005 νοῦ
2686 1953 2778 2004 ἐπὶ
2833 1953 2964 2006 πολὺ
3025 1957 3464 2028 καρποφορήσεις
3516 1955 3584 2010 τὰ
3643 1955 3711 2008 δι’
3766 1955 3959 2023 ὀλίγων

2392 2043 2480 2114 ὑφ’
2509 2045 2662 2115 ἡμῶν
2702 2046 2982 2118 εἰρημένα,
3023 2049 3115 2102 καὶ
3159 2049 3394 2114 δυνατῶς
3437 2052 3810 2122 παραστήσεις
3848 2051 3962 2113 τοῖς

2393 2142 2540 2217 μετὰ.
2563 2143 2656 2197 σοῦ
2707 2144 2774 2198 τὰ
2823 2146 3061 2211 ἀσθενῶς
3113 2148 3380 2220 ὑφ’ήμῶν
3422 2150 3829 2221 ἀπηγγελμένα.
3853 2147 3961 2203 Καὶ

2392 2233 2468 2297 ὡς
2491 2236 2648 2304 ἡμεῖς
2675 2236 3154 2309 ὲφιλοτιμήθημεν,
3197 2239 3359 2294 πάλαι
3396 2238 3683 2310 ζητοῦντος
3734 2257 3825 2293 σου
3859 2255 3964 2309 μα-

2396 2325 2505 2378 θεῖν
2534 2327 2632 2398 τὴν
2659 2327 2878 2399 γνώμην
2902 2329 3098 2393 αὐτῶν,
3135 2331 3208 2402 μὴ
3240 2332 3394 2400 μόνον
3436 2348 3515 2383 σοι
3549 2332 3768 2402 ποιῆσαι
3805 2347 3966 2397 φανε-

2397 2417 2516 2488 ρὰν,
2548 2418 2680 2472 ἀλλὰ
2709 2419 2800 2471 καὶ
2826 2419 3010 2489 ἐφόδια
3041 2421 3222 2474 δοῦναι
3247 2422 3324 2490 (9.)~
3350 2423 3483 2494 πρδς
3514 2422 3576 2476 τὸ
3602 2422 3962 2476 ἐπιδεικνύειν

2396 2508 2562 2580 αὐτὴν
2593 2509 2790 2580 ψευδῆ·
2826 2510 2966 2564 οὕτω
2997 2512 3052 2564 δὲ
3084 2513 3176 2565 καὶ
3203 2515 3265 2567 σὺ
3297 2514 3589 2584 φιλοτίμως
3620 2517 3730 2577 τοῖς
3756 2514 3963 2578 λοιποῖς

2392 2599 2750 2672 διακονήσεις,
2785 2604 2923 2656 κατὰ
2950 2605 3048 2675 τὴν
3073 2606 3228 2676 χάριν
3257 2606 3354 2678 τὴν
3387 2608 3490 2661 ὑπὸ
3519 2607 3609 2660 τοῦ
3641 2609 3842 2679 Κυρίου
3877 2625 3968 2662 σοι

2395 2691 2702 2763 δεδομένην,
2737 2697 2815 2759 εἰς
2843 2696 2905 2748 τὸ
2927 2698 3120 2767 μηκέτι
3152 2699 3558 2770 παρασύρεσθαι
3597 2703 3719 2763 τοὺς
3752 2699 3965 2771 ἀνθρὼ-

1946 2805 2145 2862 BlLLll
2181 2805 2248 2860 ΙΝ
2254 2805 2760 2868 ΤΕΒΡΒΕΤΑΤΙΟ.

731 2904 926 2959 critate
956 2902 1358 2980 an_sain_tibi_ad
1388 2917 1505 2956 eam
1533 2901 1881 2980 evertendam
1915 2900 2278 2980 porrigemus,
2324 2903 2582 2980 absurda,
2617 2914 2781 2980 atque
2812 2923 2842 2960 a
2878 2909 3107 2963 veritate
3136 2911 3341 2964 absona
3380 2925 3498 2966 esse
3523 2911 3964 2967 demonstrantes

730 2989 816 3039 ea,
841 2989 957 3040 quae
989 2974 1054 3027 ab
1088 2975 1192 3026 illis
1224 2972 1544 3026 afferuntur.
1575 2969 1691 3025 Non
1724 2971 1867 3043 quod
1906 2968 2178 3043 scribendi
2223 2985 2323 3022 usu
2357 2975 2580 3043 exerciti
2629 2968 2829 3043 simus,
2853 2988 2947 3032 aut
2994 2980 3209 3033 dicendi
3249 2990 3420 3033 artem
3463 2980 3791 3034 coluerimus
3821 2985 3959 3036 :sed

730 3039 873 3118 quod
920 3045 1286 3118 noscitaritas
1332 3043 1706 3118 bo_rt.etur,_ut
1748 3041 1878 3103 tibi,
1910 3039 2272 3118 omnibusque
2300 3042 2390 3118 qui
2425 3052 2601 3118 tecum
2626 3055 2770 3110 sunt,
2808 3039 3104 3103 doctrinas
3148 3065 3242 3104 eas
3284 3051 3608 3115 iudicemus,
3656 3067 3775 3118 qua!
3831 3067 3961 3104 cum

731 3108 992 3192 liactenus
1025 3114 1075 3166 in
1106 3115 1357 3192 abstruso
1381 3112 1708 3192 delituerint,
1735 3126 1887 3192 Inunc
1916 3109 2011 3192 Dei
2032 3108 2331 3192 beneficio
2359 3115 2412 3164 in
2445 3111 2620 3168 lucem
2654 3108 2934 3174 venerunt.
2968 3119 3118 3172 Nihil
3155 3122 3289 3173 enim
3323 3131 3559 3188 opertum
3585 3108 3659 3174 est
3676 3108 3824 3192 'quod
3851 3137 3960 3176 non

730 3183 1005 3246 reveletur,
1034 3199 1195 3252 neque
1219 3185 1579 3236 absconditum
1606 3182 1745 3251 quod
1777 3197 1878 3252 non
1911 3182 2130 3252 sciatur.

798 3254 858 3329 ὅ,
887 3253 994 3308 Nec
1025 3246 1152 3329 vero
1185 3253 1373 3314 facies,
1404 3260 1519 3329 uta
1543 3246 1725 3329 nobis,
1765 3251 1854 3329 qui
1885 3246 2230 3329 internG-ull‘os
2255 3249 2519 3319 (legimus,
2552 3263 2716 3322 atque
2758 3257 2810 3310 in
2838 3257 3072 3329 barbara
3099 3257 3274 3327 lingua
3305 3269 3363 3312 ut
3394 3258 3689 3327 plurimum
3732 3273 3961 3329 operam

729 3323 1009 3399 ponimus,
1038 3323 1324 3399 verborum
1360 3323 1672 3399 artificium,
1705 3323 1844 3388 quod
1879 3337 1983 3374 nou
2003 3319 2318 3399 didicimus,
2353 3319 2794 3399 exposcasrnec
2819 3328 2924 3399 vim
2950 3319 3364 3397 conscriﬁtoris,
3389 3319 3560 3396 inqua
3589 3319 3961 3399 comparanda

729 3392 1264 3468 nou‘elaboravimus
1309 3411 1323 3446 :
1359 3392 1795 3468 nec_dict_io_num
1849 3398 2263 3468 ornamentum,_
2297 3404 2397 3468 nec
2447 3396 2807 3459 persuadendi
2857 3392 3184 3453 facultatem
3215 3400 3366 3466 cujus
3416 3392 3670 3467 expertes
3696 3392 3750 3452 et
3779 3400 3960 3468 ignari

728 3462 940 3516 sumus.
971 3461 1166 3515 Verum
1202 3478 1262 3515 ea
1288 3478 1412 3538 quia
1447 3462 1785 3538 simpliciter,
1819 3472 2043 3538 et_vere,
2075 3473 2138 3512 ac
2177 3459 2386 3538 vulgari
2421 3476 2694 3538 sermone,
2747 3468 3010 3522 benevolo
3070 3477 3249 3523 tamen
3278 3459 3503 3532 ‘auimo;
3537 3473 3603 3522 ad
3657 3479 3707 3522 te
3756 3459 3963 3538 scvripta

729 3544 882 3607 sunt,
932 3542 985 3584 tu
1037 3547 1253 3607 quoque
1301 3529 1634 3607 parianimi
1667 3531 2043 3607 benevolentia
2095 3529 2728 3607 acc_i_p_ies_,_eaqueipse,
2766 3547 2948 3606 utpote
3000 3538 3158 3593 nobis
3203 3529 3499 3603 eruditior,
3541 3541 3694 3607 quasi
3747 3529 3962 3593 semina

728 3604 977 3673 quantum
1002 3598 1241 3656 et‘iuitia
1273 3598 1484 3658 a‘uobis
1508 3613 1750 3671 accepta,
1783 3602 1922 3671 apud
1967 3609 2019 3654 te
2058 3598 2433 3669 auiplilicabis,
2469 3598 2636 3671 atque
2680 3598 2732 3659 in
2785 3598 2985 3664 mentis
3028 3617 3130 3663 tua:
3165 3598 3624 3678 lotifuudiofqua:
3652 3612 3891 3663 breviter
3927 3624 3962 3663 a

833 3719 853 3750 ³
885 3719 1071 3774 Matth.
1107 3737 1163 3781 Χ,
1193 3720 1283 3774 Ξϐ.

723 3852 872 3908 pres,
907 3847 1216 3907 argumenta
1245 3852 1598 3906 suggeremus,
1627 3835 1710 3890 vel
1748 3835 1983 3890 subsidia
2016 3833 2290 3886 ministra-
2317 3831 2359 3890 C
2397 3828 2567 3908 Sylva:
2599 3834 2857 3898 stridunt,
2898 3832 3048 3905 Virg.
3104 3852 3142 3908 rt
3195 3835 3324 3908 An.
3368 3837 3462 3890 8b.
3495 3834 3810 3908 VideV-oss.
3855 3835 3956 3898 lib.

720 3900 920 3964 bimus,
969 3900 988 3907 ⁷
1310 3900 1361 3906 ’⁷
1587 3900 1592 3901 “
2395 3915 2425 3972 v
2459 3900 2533 3954 De
2563 3910 2681 3955 arte
2709 3900 3081 3972 grammatfc.
3106 3907 3158 3971 5,
3195 3916 3247 3959 et
3269 3905 3474 3960 Novam
3517 3906 3822 3959 tnetbodum
3861 3911 3960 3964 ad.

798 3979 874 4045 (l)
910 3978 1030 4049 Non
1081 3977 1302 4049 stantia.
1343 3976 1402 4029 In
1442 3974 1598 4030 Eros.
1625 3973 1774 4049 _Gall.
1809 3983 1864 4029 et
1899 3973 2290 4049 Feuard.,__rton
2394 3971 2901 4049 tlist‘emliljnguam
2939 3975 3305 4042 l.at.,Gallice
3347 3979 3632 4045 scriptam,
3665 3991 3789 4044 pag.
3825 3977 3959 4049 355,

725 4041 1043 4102 constantia.
1078 4048 1132 4100 lu
1163 4046 1334 4100 Graec.
1363 4061 1516 4109 vero,
1544 4057 1597 4100 et
1620 4047 1855 4101 fortasse
1887 4045 2103 4110 melius,
2142 4041 2292 4098 ἁλλό-

724 4134 878 4180 κοτα,
913 4130 1230 4179 manstrosa,
1261 4131 1352 4170 seu
1383 4118 1640 4170 absurda.

799 4187 876 4254 (2)
903 4188 1204 4242 Absconsm.
1237 4188 1368 4242 Scil.
1403 4189 1655 4240 doctrinm
1681 4187 1944 4253 ipsorum.
1974 4185 2136 4239 ἥιρει
2163 4185 2286 4241 co'd.

724 4257 1058 4314 Claromont.
1094 4268 1147 4311 et
1179 4256 1333 4311 Pass.
1371 4260 1730 4311 restituimus.
1779 4255 1832 4309 lu
1866 4262 2100 4319 caeteris,
2145 4263 2200 4308 et
2233 4256 2286 4310 in

727 4330 970 4397 editione
1000 4331 1111 4397 ipsa
1155 4327 1473 4392 Oxonieum,
1502 4328 1699 4380 vitiose
1735 4328 2036 4380 absconsa..

796 4398 873 4466 (5)
938 4396 1214 4450 l’nramus.
1271 4398 1359 4451 Sic
1421 4412 1683 4466 reponere
1734 4411 1839 4449 non
1894 4397 2284 4464 dubitavimus,

723 4472 884 4527 codd.
922 4468 1077 4521 Voss.
1108 4477 1161 4522 et
1191 4467 1430 4521 Clarom.
1464 4469 1794 4520 auctoritate
1821 4468 1975 4531 moti,
2004 4468 2055 4518 in
2090 4467 2287 4534 quibus

724 4540 920 4609 legitur
947 4539 1165 4605 quidem
1217 4554 1487 4602 vocamur,
1531 4538 1624 4609 sed
1660 4538 1945 4591 manifesto
1981 4536 2283 4609 scribarum

723 4607 906 4677 lapsu,
943 4624 1037 4676 pro
1063 4624 1333 4664 vacamus.
1366 4609 1499 4660 (lum
1541 4608 1685 4660 enim
1714 4611 1764 4660 in
1801 4624 1929 4662 mss.
1959 4607 2282 4676 antiquiori-

725 4682 824 4734 bus
869 4694 972 4730 non
1030 4679 1223 4744 exigua
1271 4680 1340 4732 sit
1384 4678 1613 4733 allinitus
1659 4680 1847 4732 iuters
1879 4687 1931 4732 et
1966 4695 2011 4738 r,
2044 4677 2285 4744 proclive

724 4749 828 4803 fuit
888 4748 1266 4801 festinantibus
1309 4749 1515 4802 scribis.
1555 4749 1910 4814 pOSteriorem
1961 4764 2059 4816 pro
2113 4749 2281 4816 priori

722 4820 1000 4882 scribere;
1035 4834 1259 4885 quorum
1277 4821 1490 4873 codices
1509 4819 1598 4871 alii
1631 4819 2019 4882 exscribeutes,
2039 4833 2135 4871 nec
2163 4819 2284 4870 bar-

722 4893 911 4944 baram
965 4903 1147 4941 vocem
1202 4905 1451 4942 vocamur
1498 4889 1882 4958 intelligentes,
1917 4892 2277 4956 scripserunt,

723 4962 812 5013 alii
851 4974 1097 5012 vocamur
1147 4962 1227 5025 (ut
1282 4962 1432 5027 prius
1480 4961 1530 5011 iu
1585 4962 1707 5012 cod.
1757 4959 1992 5012 Clarum.
2022 4960 2278 5026 scriptum

723 5032 920 5092 fuerat,
973 5029 1066 5080 sed
1137 5040 1316 5096 postea
1369 5030 1762 5098 euneudatum),
1821 5031 1909 5083 alii
1965 5045 2278 5092 avocantur;

720 5101 865 5169 (μιοά
928 5101 1195 5166 posterius
1227 5102 1276 5153 in
1327 5101 1478 5153 editt.
1518 5115 1664 5153 omn.
1696 5099 1913 5167 legitur.
1968 5099 2274 5167 Legeudum

2393 4043 2525 4093 edit.
2558 4043 2718 4096 1696.

2462 4112 2538 4180 (5)
2570 4111 2635 4164 In
2669 4112 2947 4169 latitudine
2982 4130 3163 4169 sensus
3193 4117 3290 4182 tui,
3319 4123 3432 4171 etc.
3458 4115 3603 4181 Hinc,
3644 4115 3841 4172 litterae
3870 4122 3962 4176 nio

2393 4181 2557 4234 mium
2589 4184 2864 4251 addictus,
2912 4187 3181 4252 interpres
3200 4181 3546 4251 obScuravit;
3588 4187 3795 4242 clarius
3828 4193 3964 4245 red-

2389 4252 2526 4305 didit
2567 4252 2822 4307 Petavius
2858 4273 2870 4308 :
2905 4254 2972 4308 In
3004 4258 3296 4321 spatiosum
3336 4258 3519 4310 mentis
3550 4266 3655 4310 tuae
3682 4259 3855 4312 sinum
3871 4277 3962 4312 re.

2390 4323 2624 4394 condita,
2657 4340 2772 4391 qua:
2803 4328 2984 4390 paucis
3013 4343 3044 4377 a
3077 4342 3155 4379 me
3199 4328 3472 4394 perstricta
3524 4340 3666 4390 sunt,
3718 4331 3966 4386 uberiore

2389 4392 2568 4458 [ructu
2594 4396 2972 4461 compensabis.

2458 4463 2535 4530 (6)
2573 4461 2643 4514 Et
2696 4475 2933 4530 potenter
2975 4482 3194 4520 asseres.
3242 4463 3309 4518 Ut
3357 4475 3592 4533 potenter
3617 4483 3828 4521 asseras
3857 4469 3964 4523 lia-

2387 4533 2887 4608 ben_tVoss._Pass.
2937 4547 2990 4608 et
3041 4537 3271 4590 Feuard.
3327 4536 3378 4608 in
3431 4550 3642 4606 marg.;
3672 4541 3765 4592 sed
3797 4543 3958 4608 prior

2389 4605 2549 4660 lectio
2587 4605 2758 4672 magis
2788 4619 2908 4658 cum
2931 4607 3120 4660 Grmco
3154 4607 3429 4661 convenit.

2457 4674 2532 4744 (7)
2568 4675 2834 4749 Quajrenti
2871 4676 2986 4749 tibi.
3021 4677 3127 4731 Pro
3155 4684 3418 4745 quwrente
3447 4745 3458 4749 _
3485 4686 3557 4749 te1
3600 4677 3650 4730 id
3683 4686 3765 4732 est
3793 4679 3962 4749 ﬂagi-

2387 4756 2529 4797 tante
2584 4754 2631 4795 te
2667 4744 3034 4819 jampridem,
3056 4744 3487 4819 _scriptum_vult
3521 4744 3802 4804 Grabiusf
3832 4744 3959 4819 Ego

2385 4832 2514 4868 vero
2547 4817 2803 4884 ςυστ-ενιιὶ
2851 4817 2944 4869 tibi
2987 4817 3243 4871 referrem
3295 4817 3359 4869 ad
3397 4833 3499 4868 non
3548 4819 3721 4872 solum
3771 4817 3956 4885 facere

2385 4890 2477 4938 tibi
2513 4887 2865 4953 manifestam,
2891 4889 3267 4956 posteriusque
3289 4887 3382 4938 tibi
3415 4897 3599 4955 utpote
3615 4891 3951 4958 superﬂuunt

2384 4970 2765 5024 expungerem.

2457 5026 2534 5097 (λ)
2577 5024 2921 5092 Ἰδιωτικῶς.
2953 5025 3008 5080 ld
3048 5029 3113 5081 ad
3144 5029 3236 5082 tibi
3291 5027 3481 5083 referri
3509 5029 3953 5084 mavultFeuar-

2385 5099 2600 5152 (lentius
2649 5115 2661 5149 :
2713 5109 2986 5151 utseusus-
3017 5099 3108 5159 sit,
3138 5101 3404 5166 privatim,
3448 5101 3540 5153 tibi
3586 5101 3707 5152 soli.
3761 5100 3951 5154 Malim

722 5167 852 5224 vero
898 5185 1146 5223 vacamus
1172 5210 1186 5231 ,
1231 5174 1569 5224 demonstrat
1627 5186 1724 5223 vos.
1765 5170 1957 5225 Graeca
2019 5168 2276 5238 ἀοχολου-
2309 5167 2352 5221 D
2381 5184 2478 5238 ego
2505 5170 2568 5220 ad
2589 5171 2947 5237 praecedentia
2980 5168 3189 5234 referri,
3213 5185 3241 5220 u

2389 5184 2478 5238 ego
2505 5170 2568 5220 ad
2589 5171 2947 5237 praecedentia
2980 5168 3189 5234 referri,
3213 5180 3268 5220 ut
3299 5172 3367 5221 sit
3391 5169 3527 5222 idem
3556 5170 3952 5234 ἱδιωτικῶς,ιο

724 5241 921 5313 μένων,
965 5257 1125 5313 quam
1181 5240 1370 5294 Latine
1397 5242 1627 5294 reddidit
1664 5241 1882 5313 Dillius,
1917 5258 2128 5309 operam
2185 5256 2278 5313 po-f

724 5309 932 5371 iunius;
998 5309 1294 5364 Cornarius
1353 5327 1479 5366 vero
1543 5322 1598 5365 et
1659 5311 1914 5367 Petavius
1953 5353 1967 5377 ,
2039 5311 2278 5376 occupati

718 5399 922 5436 IIllllts.

794 5454 870 5519 (Δ)
912 5452 1100 5519 Auges.
1163 5451 1218 5505 ln
1268 5451 1423 5510 Eras.
1464 5453 1664 5510 Gallus.
1706 5463 1756 5508 et
1819 5451 2052 5507 Feuard.
2102 5451 2271 5514 male,

717 5541 940 5594 augeas,
989 5521 1085 5575 llic
1141 5525 1285 5575 enim
1374 5542 1530 5594 auges
1583 5526 1837 5580 scribitur
1889 5539 1986 5592 pro
2035 5523 2268 5588 augebis,

711 5592 868 5662 juxta
907 5593 1152 5647 Gratcum
1183 5592 1460 5666 αὑξήσειςζ
1485 5596 1641 5649 Plura
1670 5597 1935 5664 siquidem
1971 5594 2133 5666 verba
2166 5603 2275 5645 ter-

2388 5240 2507 5310 rmti
2534 5249 2585 5290 et
2611 5240 2863 5307 simplici,
2890 5254 2984 5293 seu
3013 5241 3217 5309 vulgari
3243 5241 3403 5309 stylo,
3430 5248 3485 5293 et
3505 5240 3712 5310 absque
3745 5240 3955 5308 λέξεων

2384 5311 2771 5375 καλλωπισμω.

2456 5383 2530 5451 (9)
2573 5380 2809 5449 Ἐερςόδια
2847 5382 3074 5437 δοῦναι,
3121 5381 3353 5450 ldipsum
3389 5391 3468 5434 est
3500 5381 3639 5450 quod
3686 5380 3952 5449 superius

2381 5455 2536 5514 dixit,
2594 5452 2846 5522 ἀφορμὰς
2897 5455 3158 5524 δώσομεν,
3211 5453 3444 5506 subsidia
3495 5452 3942 5507 ministrabimus.

2382 5524 2600 5579 Scilicet
2632 5526 2840 5593 ἐφόδιον
2871 5530 3083 5593 proprie
3115 5526 3388 5583 viaticum,
3423 5524 3785 5590 auxiliumque
3815 5524 3941 5590 vita,

2378 5606 2432 5647 ut
2459 5597 2694 5662 loquitur
2725 5595 2975 5664 Virgilius
3012 5596 3228 5648 .Eneid.
3272 5609 3307 5655 t,
3355 5594 3460 5655 '56;
3493 5593 3579 5647 hic
3605 5608 3734 5645 vero
3758 5593 3948 5660 opitu-

718 5666 1074 5718 tuinationem
1115 5664 1315 5718 habent
1359 5667 1661 5734 utriusque,
1702 5668 1951 5719 secundm
1991 5664 2194 5734 scilicet
2224 5672 2276 5716 et
2374 5670 2643 5734 lationem,
2679 5669 2957 5733 auxilium,
2999 5668 3314 5727 subsidium,
3357 5676 3720 5732 argumentth
3755 5665 3948 5734 signi.-

720 5735 898 5805 tertize
955 5736 1371 5804 coniugationis.
1418 5737 1508 5790 Sic
1545 5735 1765 5805 Fulgco,
1808 5734 2002 5804 Fulgo,
2057 5733 2269 5805 Ferrea,

729 5803 921 5860 Ferro.
959 5803 1174 5859 Fert-ere
1201 5808 1375 5861 littora
1401 5803 1669 5876 ﬂuitantis;
1695 5805 1838 5877 Virg.
1880 5803 1928 5859 tv
1963 5806 2090 5862 diu.
2149 5803 2267 5857 tb7.

2376 5739 2519 5792 ﬁcaL
