4222 6320
1562 325 1618 383 8.
1650 326 1910 384 ΙἎΕΝΕΙ
1944 322 2255 383 EPISCOPI
2282 318 2770 382 LUGDUNENSIS
2799 316 2891 378 ΕΤ
2926 314 3277 377 IARTYNS

818 446 1079 501 obediens
1103 461 1122 500 :
1155 456 1265 502 non
1316 441 1557 499 obedivit
1611 445 1757 497 enim
1779 484 1795 505 .
1850 444 2027 499 adhuc
2069 459 2191 497 cum
2240 452 2390 496 esset
2422 447 2463 502 Α
2496 440 2572 493 vit
2600 442 2753 509 virgo
2798 440 2905 494 Eva
2933 454 3028 508 per
3050 435 3519 499 incredulitatem,
3546 431 3649 487 hoc
3690 430 3843 499 virgo
3874 426 4040 482 list-ia

819 537 994 604 virgo.
1054 531 1514 600 Quemadmodum
1563 531 1651 586 illa
1696 534 1873 587 virum
1912 533 2130 599 quidem
2184 532 2386 587 habens

823 623 1026 687 Adam,
1055 622 1208 692 virgo
1236 628 1419 675 tamen
1444 621 1623 676 adhuc
1650 622 1919 676 exsistcns
1955 621 1974 691 (
1998 639 2019 672 c
2057 630 2215 675 erant
2238 622 2383 676 enim

818 712 1035 778 utrique
1066 710 1195 764 nudi
1223 728 1244 762 ι
1289 709 1342 763 in
1377 709 1629 779 paradiso
1650 748 1667 774 ,
1699 727 1721 762 α
1758 719 1945 765 etnon
1976 709 2387 765 confundeban-

823 809 912 852 tur
934 798 1012 864 ",
1040 818 1059 850 s
1086 798 1343 867 quoniam
1378 798 1537 868 paulo
1563 808 1691 853 ante
1725 798 1891 861 facti,
1915 814 2020 853 non
2052 797 2382 852 intellectum

820 888 1098 942 habebant
1157 885 1389 940 filiorum
1442 887 1850 956 generationis;
1911 887 2196 955 Oportebat
2238 886 2383 939 enim

816 976 939 1029 Illos
968 976 1142 1045 primo
1167 976 1477 1031 adolescere
1515 974 1627 1047 (77)
1662 976 1860 1030 dehinc
1894 976 1976 1029 sic
2016 973 2383 1044 multiplicari)

817 1062 980 1134 230
1017 1064 1339 1121 inobedieus
1380 1064 1550 1134 facta,
1578 1075 1633 1120 et
1667 1066 1795 1129 sibi,
1816 1075 1872 1121 et
1900 1066 2160 1120 universo
2198 1065 2383 1135 generi

817 1156 1056 1211 humano
1092 1172 1258 1213 causa
1312 1156 1455 1212 facta
1508 1168 1592 1211 est
1624 1157 1816 1211 mortis
1847 1174 1861 1210 :
1898 1158 1978 1211 sic
1996 1165 2050 1212 et
2086 1154 2255 1209 Maria
2286 1154 2384 1209 ha-

816 1242 952 1297 bens
1001 1246 1442 1313 praedestinatum
1493 1244 1707 1307 virum,
1734 1256 1791 1298 et
1836 1255 2016 1298 tamen
2052 1244 2227 1312 virgo,
2260 1242 2386 1297 obe-

816 1330 995 1395 diens,
1054 1342 1106 1387 et
1139 1332 1279 1396 sihi,
1306 1342 1361 1387 et
1401 1332 1658 1387 universo
1705 1334 1887 1403 generi
1927 1335 2165 1387 humano
2216 1346 2381 1387 causa

819 1419 962 1475 facta
987 1430 1071 1477 est
1123 1422 1335 1477 salutis.
1370 1422 1436 1476 Et
1470 1431 1688 1491 propter
1714 1424 1817 1478 hoc
1853 1424 1933 1477 lex
1965 1442 2105 1486 eam,
2138 1438 2257 1493 qua:
2279 1423 2377 1475 de-

815 1518 1074 1575 sponsata
1128 1520 1248 1563 crat
1293 1511 1429 1571 viro,
1465 1511 1590 1565 licet
1621 1511 1771 1582 virgo
1812 1513 1881 1566 sit
1926 1512 2123 1575 adhuc,
2151 1526 2373 1565 uxorem

814 1595 955 1663 ejus,
991 1597 1083 1667 qui
1119 1597 1564 1667 desponsaverat,
1602 1609 1759 1653 vocat
1802 1601 1879 1664 ἰς
1922 1614 2039 1653 eam
2068 1614 2189 1668 qua:
2224 1608 2312 1653 est
2349 1614 2378 1651 a

816 1683 985 1738 Maria
1035 1685 1087 1743 in
1114 1684 1283 1740 Evam
1332 1686 1809 1742 recirculntionem
1842 1689 2202 1758 significans:
2250 1686 2379 1755 quia

815 1786 925 1829 non
952 1774 1109 1829 aliter
1132 1777 1276 1844 quod
1316 1777 1627 1843 colligatum
1657 1788 1739 1831 est
1764 1754 2071 1833 solveretur
2098 1775 2237 1849 (78),
2269 1754 2376 1831 nisi
2410 1754 2454 1813 δ

818 1866 946 1932 Ipsa:
974 1864 1324 1935 compagincs
1344 1866 1673 1937 alligationis
1717 1866 2067 1923 reflectantur
2092 1876 2381 1928 retrorsus;

814 1959 875 2006 ιιι
906 1953 1095 2022 prima:
1147 1954 1563 2021 coniunctiones
1595 1951 1711 2027 (79)
1745 1956 2027 2011 solvantur
2055 1971 2152 2026 per
2189 1973 2384 2013 secun-

813 2042 935 2106 das,
956 2042 1211 2096 secunda:
1245 2058 1432 2099 rursus
1460 2044 1691 2100 Iiberent
1720 2047 1943 2115 primas.
1969 2046 2037 2101 Et
2052 2045 2239 2101 evenit
2269 2049 2384 2115 pri-

814 2144 960 2183 mam
1011 2131 1232 2200 quidem
1282 2134 1663 2203 compagiuem
1701 2149 1729 2186 a
1763 2135 1997 2189 secunda
2028 2134 2382 2203 eolligatione

813 2220 1070 2286 solvere,
1116 2223 1407 2275 secundam
1458 2237 1588 2277 vero
1636 2224 2034 2290 colligationem
2093 2222 2205 2294 (80)
2270 2225 2383 2292 pri-

812 2325 915 2365 mz
940 2311 1051 2382 (81)
1075 2310 1363 2366 solutionis
1392 2312 1595 2367 habere
1622 2312 1799 2366 locum
1829 2313 1896 2367 ".
1929 2312 1995 2365 Et
2036 2323 2255 2383 propter
2280 2314 2382 2367 hoc

820 2400 1074 2455 Dominus
1113 2402 1348 2465 dicebat,
1378 2402 1585 2470 primos
1614 2402 1832 2470 quidem
1872 2404 2204 2457 novissimos
2237 2403 2380 2454 futti-

813 2505 925 2556 ros,
956 2500 1012 2545 et
1038 2493 1369 2546 novissimos
1395 2493 1617 2560 primos.
1652 2492 1717 2545 Et
1744 2489 2011 2561 Propheta
2036 2501 2213 2545 autem
2264 2490 2377 2561 (8‘3)

810 2581 915 2636 hoc
946 2582 1090 2636 idem
1120 2582 1411 2647 significat,
1441 2582 1629 2637 dicens
1654 2603 1668 2636 :
1700 2602 1718 2634 ι
1747 2584 1852 2638 Pro
1870 2581 2238 2653 patribns(83)
2268 2583 2380 2636 uati

810 2682 940 2726 sunt
966 2672 1063 2725 tibi
1108 2672 1205 2725 lilii
1235 2673 1301 2725 ".
1342 2692 1361 2724 ι
1415 2692 1434 2723 ι
1482 2670 1880 2742 Primogouitns
1917 2691 1937 2725 ι
1977 2672 2120 2726 enim
2168 2689 2187 2722 ι
2237 2686 2382 2726 mor-

807 2766 1028 2818 tuorum
1064 2780 1082 2812 ι
1120 2773 1276 2815 natus
1316 2762 1576 2817 Dominus
1602 2764 1671 2824 "'.
1710 2775 1762 2817 et
1795 2765 1848 2816 itt
1890 2764 2067 2816 sinum
2101 2776 2261 2817 suum
2295 2774 2379 2816 reo

812 2852 1018 2921 sipiens
1038 2851 1300 2920 pristinos
1348 2862 1551 2922 patres,
1579 2853 1926 2922 rcgeneravit
1973 2867 2069 2907 eos
2119 2851 2173 2906 in
2209 2852 2376 2906 vitam

810 2940 924 3002 Dei,
950 2940 1065 3009 ipse
1104 2942 1315 2995 initium
1358 2942 1655 2996 viventium
1696 2941 1895 3004 factus,
1918 2942 2173 3011 quoniam
2203 2942 2378 2995 Adam

810 3030 1022 3083 initittm
1047 3030 1393 3085 morientium
1421 3030 1595 3085 factus
1634 3041 1737 3087 cst.
1767 3030 1993 3098 Propter
2032 3030 2135 3085 hoc
2182 3040 2237 3085 et
2272 3029 2377 3084 Lu-
2400 3062 2444 3120 ε

2487 530 2647 583 solvit
2673 544 2767 597 per
2795 529 2978 582 fidem.

3038 633 3265 690 CAPUT
3304 629 3491 687 XXIII.

2486 746 3069 801 Contenditndursns
3124 744 3426 801 Tatiomtnt,
3466 740 3657 793 divina!
3690 737 3927 803 comitati
3983 750 4043 786 ac

2554 812 2929 869 misericordia
2957 824 3357 879 consentaneum
3384 811 3545 879 fuisse
3565 846 3580 870 ,
3621 817 3676 859 at
3721 806 3893 857 Adam
3937 807 4046 870 νῆ’

2559 900 2675 937 ntus
2703 884 2935 936 omnium
2960 883 3179 935 salutent
3209 897 3241 934 tt
3282 878 3491 933 Christo
3522 882 3943 944 consequentur.

2558 971 2607 1027 I.
2639 969 2870 1025 Necesse
2895 985 3023 1039 ergo
3048 968 3168 1033 fuit,
3188 966 3471 1021 Dominum
3500 966 3565 1018 ad
3593 965 3859 1031 perditam
3888 972 4045 1013 ovem

2487 1059 2789 1113 venientem
2811 1097 2827 1123 ,
2863 1068 2916 1112 et
2946 1066 3108 1111 tanta:
3140 1054 3514 1125 dispositionis
3550 1051 4049 1122 recapitulati‘onem

2486 1149 2802 1213 facientem,
2854 1157 2911 1201 et
2972 1163 3130 1202 suum
3185 1146 3393 1216 plasma
3447 1143 3852 1213 requirentem,
3896 1141 4051 1195 illum

2485 1238 2660 1306 Ipsum
2718 1236 2989 1289 hominem
3034 1235 3269 1295 salvare,
3295 1230 3388 1299 qui
3428 1229 3607 1286 factus
3645 1227 3821 1283 fuerat
3856 1242 4053 1282 secuti.

2485 1325 2611 1379 dum
2637 1325 2923 1393 imaginem
2956 1334 3010 1378 et
3040 1322 3453 1376 similitudinem
3489 1320 3625 1389 ejus,
3663 1318 3715 1373 id
3743 1328 3850 1380 est,
3878 1318 4053 1371 Adam

2486 1413 2873 1482 adimpleutem
2936 1422 3179 1483 tempora
3233 1411 3353 1481 ejus
3396 1408 3884 1472 condemuationis,
3933 1422 4055 1476 qua:

2484 1504 2626 1556 facta
2678 1502 2857 1557 fuerat
2896 1512 3120 1570 propter
3164 1499 3584 1555 inobedientiam
3610 1535 3628 1563 ,
3671 1516 3691 1549 ι
3727 1510 3849 1565 qua
3885 1493 4056 1549 Pater

2482 1594 2667 1663 posuit
2692 1593 2743 1646 in
2769 1608 2865 1646 sua
2892 1598 3157 1661 potestate
3182 1589 3262 1655 ης
3300 1608 3318 1640 ι
3355 1589 3609 1657 quoniam
3643 1598 3699 1641 et
3727 1586 3908 1641 omnis
3941 1586 4053 1641 dis.

2484 1683 2685 1753 positio
2716 1682 2929 1745 salutis,
2954 1696 3073 1750 qua:
3110 1680 3256 1733 circa
3297 1678 3565 1731 hominem
3595 1674 3719 1743 fuit,
3752 1676 4052 1731 secundum

2484 1774 2742 1844 placitum
2805 1772 2969 1827 [lebat
3026 1770 3329 1833 Patris,uti
3388 1784 3491 1823 non
3543 1768 3853 1823 vinceretur
3887 1767 4055 1830 Deus.

2484 1885 2659 1941 neque
2714 1868 3082 1924 inﬂrmarctur
3126 1884 3217 1923 ars
3276 1868 3413 1934 ejus.
3445 1864 3503 1919 Si
3556 1863 3698 1917 cnim
3749 1860 3842 1931 qui
3878 1859 4057 1913 factus

2486 1962 2666 2015 fuerat
2698 1976 2728 2014 a
2758 1961 2869 2014 Deo
2893 1961 3078 2021 homo,
3114 1968 3170 2011 ut
3195 1957 3423 2020 viveret,
3459 1954 3545 2008 hic
3580 1954 3837 2007 amittens
3886 1949 4054 2003 vitam

2485 2050 2649 2104 Iesus
2677 2057 2926 2115 serpente
2956 2048 3045 2115 qui
3072 2047 3461 2115 depravaverat
3485 2058 3607 2097 eum
3627 2080 3643 2106 ,
3669 2040 3781 2109 jam
3821 2054 3933 2094 non
3969 2052 4057 2093 re-

2482 2149 2800 2195 verteretur
2833 2140 2900 2193 ad
2955 2138 3137 2200 vitam,
3166 2137 3258 2190 sed
3296 2135 3349 2188 in
3392 2144 3560 2188 totum
3596 2128 3875 2200 proiectus
3908 2136 4057 2183 esset

2486 2232 2680 2295 morti;
2734 2232 2913 2284 victus
2971 2239 3115 2283 esset
3151 2228 3311 2291 Deus,
3340 2235 3396 2280 et
3439 2230 3751 2293 superasset
3780 2220 4055 2291 serpentis

2484 2320 2726 2390 nequitia
2742 2319 3075 2375 voluntatem
3111 2316 3226 2370 Dei.
3252 2314 3358 2369 Sed
3376 2312 3631 2383 quoniam
3656 2310 3799 2366 Deus
3818 2309 4056 2366 invictus

2481 2422 2537 2467 et
2563 2409 2925 2480 magnanimis
2953 2415 3059 2473 est,
3101 2405 3494 2480 umgnanimem
3540 2402 3757 2472 quidem
3786 2415 3849 2456 se
3896 2400 4055 2455 exhi-

2483 2501 2603 2554 buit
2630 2478 2697 2553 ad
2726 2497 3125 2565 correptionem
3154 2478 3264 2565 (85)
3300 2494 3553 2557 hominis,
3585 2502 3643 2546 et
3664 2490 4047 2560 probationem

2480 2588 2743 2653 onmium,
2773 2585 3226 2655 quemadmodum
3261 2582 3610 2653 praediximus
3631 2581 3709 2645 ’σς
3734 2595 3833 2649 per
3855 2594 4053 2634 secun-

2482 2682 2607 2734 dum
2641 2688 2821 2732 autem
2856 2677 3129 2731 hominem
3177 2674 3419 2743 alligavit
3454 2673 3646 2728 fortem
3667 2714 3685 2739 ,
3716 2682 3771 2728 et
3824 2670 4053 2742 diripuit

2479 2767 2599 2835 ejus
2620 2779 2771 2830 vasa,
2806 2772 2862 2819 et
2889 2764 3174 2819 evacuavit
3206 2771 3461 2826 mortem,
3490 2760 3771 2815 vivificans
3797 2775 3930 2815 eum
3952 2760 4049 2815 bo-

2480 2856 2701 2915 minem,
2728 2855 2819 2922 qui
2849 2851 3023 2908 fuerat
3078 2852 3452 2905 mortificatus.
3480 2848 3718 2905 Primum
3743 2849 3893 2903 enim
3923 2863 4051 2920 pos-

2481 2943 2739 2999 sessionis
2769 2941 2885 3011 ejus
2906 2955 3001 2994 vas
3029 2940 3199 2994 Adam
3231 2937 3407 2993 faetus
3424 2944 3529 3000 est,
3555 2949 3718 3005 queui
3744 2943 3802 2989 et
3830 2934 4051 2990 tenebat

2481 3036 2580 3091 sub
2614 3050 2711 3089 sua
2741 3043 3031 3104 potestate,
3060 3033 3163 3085 hoc
3193 3039 3299 3093 est,
3328 3026 3831 3098 praevaricationem
3864 3025 4053 3095 inique

806 3133 905 3174 cas
956 3118 1167 3175 initium
1216 3120 1579 3187 generationis
1624 3136 1653 3173 a
1710 3122 1938 3176 Domino
1981 3121 2275 3185 inclinans,
2320 3122 2373 3174 in
2411 3115 2435 3120 ⁷
2471 3126 2717 3185 inferens
2766 3123 2837 3187 ei,
2878 3132 2932 3175 et
2957 3136 3052 3191 per
3086 3120 3430 3174 occasionem
3458 3116 3569 3188 (86)
3602 3115 4050 3181 immortalitatis,

811 3208 981 3261 Adam
1026 3210 1227 3274 retulit,
1256 3210 1592 3280 significans.
1621 3212 1880 3279 quoniam
1933 3226 2038 3264 non
2086 3210 2164 3263 illi
2206 3212 2372 3276 hunc,

810 3297 904 3350 sed
937 3297 1025 3352 hic
1064 3299 1184 3353 illos
1227 3300 1281 3352 in
1313 3299 1660 3366 Evangelium
1708 3300 1832 3354 vita:
1871 3300 2228 3369 regeneravit.
2283 3301 2377 3355 Sic

808 3397 988 3440 autem
1016 3398 1070 3441 et
1111 3388 1235 3443 Evze
1266 3388 1649 3445 inobedientize
1672 3390 1843 3443 nodus
1869 3390 2192 3444 solutionem
2222 3405 2379 3445 acce-

812 3477 886 3545 pit
916 3493 1010 3545 per
1031 3478 1399 3532 obedientiam
1435 3477 1546 3548 (84)
1583 3478 1784 3531 Mariae.
1816 3478 1969 3544 Quod
2001 3481 2144 3532 cnim
2188 3480 2379 3550 alliga-

880 3634 926 3666 "
964 3635 1097 3688 Cen.
1128 3653 1191 3701 tt,
1214 3637 1304 3690 25.
1398 3638 1443 3670 "
1471 3638 1607 3691 Gen.
1639 3653 1711 3695 lli,
1744 3639 1796 3697 8,
1838 3637 1919 3699 I7,
1946 3638 2035 3703 20,
2062 3638 2151 3692 2!.

810 3703 898 3756 I8.
972 3704 1020 3737 ’⁸
1044 3708 1167 3761 Act.
1197 3723 1235 3768 I,
1263 3708 1312 3759 7.
1390 3706 1434 3737 "
1463 3706 1593 3775 Sup.
1625 3723 1743 3776 cap.
1771 3705 1886 3759 XX.

880 3866 991 3935 (77)
1018 3864 1301 3935 Oportebat
1352 3867 1489 3919 enim
1536 3866 1652 3918 illos
1684 3868 1853 3933 primo
1904 3868 2226 3933 adolescere,
2253 3878 2360 3923 etc.

811 3932 1103 4005 Peculiaris
1130 3932 1330 4005 Irenaeo
1376 3932 1782 4005 sententia,cui
1816 3950 1919 3989 non
1948 3937 2097 3990 multi
2132 3932 2368 4005 patroci-

815 4002 1121 4066 nahuntnr;
1153 4003 1355 4069 primos
1385 4003 1590 4070 scilicet
1622 4012 1872 4070 parentes
1908 4007 1961 4057 in
1992 4002 2187 4057 adnitar
2202 4014 2365 4057 aetate

810 4072 955 4150 Iraud
986 4068 1234 4136 creatos,
1280 4068 1531 4138 coniugio
1560 4068 1742 4125 statim
1782 4082 2024 4127 maturos
2054 4090 2159 4126 non
2192 4074 2363 4127 exsti-

810 4150 962 4192 11588.

879 4206 991 4276 (78)
1021 4205 1143 4277 Non
1161 4206 1315 4261 aliter
1344 4210 1481 4277 quod
1508 4209 1809 4277 colligatum
1833 4218 1905 4262 est
1930 4209 2229 4275 solveretur,
2258 4222 2363 4265 etc.

810 4275 1101 4333 Obscurior
1131 4284 1240 4344 tota
1288 4275 1402 4330 huic
1439 4275 1649 4332 Irenaei'
1684 4281 2086 4344 argumentatio
2128 4290 2227 4331 est.
2258 4280 2369 4332 Ma-

808 4348 947 4399 riam
974 4358 1094 4398 cum
1128 4343 1237 4397 Eva
1269 4347 1504 4408 confert,
1540 4343 1761 4400 alterius
1794 4348 1953 4399 tidem
1980 4363 2099 4397 cum
2147 4349 2368 4401 alterius

811 4412 1194 4476 lnobedicntio,
1225 4412 1447 4467 alterius
1471 4416 1798 4468 connubinm
1838 4430 1959 4467 cum
1994 4414 2216 4469 alterius
2237 4432 2366 4471 con-

803 4484 973 4553 jttgio.
997 4481 1482 4553 Quemadmodum,
1516 4485 1710 4550 inquit,
1742 4484 1850 4536 Eva
1899 4482 2023 4553 licet
2056 4483 2364 4553 conjugata,

812 4551 960 4617 virgo
1020 4558 1245 4618 tamen,
1303 4552 1677 4605 inobedientim
1728 4555 1884 4618 culpa
1946 4551 2371 4606 intricatisSimis

812 4616 975 4671 veluti
1007 4616 1162 4688 nodis
1194 4617 1454 4687 implicuit
1489 4632 1657 4672 totum
1695 4616 1871 4688 genus
1917 4620 2234 4684 humanum,
2280 4622 2367 4675 cui

809 4702 970 4740 causa
1030 4685 1171 4737 facta
1216 4685 1301 4739 est
1342 4690 1576 4742 mortis:
1610 4685 1771 4741 sic—et
1827 4687 1995 4741 Narin
2049 4692 2366 4755 desponsata

809 4756 949 4825 viro,
975 4755 1068 4807 sed
1099 4756 1270 4823 virgo,
1300 4755 1477 4825 lideet
1502 4757 1814 4811 obedientia
1853 4756 2021 4809 nodos
2052 4758 2211 4810 solvit
2236 4774 2372 4825 quos

812 4823 919 4875 Eva
950 4831 1303 4893 contente-rat
1329 4862 1343 4884 ,
1370 4824 1579 4890 sibique
1624 4835 1676 4878 et
1733 4825 1914 4893 generi
1946 4826 2178 4878 humano
2226 4823 2368 4880 facta

812 4904 1074 4962 estcausa
1101 4892 1309 4945 salutis.
1340 4893 1403 4944 lit
1435 4906 1715 4959 propterea
1749 4892 1877 4947 licet
1914 4896 2147 4946 nondum
2182 4904 2368 4962 nupta,

811 4964 906 5014 sed
930 4961 1251 5031 desponsata
1293 4970 1521 5031 tantum.
1553 4973 1607 5014 et
1637 4962 1811 5014 adhuc
1843 4963 1994 5031 virgo
2016 5004 2032 5026 ,
2076 4961 2368 5015 secundum

813 5032 982 5095 legem
1019 5040 1195 5080 tamen
1220 5029 1416 5083 dicitur
1442 5046 1579 5083 uxor
1618 5048 1630 5082 :
1672 5041 1728 5080 ut
1759 5033 1900 5096 quod
1935 5029 1964 5082 Ξι
2015 5032 2152 5084 lidcli
2189 5031 2370 5085 Mari-.0

810 5097 1080 5150 connubio
1113 5097 1164 5149 iu
1208 5097 1329 5151 Eme
1360 5113 1561 5152 nocens
1587 5096 1896 5166 coniugium
1932 5099 2091 5151 veluti
2140 5099 2368 5152 reﬂecti-

812 5177 923 5225 tur.
950 5166 1257 5219 distinctius
1289 5167 1645 5234 signiﬁcetur.
1681 5168 1834 5219 Sicut
1882 5169 2025 5221 enim
2060 5184 2179 5235 qua:
2216 5169 2367 5221 colli-

813 5245 937 5316 gata
969 5244 1130 5316 sunt,
1168 5235 1517 5316 pluribusque
1547 5236 1843 5288 constricta
1877 5237 2054 5316 nodis,
2086 5240 2137 5289 in
2171 5246 2368 5313 semet-

813 5304 961 5371 ipsos
988 5304 1300 5369 implicatis,
1339 5304 1473 5357 solvi
1534 5314 1830 5371 nequeunt,
1865 5304 1961 5371 nisi
1993 5307 2059 5357 ab
2109 5304 2369 5359 extremis

814 5370 909 5425 ttat
938 5372 1176 5433 initium;
1209 5389 1307 5425 nec
1332 5372 1421 5423 isti
1450 5370 1690 5437 expediri
1724 5370 1921 5433 valent,
1971 5374 2071 5425 nisi
2127 5375 2372 5427 vinculo-

813 5454 932 5494 rum
966 5440 1339 5494 extremitates
1370 5440 1713 5494 reflectantur
1740 5450 2039 5504 retrorsus;
2083 5458 2189 5509 quo
2218 5442 2277 5494 fit
2314 5450 2373 5495 ut

812 5509 1063 5562 secunda:
1089 5508 1496 5575 conjunctioues
1536 5510 1723 5577 prima:
1762 5510 2003 5562 omnium
2051 5508 2367 5575 solvantur,

811 5590 913 5629 nec
944 5578 1010 5629 ad
1043 5578 1245 5643 primas
1283 5578 1371 5630 Iiat
1402 5592 1690 5642 accessus,
1720 5578 1820 5631 nisi
1858 5580 2107 5646 secundis
2138 5580 2368 5646 primum

814 5646 1068 5704 resolutis
1102 5665 1114 5702 :
1162 5648 1242 5703 sic
1274 5658 1327 5704 et
1368 5649 1420 5704 iu
1460 5648 1711 5717 prmscnti
1757 5645 1993 5718 negotio'
2016 5645 2261 5718 contigit.
2290 5648 2371 5702 Ab

2252 3636 2296 3672 "
2332 3637 2515 3693 .llattlt.
2554 3656 2663 3700 xix,
2689 3638 2777 3702 50,
2807 3646 2860 3692 et
2891 3653 2979 3703 sx,
3012 3635 3097 3690 I6.

2479 3214 2951 3272 mortificationem
2982 3211 3191 3265 faciens
3220 3212 3271 3263 in
3296 3224 3440 3263 eum.
3476 3208 3684 3261 Etenim
3721 3208 4053 3277 promittens

2477 3306 2690 3361 futuros
2721 3317 2815 3357 eos
2844 3312 3097 3369 tanquam
3143 3300 3271 3354 deos
3300 3297 3460 3367 (quod
3484 3298 3531 3352 ei
3558 3312 3662 3351 non
3694 3307 3778 3351 est
3824 3298 4048 3351 omnino

2478 3392 2783 3465 possibile),
2815 3400 3042 3444 mortem
3080 3389 3207 3441 fecit
3238 3388 3293 3440 in
3347 3387 3467 3441 e'is:
3522 3386 3662 3439 umle
3708 3394 3761 3438 et
3818 3385 3968 3454 jnste
4016 3400 4047 3437 a

2481 3486 2590 3537 Deo
2626 3482 3010 3549 recaptivatus,
3041 3478 3130 3546 qui
3169 3476 3440 3530 hominem
3482 3477 3753 3545 captivqu
3778 3476 4044 3536 duxerat;

3204 3634 3253 3666 "
3280 3633 3422 3689 Psal.
3454 3649 3598 3700 κων,
3630 3634 3717 3688 I7.
3787 3634 3834 3666 "
3860 3632 3978 3689 Col.
4007 3648 4044 3699 I,

2474 3868 2595 3921 [ἔγω
2645 3868 2938 3927 connubio,
2991 3872 3212 3933 propter
3246 3862 3435 3933 hujus
3463 3862 3912 3933 iziobedientiam,
3943 3878 4043 3917 ae—

2472 3948 2585 3989 tera
2622 3937 2900 4003 deinceps,
2929 3930 3105 4003 usque
3135 3932 3200 3985 ad
3231 3930 3361 4003 illud
3395 3932 3573 4003 Maria
3598 3930 4043 4003 ,_t_itnlesti_ssimis

2472 4006 2701 4071 implexa
2752 3998 2927 4057 nodis.
2965 3998 3171 4071 Nodum
3204 4002 3375 4071 prima
3406 4000 3570 4053 solvit
3622 3998 3787 4051 Maria
3838 4000 3943 4055 fide
3990 4009 4043 4054 et

2471 4069 2817 4135 nhédientia;
2876 4086 2976 4124 nec
3026 4069 3126 4124 sibi
3185 4069 3344 4121 solvit
3417 4078 3658 4131 tantum,
3728 4071 3824 4121 sed
3860 4078 3915 4121 et
3955 4083 4041 4122 so-

2471 4142 2599 4193 lutio
2630 4156 2747 4207 qua:
2778 4142 2845 4193 ah
2872 4154 2934 4192 ea
2958 4140 3099 4207 cepit
3132 4138 3367 4197 initium,
3388 4137 3535 4191 velut
3553 4136 3782 4191 circuitu
3806 4140 4039 4205 quodam

2475 4211 2525 4261 iu
2565 4206 2729 4263 Evam
2763 4210 2955 4262 reﬂexa
2989 4206 3105 4260 est:
3135 4206 3271 4259 adeo
3296 4216 3351 4258 nt
3391 4207 3621 4273 primum
3651 4207 3983 4259 connubinm
4008 4221 4037 4258 a

2471 4280 2709 4331 secundo
2740 4278 3061 4331 solutionem
3102 4275 3403 4341 acceperit;
3440 4275 3490 4326 id
3518 4282 3619 4335 est,
3656 4274 3818 4342 hujus
3840 4276 4040 4328 sancti-

2476 4356 2583 4399 tate
2642 4356 2927 4415 purgatunt
2980 4346 3127 4415 illud
3166 4342 3346 4396 fuerit.
3376 4343 3500 4397 Ilaec
3525 4354 3675 4396 certe
3704 4353 3758 4397 et
3786 4358 3913 4411 qua
3952 4358 4037 4397 se-

2471 4425 2729 4482 quuntur,
2765 4414 2925 4482 paulo
2949 4414 3259 4466 subtiliora.

2540 4484 2651 4550 (79)
2685 4481 3111 4550 (lonjunctiones.
3141 4482 3271 4542 Alii,
3298 4481 3718 4550 conjngatioms.

2541 4546 2652 4623 (80)
2686 4546 3031 4617 Colligatione
3078 4550 3286 4623 solvere
3434 4546 3849 4623 colligationem.
3909 4548 4035 4623 Alii,

2470 4617 2841 4689 coniugatione
2969 4620 3411 4689 conjugatiouem.
3462 4620 3567 4671 Sed
3612 4619 3741 4670 solvi
3782 4617 4036 4670 libentius

2474 4686 2728 4753 legerem,
2760 4703 2920 4756 quam
2943 4686 3161 4756 solvere.

2542 4758 2653 4827 (81)
2694 4752 2906 4812 Prinne.
2970 4755 3145 4819 Eras.,
3205 4754 3367 4817 Gall.,
3417 4755 3622 4808 Arund.
3672 4764 3728 4806 ct
3760 4752 3929 4808 Herc.
3980 4755 4034 4818 Ξ,

2489 4843 2719 4878 mmtmt.

2471 4844 2719 4893 primum.

2541 4895 2672 4964 (82)
2741 4893 2997 4963 Propheta
3048 4901 3243 4944 autem.
3298 4891 3548 4953 Antnd.,

2472 4964 2607 5015 dem.

2545 5032 2655 5101 (δό)
2686 5030 2950 5101 Panibus.
2980 5028 3103 5083 Tuis
3127 5032 3267 5097 quod
3298 5028 3500 5082 addunt
3549 5026 3704 5081 editt.
3729 5028 3891 5082 omisi
3918 5043 4036 5081 cum

2471 5100 2711 5153 Clarum.
2742 5110 2797 5152 ct
2826 5100 2979 5152 Voss.

2541 5170 2653 5239 (86)
2689 5168 3070 5221 chdieutiam.
3104 5165 3196 5239 Ila:
3239 5179 3420 5239 voces,
3467 5163 3665 5239 obedio,
3718 5164 4032 5239 ohedieulia,

2472 5232 2844 5297 inobedicnlia,
2877 5252 2981 5289 non
3021 5236 3208 5288 eodem
3240 5232 3395 5287 modo
3419 5234 3731 5286 scribuntur
3772 5233 3826 5284 in
3856 5234 4033 5296 codtL,

2475 5309 2524 5359 in
2553 5308 2637 5360 his
2680 5320 2894 5371 semper
2920 5306 3170 5363 obnudio,
3218 5302 3573 5371 obaudi‘entia,
3608 5301 3658 5353 in
3717 5302 3847 5361 illis,
3881 5304 4035 5354 modo

2473 5378 2677 5439 obedlo,
2725 5369 2885 5427 modo
2943 5373 3191 5435 obundio,
3240 5382 3350 5424 etc.
3402 5369 3510 5422 Nos
3559 5382 3777 5422 servata
3842 5372 4035 5436 ubique

2472 5446 2661 5496 eadem
2717 5442 2989 5495 scribendi
3043 5442 3266 5501 ratione,
3301 5454 3367 5491 cx
3422 5452 3570 5491 more
3623 5454 3769 5491 nunc
3822 5449 4037 5507 recepto

2472 5519 2786 5565 constanter
2815 5508 3185 5569 cxarnvimus,
3213 5509 3413 5569 obedio,
3438 5506 3755 5561 obcdicntin.

2687 5578 3102 5650 Qorreptiouem.
3135 5577 3663 5650 Al.,corrrct_ionesu.

2546 5644 2656 5719 (86)
2693 5647 2797 5705 Per
2827 5644 3167 5702 occasionem.
3208 5645 3262 5700 Id
3291 5653 3372 5701 est
3397 5644 3491 5698 sub
3520 5654 3801 5710 pro-texta.

3611 4891 3868 4959 praplteta
3927 4892 4040 4959 qui-
