4222 6320
795 412 903 469 96⁸5

1537 404 1593 459 S.
1630 402 1893 461 ΙΒΕΝΑΞΐ
1914 404 2223 462 EPISCOPI
2248 403 2731 463 LUGDUNENSiS
2760 405 2848 461 ET
2882 404 3237 462 MAR'I'YRIS

3922 412 4011 471 θα

797 534 941 580 esset
974 525 1051 592 (ι)
1078 520 1245 592 frater
1270 521 1423 590 ejus?
1457 539 1475 571 ι
1508 521 1724 584 Nescio,
1749 522 1857 577 ait:
1908 523 2147 589 nunquid
2187 532 2369 577 custos
2399 541 2441 593 Α
2474 532 2577 574 non
2630 521 3015 593 lnterrogmit,
3084 523 3295 577 sciebat
3339 523 3481 578 enim
3535 535 3658 577 eum
3734 522 4007 597 principem

796 618 985 669 fratris
1008 615 1109 668 mei
1143 629 1260 667 smn
1294 627 1395 682 ego
1418 612 1481 667 οἳ
1514 632 1532 663 ι
1574 616 1877 667 extendens
1901 623 1956 667 et
1999 613 2361 681 multiplicans

2465 613 2909 677 transgreSsionis
2940 613 3146 667 factum
3168 629 3182 666 :
3208 613 3299 666 sed
3329 612 3675 668 maledictum
3719 612 3899 682 primo
3918 615 4007 667 im-

793 707 997 763 malum
1048 720 1145 773 per
1188 704 1615 773 responsionem.
1672 702 1883 758 Etenim
1925 705 1970 757 si
2026 704 2220 756 malum
2278 712 2363 757 est
2463 700 2611 752 misit
2639 701 2691 752 in
2726 714 2875 761 eum,
2904 702 2984 753 uti
3018 701 3251 755 secunda
3282 699 3711 771 increpatio(l2)
3737 702 3936 756 veniret
3961 703 4007 755 in

789 798 1043 853 occidere
1077 796 1321 857 (χιιι-ειη.
1348 796 1515 849 multo
1544 795 1696 864 pejus
1724 796 1806 850 sic
1834 796 2092 849 audacter
2123 805 2179 848 et
2216 794 2358 849 irre-

2461 789 2755 843 liominem.
2791 789 2921 845 Eum
2948 791 3091 845 enim
3138 791 3308 846 odivit
3351 786 3515 856 Deus,
3547 792 3637 862 qui
3666 794 3883 848 seduxit
3924 792 4010 848 bo-

794 898 1048 944 verenter
1083 889 1410 953 respondere
1434 888 1612 942 omnia
1636 888 1827 942 scienti
1855 888 1984 953 Deo,
2007 888 2162 957 quasi
2189 888 2361 957 possit
2460 877 2679 941 minem;
2711 877 2760 932 εἷ
2788 892 2918 933 vero
2970 880 3352 948 qui'seducws
3372 889 3475 943 θειν
3507 882 3706 935 εθιιείω
3736 880 4009 949 {Humum

792 978 1043 1032 frustrari
1075 993 1220 1031 eum.
1257 976 1487 1047 Propter
1530 979 1632 1033 boc
1662 987 1716 1033 et
1761 978 1877 1046 ipse
1923 977 2357 1032 maledictionem

790 1070 1045 1139 portavit,
1067 1070 1321 1137 quoniam
1347 1082 1376 1120 ει
1404 1080 1465 1121 se
1493 1080 1769 1133 peccatum
1798 1068 1916 1121 tulit
1938 1067 2039 1139 (5),
2069 1082 2175 1121 non
2207 1081 2359 1123 reve-

788 1160 927 1214 ritus
956 1159 1144 1218 Deum.
1178 1172 1351 1228 nequc
1381 1156 1642 1212 confusus
1675 1156 1728 1209 in
1760 1156 2065 1213 fratricidio
2094 1156 2195 1227 (6).

858 1249 913 1305 5.
940 1249 961 1281 ⁹
982 1248 1139 1303 Circa
1178 1247 1351 1301 Adam
1384 1255 1565 1300 autem
1598 1244 1731 1297 nihil
1765 1244 1869 1298 tale
1900 1243 2099 1297 factum
2122 1256 2225 1310 est,
2259 1246 2353 1301 sed

779 1336 968 1392 omnia
994 1336 1045 1388 in
1079 1333 1440 1390 contrarium.
1469 1331 1548 1385 Ab
1574 1330 1749 1385 altero
1778 1330 1923 1383 enim
1960 1328 2217 1384 seductus
2248 1330 2355 1386 sub

780 1426 1071 1491 occasione
1104 1425 1181 1495 (τ)
1209 1421 1668 1488 immortalitatis,
1713 1421 1897 1475 statim
1947 1422 2142 1475 timore
2171 1419 2351 1475 corri-

778 1514 951 1581 pitur,
994 1523 1058 1568 et
1117 1512 1508 1567 absconditur:
1546 1523 1659 1565 non
1701 1512 1856 1579 quasi
1900 1511 2069 1580 possit
2113 1508 2352 1580 eii'ugere

785 1602 980 1664 Deum,
1016 1601 1110 1655 sed
1162 1598 1745 1667 confusus,‘qucniam
1788 1606 2161 1668 transgressus
2215 1608 2352 1667 prte-

770 1686 998 1758 7ceptum
1029 1688 1167 1756 eius,
1195 1688 1446 1757 indiguus
1476 1694 1561 1741 est
1583 1686 1770 1740 venire
1799 1686 1852 1739 in
1888 1697 2239 1754 conspectum
2293 1692 2350 1740 et

779 1781 1116 1849 colloquium
1145 1780 1259 1836 Dei.
1289 1796 1307 1830 ι
1339 1778 1525 1833 Timor
1545 1796 1569 1830 ι
1610 1788 1788 1832 autem
1824 1794 1848 1827 ι
1893 1775 2104 1831 Domini
2128 1774 2344 1831 initium

2457 977 2565 1033 que
2601 960 2857 1032 misertus
2894 976 2999 1021 est.

2526 1053 2580 1109 6.
2615 1054 2960 1126 Quapmpter
2988 1065 3044 1110 ct
3093 1055 3253 1126 ejecit
3298 1072 3420 1112 eum
3447 1059 3514 1112 de
3554 1058 3831 1126 paradiso.
3878 1070 3932 1115 et
3980 1075 4007 1114 a

2456 1141 2602 1212 ligno
2634 1145 2757 1199 vitae
2782 1147 2936 1216 longe
2968 1148 3287 1202 transtulit:
3322 1162 3426 1202 non
3470 1148 3713 1204 invidens
3739 1150 3787 1203 ei
3819 1150 4007 1219 lignum

2454 1232 2601 1296 vitae,
2623 1235 3077 1301 quemadmodum
3104 1237 3318 1305 quidam
3343 1238 3547 1293 audent
3581 1238 3899 1311 dicere(l3),
3920 1241 4008 1294 sed

2458 1323 2726 1392 miserans
2741 1324 2880 1393 ejus,
2898 1338 3076 1380 utnon
3099 1340 3379 1393 persevera
3388 1336 3469 1381 ret
3491 1341 3703 1398 semper
3719 1338 4011 1398 transgres-

2452 1427 2565 1478 sor;
2595 1430 2773 1485 neque
2815 1417 3119 1471 immortale
3157 1426 3299 1472 esset
3327 1418 3469 1488 quod
3516 1430 3661 1474 esset
3687 1419 3836 1475 circa
3886 1436 4006 1475 eum

2450 1516 2755 1574 peccatum,
2815 1519 2872 1564 et
2906 1508 3104 1563 malum
3154 1508 3553 1567 interminabile
3606 1521 3659 1566 et
3692 1513 4002 1570 insanabile.

2448 1593 2733 1653 Proliibuit
2763 1610 2945 1654 autem
2972 1603 3089 1669 ejus
3119 1603 3627 1671 transgressionem,
3663 1604 4005 1674 interponens

2448 1690 2697 1752 mortem,
2725 1698 2781 1749 et
2812 1704 3033 1745 cessare
3084 1692 3291 1746 faciens
3324 1703 3627 1760 peccatum,
3661 1696 3823 1749 linem
3875 1696 4007 1749 inle-

2449 1790 2573 1831 rens
2591 1777 2642 1831 ei
2674 1792 2771 1847 per
2790 1781 2970 1834 carnis
3001 1783 3403 1845 resolutionem,
3425 1796 3543 1850 qua:
3568 1783 3723 1838 ﬁeret
3757 1786 3815 1837 in
3840 1795 4003 1840 terra:

788 1870 1153 1939 intelligentiae
1194 1868 1275 1934 ης
1323 1886 1343 1920 ι
1380 1868 1687 1922 intellectus
1714 1881 1843 1920 vero
1902 1865 2346 1937 transgressionis
2375 1855 2419 1911 Β
2448 1866 2523 1919 ιιιί
2553 1882 2774 1924 cessans
2805 1871 3095 1941 aliquando
3129 1872 3288 1927 homo
3317 1874 3497 1929 vivere
3520 1884 3765 1943 peccato,
3792 1885 3847 1929 et
3900 1891 4008 1929 mo-

777 1958 912 2012 fccit
940 1957 1314 2026 paniteiitiam
1336 1975 1350 2011 :
1375 1955 1764 2023 pmnitentibus
1786 1964 1963 2009 autem
1989 1953 2231 2024 largitur
2251 1953 2345 2007 be-

782 2048 1094 2118 nignitatem
1122 2045 1195 2119 (8)
1227 2062 1377 2102 suam
1429 2048 1591 2101 Deus.
1651 2045 1863 2099 Etenim
1895 2058 1991 2113 per
2022 2044 2342 2100 succincto-

776 2138 926 2192 eium
948 2138 1001 2191 in
1029 2136 1173 2190 {acto
1206 2136 1447 2192 ostendit
1468 2148 1622 2189 suam
1645 2133 2056 2203 penitentiam,
2088 2130 2233 2187 foliis
2278 2131 2345 2185 li-

777 2228 989 2282 culneis
1015 2227 1363 2294 semetipsum
1384 2233 1702 2293 contegens,
1720 2223 2110 2278 exsistentibus
2136 2231 2194 2277 et
2218 2221 2343 2277 aliis

772 2318 923 2373 toliis
972 2315 1175 2380 multis,
1217 2330 1339 2384 quae
1369 2316 1549 2369 minus
1599 2327 1800 2381 corpus
1848 2314 1966 2379 ejus
1994 2327 2197 2368 vexare
2246 2327 2342 2382 po-

787 2406 1020 2461 tuissent
1056 2422 1070 2458 :
1100 2405 1436 2474 condignum'
1458 2412 1638 2458 tamen
1666 2402 2043 2458 inobedientias
2081 2403 2339 2458 amictum

775 2495 929 2557 fecit,
954 2495 1289 2549 conterritus
1322 2494 1517 2548 timore
1564 2491 1679 2557 Dei;
1700 2500 1757 2546 et
1785 2493 2078 2548 retundens
2100 2492 2342 2561 petulan-

772 2593 885 2639 tem
921 2585 1103 2639 carnis
1133 2586 1413 2651 impetum,
1446 2582 1701 2651 quoniam
1733 2582 1965 2637 indolem
1990 2593 2046 2637 et
2074 2584 2337 2653 puerilem

771 2672 1036 2728 emiserat
1055 2686 1269 2727 sensum
1288 2671 1386 2744 (9),
1404 2672 1539 2725 etin
1555 2671 1941 2740 cogitationem
1963 2670 2202 2740 peiorum
2228 2672 2337 2745 (10)

776 2767 1038 2827 venerat,
1071 2758 1283 2814 frenum
1311 2759 1664 2815 continentia
1689 2758 1792 2813 sibi
1825 2768 1878 2812 et
1902 2760 2057 2813 uxori
2086 2774 2200 2815 sua:
2229 2761 2339 2815 cir-

773 2852 1067 2912 enmdedit.
1109 2852 1305 2906 timens
1354 2849 1542 2912 Deum,
1582 2859 1638 2901 et
1672 2849 1961 2906 adventum
2003 2851 2120 2917 eius
2152 2864 2339 2919 exspe-

768 2948 947 3006 ctans,
970 2948 1024 2995 et
1046 2940 1193 2995 velut
1222 2940 1327 2994 tale
1366 2938 1494 3007 quid
1523 2936 1837 3007 signiﬁcans
1875 2956 1887 2991 :
1929 2937 2218 3007 Quoniam,
2250 2942 2335 2994 ln-

768 3031 910 3099 qnit,
941 3045 1062 3086 eam
1090 3045 1253 3100 quam
1287 3028 1454 3084 babui
1482 3044 1513 3082 a
1540 3030 1766 3097 Spiritu,
1798 3032 2104 3086 sanctitatis
2142 3031 2332 3087 stolam

2447 1955 2594 2012 riens
2619 1959 2690 2019 ei.
2720 1960 2987 2029 inciperet
3015 1961 3197 2015 vivere
3226 1961 3354 2017 Deo.

2516 2041 2567 2103 7.
2598 2051 2641 2082 "
2696 2048 3036 2120 Quapropter
3086 2049 3428 2104 inimicitiam
3480 2051 3661 2119 posuit
3710 2052 3853 2106 inter
3894 2065 4004 2108 ser-

2441 2152 2657 2213 pentem
2695 2150 2751 2195 et
2779 2140 3083 2205 mulierem,
3132 2151 3183 2197 et
3217 2156 3399 2197 semen
3450 2142 3603 2211 ejus,
3657 2143 4004 2196 observantes

2442 2231 2708 2285 invicem:
2744 2230 2835 2285 illo
2855 2231 3075 2299 quidem
3100 2232 3185 2287 cui
3212 2236 3553 2288 morderetur
3580 2232 3693 2305 (14)
3723 2233 3927 2303 planta,
3953 2242 4003 2285 et

2440 2329 2662 2390 potente
2681 2320 3038 2391 (15),calcare
3066 2331 3226 2391 caput
3246 2322 3473 2385 inimici;
3505 2324 3677 2377 altero
3707 2336 3832 2375 vero
3861 2336 4000 2373 mor-

2440 2412 2626 2475 dente,
2648 2412 3012 2467 etoccidente
3072 2421 3127 2467 et
3160 2412 3570 2482 interpe'diente,
3605 2413 3880 2480 ingressus
3909 2410 4001 2463 bn-

2440 2500 2635 2566 minis,
2657 2501 3012 2571 quoadusque
3044 2503 3191 2555 venit
3219 2517 3403 2557 semen
3430 2503 3869 2571 prtedestinatnm
3895 2501 4002 2554 cal-

2449 2604 2575 2647 care
2603 2600 2765 2662 eaput
2787 2592 2924 2662 ejus,
2948 2593 3093 2661 quod
3116 2593 3214 2648 fuit
3238 2603 3426 2662 partus
3453 2592 3652 2654 Marias.
3697 2592 3765 2645 de
3793 2600 3901 2661 quo
3930 2591 4001 2643 ait

2441 2678 2710 2747 Propheta
2740 2678 2783 2711 "
2811 2697 2825 2733 :
2856 2697 2877 2731 ι
2917 2679 3095 2749 Super
3123 2681 3362 2750 aspidem
3392 2690 3448 2736 et
3472 2679 3785 2734 basiliscnm
3816 2679 4001 2733 ambu-

2441 2765 2600 2831 labis,
2635 2776 2689 2822 et
2715 2766 3292 2825 conculcabisleonem
3321 2777 3379 2823 et
3421 2768 3744 2833 draconem;
3779 2788 3798 2820 ι
3839 2769 4001 2840 signi-

2439 2853 2607 2910 lieans
2638 2858 2761 2923 quia
2795 2857 2924 2912 illud
2957 2860 3103 2928 quod
3141 2858 3443 2926 erigeretnr
3469 2867 3529 2913 et
3569 2858 3891 2913 dilataretur
3910 2859 4001 2913 Id-

2437 2957 2631 2998 versus
2667 2945 2942 2999 hominem
2988 2955 3288 3015 peccatum,
3334 2954 3388 3001 ct
3439 2947 3693 3017 frigidum
3746 2947 4001 3002 reddebat

2435 3046 2580 3098 eum,
2619 3045 2979 3089 evacuaretur
3026 3050 3151 3090 cum
3185 3043 3445 3105 regnante
3483 3044 3676 3101 morte;
3710 3045 3766 3089 et
3786 3036 4004 3090 concul-

772 3122 931 3177 amisi
962 3137 1057 3189 per
1099 3122 1543 3187 inobedientiam,
1566 3130 1628 3176 et
1672 3135 1817 3175 nunc
1868 3134 2137 3190 cognosco
2188 3123 2335 3192 quod
2357 3159 2403 3218 ο
2436 3131 2653 3176 caretur
2680 3122 2749 3177 ab
2774 3136 2841 3177 eo
2865 3122 2919 3176 in
2948 3123 3255 3177 novissimis
3280 3123 3616 3191 temporibus
3639 3124 3883 3179 insiliens
3910 3126 4003 3179 hu-

774 3212 875 3265 siin
904 3212 1095 3280 dignus
1124 3211 1217 3266 tali
1248 3222 1583 3283 tegumento,
1615 3213 1755 3281 quod
1780 3212 2188 3267 delectationem
2210 3212 2331 3281 qui-

769 3304 894 3358 dem
928 3303 1129 3357 nullam
1178 3315 1417 3371 praestat,
1451 3305 1658 3359 mordet
1688 3316 1868 3358 autem
1895 3311 1945 3359 et
1965 3303 2155 3373 pungit
2206 3315 2331 3357 cor-

771 3406 894 3459 pus.
930 3392 998 3447 Et
1022 3394 1122 3448 hoc
1152 3395 1403 3451 videlicet
1459 3410 1674 3467 semper
1728 3394 2005 3448 babuisset
2048 3392 2331 3447 indumen-

774 3493 910 3549 tum,
938 3484 1231 3539 linmilians
1258 3487 1631 3554 semetipsum,
1685 3487 1787 3540 nisi
1819 3482 2098 3547 Dominus,
2126 3483 2219 3551 qui
2245 3491 2329 3536 est

772 3574 1108 3641 misericors,
1129 3578 1339 3630 tunicas
1370 3577 1619 3645 pollicens
1648 3591 1743 3646 pro
1776 3575 1918 3629 foliis
1953 3571 2197 3627 liculneis
2245 3571 2327 3626 in-

770 3665 978 3719 duisset
1024 3680 1142 3720 eos.
1175 3664 1403 3735 Propter
1442 3668 1546 3721 hoc
1571 3676 1747 3720 autem
1781 3672 1835 3718 et
1860 3664 2163 3732 interrogat
2210 3674 2326 3728 eos,

772 3754 849 3806 uti
890 3755 957 3806 ad
984 3753 1267 3807 mulierem
1293 3759 1505 3809 veniret
1545 3753 1843 3820 accusatio;
1875 3762 1928 3809 et
1960 3752 2100 3806 illam
2145 3766 2331 3807 rursus

771 3842 1092 3911 interrogat,
1116 3842 1191 3895 uti
1232 3842 1300 3896 ad
1328 3853 1633 3911 serpentem
1664 3842 2062 3896 transmitteret
2108 3854 2331 3894 causam

773 3928 910 4000 (il).
931 3930 1232 3985 Dixitenim
1258 3932 1397 3999 quod
1426 3933 1601 3985 fuerat
1624 3931 1861 3989 factum:
1891 3947 1914 3981 ι
1940 3928 2193 3999 Serpens,
2232 3931 2329 3992 ait,

769 4018 987 4073 seduxit
1017 4032 1101 4072 me
1122 4019 1307 4088 222,
1330 4028 1384 4075 et
1411 4020 1730 4075 manducavi
1753 4020 1842 4075 υ.»
1868 4020 2180 4088 Serpentem
2200 4033 2330 4074 vero

836 4157 860 4187 "
891 4156 1027 4213 Gen.
1059 4171 1135 4221 tv,
1164 4155 1218 4211 9.

771 4225 817 4257 “
853 4225 996 4279 I‘sal.
1042 4240 1128 4285 xc,
1164 4226 1251 4277 l3.
1363 4222 1595 4278 n-lCor.
1624 4239 1713 4283 xv,
1738 4222 1825 4277 26.

841 4339 917 4409 (4)
962 4336 1061 4409 ωε
1107 4346 1258 4391 esset.
1312 4336 1441 4391 Abel
1486 4335 1702 4389 additur
1736 4335 1787 4389 in
1837 4334 2003 4388 cditt.
2032 4334 2138 4389 Sed
2171 4333 2321 4387 deest

769 4408 823 4461 in
847 4406 1051 4461 omnib.
1079 4412 1211 4460 mss.

839 4476 917 4541 (5)
956 4477 998 4527 A
1022 4483 1100 4527 ’σε
1145 4484 1413 4541 peccatum
1438 4472 1579 4527 tulit.
1614 4471 1688 4525 Ita

767 4544 963 4613 partim
1004 4558 1068 4597 ex
1095 4540 1276 4613 .Merc.
1306 4544 1367 4613 _2_,
1409 4542 1567 4613 codd.
1606 4542 1836 4613 reposui.
1880 4540 2319 4613 Iuntllarumale-

766 4608 936 4679 gitur,
990 4628 1020 4663 a
1070 4626 1158 4675 se;
1202 4612 1254 4663 in
1303 4610 1469 4664 Mere.
1512 4608 1572 4671 2,
1625 4608 1765 4679 tulit.
1818 4610 1871 4661 In
1904 4609 2026 4661 aliis
2070 4608 2322 4679 omnibus

767 4678 1050 4749 perperam
1102 4691 1156 4732 et
1204 4679 1323 4733 sine
1367 4692 1547 4739 sensu,
1605 4678 1674 4728 ad
1704 4687 2069 4749 tepescatum
2113 4678 2319 4749 attulit.

766 4742 1073 4803 Ceiiuinam
1116 4760 1295 4801 autem
1327 4760 1447 4798 esse
1491 4742 1731 4799 uestram
1779 4742 2063 4798 lectionem
2096 4742 2320 4797 demon-

769 4826 905 4868 strat
956 4817 1097 4883 quod
1146 4815 1397 4881 pra-redit
1431 4830 1444 4866 :
1478 4813 1641 4883 multo
1699 4812 1845 4883 pejus
1892 4814 1967 4865 sic
2016 4813 2322 4883 respondere

766 4884 944 4935 omnia
974 4880 1188 4937 'scieuti.
1226 4883 1357 4944 Deo,
1414 4882 1563 4950 quasi
1611 4884 1772 4947 possit
1815 4880 2083 4948 frustrari,
2117 4880 2192 4950 id
2238 4889 2316 4933 est

770 4953 956 5005 fallere
985 4967 1121 5005 eum.
1159 4952 1285 5011 Inde.
1316 4948 1441 5017 ergo
1479 4950 1891 5003 maledictiouem
1922 4948 2169 5016 portavit,
2201 4965 2323 5017 quo-

769 5020 909 5071 niam
932 5037 963 5072 α
992 5035 1045 5073 se
1070 5030 1339 5085 peccatum
1368 5018 1523 5081 tulit;
1550 5019 1599 5069 id
1636 5030 1740 5083 est,
1764 5018 2016 5083 quoniam
2048 5032 2077 5067 ιι
2112 5031 2171 5070 se
2198 5032 2323 5083 pec»

767 5098 947 5207 fatum
984 5089 1226 5151 abstulit,
1265 5086 1554 5155 ablegavit,
1588 5096 1928 5156 perpetrasse
1976 5098 2036 5138 se
2064 5085 2320 5139 dissimu—

786 5166 918 5207 aut.

786 5157 918 5208 urit.

836 5224 915 5295 (ti)
958 5221 1298 5295 Fratricidio.
1340 5222 1575 5276 Feuard.
1632 5224 1685 5276 in
1740 5238 1937 5293 marg.,
1968 5222 2210 5276 Clarom.
2268 5231 2323 5273 et

767 5292 1003 5347 Arniul..
1032 5294 1339 5356 parricidio.

842 5362 917 5427 (ἶ)
957 5360 1062 5414 Sub
1096 5366 1401 5430 occasione.
1466 5358 1564 5430 Sic,
1598 5360 1869 5430 πρόφασιν
1916 5365 2324 5430 vertereamat

771 5430 1062 5496 interpres.
1095 5429 1327 5481 l‘critior
1352 5429 1486 5482 alter
1518 5429 1603 5483 hic
1632 5429 1939 5495 prwtextum
1975 5429 2318 5482 reddidisset.

769 5499 876 5548 Sed
908 5508 971 5549 uc.
1001 5500 1084 5550 bis
1117 5511 1337 5555 monere
1364 5498 1619 5564 deinceps
1653 5498 2000 5564 superlinum.

836 5566 914 5635 (8)
958 5566 1355 5635 benignitatem.
1397 5569 1626 5627 Aruud.,
1659 5566 1961 5618 bonitatem.

840 5633 916 5701 (il)
958 5634 1217 5699 Quoniam
1265 5634 1493 5685 indolem
1541 5646 1585 5687 et
1636 5637 1881 5698 puerilem
1916 5633 2157 5684 (inliserat
2206 5648 2323 5685 sen-

768 5720 902 5757 sum.
946 5703 1145 5755 IIOl‘illll
1199 5703 1611 5769 explicationem
1652 5703 1818 5754 babes
1866 5717 2026 5768 supra
2062 5715 2182 5768 cap.
2225 5702 2317 5764 "22,

1721 4472 1919 4539 partim
1951 4486 2015 4525 ex
2060 4470 2320 4534 Clarom.,

1309 4157 1330 4189 ’
1363 4155 1493 4224 Cap.
1539 4154 1801 4224 XXXVII.
1874 4152 1920 4186 “
1962 4153 2099 4208 l‘sal.
2130 4169 2231 4217 cx,
2266 4152 2333 4208 l0
2371 4163 2425 4207 et
2473 4154 2633 4210 Prov.
2664 4170 2717 4218 ι,
2760 4155 2812 4211 7.

2437 3224 2597 3264 manu
2618 3212 2801 3279 generi
2828 3211 2933 3273 leo,
2959 3211 3059 3266 hoc
3095 3222 3177 3265 est
3204 3212 3596 3278 Antichristus;
3622 3221 3676 3267 et
3704 3216 3999 3268 draconem

2433 3299 2612 3367 illum,
2643 3310 2948 3369 serpentem
2985 3309 3276 3365 vetustum,
3326 3301 3551 3370 alligans
3604 3311 3660 3356 et
3709 3302 4001 3371 subjicicns

2435 3390 2683 3459 potestati
2712 3390 2969 3454 hominis,
3007 3392 3097 3460 qui
3143 3390 3316 3443 fuerat
3361 3390 3553 3454 victus,
3585 3391 3651 3444 ad
3682 3391 3999 3455 calcandam

2434 3493 2649 3533 omnem
2683 3480 2798 3549 ejus
2840 3481 3119 3535 virtutem.
3165 3474 3355 3535 Victus
3408 3490 3586 3535 autem
3628 3491 3746 3535 erat
3802 3483 4000 3545 Adam,

2434 3569 2610 3623 ablata
2643 3569 2707 3623 ab
2737 3582 2801 3625 eo
2830 3572 2975 3625 omni
3005 3569 3113 3642 (i6)
3146 3571 3287 3624 vita:
3323 3582 3539 3640 propter
3568 3572 3672 3625 boc
3703 3572 3848 3626 victo
3881 3588 4003 3626 rur-

2431 3675 2527 3714 sus
2557 3660 2777 3715 inimico
2804 3662 3009 3730 recepit
3048 3663 3215 3715 vitam
3246 3661 3438 3725 Adam;
3467 3680 3487 3712 ι
3521 3662 3817 3716 novissima
3853 3682 3872 3715 ι
3897 3678 3999 3718 au-

2430 3759 2535 3802 tem
2580 3765 2603 3799 ε
2639 3750 2856 3804 inimica
2905 3760 3198 3805 evacuatur
3248 3766 3392 3803 mors
3427 3751 3500 3815 “,
3544 3772 3562 3804 ι
3597 3768 3719 3822 qua:
3761 3756 4000 3821 primum

2431 3839 2748 3907 possederat
2776 3841 3075 3896 hominem.
3112 3840 3459 3909 Quapropter
3482 3842 3719 3897 liberato
3758 3846 3999 3910 nomine,

2438 3948 2457 3980 ι
2500 3932 2589 3984 liet
2614 3930 2756 3998 quod
2790 3932 3051 4000 scriptum
3074 3940 3191 3985 est:
3220 3934 3487 4001 Absorpta
3525 3945 3608 3986 cst
3636 3950 3787 3989 mors
3833 3940 3886 3989 iu
3914 3937 3999 3988 vi-

2428 4022 2641 4086 ctoria;
2699 4020 2794 4075 ubi
2829 4030 2911 4075 est
2954 4034 3101 4075 mors
3151 4021 3373 4075 victoria
3420 4022 3544 4075 tua?
3582 4021 3680 4077 Ubi
3722 4033 3807 4078 est
3854 4040 4001 4080 mors

2924 4150 2965 4186 ¹¹
3002 4153 3136 4211 Gen.
3171 4171 3226 4210 tu
3252 4194 3267 4219 ,
3303 4157 3389 4212 13.
3469 4157 3511 4188 ’³
3529 4156 3661 4227 Cap.
3700 4158 3997 4217 XXXVIII.

2432 4351 2488 4391 n.
2531 4334 2562 4387 ι
2590 4351 2604 4388 :
2632 4332 2909 4399 Quoniam,
2944 4332 3139 4403 inquit,
3167 4334 3327 4401 paulo
3364 4344 3486 4387 ante
3514 4334 3645 4403 facti
3693 4335 3892 4403 (Adam
3944 4350 4002 4394 et

2354 4414 2403 4471 ι)
2432 4403 2561 4471 Eva)
2594 4416 2695 4455 non
2724 4403 3039 4471 intellectum
3062 4402 3317 4455 habebant
3344 4402 3577 4469 ﬁliorum
3600 4408 3999 4471 generationis;

2427 4469 2691 4537 Oportebat
2743 4472 2881 4522 enim
2925 4469 3044 4523 illos
3089 4472 3257 4537 primo
3309 4469 3636 4534 adolescere}
3688 4474 3879 4526 dehinc
3922 4469 4001 4529 sic

2424 4539 2787 4606 multiplicari.
2818 4539 3082 4607 Supponit
3110 4539 3277 4607 igitur
3299 4538 3555 4603 Ireutetis,
3581 4542 3855 4595 Adatnum
3890 4559 3999 4599 non

2423 4608 2542 4679 nisi
2588 4619 2713 4679 post
2766 4608 2991 4679 lapsum_
3022 4609 3222 4679 amissa
3282 4607 3510 4673 pristina
3565 4607 3747 4679 indole
3800 4615 3999 4679 puerili

2423 4673 2749 4744 adolevisse,
2785 4673 2839 4728 et
2870 4675 3126 4744 coningio
3152 4684 3425 4728 maturum
3458 4678 3721 4731 evasisSe.

2492 4743 2604 4811 (l0)
2646 4740 2919 4814 Pejorum.
2952 4740 3305 4814 lta'_Feuar_il.
3342 4744 3393 4796 in
3428 4759 3627 4814 inarg.,
3657 4744 3910 4802 Claroin.
3942 4759 4001 4804 et

2423 4808 2593 4865 Vuae.
2618 4808 2808 4866 melius
2836 4826 2995 4877 quam
3025 4812 3139 4876 alii,
3170 4811 3419 4878 pejorem.

2492 4880 2605 4949 (il)
2658 4878 3199 4949 Camaritheuaru.
3273 4881 3324 4931 in
3398 4880 3874 4949 marg.,Clarom.
3942 4896 4001 4937 et

2424 4945 2620 5013 VossI,
2668 4963 2876 5002 causas.
2932 4948 3192 5016 Suspicor
3252 4958 3435 5001 autem
3487 4945 3747 5003 Irenaeum
3802 4954 4001 5009 Gram:

2422 5018 2729 5134 scyipsisse,
2762 5016 2964 5081 αἰτίαν,
2994 5019 3137 5086 quod
3172 5017 3366 5070 melius
3403 5020 3659 5071 vertisset
3688 5020 3999 5087 interpres,

2422 5099 2483 5134 cu
2509 5101 2648 5134 nam.

2421 5099 2648 5138 cumam.

2493 5102 2983 5226 ἱῆἒτοιιιεζςρηιὶο.
3027 5150 3106 5205 Ita
3158 5166 3255 5221 pro
3310 5154 3659 5224 increpatione
3708 5161 3870 5226 posui
3929 5176 3997 5214 et

2421 5219 2747 5293 Clargm._et
2776 5220 2932 5293 Voss.
3000 5291 3007 5293 ξ
3357 5219 3461 5293 __'
3561 5291 3570 5293 ᾼ
3643 5219 3722 5293 μ’
3916 5273 3933 5293 .

2494 5289 2871 5361 (15)(ὶιιὶι1απι
2903 5291 3095 5361 audent
3132 5291 3321 5344 dicere.
3351 5287 3446 5343 Sic
3475 5291 3600 5345 cod.
3630 5290 3883 5347 Clarum.
3916 5287 3994 5347 Ἰιι

2422 5358 2631 5411 Feiiiird
2678 5373 2848 5424 marg.
2888 5370 2942 5410 et
2992 5359 3171 5423 Voss,
3223 5362 3378 5411 audet
3422 5361 3637 5426 quidam
3678 5362 3880 5418 dicere.
3936 5365 3995 5416 lu

2422 5426 2652 5487 caiteris,
2682 5429 2895 5493 quidam
2936 5427 3135 5478 dicunt.

2498 5494 2609 5561 (14)
2652 5494 3003 5547 Morderetur.
3037 5495 3296 5556 Clarum.,
3340 5495 3649 5551 mordetur..

2495 5565 2607 5631 (l5)
2650 5562 2712 5615 Et
2748 5571 2974 5630 potente.
3017 5561 3229 5617 Sensus
3262 5573 3380 5617 est:
3428 5577 3547 5616 eum
3598 5563 3688 5618 ille
3736 5566 3989 5634 quidem,

2425 5634 2892 5700 cui_innrderetnr
2924 5634 3128 5700 planta,
3159 5641 3346 5696 potens
3367 5636 3533 5700 etiam
3558 5643 3728 5699 esset,
3762 5646 3872 5691 etc.

2496 5692 2607 5767 (ίῦ)
2650 5701 2823 5753 Omni.
2861 5692 3017 5753 licent
3048 5692 3281 5754 iirEras.
3310 5711 3361 5751 et
3392 5698 3532 5754 Gali.
