4222 6320
200 421 309 481 965

200 542 421 599 aculeus
452 552 577 598 tuus
603 544 676 597 “i
704 561 722 595 ι
767 541 921 610 Quod
956 552 1061 596 non
1096 540 1297 610 poterit
1332 530 1440 612 (i7)
1476 541 1619 608 juste
1645 538 1776 606 dici,
1805 542 1853 598 Α

199 635 246 690 si
287 650 392 690 non
430 634 520 689 ille
564 634 829 688 liberatus
871 633 1059 699 fuerit,
1090 633 1175 687 cui
1221 631 1454 699 primum
1500 630 1779 684 dominata

197 730 283 777 est
310 736 476 777 mors.
504 721 653 802 illius
697 722 843 775 enim
873 719 1045 785 salus,
1096 721 1384 774 evacuatio
1436 726 1523 772 est
1566 718 1779 771 mortis.

197 808 430 865 Domino
462 809 635 880 igitur
684 808 995 863 viviﬁcante
1048 806 1347 870 hominem,
1384 804 1438 859 id
1468 814 1553 861 est
1580 804 1778 870 Adam,

196 907 460 954 evacuata
491 908 658 954 estet
693 913 861 953 mors.

266 1012 322 1067 8.
347 1013 396 1046 ¹⁶
413 1011 747 1067 Mentiuntur
770 1025 903 1079 ergo
926 1024 1116 1065 omnes
1140 1009 1233 1079 qui
1258 1007 1643 1064 contradicunt
1661 1005 1778 1076 ejus

196 1100 384 1166 saluti,
428 1116 647 1172 semper
688 1101 898 1172 seipsos
957 1099 1313 1155 excludentes
1367 1114 1396 1152 a
1439 1098 1571 1162 vita,
1612 1097 1667 1151 in
1713 1110 1778 1150 eo

195 1188 343 1257 quod
376 1204 481 1243 non
507 1192 734 1244 credant
764 1190 1035 1245 inventam
1055 1202 1210 1243 ovem
1248 1202 1369 1259 quae
1411 1187 1673 1257 perierat.
1714 1183 1774 1241 Si

194 1286 377 1332 autem
403 1278 493 1331 illa
526 1294 631 1333 non
657 1288 739 1334 est
768 1280 1009 1342 inventa,
1035 1278 1214 1333 adhuc
1240 1278 1551 1348 possidetur
1574 1276 1627 1331 in
1653 1291 1777 1345 per-

194 1369 404 1422 ditione
432 1368 611 1423 omnis
642 1368 881 1422 hominis
914 1369 1218 1437 generatio.
1254 1367 1483 1421 Mendax
1532 1381 1667 1437 ergo
1704 1366 1774 1430 is,

192 1459 287 1528 qui
327 1459 479 1528 prior
506 1460 647 1515 hanc
687 1460 1035 1523 sententiam,
1064 1459 1176 1513 imo
1228 1458 1371 1512 hanc
1413 1458 1773 1528 ignorantiam

190 1558 247 1604 et
302 1550 605 1605 cmeitatem
656 1550 889 1613 induxit,
918 1548 1205 1613 Tatianus;
1230 1550 1504 1604 connexio
1551 1548 1773 1618 quidem

192 1643 366 1697 laetus
388 1644 627 1697 omnium
652 1640 1186 1715 haereticorum(l8),
1207 1643 1657 1713 quemadmodum
1680 1656 1775 1697 os-

189 1734 484 1788 tendimus:
505 1734 609 1789 hoc
651 1744 837 1789 autem
858 1749 886 1787 a
906 1733 1200 1801 semetipso
1228 1733 1531 1793 adinvenit,
1562 1733 1639 1786 uti
1669 1747 1773 1787 no-

190 1837 323 1877 vum
370 1823 790 1893 aliquidprteter
835 1822 1073 1889 reliquos
1117 1821 1381 1885 inferens,
1419 1836 1653 1877 vacuum
1686 1821 1771 1876 lo.

185 1928 384 1981 quens,
405 1927 607 1967 vacuos
637 1928 663 1965 a
688 1912 788 1966 tide
803 1912 1083 1965 auditores
1112 1911 1220 1966 sibi
1247 1921 1598 1981 praepararet.
1635 1910 1769 1965 affe-

185 2015 347 2057 ctans
374 2003 631 2071 magister
662 2003 875 2065 haberi,
905 2009 1125 2055 tentans
1150 2011 1204 2055 et
1227 2002 1457 2056 subinde
1471 2003 1549 2055 uti
1577 2000 1765 2067 hujus-

190 2093 385 2147 modia
410 2091 576 2145 Paulo
597 2092 812 2145 assidue
825 2090 1002 2144 dictis:
1041 2088 1310 2157 Quoniam
1340 2108 1357 2141 ι
1383 2091 1438 2145 in
1454 2090 1623 2144 Adam
1648 2105 1766 2145 om-

174 2200 283 2239 nes
301 2184 562 2238 morimur
580 2182 643 2249 '7;
663 2183 948 2252 signorans
964 2190 1168 2243 autem,
1189 2181 1471 2253 quoniam:
1492 2180 1581 2235 ubi
1602 2180 1767 2267 a‘bgn-

180 2275 345 2329 davit
374 2283 680 2345 peccatum,
702 2272 1162 2343 superabundavit
1204 2272 1385 2342 gratia
1415 2271 1482 2328 ⁸⁸.
1509 2289 1528 2322 ι
1561 2268 1763 2327 Osten-

178 2377 247 2418 so
276 2376 405 2433 ergo
433 2363 534 2417 hoc
554 2360 862 2425 manifeste,
893 2361 1220 2417 erubescant
1248 2374 1440 2416 omnes
1478 2361 1575 2430 qui
1606 2361 1762 2418 abeo

178 2461 334 2515 sunt.
363 2462 418 2507 et
450 2459 778 2508 concertant
800 2452 867 2507 de
912 2452 1109 2516 Adam,
1141 2450 1296 2521 quasi
1348 2466 1606 2521 maguum
1656 2452 1762 2508 ali-

176 2542 313 2611 quid
336 2541 635 2606 lucrentur,
668 2541 713 2596 si
739 2540 826 2597 ille
845 2556 953 2595 non
974 2540 1233 2607 salvetur,
1263 2542 1486 2611 quando
1510 2540 1621 2613 (19)
1646 2556 1764 2596 ina-

178 2633 269 2703 gis
300 2632 432 2687 nihil
468 2633 775 2702 proticiant;
801 2632 1260 2703 quemadmodum
1289 2641 1345 2689 et
1368 2649 1595 2704 serpens
1628 2634 1763 2689 nihil

170 2724 421 2793 profecit
459 2726 783 2780 dissuadens
829 2724 942 2797 (20)
992 2726 1248 2805 homini,.
1277 2719 1391 2781 uisi
1425 2727 1556 2793 illud
1616 2726 1761 2796 quod

176 2832 308 2870 eum
343 2825 800 2883 transgressorem
833 2816 1093 2883 ostendit,
1153 2816 1367 2870 initium
1396 2817 1759 2871 eLmateriam

178 2906 473 2975 apostasia:
503 2920 611 2959 suae
639 2906 848 2961 habens
882 2905 1159 2959 hominem
1192 2904 1329 2975 (2|);
1362 2907 1527 2961 Deum
1576 2914 1759 2961 autem

171 3011 293 3050 non
330 2996 480 3049 vicit.
500 2994 595 3050 Sic
628 3004 683 3050 et
723 2994 801 3061 hi,
846 2996 937 3063 qui
988 2998 1375 3050 contradicunt
1413 2995 1571 3049 saluti
1609 2996 1759 3063 Adaa,

177 3083 319 3137 nihil
349 3084 668 3154 proﬁciunt,
699 3085 755 3139 ni
792 3085 805 3138 i
836 3086 960 3148 hoc,
1021 3087 1165 3155 quod
1199 3086 1521 3155 semetipsos
1549 3087 1762 3142 hmreti-

174 3188 277 3228 cos
300 3184 355 3229 et
389 3183 665 3243 apostatas
711 3174 918 3228 faciunt
948 3176 1218 3240 veritatis,
1258 3184 1314 3231 et
1343 3178 1641 3234 advocatos
1700 3192 1761 3234 se
1789 3175 1834 3238 C

175 3266 458 3335 serpentis
480 3290 490 3314 ι
514 3274 533 3320 ι
558 3265 751 3320 mortis
775 3265 1095 3321 ostendunt.

705 3444 931 3501 caper
978 3444 1143 3513 XXlV'
1180 3446 1231 3506 τι

174 3628 503 3686 Summatim
553 3626 735 3693 repetit
795 3643 911 3697 quia
956 3626 1210 3680 hactenus
1255 3639 1515 3697 adversus
1578 3628 1761 3684 varias

248 3694 924 3763 Gnosticorumtmpiet'ates
948 3697 1219 3749 disseruit.
1247 3694 1293 3748 11
1299 3698 1521 3751 creticis
1542 3714 1660 3751 vero
1683 3699 1754 3751 ad

248 3782 454 3820 omnem
510 3767 769 3819 doctrina:
819 3775 1029 3818 uentum
1088 3765 1464 3832 ﬂuctuantibus
1540 3770 1757 3836 opponit

265 3875 344 3929 "l
369 3875 495 3933 Cor.
522 3893 613 3945 xv,
637 3878 705 3933 54
728 3894 880 3949 seqq.
958 3881 1003 3913 ¹⁶
1030 3880 1162 3951 Cap.
1188 3881 1429 3939 XXXIX.

443 4063 569 4101 uam
603 4049 821 4117 reliqui,
849 4057 1078 4117 poterat.

448 4117 675 4170 annexio
723 4115 936 4184 quidem
989 4115 1160 4184 factus
1205 4118 1435 4170 omnium
1481 4120 1756 4173 heretico-

167 4049 374 4103 melius

243 4116 363 4183 (18)

243 4117 363 4185 (18)
403 4117 675 4170 Connexio
723 4117 936 4184 quidem
989 4117 1160 4183 factus
1205 4118 1435 4170 omnium
1481 4120 1753 4173 heretico-

166 4202 315 4241 rum.
347 4184 489 4249 Quia
520 4186 640 4255 ejus
670 4185 895 4239 lueresis
940 4183 1074 4237 nihil
1117 4185 1263 4238 aliud
1295 4196 1435 4251 erat,
1469 4202 1628 4255 quam
1671 4190 1753 4242 in-

165 4254 476 4322 composita
506 4254 783 4307 variorum
818 4267 1071 4307 errorum
1101 4255 1408 4322 congeries.

245 4321 362 4394 (19)
406 4321 654 4394 Quando.
704 4322 1132 4394 Alaperperam,
1164 4321 1383 4394 quanto.

244 4389 363 4463 (20)
398 4390 752 4463 Dissuadem.
791 4389 1036 4463 (Scilicet
1072 4389 1559 4463 obedientiamUDei
1597 4407 1754 4447 man-

164 4458 353 4530 dato.)
398 4461 473 4514 Ita
522 4458 1025 4522 Claroui.,'Arund.
1060 4468 1117 4511 et
1150 4458 1304 4513 Voss.
1352 4461 1586 4531 Reliqui,
1617 4477 1747 4517 sua-

163 4536 361 4670 άεῖὲἶ)
402 4597 627 4670 Initium
659 4604 707 4650 et
754 4596 1034 4670 materiam
1077 4596 1357 4670 apostasia:
1404 4597 1751 4670 suqhabeqs

162 4665 456 4727 hominem.
492 4666 654 4732 Quia,
704 4675 763 4717 ut
810 4666 1048 4730 explicat
1094 4665 1187 4719 lib.
1225 4680 1295 4726 tv,
1324 4680 1447 4732 cap.
1478 4666 1568 4729 41,
1602 4680 1654 4718 n.
1695 4668 1748 4728 1,

164 4740 363 4797 zelarit
412 4739 619 4807 plasma
667 4733 783 4807 Dei,
824 4744 882 4807 et
915 4733 1199 4807 inimicum
1225 4734 1378 4807 illum
1420 4733 1529 4786 Deo
1578 4733 1751 4801 facere

164 4801 454 4879 aggressus
472 4816 567 4879 est.
589 4804 806 4858 Sentire
832 4802 1087 4879 nimirum
1115 4801 1585 4879 videtnr_ire‘naeus
1610 4807 1752 4879 (qua:

166 4870 620 4943 ei’qnornmdam
654 4887 685 4925 e
712 4870 989 4943 veteribus
1021 4871 1288 4943 sententia
1321 4870 1467 4943 fuit),
1494 4872 1746 4943 angelum

168 4939 381 5000 Invidia
413 4952 769 4999 commotum,
797 4939 942 5007 quod
988 4954 1055 4993 ex
1106 4940 1353 5005 Snbjecta
1404 4941 1505 4992 sibi
1556 4950 1745 4991 natura

167 5018 343 5070 homo
370 5014 436 5065 ad
467 5011 759 5077 imaginem
827 5009 919 5062 Dei
960 5009 1211 5062 conditus
1250 5016 1417 5073 esset,
1474 5009 1522 5059 id
1561 5008 1749 5076 iniquo

164 5086 363 5138 animo
397 5081 609 5133 tulisse.

247 5150 363 5221 (22)
408 5148 549 5217 Ipsis
602 5145 1005 5201 ostensionibus.
1069 5142 1173 5199 Pro
1234 5160 1328 5212 per
1376 5143 1517 5213 ipsas
1576 5154 1748 5198 osten-

166 5235 370 5276 ⁸101188.

246 5287 362 5351 (25)
404 5284 592 5340 Falsa.
645 5284 809 5338 Falsa
855 5285 906 5336 in
937 5298 1042 5337 ms.
1082 5285 1232 5335 Voss.

249 5350 365 5428 (24)
409 5353 671 5428 Undique.
728 5355 783 5406 lu
848 5352 1086 5428 Fenat'd.
1138 5366 1346 5421 marg.,
1393 5350 1635 5404 Clarom.
1694 5359 1748 5405 et

171 5422 362 5484 \‘olst,
398 5422 597 5491 utique,
640 5422 781 5476 forte
808 5436 905 5490 pro
931 5422 1138 5489 ubique.

250 5495 366 5564 (25)
406 5485 861 5564 Quemadmodum
905 5485 1250 5564 ostendimus.
1299 5485 1406 5564 Ero
1445 5487 1607 5564 ueluti
1654 5487 1749 5540 de-

169 5557 586 5620 monstrauimus
604 5577 623 5624 ;
654 5562 789 5613 adeo
833 5568 890 5613 ut
917 5573 1114 5612 sensus
1143 5560 1217 5613 sit
1248 5577 1262 5610 :
1300 5557 1744 5611 Prwdicationem

174 5632 432 5688 Ecclesia:
460 5630 615 5683 veluti
646 5627 1137 5692 demonstrauimus,
1169 5643 1262 5695 per
1300 5628 1475 5686 initia,
1503 5634 1633 5689 etc.,
1666 5626 1743 5679 ita

172 5716 228 5755 ut
263 5700 705 5769 quemadmodum
728 5700 887 5751 cadat
916 5711 1075 5763 super
1105 5714 1195 5765 per
1219 5696 1392 5749 initia.
1423 5697 1741 5766 Quanquam

174 5766 396 5824 mallent
426 5770 614 5825 abesse
644 5766 789 5821 illam
818 5779 1025 5821 vocem.

1328 418 1608 478 CONTRA
1646 414 1992 474 HERESES
2028 414 2157 471 LIB.
2194 413 2278 470 III.

1508 3886 1549 3916 ¹⁷
1573 3884 1592 3937 1
1613 3885 1742 3942 Cor.
1765 3900 1857 3951 xv,
1879 3885 1971 3939 22.

244 3980 362 4051 (i7)
402 3978 630 4033 Poterit.
667 3978 794 4051 hSici
820 3979 1056 4034 Feuard.
1091 3980 1144 4034 in
1199 3997 1369 4051 marg.
1402 3993 1458 4037 et
1509 3984 1747 4039 Clarum.
1780 3990 1826 4045 D

1970 550 2152 600 unum,
2172 534 2375 604 sibique
2410 548 2611 603 semper
2634 542 2679 587 et
2706 533 2896 603 ubique
2930 540 3254 589 constantem
3282 527 3465 590 Eccle-

1957 606 2052 658 sita
2088 604 2409 657 doctrinam.

1948 714 2002 771 1.
2034 712 2327 767 Traductis
2353 712 2523 782 igitur
2546 710 2823 776 omnibus,
2883 713 2972 780 qui
3007 710 3270 766 nefandas
3322 709 3467 766 infe-

1883 810 2012 857 runt
2058 800 2365 857 sententias
2409 801 2478 855 de
2533 801 2741 857 factore
2793 812 2845 855 et
2877 802 3202 869 plasmatore
3250 812 3465 867 nostro,

1882 893 1975 963 qui
2008 901 2064 947 et
2109 893 2254 946 hunc
2283 893 2543 946 mundum
2601 892 2908 945 fabricatus
2960 901 3062 951 est,
3091 905 3256 959 super
3300 905 3464 961 quem

1883 982 2021 1039 alius
2041 982 2183 1039 Deus
2213 997 2317 1037 non
2349 990 2465 1046 est;
2499 981 2702 1050 etipsis
2729 983 3135 1037 ostensionibus
3162 983 3271 1053 (2i)
3309 999 3468 1037 ever-

1881 1072 1957 1129 sis
1986 1073 2097 1141 his,
2128 1074 2219 1143 qui
2246 1076 2313 1127 de
2349 1072 2653 1126 substantia
2694 1072 2903 1127 Dmniui
2938 1074 3129 1139 nostri,
3164 1084 3219 1126 et
3249 1074 3317 1127 de
3348 1074 3454 1127 dis-

1880 1163 2153 1232 positione
2174 1179 2338 1233 quam
2372 1160 2499 1217 fecit
2527 1172 2748 1232 propter
2796 1163 3072 1217 hominem
3116 1177 3296 1227 suum,
3329 1160 3462 1216 l’alsa

1880 1251 1992 1326 (25)
2034 1253 2267 1317 docent;
2312 1253 2754 1321 praedicationem
2785 1267 2915 1307 vero
2940 1253 3200 1308 Ecclesia:
3225 1253 3468 1322 nudique

1880 1341 1996 1416 (24)
2045 1352 2405 1410 constantem,
2458 1350 2511 1397 et
2565 1343 2849 1412 aaqualiler
2884 1354 3349 1413 perseverantem,
3404 1349 3465 1395 et

1879 1435 2253 1491 testimonium
2284 1436 2573 1489 habentem
2606 1449 2635 1487 a
2668 1434 2957 1505 prophetis
2981 1443 3038 1489 ct
3072 1434 3141 1489 ab
3171 1430 3462 1502 apostolis.

1875 1533 1933 1589 et
1961 1526 2032 1580 ab
2084 1525 2341 1579 omnibus
2374 1523 2674 1592 discipulis,
2708 1522 3175 1594 quemadmodum
3216 1517 3465 1576 ostendi-

1877 1629 1998 1671 mus
2017 1614 2130 1688 (25)
2159 1630 2257 1684 per
2288 1614 2467 1677 initia,
2496 1622 2551 1669 et
2580 1614 2924 1679 medietates,
2954 1619 3012 1667 et
3049 1610 3213 1666 tinem
3244 1609 3381 1682 (26),
3407 1618 3464 1666 et

1874 1718 1974 1773 per
2005 1704 2317 1760 universam
2354 1702 2448 1758 Dei
2488 1702 2923 1772 dispositionem,
2964 1713 3018 1757 et
3067 1716 3185 1757 eam
3216 1716 3336 1773 qna:
3374 1715 3463 1756 se—

1876 1794 2116 1850 cundum
2149 1792 2380 1849 Salutem
2408 1794 2647 1849 hominis
2673 1804 2757 1848 est
2780 1790 2892 1865 (27)
2924 1793 3140 1848 solitam
3179 1795 3459 1863 operatio-

1800 1862 1842 1920 Β
1873 1900 1993 1939 nem
2016 1883 2129 1957 (28)
2151 1924 2167 1949 ,
2194 1899 2317 1953 quae
2346 1893 2430 1938 est
2456 1884 2509 1938 in
2555 1883 2659 1938 fide
2692 1862 2910 1947 nostra;
2937 1897 3102 1952 quam
3137 1862 3453 1952 perceptam

1866 1976 1934 2028 ab
1966 1974 2206 2030 Ecclesia
2241 1974 2606 2038 custodimus,
2634 1981 2692 2028 et
2739 1985 2865 2042 qua:
2912 1987 3129 2041 semper
3170 1987 3200 2026 a
3236 1973 3447 2042 Spiritu

1867 2061 2027 2134 223
2071 2063 2195 2130 Dei,
2223 2064 2381 2133 quasi
2420 2063 2473 2117 in
2513 2076 2643 2118 vase
2689 2062 2836 2118 bono
2881 2061 3143 2117 eximium
3185 2061 3459 2133 quoddam

1869 2151 2183 2223 depositum
2217 2150 2746 2223 (29)]nvenescens,
2793 2160 2847 2207 et
2867 2150 3223 2222 iuvenescere
3251 2151 3459 2208 faciens

1878 2244 2057 2313 ipsum
2091 2257 2189 2296 vas
2221 2242 2273 2296 in
2302 2255 2411 2311 quo
2437 2251 2542 2298 est.
2577 2240 2693 2296 lloc
2718 2240 2863 2295 enim
2907 2239 3162 2296 Ecclesia:
3186 2241 3455 2296 creditum

1866 2341 1955 2387 est
1999 2331 2092 2385 Dei
2144 2344 2366 2396 munus,
2410 2331 2871 2400 quemadmodum
2925 2331 2993 2385 ad
3046 2330 3458 2399 inspirationetn

1866 2418 1984 2492 (50)
2017 2420 2386 2489 plasmatioui,
2417 2422 2483 2473 ad
2517 2421 2621 2475 hoc
2650 2427 2709 2473 ut
2758 2420 2945 2475 omnia
2990 2420 3235 2474 membra
3280 2420 3458 2489 perci-

1864 2512 2067 2581 pientia
2102 2511 2476 2565 viviﬂcentur:
2501 2519 2557 2563 et
2583 2509 2636 2563 in
2664 2524 2730 2564 eo
2762 2510 3029 2578 disposita
3053 2507 3164 2581 (51)
3192 2520 3275 2564 est
3307 2524 3458 2565 com-

1865 2599 2171 2660 municatio
2206 2597 2435 2662 Christi,
2490 2597 2541 2651 id
2592 2604 2677 2653 est
2715 2595 2957 2667 Spiritus
3006 2607 3256 2653 sanctus.
3295 2595 3455 2651 arrha

1866 2687 2360 2766 ineorruptekr..ct
2386 2687 2736 2743 conﬁrmatio
2789 2687 2913 2741 tidei
2950 2695 3172 2753 nostrae,
3202 2695 3258 2741 et
3304 2686 3453 2742 scala

1866 2780 2206 2837 ascensionis
2238 2781 2305 2834 ad
2349 2780 2538 2834 Deum.
2579 2796 2600 2830 ι
2637 2778 2692 2833 in
2729 2778 2970 2834 Ecclesia
3020 2778 3192 2840 enim.
3254 2777 3455 2847 inquit,

1868 2871 2051 2939 posuit
2086 2870 2228 2926 Deus
2262 2868 2573 2938 apostolos,
2624 2868 2947 2939 prophetas.
3006 2868 3257 2927 doctores
3306 2867 3355 2899 ”
3377 2906 3392 2933 ,
3426 2883 3448 2920 ι

1862 2969 1917 3013 et
1961 2960 2276 3015 universam
2316 2958 2578 3027 reliquam
2610 2959 2988 3027 Operationem
3026 2957 3266 3026 Spiritus
3305 2970 3322 3010 :
3355 2971 3453 3012 cu-

1858 3048 1954 3116 jus
1984 3065 2090 3103 non
2113 3059 2238 3104 sunt
2262 3049 2562 3118 participes
2587 3063 2800 3113 omnes,
2824 3049 2917 3117 qui
2950 3063 3058 3102 non
3083 3058 3311 3103 currunt
3336 3048 3449 3120 (52)

1866 3140 1933 3194 ad
1954 3138 2280 3203 Ecclesiam,
2315 3139 2410 3195 sed
2442 3138 2768 3207 semetipsos
2821 3138 3077 3193 fraudant
3121 3152 3150 3191 a
3188 3140 3316 3211 vita.
3349 3155 3450 3207 per

1865 3227 2192 3282 sententiam
2253 3226 2449 3281 Malam
2480 3234 2537 3281 et
2585 3226 3309 3294 oper'ationempessimam.
3346 3226 3449 3282 Ubi

1863 3317 2010 3373 enim
2048 3317 2310 3381 Ecclesia,
2348 3314 2420 3372 ibi
2446 3324 2503 3371 et
2559 3315 2799 3386 Spiritus
2827 3315 2943 3382 Dei;
2978 3326 3035 3371 et
3083 3317 3173 3372 ubi
3208 3315 3452 3386 Spiritus

1860 3408 1982 3474 Dei,
2016 3408 2125 3463 illic
2165 3405 2431 3467 Ecclesia.
2466 3416 2518 3462 et
2549 3406 2728 3462 omnis
2755 3408 2968 3477 gratia:
3004 3407 3240 3478 Spiritus
3266 3418 3449 3464 autem

1858 3498 2084 3553 veritas.
2116 3495 2457 3567 QuaprOpter
2481 3497 2573 3567 qui
2608 3511 2713 3552 non
2736 3496 3068 3567 participant
3097 3513 3243 3564 eum,
3272 3514 3451 3568 neque

1860 3603 1888 3642 a
1920 3588 2237 3642 mamtnillis
2260 3590 2452 3643 matris
2478 3588 2796 3642 nutriuntur
2822 3588 2875 3641 in
2904 3588 3092 3651 vitam,
3118 3603 3296 3658 neque
3322 3604 3451 3658 per-

1860 3676 2073 3747 cipiunt
2128 3680 2196 3733 de
2247 3691 2481 3747 corpore
2530 3679 2738 3734 Christi
2769 3680 3151 3749 procedentem
3187 3679 3450 3733 nitidissi-

1861 3782 2012 3823 mum
2051 3767 2277 3822 fontem:
2313 3768 2408 3823 sed
2442 3766 2707 3823 effodiunt
2753 3768 2854 3823 sibi
2889 3763 3041 3822 lacus
3074 3766 3301 3821 detritos
3333 3768 3447 3840 (55)

2050 3886 2095 3919 ¹⁸
2112 3882 2272 3939 Rom.
2292 3899 2343 3951 v,
2364 3882 2455 3939 20.
2534 3881 2577 3913 "
2598 3880 2731 3951 Cap.
2754 3880 2869 3937 XL.
2948 3882 2993 3913 ὀ
3021 3880 3042 3934 ι
3068 3882 3194 3937 Cor.
3222 3896 3321 3943 xu,
3342 3881 3438 3936 28.

1928 3983 2040 4051 (26)
2085 3982 2189 4037 Per
2232 3985 2427 4047 initia,
2476 3994 2524 4038 et
2571 3988 2909 4047 medietates,
2956 3994 3003 4038 et
3041 3993 3221 4051 (mem.
3271 3985 3441 4041 Recto

1860 4052 2117 4133 intelligit
2171 4052 2412 4133 Grattius
2460 4068 2525 4107 ea
2558 4070 2704 4133 (qua:
2758 4055 2902 4133 inter
2952 4054 3067 4120 ipsa
3132 4064 3438 4133 temporum

1859 4122 2013 4175 initia
2044 4121 2107 4191 in,
2136 4121 2421 4176 creatione
2449 4121 2611 4191 gesta:
2644 4132 2797 4183 sunt,
2843 4135 3071 4191 quicque
3117 4121 3323 4191 postea,
3350 4123 3438 4177 in-

1860 4189 2142 4260 termediis
2195 4190 2413 4260 saeculis
2458 4189 2885 4260 “prophetarum,
2947 4189 2999 4243 in
3046 4189 3170 4260 line
3201 4190 3439 4257 denique

1866 4258 2073 4327 Christi
2105 4265 2161 4311 et
2187 4256 2700 4326 apostolornm'azvo
2729 4258 3099 4327 contigerunt.
3130 4256 3252 4312 Huic
3287 4256 3436 4314 enim

1854 4325 2038 4397 «munia
2071 4325 2399 4397 percurrens
2426 4328 2679 4397 lrenagus,
2713 4325 2954 4397 undique
2987 4335 3311 4397 argumenta
3338 4340 3440 4396 pro

1856 4394 1961 4446 title
1994 4394 2249 4463 Ecclesia:
2279 4394 2638 4463 deprompsit.

1929 4462 2045 4530 (27)
2087 4462 2221 4527 Qua:
2270 4462 2556 4518 secundum
2583 4462 2804 4517 salutem
2848 4462 3078 4517 Isontinis
3106 4472 3204 4516 est.
3242 4462 3297 4518 Id
3328 4472 3435 4530 est,

1853 4532 2069 4600 qure‘ad
2095 4531 2336 4600 salutem
2368 4531 2606 4585 hominis
2633 4542 2859 4600 spectat.

1926 4597 2038 4678 (28)
2069 4598 2311 4678 (Solimus
2353 4596 2853 4678 Operation_ent.ita_
2897 4598 3154 4678 C_l3trom._
3181 4607 3236 4677 et
3269 4596 3432 4678 Voss.

1854 4664 1913 4717 In
1937 4664 2128 4731 ’editt.,
2162 4664 2396 4719 solidam
2434 4670 2807 4734 Operationem.
2840 4668 2895 4721 lu
2929 4666 3097 4721 Merc.
3132 4668 3185 4730 1,
3219 4668 3434 4736 Opinio-

1853 4749 1988 4787 nem.

1924 4802 2035 4882 (29)
2076 4802 2402 4871 Depositum.
2442 4800 2706 4867 Ciarom.,
2732 4801 2887 4859 Voss.
2921 4810 2977 4857 et
3018 4801 3182 4857 Merc.
3214 4803 3270 4870 2,
3316 4804 3433 4859 dis-

1872 4884 2101 4923 ξοδτιωη.

1852 4888 2160 5009 Ρέῖἔδῗηλά
2202 4940 2620 5006 inspirationem.
2680 4938 2772 4993 Sic
2822 4939 2875 4992 in
2911 4940 3147 4997 Clarum.
3181 4955 3279 5009 pro
3324 4957 3434 5009 qm

1854 5007 2046 5061 vitiose
2096 5016 2151 5061 ct
2201 5010 2506 5061 seribarum
2564 5009 2849 5061 oscitaulia
2915 5009 2967 5061 in
3014 5007 3271 5065 Vesta—et
3324 5007 3428 5064 vet.

1851 5073 2085 5147 Eeuard.
2123 5078 2269 5147 cod.,
2298 5077 2360 5147 ab
2393 5076 2759 5147 inspiratione.
2796 5078 2852 5132 In
2891 5079 3107 5147 caeteris
3152 5080 3428 5147 aspiratio.

1853 5143 1973 5213 Sed
2017 5144 2554 5213 praeferetidalectio
2596 5155 2811 5209 nostra,
2872 5146 3024 5213 cujus
3076 5143 3269 5201 sensus
3320 5158 3406 5202 est

1854 5212 1977 5265 iidei
2007 5211 2205 5267 munus
2233 5211 2515 5267 oEcclesia:
2552 5214 2816 5267 creditum
2860 5211 2985 5267 esse
3022 5217 3167 5267 velut
3216 5218 3286 5268 ad
3315 5220 3431 5269 aui-

1854 5282 2155 5353 mationem
2284 5282 2427 5353 enim
2467 5293 2628 5353 sonat
2662 5282 2963 5353 inspiratio)
2998 5284 3090 5337 Dei
3119 5284 3430 5351 opiﬁcii,nit

1853 5349 2107 5430 nimirum
2167 5349 2295 5430 huic
2358 5352 2525 5404 vitam
2580 5349 3430 5421 impertiret,’quennidmodnm

1850 5431 2028 5486 anima
2054 5432 2292 5486 corpora.

1919 5482 2029 5557 (51)
2065 5482 2350 5557 Disposita.
2374 5485 2512 5557 Legi
2544 5488 2759 5541 mallem
2792 5488 3049 5557 deposita.

1923 5554 2033 5625 (‘32)
2075 5554 2327 5625 Currum.
2371 5554 2558 5619 Editt.,
2591 5554 2931 5611 concurrunt.

1922 5622 2032 5693 (55)
2074 5622 2243 5693 Larus
2278 5624 2520 5677 detritos.
2576 5625 2629 5677 id
2686 5638 2788 5686 est,
2839 5628 2987 5679 locus
3035 5628 3313 5681 contritas.
3370 5626 3427 5682 lu

1852 5691 2042 5765 Grieco
2092 5691 2252 5754 LXX,
2294 5693 2536 5765 ﬁdesne;
2590 5694 3101 5765 συντετριμμένους.
3162 5696 3429 5751 Cist’ernas

1856 5762 2136 5827 dissipatas
2172 5763 2330 5815 vertit
2365 5762 2619 5831 Vulgntus
2656 5762 2939 5833 interpres.
