4222 6320
632 325 740 381 975

1393 316 1449 377 S.
1487 318 1742 376 lRENAn‘l
1782 316 2090 377 EPISCOPI
2124 318 2611 378 LUGDUNENSIS
2649 321 2736 377 ET
2769 322 3123 380 MARTYRIS

3776 327 3883 384 976

705 441 761 495 4.
798 436 1264 507 Quemadmodum
1296 434 1441 490 enim
1474 449 1704 504 serpens
1733 432 1901 489 Evam
1959 436 2208 499 seduxit.
2241 442 2287 498 Α
2316 437 2513 492 nifeste
2540 436 2677 492 falsa
2706 438 3071 495 ostenduntur
3095 454 3156 494 ea
3182 454 3301 509 qua:
3329 440 3517 498 dicunt
3544 444 3888 502 circumven-

633 530 960 603 promittens
994 526 1046 583 ei
1082 526 1227 597 quod
1260 541 1369 581 non
1398 526 1640 581 habebat
1670 525 1783 595 ipse
1811 525 1858 557 “
1887 542 1903 593 ;
1937 527 2016 582 sic
2054 538 2107 582 et
2152 528 2209 584 hi

634 622 1037 691 praetendentes
1072 618 1345 690 majorem
1398 618 1740 689 agnitionem
1770 656 1787 685 ,
1828 626 1882 673 et
1949 619 2209 690 mysteria

637 713 1052 779 incuarrabilia,
1086 720 1144 767 et
1190 713 1575 782 promittentes
1608 729 1755 783 eam,
1797 727 1961 780 quam
2020 714 2210 768 dicunt

636 809 779 861 intra
817 803 1068 861 Pleroma
1116 819 1243 860 esse
1266 848 1281 873 ,
1316 806 1709 874 receptionem,
1762 806 1815 861 in
1851 815 2080 861 mortem
2114 806 2208 860 de-

638 905 888 967 mergunt
909 896 1012 953 sibi
1036 896 1343 961 credentes;
1379 909 1663 967 apostatas
1688 914 1783 955 eos
1811 897 2211 952 constituentes

636 987 705 1043 ab
732 1002 799 1043 eo
823 988 1034 1059 quieos
1060 987 1212 1043 fecit.
1260 988 1329 1043 Et
1358 999 1487 1044 tunc
1514 990 1734 1060 quidem
1775 997 2017 1059 apostata
2046 1002 2209 1058 auge-

634 1079 719 1135 lus
737 1095 834 1149 per
854 1090 1164 1150 serpentem
1189 1080 1614 1136 inobedientiam
1635 1081 1913 1137 hominum
1932 1090 2210 1151 operatus,

632 1172 975 1229 existimavit
999 1172 1170 1230 latere
1218 1189 1277 1229 se
1315 1171 1605 1229 Dominum
1650 1192 1665 1227 :
1701 1184 2035 1244 quapropter
2064 1189 2215 1229 eam-

633 1264 757 1317 dem
787 1263 836 1319 ei
873 1260 1101 1318 formam
1137 1264 1639 1334 etappellationem
1667 1265 1859 1320 tribuit
1900 1265 2041 1319 Deus
2074 1265 2207 1337 (72).

634 1353 790 1411 Nunc
821 1365 1023 1420 autem,
1058 1356 1316 1426 quoniam
1340 1357 1638 1412 novissima
1660 1366 1788 1411 sunt
1821 1368 2088 1427 tempora,
2120 1372 2214 1410 cx-

638 1450 881 1503 tenditur
913 1447 1114 1502 malum
1173 1448 1225 1503 in
1262 1448 1529 1515 homines,
1562 1465 1667 1503 non
1712 1448 1883 1502 solum
1942 1457 2213 1517 apostatas

634 1552 729 1593 eos
758 1536 989 1602 faciens,
1036 1537 1130 1592 sed
1162 1547 1215 1591 et
1264 1536 1611 1606 blasphemus
1640 1538 1690 1590 in
1721 1536 2101 1607 plasrnatorcm
2140 1538 2214 1591 in-

632 1628 815 1683 stituit
845 1628 1033 1684 multis
1077 1629 1605 1695 machinationibus,
1639 1630 1689 1684 id
1732 1638 1850 1694 est,
1899 1644 1996 1699 per
2026 1645 2215 1685 omnes

633 1720 928 1775 haereticos
954 1720 1045 1790 qui
1073 1720 1315 1790 praedicti
1353 1731 1503 1774 sunt.
1532 1720 1593 1773 lli
1620 1721 1763 1775 enim
1793 1736 2004 1784 omnes,
2029 1737 2215 1791 quam-

2316 538 2460 585 tores
2486 538 2542 582 et
2562 528 2956 597 perversissimi
2984 528 3263 598 sophistae,
3291 532 3534 587 dicentes
3562 536 3887 589 naturaliter

2316 630 2369 673 et
2402 618 2569 673 Deum
2596 629 2649 674 et
2676 616 2891 672 Patrem
2944 634 3084 687 esse,
3117 636 3276 691 quem
3310 624 3409 692 ipsi
3444 626 3885 695 adiuveneruat;

2318 713 2668 782 Deminrgum
2695 724 2825 765 vero
2857 715 3185 769 naturaliter
3216 731 3391 785 neque
3442 718 3606 771 Deum
3638 758 3655 783 ,
3712 733 3891 786 neque

2318 802 2531 857 Patrem
2565 819 2687 859 esse
2721 844 2736 869 ,
2781 806 2874 860 sed
2907 806 3075 860 verbo
3104 816 3260 861 tenus
3296 808 3425 874 dici,
3458 823 3524 862 eo
3548 810 3690 878 quod
3716 809 3892 865 domi-

2320 902 2477 950 netur
2501 897 2856 962 conditionis,
2909 898 3053 952 sicut
3083 898 3273 953 dicunt
3322 902 3561 969 perversi
3605 917 3889 972 gramma-

2321 988 2437 1051 tici,
2470 991 2850 1058 excogitantes
2879 989 2934 1045 in
2972 989 3180 1045 Deum:
3219 998 3272 1045 et
3309 992 3614 1047 doctrinam
3669 995 3888 1063 quidem

2318 1080 2522 1133 Citriin
2585 1080 3103 1148 prietermittentes,
3160 1090 3215 1135 et
3265 1096 3293 1133 a
3351 1084 3653 1151 semetipsis
3709 1091 3891 1140 autent

2323 1170 2455 1225 falsa
2483 1172 2817 1237 divinantes,
2866 1171 3131 1226 adversus
3167 1174 3477 1227 universam
3514 1176 3603 1229 Dei
3654 1175 3889 1245 disposi-

2322 1264 2521 1317 tionem
2549 1271 3021 1332 argumentantur.
3045 1260 3253 1316 Etenim
3277 1262 3480 1318 1Eonas
3501 1279 3647 1328 suos,
3670 1275 3722 1318 et
3740 1267 3889 1332 deos,

2320 1365 2371 1406 et
2402 1365 2605 1423 patres,
2639 1363 2694 1407 et
2722 1353 2995 1419 dominos,
3031 1355 3209 1410 adhuc
3236 1355 3400 1411 etiam
3427 1368 3481 1409 et
3512 1356 3679 1411 cmlos
3707 1358 3891 1412 vocari

2320 1447 2530 1509 dicunt,
2557 1461 2677 1500 eum
2712 1444 2889 1501 Matre
2937 1461 3057 1510 sna,
3083 1463 3245 1517 quam
3279 1459 3333 1503 et
3367 1458 3589 1515 terram,
3627 1460 3680 1504 et
3732 1448 3894 1504 Jeru-

2322 1537 2490 1592 salem
2520 1536 2821 1607 appellant,
2870 1538 3163 1608 multisque
3192 1538 3316 1593 aliis
3347 1541 3625 1596 vocabulis
3657 1555 3778 1595 eam
3809 1555 3899 1597 co-

2322 1630 2733 1699 gnominantes.

2392 1722 2447 1774 2.
2483 1721 2579 1775 Cui
2614 1732 2795 1775 autem
2830 1737 2934 1775 non
2987 1723 3059 1777 sit
3108 1723 3454 1779 manifestum
3485 1766 3499 1790 ,
3539 1726 3795 1795 quoniam
3849 1727 3896 1782 si

631 1813 719 1867 vis
758 1827 821 1866 ex
853 1812 1233 1868 ditl'crcntibus
1264 1813 1400 1868 locis
1429 1814 1800 1883 egrediantur,
1828 1824 1883 1868 et
1906 1814 2211 1869 diil‘erentia
2247 1802 2291 1861 Β
2324 1814 2585 1868 Dominus
2614 1813 2812 1867 multos
2862 1824 3046 1883 patres
3094 1816 3288 1870 scisset
3334 1827 3387 1870 et
3432 1817 3585 1884 deos,
3621 1832 3728 1873 non
3760 1834 3900 1883 pra:-

634 1906 912 1970 doceant,
971 1904 1024 1957 in
1076 1904 1214 1958 idem
1253 1912 1432 1957 tamen
1484 1903 1838 1973 hlasphemim
1888 1915 2215 1960 ceneurrunt

632 1998 998 2070 propositum,
1026 1996 1299 2051 lethaliter
1318 1994 1691 2061 vulnerantes,
1708 1997 1950 2051 docendo
1967 1997 2215 2066 blasphe-

631 2092 801 2146 miam
826 2090 878 2144 in
898 2092 1061 2145 Deum
1086 2088 1351 2144 factorem
1376 2099 1433 2144 et
1458 2090 1781 2143 nntritorem
1806 2089 1918 2159 (75)
1944 2100 2212 2155 nostrum,

631 2194 690 2239 et
718 2184 1029 2250 derogando
1067 2179 1177 2251 (74)
1217 2180 1449 2235 salutem
1488 2181 1749 2235 hominis.
1794 2179 1965 2234 llomo
2001 2190 2083 2233 est
2112 2194 2213 2233 an.

635 2282 745 2327 tem
780 2272 1106 2341 temperatio
1138 2272 1331 2327 anima:
1363 2280 1417 2326 et
1451 2271 1656 2335 carnis,
1686 2272 1781 2341 qui
1812 2271 2109 2327 secundum
2140 2269 2216 2324 si-

632 2363 997 2420 militudinem
1052 2361 1145 2416 Dei
1175 2365 1445 2417 formatus
1478 2373 1586 2428 est,
1620 2374 1675 2417 et
1721 2378 1820 2433 per
1875 2378 2065 2417 manus
2103 2360 2217 2430 ejus

633 2458 935 2527 piasmatns
963 2466 1067 2519 est,
1105 2455 1207 2510 hoc
1230 2467 1315 2511 est
1342 2473 1437 2526 per
1471 2456 1667 2512 Filium
1698 2467 1752 2511 et
1781 2456 2069 2526 Spiritum,
2096 2456 2218 2523 qui-

633 2552 735 2605 bus
750 2561 804 2605 et
825 2550 992 2605 dixit:
1018 2569 1036 2601 ι
1069 2550 1355 2605 Faciamus
1379 2550 1651 2604 hominem
1676 2549 1741 2605 ⁸⁷.
1771 2567 1788 2599 ι
1812 2548 1925 2602 lloe
1949 2563 2080 2617 ergo
2102 2564 2218 2617 pro-

633 2643 869 2712 positum
905 2656 988 2696 est
1018 2643 1133 2712 ejus
1159 2644 1251 2711 qui
1281 2643 1404 2697 vita:
1432 2652 1631 2697 nostra:
1662 2641 1885 2705 invidet,
1914 2640 2218 2695 incredulos

635 2748 747 2787 suze
776 2732 978 2787 salutis
1008 2731 1225 2787 ellieere
1257 2732 1527 2794 homines,
1564 2744 1617 2785 et
1640 2730 1983 2799 blasphemus
2014 2731 2064 2783 in
2101 2730 2216 2797 pla-

634 2832 935 2877 smatorem
970 2821 1162 2876 Deum.
1219 2820 1565 2890 Quaecunque
1609 2821 1751 2874 enim
1793 2834 1913 2873 eum
1951 2818 2217 2883 gravitate

637 2930 851 2970 summa
894 2915 1351 2969 dixerintomnes
1385 2910 1644 2977 hasretiei,
1669 2910 1718 2963 in
1743 2909 1987 2963 ultimum
2019 2910 2083 2963 ad
2116 2910 2218 2964 hoc

637 3009 956 3069 deveniunt,
991 3017 1045 3059 ut
1076 3004 1453 3075 biasphement
1485 3001 1891 3061 fabricatorem,
1923 3010 1978 3055 et
2002 3012 2217 3055 contra-

636 3100 823 3153 dieant
855 3097 1018 3153 saluti
1054 3096 1334 3166 plasmatis
1382 3094 1497 3157 Dei,
1531 3092 1673 3162 quod
1703 3092 1919 3162 quidem
1947 3102 2031 3148 est
2065 3107 2212 3147 caro:

634 3200 863 3261 propter
886 3204 1046 3259 quam
1082 3203 1299 3243 omnem
1343 3185 1751 3255 dispositionem
1786 3183 1981 3239 fecisse
2016 3184 2212 3239 Filium

636 3284 757 3350 Dei,
807 3282 992 3337 multis
1025 3281 1196 3335 modis
1247 3278 1622 3343 ostendimus,
1671 3286 1723 3331 et
1754 3276 2216 3331 manifestavimus

635 3377 913 3433 neminem
964 3373 1130 3429 alium
1168 3373 1334 3428 Deum
1363 3370 1625 3442 appellari
1658 3387 1686 3424 a
1731 3370 2055 3439 Seripturis,
2111 3370 2213 3424 nisi

639 3470 858 3525 Patrem
882 3468 1146 3534 omnium,
1200 3467 1517 3526 ctFilinm,
1569 3474 1623 3518 ct
1648 3464 1846 3527 eosqui
1873 3464 2215 3533 adoptionem

643 3560 861 3616 habent.

1155 3648 1385 3703 CAPUT
1418 3648 1681 3703 ιιιιιιιυλι

641 3750 906 3804 Christum
935 3761 1093 3800 unum
1119 3743 1285 3797 solum
1322 3742 1482 3814 Deum
1514 3760 1575 3794 ac
1608 3741 1821 3796 Patrem
1846 3754 1892 3796 et
1920 3746 2221 3814 cognouisse

1112 3825 1159 3868 et
1196 3813 1438 3866 docuisse
1466 3814 1773 3882 discipulos.

724 3936 773 3989 Ι.
812 3933 946 3986 Cum
979 3931 1050 3986 sit
1074 3931 1240 4000 igitur
1294 3929 1395 3983 hoc
1430 3928 1643 3982 ﬁrmum
1668 3938 1719 3981 et
1750 3937 2026 3989 constans,
2057 3927 2223 3981 nemi-

639 4037 762 4078 nem
810 4023 1042 4078 alterum
1078 4022 1243 4077 Deum
1298 4031 1354 4076 et
1403 4020 1690 4077 Dominum
1725 4037 1755 4073 a
1786 4019 1989 4089 Spiritu
2020 4019 2221 4089 praedi-

646 4124 856 4175 catum,
889 4112 990 4165 nisi
1024 4125 1148 4165 eum
1179 4109 1270 4179 qui
1300 4108 1614 4163 dominatur
1636 4107 1877 4161 omnium
1906 4105 2068 4169 Deus,
2100 4119 2220 4160 eum

641 4206 826 4262 Verbo
846 4218 969 4269 suo,
995 4211 1049 4258 et
1069 4216 1163 4257 eos
1192 4201 1283 4270 qui
1310 4200 1617 4271 adoptionis
1641 4198 1900 4268 Spiritum
1926 4196 2219 4266 accipiunt,

643 4298 748 4351 hoc
779 4305 882 4357 est,
912 4309 1009 4349 eos
1050 4293 1140 4363 qui
1181 4291 1411 4349 credunt
1441 4294 1494 4346 in
1535 4307 1699 4346 unum
1730 4298 1786 4345 et
1815 4306 1998 4345 verum
2031 4291 2220 4356 Deum,

644 4400 701 4444 et
732 4387 1012 4441 Christum
1044 4385 1229 4441 Jesnm
1280 4383 1478 4439 Filium
1535 4382 1669 4449 Dei;
1728 4382 1981 4438 similiter
2007 4392 2062 4437 et
2091 4397 2223 4451 apo-

646 4482 818 4537 stolos
853 4480 1126 4535 neminem
1178 4477 1343 4531 alium
1394 4494 1422 4531 a
1476 4477 1785 4547 semetipsis
1824 4475 1989 4530 Deum
2034 4475 2220 4544 appel-

646 4574 814 4637 lasse,
851 4580 942 4625 aut
971 4570 1257 4625 Dominum
1294 4569 1714 4639 cognominasse
1746 4566 1891 4639 (75);
1934 4568 2101 4619 multo
2128 4582 2223 4619 au-

648 4677 755 4721 tcm
802 4667 972 4736 magis
1033 4664 1317 4718 Dominum
1350 4672 1629 4726 nostrum,
1677 4660 1767 4730 qui
1817 4671 1871 4713 τι
1904 4661 2058 4714 nobis
2084 4676 2218 4729 pne-

648 4759 792 4827 eepit
821 4760 1094 4812 neminem
1128 4756 1347 4811 Patrem
1391 4755 1668 4819 conﬁteri,
1720 4754 1822 4809 nisi
1856 4770 1976 4808 eum
2012 4753 2102 4822 qui
2140 4764 2219 4807 est

647 4856 703 4907 in
734 4851 910 4913 caelis,
946 4854 1035 4921 qui
1077 4860 1161 4904 est
1198 4866 1339 4904 unus
1371 4849 1514 4903 Deus
1557 4856 1612 4903 et
1643 4863 1780 4902 unus
1812 4847 1970 4901 Pater
1996 4846 2072 4901 ηε
2110 4861 2222 4899 ma-

724 4998 768 5028 "
793 4996 928 5050 Gen.
967 5010 1047 5055 tu.
1075 4995 1129 5057 ὁ,
1164 4994 1216 5049 5.
1281 4996 1324 5025 ⁵7
1354 4994 1487 5048 Gen.
1524 5011 1561 5059 ι,
1588 4993 1679 5046 26.
1739 4994 1783 5024 ⁸⁸³
1816 4991 2001 5047 Matth.
2036 5008 2195 5057 mu,

651 5070 735 5131 tt,
766 5077 820 5119 et
847 5082 1035 5128 cxxtn,
1065 5065 1120 5119 8.

2264 4994 2317 5046 9.
2383 4991 2428 5022 ”
2462 4989 2616 5044 Jean.
2651 5004 2705 5051 κ,
2732 4988 2824 5044 '55.

2322 1907 2555 1976 cepisset
2585 1905 2866 1973 discipulis
2914 1907 3025 1960 suis
3066 1923 3232 1961 unum
3263 1908 3401 1963 scire
3456 1907 3643 1973 Deum,
3674 1920 3729 1965 et
3757 1911 3899 1965 hunc

2321 2000 2569 2053 eumdem
2614 1999 2789 2053 solum
2837 2013 3035 2055 vocare
3091 1998 3199 2071 (70)
3247 1998 3503 2055 Patrem?
3564 2001 3670 2057 Sed
3717 2003 3899 2071 potius

2322 2090 2574 2157 distinxit
2622 2104 2715 2144 eos
2763 2090 2855 2157 qui
2890 2100 3018 2144 sunt
3051 2093 3216 2147 verbo
3270 2103 3427 2148 tenus
3464 2094 3563 2157 dii,
3596 2094 3663 2149 ab
3692 2108 3759 2147 eo
3807 2094 3899 2161 qui

2322 2183 2395 2236 sit
2421 2197 2548 2240 vere
2582 2183 2722 2236 Deus
2754 2180 2890 2251 (Π),
2923 2191 2979 2235 ut
3014 2199 3117 2237 non
3150 2196 3339 2238 errent
3369 2185 3667 2239 secundum
3700 2185 3901 2238 doctri-

2324 2290 2450 2329 nam
2477 2274 2616 2341 ejus,
2650 2291 2825 2345 neque
2856 2276 3085 2331 alterum
3117 2290 3217 2347 pro
3247 2277 3415 2330 altero
3441 2274 3687 2329 audiant.
3718 2276 3772 2330 Si
3806 2292 3900 2329 an-

2328 2378 2435 2420 tem
2470 2367 2625 2423 nobis
2651 2368 2874 2436 quidem
2902 2372 3160 2439 praecepit
3184 2384 3348 2420 unum
3383 2382 3579 2421 vocare
3610 2367 3824 2421 Patrem
3851 2374 3902 2420 et

2326 2462 2518 2527 Deum,
2560 2463 2674 2532 ipse
2726 2472 2908 2516 autem
2954 2463 3229 2516 interdum
3263 2462 3463 2515 alteros
3494 2463 3787 2515 conﬁtetur
3810 2476 3899 2530 pa-

2329 2565 2440 2606 tres
2466 2560 2520 2605 et
2550 2551 2680 2605 deos
2711 2552 2898 2605 eodem
2928 2551 3088 2605 modo
3110 2552 3176 2617 “,
3201 2550 3305 2605 alia
3332 2552 3549 2621 quidem
3583 2553 3899 2622 praecipiens

2325 2643 2600 2698 videbitur
2636 2642 2937 2711 discipulis,
2969 2642 3076 2698 alia
3108 2656 3237 2698 vero
3266 2643 3381 2713 ipse
3405 2640 3636 2698 faciens.
3669 2642 3787 2697 Non
3815 2652 3898 2698 est

2327 2747 2509 2791 autem
2561 2738 2663 2791 hoc
2693 2738 2941 2807 magistri
2972 2737 3122 2802 boni,
3149 2738 3244 2792 sed
3280 2736 3587 2792 seductoris
3614 2745 3670 2789 et
3712 2737 3895 2791 invidi.

2328 2830 2393 2883 lat
2443 2826 2675 2899 apostoli
2734 2838 2912 2882 autem
2968 2829 3263 2883 secundum
3315 2844 3410 2883 eos
3467 2840 3899 2899 transgressores

2326 2926 2691 2977 ostenduntur
2714 2923 2991 2992 prmcepti,
3020 2922 3370 2991 Dentiurgnm
3404 2922 3597 2987 Deum,
3629 2932 3683 2977 et
3713 2922 3899 2977 Domi-

2324 3032 2477 3081 num,
2514 3026 2569 3069 et
2600 3016 2820 3069 Patrem
2853 3014 3199 3077 conﬁtentes,
3226 3013 3683 3082 quemadmodum
3717 3024 3903 3069 osten-

2326 3108 2529 3172 dimus,
2561 3110 2606 3161 si
2649 3123 2754 3161 nou
2789 3106 2876 3161 hic
2910 3105 3059 3161 solus
3088 3115 3174 3160 est
3231 3106 3369 3162 Deus
3417 3118 3471 3160 et
3524 3106 3711 3161 Pater.
3744 3105 3899 3161 Iesus

2323 3214 2457 3267 ergo
2490 3200 2947 3269 transgressionis
3006 3208 3197 3253 auctor
3246 3207 3300 3251 ct
3350 3200 3609 3268 magister
3638 3200 3745 3253 erit
3798 3202 3897 3263 eis,

2323 3290 2414 3357 qui
2448 3291 2704 3359 prazeepit
2735 3304 2899 3342 unum
2940 3288 3120 3342 vocari
3177 3286 3432 3350 Patrem,
3490 3291 3777 3358 imponens
3824 3288 3901 3343 eis

2326 3382 2711 3434 necessitatem
2747 3379 3095 3448 Demiurgum
3148 3377 3393 3433 conﬁteri
3457 3396 3612 3434 suum
3661 3378 3899 3447 Patrem,

2325 3472 2780 3538 quemadmodum
2813 3480 3091 3525 ostensum
3120 3480 3222 3523 est.

2843 3629 3008 3699 229
3049 3630 3273 3685 CAPUT
3312 3630 3378 3685 ιι.

2328 3721 2529 3776 l’robat
2573 3723 2769 3791 apertis
2802 3732 2910 3775 tum
2940 3723 3141 3792 Moysis
3162 3768 3174 3785 ,
3219 3735 3329 3778 tum
3354 3724 3584 3776 aliorum
3620 3727 3903 3792 prapheta-

2400 3810 2537 3861 rum,
2579 3808 2807 3861 quarunt
2847 3810 3109 3847 sermones
3141 3794 3335 3846 Cirriin
3380 3804 3523 3857 sunt,
3565 3797 3896 3857 testimoniis,

2399 3878 2515 3916 eum
2558 3874 2605 3915 et
2647 3878 2809 3915 unum
2857 3873 2903 3916 et
2933 3864 3103 3916 solum
3138 3864 3302 3917 Deum
3330 3880 3460 3922 esse.
3503 3866 3686 3917 mundi
3726 3867 3903 3918 condi-

2399 3944 2585 3995 torem,
2629 3949 2780 4001 quem
2816 3932 3068 4006 Dominus
3112 3935 3483 3998 annuntiabat,
3527 3945 3575 3987 et
3610 3951 3763 4006 quem
3804 3934 3905 3988 Pa-

2399 4018 2531 4057 trem
2566 4019 2719 4056 suum
2750 4018 2861 4055 esse
2896 4002 3124 4057 dicebat.

2402 4116 2454 4172 i.
2483 4113 2697 4184 Moyses
2720 4113 2888 4184 igitur
2912 4112 3417 4181 recapitulationem
3451 4117 3716 4171 universae
3748 4116 3897 4186 tegis,

2330 4221 2492 4277 quam
2540 4214 2831 4275 acceperat
2867 4220 2895 4258 a
2927 4203 3235 4274 Demiurgo,
3266 4208 3318 4258 in
3355 4206 3776 4263 Deuteronomio
3818 4207 3900 4263 fa-

2329 4300 2501 4359 ciens,
2536 4297 2617 4351 sic
2643 4298 2720 4349 ait
2749 4316 2761 4349 :
2793 4315 2811 4347 ‹
2844 4296 3095 4358 Attende,
3132 4295 3352 4360 omium,
3386 4308 3437 4351 et
3464 4297 3658 4367 loquar
3686 4317 3700 4353 :
3733 4311 3782 4353 et
3810 4315 3902 4352 au-

2330 4388 2442 4441 diat
2476 4396 2619 4440 terra
2651 4386 2815 4439 verba
2844 4399 2909 4439 ex
2938 4399 3035 4439 ore
3060 4400 3180 4438 meo
3206 4384 3271 4439 6°.
3303 4404 3321 4437 ι
3354 4385 3582 4439 Rursum
3614 4387 3780 4441 David
3806 4389 3901 4443 ad-

2325 4480 2588 4548 jutorium
2632 4491 2790 4532 suum
2836 4476 3027 4532 dicens
3054 4493 3082 4530 a
3124 4478 3351 4532 Domino
3386 4478 3501 4532 ﬁeri
3554 4497 3569 4533 :
3622 4499 3640 4530 ι
3677 4482 3899 4550 Adjnto-

2331 4573 2491 4636 rium,
2544 4571 2738 4640 inquit,
2794 4584 2971 4624 meum
3027 4585 3055 4622 a
3102 4568 3352 4633 Domino,
3397 4571 3487 4640 qui
3541 4570 3669 4625 fecit
3703 4573 3897 4627 caelum

2329 4675 2385 4718 et
2416 4674 2615 4717 terram
2653 4663 2717 4715 “.
2760 4679 2779 4713 ι
2824 4661 2891 4715 Ει
2926 4660 3093 4715 Isaias
3126 4662 3421 4715 conﬁtetur
3449 4678 3477 4715 a
3511 4661 3622 4716 Deo
3655 4663 3789 4735 (78),
3815 4663 3905 4731 qui

2330 4755 2459 4809 fecit
2490 4753 2686 4808 malum
2732 4762 2787 4806 et
2830 4761 3053 4819 terram,
3096 4763 3151 4808 et
3186 4754 3497 4807 dominatur
3545 4770 3755 4819 eorum,
3808 4755 3903 4809 tie-

2332 4848 2375 4899 ri
2426 4860 2703 4899 sermones
2750 4861 2765 4898 :
2817 4861 2836 4894 ‹
2870 4844 3034 4907 Audi,
3084 4846 3280 4913 inquit,
3322 4845 3543 4911 cmlum,
3588 4856 3643 4901 et
3687 4848 3906 4901 auribus

2902 4990 2947 5020 5°
2976 4989 3189 5043 Denter.
3226 5005 3401 5055 xxvii,
3438 4992 3487 5044 i.
3568 4990 3607 5021 °‘
3639 4989 3787 5045 Psai.
3813 5008 3902 5057 vir,

724 5212 835 5281 (Ἐξ)
856 5211 1125 5281 Ετιγηίέρηι
1178 5214 1225 5263 ei
1265 5210 1491 5279 formam
1523 5219 1571 5262 et
1610 5209 2007 5281 appellationem
2046 5208 2225 5261 tribuit
2259 5214 2305 5273 ο
2334 5206 2402 5281 de
2432 5220 2492 5259 ea
2524 5204 2877 5281 diminuendo
2907 5215 2964 5261 et
3002 5205 3359 5281 detrahendo.
3391 5202 3585 5258 Cicero
3619 5218 3717 5281 pro
3739 5202 3909 5281 Fron-

656 5279 815 5335 nam.
853 5280 903 5333 id
932 5292 1034 5341 est,
1067 5283 1112 5334 si
1147 5282 1282 5334 bene
1328 5281 1579 5345 conjicio.
1612 5279 1857 5346 angelum
1919 5289 2221 5345 apustatam

653 5355 842 5405 οιςιτιθεη
875 5353 1066 5418 judicii
1097 5354 1295 5411 forma,
1328 5351 1626 5418 iisdemque
1658 5348 1858 5409 verbis,
1887 5351 2084 5415 quibus
2108 5362 2224 5400 ser-

653 5433 869 5489 pentem
899 5463 912 5487 ,
944 5423 1223 5475 damnavit
1256 5422 1417 5474 Deus.
1464 5420 1614 5472 liiutn
1638 5419 1783 5472 enim
1826 5419 1923 5471 sub
1956 5419 2224 5487 serpentis

656 5494 873 5545 nurnine
905 5492 1281 5558 compellabat.

728 5562 837 5632 (75)
877 5560 1345 5632 Btuspltemiomjn
1383 5559 1569 5632 Deum"
1597 5558 1854 5632 factorem
1898 5559 2224 5632 et_imtritn-

656 5648 783 5684 mn.
822 5627 988 5684 Editt.
1039 5631 1219 5690 Erus,
1268 5630 1406 5683 Gali.
1454 5629 1787 5685 cthnard..
1840 5628 1893 5679 in
1942 5627 2222 5679 Dominum

663 5702 1029 5768 t‘ulrricatorrm
1072 5700 1440 5765 blaspi’zcntium
1474 5711 1517 5749 ct
1564 5698 1895 5750 utttritorcm.

730 5773 841 5841 κη)
901 5772 1230 5838 Ucrogmuto.
1268 5772 1323 5823 id
1350 5781 1455 5835 est,
1480 5771 1657 5835 inquit
1697 5767 1927 5823 Fcuard.
1962 5806 1976 5827 ,
2021 5767 2221 5834 aliquid

2336 5279 2443 5329 teiu
2471 5292 2485 5328 :
2522 5276 2764 5338 Quorum
2797 5278 2952 5329 rebus
2977 5277 3135 5345 gestis
3165 5276 3322 5341 [idem
3356 5284 3404 5327 et
3443 5276 3815 5327 auctoritatem
3856 5280 3907 5328 in

2334 5346 2627 5400 testimonio
2652 5345 3052 5399 inimicitiarum
3104 5348 3331 5413 suspicio
3360 5347 3645 5411 rlerogarit.

2405 5414 2514 5481 ('75)
2554 5416 2982 5484 qugnoutinasse.
3014 5416 3125 5474 AL,
3157 5416 3481 5484 cognovisse.

2406 5486 2515 5552 iiii)
2579 5481 2797 5537 vocare.
2836 5485 3015 5550 Eras.,
3048 5481 3236 5549 Gali,
3274 5484 3507 5538 Fcuard.
3540 5492 3596 5535 et
3651 5481 3820 5538 llerc.
3853 5483 3906 5545 2,

2335 5572 2527 5608 forari.

2406 5624 2514 5693 (Π)
2548 5625 2799 5678 Οέειὶιι.τίι
2836 5642 2921 5678 eos
2956 5665 2968 5677 .
3001 5667 3014 5680 .
3041 5666 3057 5679 .
3088 5664 3102 5678 .
3127 5662 3142 5678 .
3194 5641 3309 5677 cere
3342 5624 3503 5677 Deus.
3578 5621 3636 5693 l_n
3674 5621 3827 5676 Eras.
3854 5631 3906 5677 et

2338 5691 2507 5752 i5.::il.,
2550 5697 2874 5747 (“Nutriaer
2905 5736 2917 5748 .
2943 5734 2984 5747 ..
3021 5713 3163 5749 term
3191 5712 3206 5755 ;
3240 5698 3354 5750 sint:
3378 5712 3461 5747 eos
3491 5703 3543 5749 et
3584 5691 3749 5747 Deus.

2411 5765 2519 5831 εἶξε)
2557 5767 2680 5819 “tu.
2721 5768 2880 5819 ixviiii.
2924 5766 3165 5818 Domino.
