4222 6320
277 430 379 490 977

1448 429 1733 487 CONTRA
1773 423 2117 485 HERESES
2152 424 2284 484 LIB.
2320 424 2410 481 IV.
3422 423 3528 479 978

280 550 515 622 percipe,
549 559 718 614 terra,
763 551 1022 620 quoniam
1052 548 1312 605 Dominus
1348 548 1560 605 locutus
1603 562 1686 605 est
1722 552 1788 605 υ.
1827 568 1847 602 ι
1885 552 1927 609 Α
1958 549 2058 618 ipsi
2084 548 2495 618 praedicassent,
2535 544 2627 598 Dei
2658 541 2853 598 Filium
2882 542 2973 611 qui
3000 540 3297 597 resurrexit
3327 556 3355 594 a
3383 555 3528 594 mor-

283 642 351 697 Et
380 642 575 699 iterum
607 661 621 698 :
654 660 675 694 ι
712 641 801 700 Sic
826 643 903 695 ait
932 640 1191 695 Dominus
1221 640 1383 705 Deus,
1429 642 1517 710 qui
1568 641 1691 696 fecit
1734 655 1850 694 οω-

282 732 417 799 lum,
460 742 517 788 et
557 731 725 786 aliisit
749 731 877 785 illud
910 748 925 796 ;
974 730 1066 800 qui
1100 731 1445 785 confirmavit
1483 729 1592 804 (79)
1631 713 1874 795 terram,'

280 834 337 880 et
369 840 489 895 qum
516 826 569 879 in
604 839 665 878 ea
696 832 822 878 sunt
854 841 867 876 :
902 833 956 876 et
984 826 1075 892 qui
1106 821 1197 877 dat
1228 820 1465 876 aiDatum
1498 824 1715 893 populo,
1758 824 1850 891 qui

280 926 366 973 est
389 932 551 986 super
571 930 716 979 eam,
743 926 798 969 et
821 914 1069 984 spiritum
1094 915 1180 969 bis
1202 915 1297 985 qui
1326 916 1536 969 calcant
1560 915 1704 969 illam
1728 917 1792 967 “.
1827 935 1846 969 ι

348 1005 404 1064 9.
447 1006 683 1059 Rursum
716 1005 977 1066 Dominus
1010 1014 1198 1060 noster
1226 1002 1386 1061 Iesus
1415 994 1668 1061 Christus
1697 1022 1851 1061 eum—

282 1096 408 1151 dem
442 1098 586 1151 hunc
618 1096 832 1151 Patrem
866 1111 1019 1150 suum
1047 1094 1361 1159 conﬁtetur,
1408 1096 1460 1149 in
1486 1110 1552 1151 co
1594 1098 1737 1165 quod
1767 1097 1852 1151 di-

280 1189 405 1245 cit:
442 1207 462 1237 σ
510 1188 783 1244 Confiteor
827 1188 938 1260 (80)
980 1188 1099 1252 tibi,
1143 1188 1324 1252 Pater,
1358 1186 1585 1242 Domine
1633 1187 1755 1242 cceli
1800 1196 1855 1241 et

286 1290 448 1336 terrae
477 1281 543 1335 “.
584 1300 603 1333 ι
639 1278 807 1346 Quem
832 1279 1047 1335 Patrem
1080 1280 1268 1334 volunt
1302 1296 1399 1336 nos
1425 1280 1614 1335 audire
1640 1279 1715 1343 bi,
1760 1279 1852 1349 qui

281 1384 412 1425 sunt
434 1370 690 1427 Pandora:
714 1371 1107 1439 perversissimi
1133 1371 1389 1440 sophista:
1414 1368 1558 1440 (8i)?
1591 1368 1855 1423 Utrumne

280 1459 538 1531 Bythum,
572 1474 730 1529 quem
760 1474 787 1513 a
816 1460 1123 1528 semetipsis
1167 1459 1440 1514 tinxerunt
1472 1476 1485 1525 ;
1520 1474 1590 1513 an
1624 1457 1850 1512 Matrem

282 1565 506 1615 eorum;
551 1565 617 1605 an
648 1549 1039 1619 Uuigeuitum?
1073 1556 1154 1604 An
1187 1566 1347 1621 quem
1381 1549 1731 1615 Marcionita,
1773 1549 1855 1605 vel

281 1642 467 1697 caeteri
493 1641 886 1695 adinvenerunt
910 1642 1112 1696 Deum?
1146 1639 1325 1712 (quem
1358 1642 1577 1710 quidem
1604 1656 1710 1694 non
1736 1653 1857 1696 esse

284 1728 475 1795 Deum,
510 1745 605 1799 per
626 1730 794 1784 multa
824 1730 1335 1801 demonsuavitnns)
1364 1746 1432 1785 an
1464 1728 1629 1801 (quod
1652 1738 1734 1783 est
1762 1743 1857 1784 ve-

284 1821 428 1893 rum)
460 1821 841 1877 fabricatorem
873 1823 997 1878 cmli
1027 1830 1081 1877 et
1108 1823 1301 1877 terrae?
1353 1837 1513 1892 quem
1550 1830 1602 1874 et
1633 1822 1860 1891 prOphe-

1960 640 2091 701 tuis.
2118 646 2173 693 et
2202 639 2365 691 vitam
2398 634 2553 690 nobis
2582 634 2781 693 donat:
2826 642 2880 688 et
2922 632 3277 696 demonstrat,
3313 644 3381 685 ex
3422 645 3528 684 uua

1958 731 2256 789 substantia
2282 742 2401 784 esse
2434 726 2644 792 omnia,
2677 726 2729 781 id
2751 734 2831 780 est
2860 726 3132 781 Abraham
3161 732 3216 779 et
3263 721 3528 795 Moysem,

1959 833 2014 879 et
2045 824 2359 895 prophetas,
2400 819 2568 875 etiam
2599 817 2771 888 ipsum
2800 817 3083 872 Dominum
3109 816 3201 886 qui
3231 814 3532 871 resurrexit

1959 932 1988 968 a
2036 915 2283 978 mortuis,
2330 913 2382 967 in
2416 925 2575 981 quem
2629 918 2687 963 et
2735 908 2965 963 credunt
2994 907 3147 961 multi
3175 906 3267 977 qui
3300 914 3428 962 sunt
3462 919 3530 959 ex

1959 1004 2395 1066 circumcisione,
2427 1002 2519 1071 qui
2550 1009 2604 1055 et
2633 998 2872 1070 Moysem
2904 1008 2959 1055 et
2983 999 3276 1069 prophetas
3303 997 3533 1053 audiunt

1960 1098 2316 1169 pradicantes
2346 1097 2639 1150 adventum
2674 1092 2795 1148 Filii
2827 1090 2948 1146 Dei.
3013 1089 3115 1157 Qui
3161 1100 3339 1145 autem
3372 1104 3530 1161 sper-

1962 1199 2099 1244 nunt
2132 1188 2265 1260 (85),
2297 1192 2364 1243 ab
2395 1188 2564 1243 altera
2593 1185 2903 1243 substantia
2932 1198 3027 1239 eos
3053 1197 3175 1237 esse
3200 1183 3408 1248 dicunt,
3438 1194 3531 1235 ne-

1961 1296 2066 1350 que
2112 1281 2527 1351 primogenitum
2581 1289 2919 1334 mortuorum
2966 1274 3185 1340 sciunt;
3234 1272 3531 1343 separatim

1961 1364 2233 1421 Christum
2268 1366 2651 1437 intelligentes,
2696 1377 2952 1434 tanquam
2984 1360 3373 1433 impassihiiem
3406 1376 3533 1430 per-

1963 1467 2335 1524 severantem,
2384 1467 2440 1514 et
2482 1457 2775 1529 separatim
2824 1469 2985 1523 eum,
3034 1453 3129 1525 qui
3179 1468 3373 1525 passus
3424 1463 3533 1517 cst,

1961 1545 2169 1605 Iesum.

2029 1639 2082 1695 5.
2119 1639 2236 1695 Non
2260 1641 2404 1697 enim
2430 1656 2459 1693 a
2480 1639 2642 1695 Patre
2666 1640 2939 1711 accipiunt
2960 1654 3292 1712 cognoscere
3316 1640 3534 1705 Filium,

1966 1749 2065 1789 nec
2091 1749 2121 1787 a
2156 1734 2291 1789 Filio
2322 1734 2536 1789 discunt
2562 1731 2802 1800 Patrem,
2835 1731 3121 1788 manifeste
3149 1742 3202 1787 et
3227 1734 3345 1788 sine
3380 1748 3538 1801 para-

1965 1824 2105 1879 bolis
2149 1838 2272 1879 eum
2320 1823 2509 1889 Deum,
2565 1822 2656 1892 qui
2712 1832 2797 1878 est
2840 1837 2990 1889 vere,
3040 1824 3270 1879 docente
3310 1823 3419 1896 (86)
3469 1821 3536 1874 τί.

283 1922 354 1969 tte
385 1914 843 1982 praedicaverunt,
890 1930 1049 1984 quem
1083 1922 1137 1968 et
1171 1912 1427 1969 Christus
1457 1929 1611 1968 suum
1647 1912 1855 1968 Patrem
1891 1906 1934 1962 Β
1969 1934 1987 1967 ι
2015 1914 2114 1982 Ne,
2164 1916 2363 1986 inquit,
2408 1914 2723 1985 juraveritis
2768 1916 2821 1969 in
2865 1922 3060 1981 totum,
3111 1930 3286 1983 neque
3332 1914 3385 1968 in
3429 1930 3541 1970 cu:-

284 2004 599 2070 ronfitetur,
630 2019 789 2074 quem
822 2016 875 2059 et
914 2008 996 2059 lex
1027 2007 1336 2069 annuntiat,
1374 2006 1559 2060 dicens
1596 2026 1608 2061 :
1648 2024 1666 2057 ε
1694 2006 1853 2074 Audi,

282 2096 476 2160 Israel,
505 2096 764 2151 Dominus
795 2095 934 2151 Deus
968 2106 1090 2152 tuus
1120 2095 1228 2167 (82)
1260 2112 1399 2151 unus
1426 2108 1510 2153 est
1531 2097 1595 2150 ⁸³.
1629 2118 1647 2150 ι

353 2188 410 2243 5.
452 2186 499 2219 ⁸⁸
540 2186 808 2254 Quoniam
859 2198 1038 2242 autem
1081 2187 1246 2261 Moysi
1296 2190 1489 2245 littera:
1533 2190 1698 2245 verba
1750 2190 1858 2246 sint

283 2277 515 2338 Christi.
545 2279 660 2347 ipse
683 2279 759 2333 ait
789 2278 852 2332 ad
874 2277 1110 2343 Iudaeos,
1146 2281 1602 2349 quemadmodum
1623 2279 1859 2337 Joannes

286 2373 341 2428 in
369 2372 665 2443 Evangeiio
686 2381 1144 2427 commemoratus
1178 2383 1261 2436 est
1295 2389 1309 2427 :
1352 2390 1371 2424 ι
1400 2372 1459 2427 Si
1492 2374 1859 2431 credidissetis

286 2464 483 2534 Moysi,
515 2465 885 2519 credidissetis
932 2476 987 2519 et
1015 2464 1143 2517 mihi
1180 2477 1196 2516 :
1231 2464 1295 2519 de
1327 2479 1415 2518 me
1441 2465 1583 2519 enim
1608 2465 1695 2519 ille
1723 2464 1862 2521 scri-

288 2557 421 2626 psit.
445 2553 502 2609 Si
526 2564 705 2610 autem
733 2554 877 2611 illitis
906 2554 1105 2608 litteris
1127 2569 1231 2608 non
1257 2556 1499 2621 creditis,
1531 2569 1703 2625 neque
1725 2555 1864 2612 meis

288 2646 634 2702 sermonibus
662 2646 896 2701 credetis
916 2646 981 2698 ⁵⁷.
1011 2665 1029 2698 ο
1064 2644 1505 2701 Manifestissime
1528 2647 1862 2718 siguiilt-aus,

290 2735 466 2809 Moysi
503 2738 716 2793 litteras
747 2752 875 2792 suos
904 2751 1026 2792 esse
1052 2752 1355 2793 sermones.
1409 2738 1550 2807 Ergo
1577 2738 1621 2793 si
1654 2738 1860 2809 Moysi,

288 2838 348 2886 et
389 2828 721 2899 reliquorum
766 2829 884 2883 sine
930 2828 1095 2884 dubio
1146 2831 1534 2899 pr0phetarum
1585 2844 1865 2884 sermones

290 2923 471 2992 ipsius
523 2930 669 2985 sunt,
718 2921 1171 2991 quemadmodum
1222 2920 1736 2976 demonstravimus.
1800 2920 1866 2974 Et

291 3016 496 3071 iterum
530 3015 643 3085 ipse
674 3014 933 3069 Dominus
964 3014 1222 3081 ostendit,
1252 3014 1526 3069 Abraham
1551 3014 1755 3069 dixisse
1786 3013 1868 3067 di-

289 3106 394 3160 viti
424 3105 490 3159 de
522 3106 607 3160 his
634 3106 907 3168 omnibus,
954 3106 1044 3174 qui
1077 3104 1255 3159 adhuc
1284 3114 1443 3158 erant
1483 3105 1534 3157 in
1571 3104 1677 3158 vita
1710 3122 1724 3158 :
1760 3121 1782 3157 ι
1808 3102 1867 3159 Si

291 3196 465 3267 Moysi
516 3205 570 3251 et
614 3196 895 3265 prophetis
950 3211 1055 3249 non
1098 3192 1378 3261 obcdiunt,
1431 3211 1532 3249 nec
1576 3196 1622 3249 si
1671 3196 1793 3265 quis
1837 3211 1867 3251 a

297 3288 531 3343 mortuis
567 3302 856 3357 resurgens
886 3288 951 3341 ad
986 3288 1104 3344 illos
1133 3297 1242 3351 eat,
1273 3288 1493 3341 credent
1522 3287 1569 3341 ei
1604 3286 1671 3340 “.
1703 3306 1723 3339 ι

364 3379 418 3433 4.
462 3379 506 3411 ⁸⁸
534 3379 647 3435 Νοιι
687 3388 867 3434 autem
908 3378 1147 3433 fabulam
1194 3379 1379 3433 retulit
1418 3380 1571 3435 nobis
1614 3380 1870 3451 pauperis

294 3481 352 3528 et
397 3472 609 3537 divitis;
654 3472 747 3527 sed
793 3472 1027 3542 primum
1080 3473 1299 3541 quidem
1346 3472 1552 3539 docuit,
1599 3473 1867 3542 neminem

293 3574 549 3636 oportere
579 3540 915 3627 deliciisluti,
962 3540 1138 3632 neque
1168 3566 1218 3615 in
1247 3563 1593 3619 saecularibus
1630 3540 1871 3619 oblecta-

294 3658 522 3723 mentis,
564 3663 618 3710 et
650 3656 836 3709 multis
866 3654 1040 3723 epulis
1072 3654 1353 3724 degentes,
1395 3658 1604 3712 servire
1629 3659 1743 3711 suis
1778 3672 1870 3711 vo-

294 3749 618 3819 luptatibus,
681 3758 739 3802 et
788 3747 1037 3802 oblivisci
1080 3747 1269 3803 Detnn.
1338 3766 1357 3798 ι
1389 3748 1514 3803 Erat
1558 3750 1728 3813 enim,
1788 3750 1870 3805 in-

294 3839 439 3909 quit,
487 3840 659 3903 dives,
706 3839 797 3907 qui
847 3838 1179 3893 vestiebatur
1218 3853 1511 3907 purpuram
1556 3851 1608 3894 et
1650 3840 1869 3910 hyssum

297 3931 439 4002 (85),
484 3940 536 3985 et
565 3931 938 3985 delectabatur
972 3929 1145 3999 epulis
1176 3929 1474 3999 splendidis
1504 3932 1570 3983 7°.
1604 3950 1621 3983 ο
1682 3930 1757 3985 De
1787 3942 1871 3985 ta-

294 4025 444 4079 libus
487 4032 666 4077 autem
718 4031 772 4077 et
817 4036 914 4087 per
960 4020 1157 4075 lsaiam
1208 4021 1343 4075 dixit
1374 4020 1653 4090 Spiritus:
1694 4023 1872 4079 «Cum

295 4115 550 4179 citharis,
580 4126 636 4171 et
664 4114 955 4186 tympanis,
984 4123 1035 4169 et
1066 4112 1359 4180 psalteriis,
1391 4124 1446 4169 et
1474 4115 1620 4171 tibiis
1653 4115 1764 4189 (84)
1796 4119 1873 4173 vi-

296 4224 433 4264 num
476 4207 667 4262 bibunt
710 4226 723 4261 :
770 4222 934 4275 Opera
984 4216 1167 4260 autem
1202 4206 1294 4258 Dei
1324 4221 1429 4260 non
1468 4208 1768 4277 intuentur,
1816 4219 1871 4266 et

296 4316 465 4370 opera
497 4315 752 4354 manuum
790 4300 908 4368 ejus
938 4314 1043 4351 non
1079 4299 1427 4353 considerant
1456 4300 1523 4354 7‘.
1554 4319 1573 4353 ι
1632 4300 1713 4356 Ne
1740 4316 1873 4371 ergo

298 4391 354 4445 in
378 4391 623 4445 eamdem
654 4404 869 4458 ptenam
892 4404 1014 4442 cum
1048 4388 1131 4441 his
1160 4388 1465 4455 veniamus,
1497 4389 1656 4445 finem
1682 4407 1870 4446 eorum

296 4482 539 4538 ostendit
591 4480 883 4546 Dominus;
940 4480 1101 4535 simul
1149 4482 1485 4551 signiticans,
1541 4486 1682 4553 quod
1742 4486 1874 4539 obe-

296 4576 513 4632 dieutcs
542 4573 713 4645 Moysi
742 4582 796 4627 et
828 4574 1102 4644 prophetis
1125 4575 1412 4630 crederent
1444 4576 1497 4630 in
1528 4591 1678 4642 eum,
1711 4593 1871 4647 quem

372 4724 416 4755 ⁶¹
448 4722 551 4777 lsa.
582 4739 621 4787 ι,
656 4722 709 4775 ‘2.

299 4794 345 4827 ss
382 4794 511 4848 Lup,
573 4809 683 4854 xw,
732 4792 819 4843 5i.
912 4793 955 4822 ⁸³
1006 4792 1133 4860 Cap.
1186 4791 1269 4846 IV.

1364 4793 1409 4823 ⁷⁰
1449 4794 1574 4848 Luc.
1628 4812 1737 4861 xu,
1786 4796 1870 4850 i9.

298 4863 350 4897 '"
372 4866 471 4919 isa.
497 4879 639 4924 Ln'l,
670 4864 717 4915 i.
774 4863 819 4892 ⁷⁵
844 4861 1026 4915 Matth.
1056 4877 1165 4916 ut.

376 4975 486 5049 (78)
518 4975 887 5049 Cori/ﬁrmavit.
921 4975 1560 5049 Clarom.Acoulormat-it.

375 5044 487 5119 (80)
520 5046 807 5119 Conﬁteor.
849 5044 1026 5119 \[nssa
1053 5044 1354 5119 conﬁtebor.
1398 5044 1668 5119 quoinndo
1703 5060 1867 5114 supra

299 5113 396 5175 lib.
425 5113 615 5182 πίων.
642 5116 735 5175 20.
785 5132 838 5169 ιι.
868 5116 922 5176 5,
963 5116 1015 5169 in
1044 5113 1232 5169 (ἰτὼεο
1256 5115 1503 5169 Marcosii
1544 5113 1868 5183 allegarunt.

378 5189 492 5270 (8i)
531 5186 799 5270 Pandam:
833 5187 1207 5270 perversissimi
1246 5186 1761 5270 sopiistqznAiiudit
1802 5186 1867 5237 ati

300 5253 683 5316 haereticorum
725 5255 1088 5322 salvatorem,
1140 5253 1308 5324 quem
1337 5254 1555 5308 Hesiodi
1604 5253 1869 5308 Pandorze

300 5330 539 5387 similem
588 5327 718 5381 dicit
758 5326 847 5380 lib.
883 5341 943 5386 ll,
1001 5340 1124 5394 cap.
1154 5326 1241 5390 14,
1304 5343 1359 5379 ιι.
1390 5325 1443 5387 5,
1494 5324 1619 5392 quia
1666 5324 1862 5394 singuli

300 5399 511 5457 tiones
539 5398 677 5467 quod
714 5396 981 5451 habebant
1012 5398 1063 5467 in
1105 5411 1162 5450 se
1190 5396 1451 5467 optimum
1481 5405 1644 5467 atque
1668 5395 1865 5448 tioreu-

305 5462 574 5525 tissimuni
609 5467 659 5519 in
696 5482 818 5522 eum
852 5466 1147 5520 contulisse
1179 5462 1565 5534 fingebantur.
1604 5462 1740 5517 lline
1771 5480 1862 5516 eu-

304 5543 429 5595 dem
467 5537 604 5591 libro
644 5553 761 5605 cap.
791 5538 879 5599 30.
923 5553 975 5590 η.
1008 5537 1067 5600 4,
1116 5534 1404 5591 Guosticos
1434 5543 1591 5591 vocat
1613 5534 1866 5590 sateliites

302 5613 448 5663 circa
480 5607 783 5660 Pandarum
812 5607 1111 5675 dispositos.

386 5678 498 5749 (82)
530 5677 672 5749 pcus
700 5686 839 5730 tuus.
884 5674 938 5731 In
978 5674 1549 5749 ututtibusgﬂibiiorum
1596 5674 1868 5749 exempla-

303 5745 488 5814 ribus,
519 5747 655 5801 Deus
683 5763 877 5801 ποθεν.
918 5748 987 5800 At
1016 5762 1199 5801 vocem
1235 5746 1371 5798 Deus
1398 5746 1602 5799 addunt
1634 5745 1868 5811 Aruud.,

307 5818 476 5873 Merc.
508 5818 563 5873 2.
592 5830 643 5871 et
676 5816 838 5869 Grab-
871 5833 993 5872 cum
1022 5830 1182 5869 sacro
1215 5825 1384 5869 textu.

534 5858 829 5950 Pin-purum
872 5858 921 5941 ξι
965 5887 1196 5958 bywtm.
1264 5886 1353 5941 Sic
1404 5887 1469 5941 ad
1516 5884 1875 5940 imitationem

830 4720 874 4751 ”
907 4721 1042 4775 lbid.
1097 4736 1203 4775 χιιι
1261 4722 1312 4775 5.
1390 4722 1433 4754 ⁸⁵
1465 4722 1653 4778 Matth.
1700 4740 1776 4787 XI,
1810 4724 1899 4779 25.

1964 2008 2116 2073 lum,
2162 2006 2417 2078 quoniam
2474 2006 2701 2062 thronus
2745 2013 2829 2059 est
2880 2004 2972 2060 Dei
3029 2026 3040 2059 :
3090 2020 3264 2074 neque
3318 2006 3375 2059 in
3425 2014 3539 2060 ter-

1964 2115 2081 2156 ram
2106 2139 2122 2166 ,
2162 2100 2419 2169 quoniam
2464 2097 2760 2154 scabellum
2807 2108 2892 2153 est
2922 2099 3118 2169 pedum
3162 2098 3280 2166 ejus
3313 2114 3327 2151 :
3366 2111 3543 2164 neque

1965 2208 2062 2263 per
2110 2190 2466 2256 Hierusalem,
2514 2190 2773 2261 quoniam
2816 2190 3011 2247 civitas
3054 2199 3139 2246 est
3194 2188 3377 2260 magni
3431 2187 3541 2245 Be-

1968 2286 2048 2356 gis
2068 2285 2138 2339 ".
2175 2304 2195 2338 ι
2230 2283 2355 2340 Ηςεε
2398 2285 2540 2339 enim
2572 2285 2629 2340 in
2660 2284 3043 2340 fabricatorem
3076 2282 3367 2338 manifeste
3392 2283 3540 2338 dicta

1968 2386 2115 2442 sunt,
2156 2380 2616 2449 quemadmodum
2651 2388 2707 2434 et
2747 2378 2918 2433 lsaias
2954 2378 3030 2432 ait
3064 2394 3077 2430 :
3118 2395 3135 2429 ι
3168 2375 3376 2432 Caelum
3409 2375 3542 2429 mihi

1969 2469 2127 2525 sedes
2157 2477 2259 2537 est,
2300 2479 2447 2526 terra
2483 2475 2887 2541 suppedaneum
2918 2469 3116 2539 pedum
3154 2482 3395 2523 meorum
3418 2465 3485 2518 ⁷⁸.
3518 2483 3537 2517 ι

1969 2558 2037 2615 Et
2060 2570 2260 2628 prater
2294 2560 2439 2614 hunc
2469 2560 2608 2615 alius
2643 2574 2749 2615 non
2797 2568 2881 2616 est
2915 2559 3094 2622 Deus;
3141 2566 3399 2612 caeterum
3432 2552 3543 2625 (87)

1970 2666 2001 2705 a
2036 2651 2261 2706 Domino
2294 2664 2467 2721 neque
2497 2651 2665 2717 Deus,
2704 2664 2878 2721 neque
2910 2665 3139 2720 magnus
3181 2648 3297 2705 Rex
3331 2649 3547 2703 dicere-

1973 2751 2100 2797 tur:
2131 2743 2436 2814 huiusmodi
2469 2744 2615 2798 enim
2650 2758 2753 2798 nec
2776 2743 3265 2811 comparationem,
3317 2755 3419 2796 nec
3458 2739 3544 2793 ul—

1971 2835 2082 2890 lam
2118 2834 2310 2905 recipit
2338 2833 2787 2903 superlationem.
2849 2832 2953 2900 Qui
2982 2832 3127 2887 enim
3165 2846 3326 2901 super
3357 2845 3415 2885 se
3443 2830 3543 2883 ba-

1971 2928 2063 2983 bet
2092 2927 2325 2998 aliquem
2358 2941 2717 2995 superiorem,
2772 2934 2829 2980 et
2878 2924 2979 2980 sub
3006 2924 3234 2980 alterius
3278 2930 3546 2993 potestate

1973 3029 2077 3084 est,
2108 3018 2197 3073 hic
2226 3032 2403 3087 neque
2427 3016 2595 3080 Deus,
2628 3031 2805 3085 neque
2828 3032 3056 3086 magnus
3080 3015 3196 3072 Rex
3218 3015 3323 3071 dici
3347 3022 3543 3084 potest.

2046 3112 2098 3166 6.
2142 3110 2247 3167 Sed
2295 3125 2395 3165 nec
2420 3123 2515 3181 per
2550 3108 2779 3163 ironiam
2808 3109 3029 3179 quidem
3068 3108 3185 3163 haec
3226 3108 3368 3161 dicta
3400 3120 3543 3168 esse,

1974 3213 2230 3275 poterunt
2258 3203 2457 3269 dicere,
2506 3216 2629 3255 cum
2665 3199 3066 3256 convincantur
3093 3201 3159 3254 ab
3192 3200 3323 3269 ipsis
3362 3197 3543 3258 dictis.

1975 3298 2231 3367 quoniam
2256 3299 2309 3351 in
2339 3294 2569 3348 veritate
2591 3293 2737 3349 dicta
2760 3302 2905 3347 sunt.
2945 3292 3161 3348 Etenim
3196 3291 3398 3346 veritas
3427 3299 3547 3345 erat

1979 3390 2091 3458 ipse
2120 3389 2209 3459 qui
2260 3387 2595 3456 loquebatur,
2651 3396 2706 3442 et
2738 3401 2868 3441 vere
2900 3384 3206 3441 vindicabat
3253 3398 3407 3438 suam
3459 3383 3550 3437 do-

1977 3495 2146 3543 mum,
2201 3480 2493 3549 projicieus
2523 3496 2589 3535 ex
2626 3494 2689 3533 ea
2720 3479 3133 3542 nummularios,
3181 3478 3273 3547 qui
3304 3486 3360 3531 et
3398 3491 3547 3529 eme-

1974 3571 2129 3637 bant,
2162 3581 2218 3626 et
2241 3571 2561 3637 vendebant,
2600 3571 2787 3627 dicens
2806 3570 2923 3625 eis:
2960 3587 2978 3620 ‹
3009 3568 3283 3638 Scriptum
3314 3578 3419 3630 est,
3452 3566 3552 3621 do-

1978 3679 2097 3718 mus
2149 3678 2267 3718 mea
2317 3664 2509 3719 domus
2559 3662 2825 3717 orationis
2878 3661 3201 3723 vocabitur;
3248 3674 3343 3713 vos
3368 3668 3549 3713 autem

1977 3754 2187 3809 fecistis
2233 3769 2351 3807 eam
2404 3753 2719 3824 speluncam
2766 3752 3041 3807 latronum
3090 3753 3157 3805 ⁷³.
3189 3771 3207 3803 ι
3275 3750 3341 3805 Et
3384 3765 3549 3819 quam

1978 3860 2196 3901 causam
2225 3844 2334 3915 (88)
2367 3845 2557 3899 habuit
2586 3847 2687 3900 hoc
2718 3847 2897 3900 facere
2924 3855 2979 3899 et
3008 3846 3210 3907 dicere,
3241 3852 3299 3897 et
3326 3842 3548 3897 domum

1978 3951 2128 3991 suam
2154 3936 2453 4001 vindicare,
2482 3935 2527 3989 si
2552 3934 2781 3990 alterum
2806 3935 2971 3989 Deum
2996 3932 3401 3987 annuntiabat?
3441 3932 3551 3988 Sed

1978 4037 2040 4083 ut
2088 4028 2397 4083 ostenderet
2446 4024 2555 4099 (89)
2611 4034 3041 4095 transgressores
3094 4033 3336 4093 paternae
3392 4022 3551 4093 legis.

1978 4120 2165 4191 Neque
2190 4120 2334 4174 enim
2364 4119 2583 4173 domum
2620 4115 2921 4180 incusabat,
2958 4129 3134 4184 neque
3160 4114 3334 4184 legem
3359 4130 3549 4184 repre-

1980 4212 2273 4275 hendebat,
2320 4224 2483 4277 quam
2515 4216 2736 4261 venerat
2781 4204 3115 4275 adimplere;
3164 4203 3262 4259 sed
3291 4218 3409 4268 eos,
3457 4204 3553 4272 qui

1981 4303 2144 4373 23o
2172 4316 2275 4355 non
2305 4302 2442 4355 bene
2471 4298 2765 4353 utebantur
2795 4299 2975 4361 domo,
3004 4304 3055 4350 et
3101 4310 3216 4364 eos,
3254 4295 3347 4365 qui
3375 4295 3553 4365 legem

1983 4392 2543 4463 transgrediebantur,
2602 4388 2885 4460 arguebat.
2959 4386 3026 4440 Et
3070 4387 3191 4441 ideo
3244 4386 3453 4443 Scribat
3496 4396 3553 4442 et

1980 4485 2260 4547 Pharisaei,
2296 4484 2388 4553 qui
2418 4492 2695 4551 coeperant
2723 4496 2752 4534 a
2794 4478 3125 4546 temporibus
3150 4477 3285 4549 legis
3307 4489 3556 4533 contem-

1983 4590 2113 4632 nere
2148 4577 2337 4641 Deum,
2388 4588 2486 4629 nec
2522 4573 2755 4629 Verbum
2807 4573 2923 4642 ejus
2970 4581 3319 4640 receperunt,
3368 4571 3421 4625 id
3464 4580 3553 4626 est

2537 4718 2581 4749 “
2608 4717 2737 4777 Cap.
2771 4715 2853 4769 lii.
2962 4712 3004 4743 "
3032 4711 3227 4766 Joann.
3257 4726 3308 4771 v.
3336 4710 3423 4775 46,
3456 4711 3548 4768 47.

2012 4725 2056 4757 ⁸⁸
2088 4724 2241 4777 Deut.
2285 4738 2360 4787 Vt,
2394 4722 2446 4775 4.
2537 4722 2581 4749 ⁸⁵
2608 4722 2737 4777 Cap.
2772 4722 2853 4769 Ill.
2962 4722 3001 4743 ‘"
3032 4722 3227 4766 Joann.
3257 4726 3308 4771 ν.
3336 4722 3423 4775 46,
3456 4722 3548 4768 47.

2014 4795 2158 4848 ιιςίι.
2208 4810 2259 4847 v.
2312 4794 2396 4846 12.
2493 4791 2538 4820 "
2583 4788 2717 4856 Cap.
2748 4786 2811 4841 γ.
2899 4782 2947 4816 ⁷³
2978 4783 3170 4837 Matth.
3216 4797 3267 4845 v,
3307 4781 3395 4845 34,
3456 4782 3549 4837 35.

1985 4796 2027 4825 '“
2059 4795 2158 4848 lsa.
2208 4810 2259 4847 v.
2312 4794 2396 4846 12.

1900 4974 1945 5029 D
1974 4972 2151 5028 Graeci
2198 4984 2381 5027 textus
2432 4979 2634 5026 habent
2674 4970 2913 5025 Clarum.
2954 4981 3008 5023 et
3050 4970 3357 5039 Anglic-stu,
3410 4986 3549 5038 quo-

1980 5047 2137 5098 modo
2182 5056 2236 5097 et
2278 5059 2442 5111 supra
2496 5042 2590 5097 lib.
2624 5057 2707 5105 ttt,
2737 5056 2857 5111 cap.
2890 5041 2987 5111 H,_
3009 5057 3061 5094 η.
3092 5041 3148 5103 5,
3178 5041 3395 5094 codices
3424 5044 3551 5095 Cia-

1977 5129 2114 5235 ῐοηι.
2140 5125 2195 5169 et
2230 5106 2416 5171 Ottob.
2457 5113 2657 5167 habere
2701 5106 2909 5165 monui.
2973 5106 3165 5174 Editt.,
3212 5126 3445 5178 purpura
3498 5123 3549 5165 et

2011 5200 2149 5235 uaso.

2011 5200 2149 5235 "880.

2187 5253 2370 5307 Tibiis.
2430 5252 2664 5307 Feuard.
2710 5252 2764 5307 in
2812 5265 3010 5321 marg.,
3038 5253 3248 5305 Arund.
3280 5262 3333 5305 et
3362 5251 3550 5316 Voss.,

1976 5327 2137 5378 tubis.

2037 5396 2149 5466 (85)
2183 5394 2469 5464 Spei-nunt.
2524 5393 2599 5446 ita
2641 5407 2739 5466 pro
2780 5394 3086 5466 dispertiunt
3129 5391 3282 5462 posui
3329 5408 3391 5446 ex
3425 5392 3553 5446 Cla-

1976 5464 2199 5520 rom.et
2233 5467 2385 5521 Voss.
2420 5466 2511 5534 qui
2550 5465 2709 5534 ambo
2744 5464 3000 5517 omittunt
3029 5477 3261 5532 sequens
3290 5472 3360 5534 et.

2040 5536 2149 5606 (86)
2181 5532 2451 5590 Docentef
2488 5536 2580 5589 Sic
2611 5533 2843 5606 Feuard.
2874 5534 2938 5606 in»
2980 5549 3151 5603 marg.
3180 5541 3233 5585 et
3259 5533 3381 5586 cod.
3417 5532 3541 5587 Cla-

1974 5604 2111 5660 rom.
2132 5604 2343 5661 'Cteteri
2373 5620 2561 5660 omnes
2595 5605 2877 5664 mendose,
2905 5604 3188 5655 docentem.

2050 5675 2159 5746 (87)
2193 5676 2473 5731 Craterum.
2514 5676 2620 5728 Pro
2646 5673 2903 5746 alioquin.

2052 5744 2160 5817 (88)
2193 5750 2364 5813 Quam
2394 5762 2627 5800 causam.
2667 5744 2803 5817 Alit._
2828 5760 2984 5813 quam
3013 5744 3074 5817 ait
3103 5760 3338 5817 causam.

2050 5813 2159 5889 (89)
2196 5821 2299 5875 Sed
2330 5830 2383 5873 ut
2417 5821 2725 5873 ostenderet.
2789 5813 2843 5867 Id
2876 5826 2978 5879 est,
3017 5814 3194 5867 nisiut
3234 5816 3546 5869 'tsteitdcret.
