4222 6320
715 428 819 485 9τ9

1462 420 1517 477 S.
1557 417 1816 475 iRENtEI
1850 416 2156 476 EPISCOPI
2188 413 2673 475 LUGDUNENSIS
2707 415 2795 472 ET
2830 413 3188 473 MARTYRIS

3838 413 3937 474 990

720 560 828 601 non
881 542 1235 599 crediderunt
1281 540 1524 605 Christo,
1576 541 1645 596 de
1700 542 1898 611 quibus
1945 540 2115 596 Isaias
2159 541 2276 595 ait:
2309 547 2351 603 Α
2382 538 2610 603 thronus
2634 537 2725 593 Dei
2753 545 2856 601 est.
2888 547 2943 593 ct
2977 549 3116 592 terra
3140 536 3539 606 suppetlaneum
3567 533 3706 606 ejus,
3738 534 3935 589 dictum

720 653 741 687 1
773 634 1053 704 Principes
1098 636 1175 689 ttti
1218 635 1421 689 indicto
1466 632 1753 689 audientes
1792 631 1905 706 (90)
1946 644 2092 695 sunt,
2141 633 2273 688 socii

718 724 916 789 furum,
948 726 1233 797 diligentes
1261 741 1507 789 munera,
1540 733 1813 780 sectantes
1835 725 2271 789 retributionem,

714 816 930 884 pupillis
958 831 1060 870 non
1086 815 1417 881 iudicantes,
1465 826 1519 870 ct
1545 815 1804 882 jttdicium
1842 816 2121 868 viduarum
2170 830 2273 869 non

715 907 1059 962 attendentes
1084 908 1152 962 ".
1186 927 1204 958 1
1238 907 1302 961 Ε1
1326 906 1593 962 .Ieretnias
1616 917 1793 962 autem
1817 908 2100 962 similiter:
2134 925 2151 957 1
2172 906 2273 973 Qui

712 1005 969 1063 praesunt,
1020 998 1212 1065 inquit,
1253 998 1448 1067 populo
1490 1013 1632 1059 meo,
1677 1011 1761 1051 tne
1802 998 2115 1052 nesciebant
2150 1014 2163 1049 :
2208 997 2273 1050 li-

713 1085 767 1138 lii
813 1083 921 1158 (9I)
975 1088 1234 1143 insensati
1287 1099 1341 1142 et
1382 1088 1746 1157 imprudentes
1794 1096 1941 1152 sunt;
2004 1087 2273 1156 sapientes

712 1187 840 1230 sunt
868 1178 920 1231 in
952 1178 1347 1234 ntalelaeiendo
1379 1180 1513 1251 (9'2),
1563 1179 1699 1235 bene
1733 1189 1911 1234 autem
1958 1177 2137 1234 facere
2166 1192 2270 1231 non

712 1278 1080 1334 cognoverunt
1107 1269 1173 1327 ".
1204 1287 1223 1321 s

780 1358 834 1412 7.
876 1358 1154 1428 Quotquot
1197 1374 1379 1416 autem
1430 1362 1693 1417 timebant
1735 1361 1923 1426 Deum,
1964 1370 2019 1416 et
2048 1360 2271 1416 solliciti

709 1458 866 1501 erant
893 1448 1034 1505 circa
1064 1451 1234 1520 legem
1264 1452 1401 1521 ejus,
1446 1454 1543 1521 ipsi
1575 1464 2000 1509 accucurrerunt
2029 1453 2268 1517 Christo,

708 1546 765 1589 et
791 1540 981 1593 salvati
1012 1555 1137 1596 sunt
1160 1559 1351 1599 omnes
1381 1561 1397 1598 :
1434 1564 1453 1596 1
1480 1544 1556 1601 Ite
1579 1565 1597 1598 1
1630 1547 1794 1609 enim,
1828 1546 2003 1615 inquit
2030 1545 2271 1615 discipu-

710 1628 799 1694 lis,
852 1648 871 1683 1
904 1634 970 1687 ad
998 1648 1125 1687 oves
1163 1650 1282 1704 qua:
1308 1636 1586 1706 perierunt
1624 1637 1814 1691 domus
1841 1638 2001 1691 Israel
2026 1637 2097 1692 ".
2124 1656 2143 1689 1
2203 1635 2271 1691 Et

708 1719 993 1779 Samaritae
1039 1737 1240 1795 autem,
1266 1730 1461 1800 inquit,
1514 1745 1638 1787 eum
1683 1732 1968 1786 mansisset
2016 1730 2269 1785 Dominus

709 1813 850 1881 apud
877 1828 971 1869 eos
1000 1815 1185 1881 biduo,
1220 1836 1240 1868 1
1272 1818 1442 1873 multo
1470 1818 1651 1889 plures
1679 1820 2027 1873 crediderunt
2052 1828 2268 1889 propter

2382 640 2465 684 est
2504 639 2688 684 autem
2738 630 3019 697 prieterire
3060 628 3256 682 caelum
3292 636 3345 679 et
3392 638 3590 681 terram
3620 625 3703 690 ⁸³ς
3748 624 3936 694 hisque

2382 720 2839 788 praetereuntibus
2884 727 3137 789 oportere
3181 715 3292 788 (9'7)
3340 716 3500 771 etiam
3554 716 3696 771 hunc
3747 714 3935 777 Deum,

2381 812 2469 879 qni
2504 826 2667 879 super
2700 812 2908 872 sedeat,
2940 811 3249 879 prasterire;
3284 820 3339 864 et
3373 809 3494 863 ideo
3522 824 3625 863 non
3650 809 3794 863 hunc
3822 820 3937 863 esse

2382 900 2545 956 Deum
2575 903 2662 971 qui
2694 904 2767 957 sit
2793 916 2954 971 super
2980 902 3198 967 omnia;
3239 902 3416 971 primo
3444 901 3660 969 quidem
3690 905 3938 955 nesciunt

2379 994 2508 1063 quid
2530 994 2623 1056 sit,
2648 994 2844 1051 coelum
2870 994 3117 1057 thronus,
3142 1004 3196 1048 et
3219 1003 3359 1048 terra
3387 994 3786 1061 suppetlaneum
3806 992 3934 1064 (98').

2380 1084 2488 1138 Nec
2537 1085 2679 1139 enim
2730 1086 2909 1141 sciunt
2958 1087 3084 1154 quid
3129 1084 3199 1139 sit
3234 1084 3398 1151 Deus,
3445 1085 3538 1138 sed
3582 1094 3774 1153 putant
3815 1098 3935 1139 eum

2381 1190 2528 1229 more
2557 1178 2791 1231 hominis
2817 1179 3021 1240 sedere,
3054 1187 3108 1231 et
3135 1176 3425 1239 contineri,
3465 1190 3567 1229 non
3599 1186 3777 1230 autem
3813 1190 3935 1229 con—

2382 1266 2570 1320 linere.
2612 1265 2719 1320 Sed
2758 1277 2814 1321 et
2865 1267 3288 1335 przeteritionem
3335 1266 3461 1320 cccli
3508 1276 3560 1321 et
3603 1267 3940 1336 termigno—

2380 1367 2536 1422 rant;
2574 1357 2775 1412 Paulus
2804 1366 2983 1412 autem
3014 1364 3118 1412 non
3151 1359 3441 1429 ignoravit,
3478 1358 3663 1411 dicens
3693 1375 3709 1411 :
3748 1376 3767 1406 ι
3794 1355 3939 1412 Ρη·

2379 1450 2504 1504 terit
2526 1452 2670 1506 enim
2701 1450 2869 1522 figura
2903 1451 3061 1518 hujus
3094 1451 3277 1506 mundi
3305 1452 3372 1505 ⁸⁵.
3404 1471 3423 1502 ι
3460 1452 3661 1505 Deinde
3682 1452 3939 1520 quaestio-

2377 1556 2500 1597 nem
2553 1543 2792 1611 ipsorum
2847 1544 3007 1598 solvit
3053 1542 3241 1597 David.
3318 1542 3517 1609 Figura
3572 1543 3716 1597 enim
3777 1542 3936 1611 hujus

2378 1634 2560 1688 mundi
2588 1645 2975 1704 prmtereunte,
3027 1651 3134 1690 non
3164 1638 3338 1691 solum
3368 1635 3534 1689 Deum
3578 1634 3655 1689 ait
3679 1648 3935 1704 perseve-

2377 1739 2518 1788 rare,
2560 1727 2653 1781 sed
2696 1737 2750 1780 et
2780 1740 2968 1782 servos
2994 1726 3132 1794 ejus,
3173 1729 3225 1781 in
3256 1728 3551 1782 centesimo
3580 1728 3755 1797 primo
3792 1724 3938 1794 psal-

2376 1828 2463 1868 mo
2507 1815 2619 1887 (99)
2657 1818 2843 1872 dicens
2888 1816 2966 1873 ita
3023 1840 3036 1874 :
3080 1836 3099 1870 1
3127 1818 3284 1873 Initio
3332 1828 3531 1879 terram
3573 1827 3628 1871 tu
3672 1816 3933 1885 fundasti,

708 1916 991 1959 sermones
1020 1903 1155 1972 ejus,
1183 1906 1241 1961 et
1262 1907 1472 1977 mulieri
1501 1908 1753 1963 dicebant
1796 1929 1807 1962 :
1851 1907 1967 1962 Iam
2011 1921 2114 1960 non
2145 1920 2267 1973 pro-
2297 1900 2340 1956 Β
2370 1904 2615 1973 Domine,
2646 1918 2702 1960 et
2728 1923 2895 1977 opera
2924 1922 3183 1963 manuum
3218 1918 3431 1962 tuarum
3463 1921 3591 1963 sunt
3632 1908 3777 1963 caeli.
3830 1907 3934 1978 Ipsi

706 2000 828 2059 pter
849 2001 997 2049 tuam
1022 1994 1289 2068 loquelam
1313 2000 1618 2063 credimus;
1646 2000 1744 2069 ipsi
1766 1999 1911 2054 enim
1943 1997 2266 2060 audivimus,

705 2090 763 2135 et
783 2082 984 2140 scimus
1007 2087 1260 2156 quoniam
1289 2087 1379 2143 hic
1402 2100 1488 2144 est
1516 2104 1643 2145 vere
1667 2088 1919 2143 Salvator
1939 2087 2122 2141 mundi
2147 2086 2214 2141 ".
2242 2106 2261 2137 ι

707 2173 771 2229 Et
802 2175 1003 2233 Paulus
1038 2189 1217 2235 autem
1246 2182 1322 2236 ait
1350 2199 1363 2235 :
1401 2199 1420 2233 1
1446 2182 1510 2236 Et
1535 2183 1614 2236 sic
1636 2183 1815 2236 omnis
1839 2179 1999 2235 Israel
2043 2176 2268 2233 salvabi-

706 2277 798 2322 tur
822 2268 887 2322 ⁸⁸.
921 2287 943 2322 ι
1001 2269 1105 2326 Sed
1138 2280 1192 2325 et
1218 2272 1387 2339 legem
1418 2273 1763 2343 padagogum
1812 2280 2055 2327 nostrum
2096 2270 2150 2324 in
2178 2268 2269 2328 Je—

705 2374 827 2413 stttn
855 2359 1128 2417 Christum
1175 2364 1309 2417 dixit
1338 2364 1404 2418 ⁸³.
1447 2362 1560 2418 Νοη
1592 2378 1722 2433 ergo
1765 2362 2119 2438 quorumdam
2147 2360 2267 2415 inli-

703 2451 983 2508 delitatem
1013 2452 1114 2524 legi
1148 2456 1428 2510 ascribunt
1469 2474 1481 2509 :
1523 2472 1626 2509 non
1654 2457 1796 2509 enim
1823 2455 1907 2508 lex
1936 2451 2045 2525 (93)
2078 2451 2263 2520 prohi-

705 2541 866 2595 bebat
892 2556 986 2598 eos
1008 2547 1232 2600 credere
1257 2546 1310 2599 in
1342 2544 1535 2600 Filium
1569 2547 1682 2607 Dei,
1732 2545 1823 2599 sed
1852 2554 1904 2597 et
1942 2542 2266 2596 adhortaba-

706 2642 811 2696 tur,
845 2634 1031 2689 dieens
1059 2622 1206 2707 (9i),
1242 2652 1346 2691 non
1372 2637 1531 2691 aliter
1566 2636 1759 2690 salvari
1792 2633 1901 2705 (95)
1930 2633 2179 2687 homines
2197 2632 2265 2686 ab

702 2724 929 2795 antiqua
964 2729 1230 2795 serpentis
1260 2728 1439 2799 plaga,
1492 2728 1595 2782 nisi
1634 2727 1858 2781 credant
1902 2726 1952 2778 itt
1979 2740 2123 2790 eum,
2173 2723 2262 2793 qui

700 2815 1000 2868 secundum
1018 2816 1422 2871 similitudinem
1448 2816 1632 2871 carnis
1654 2816 1858 2885 peccati
1882 2816 1933 2869 111
1956 2816 2100 2885 ligno
2122 2830 2261 2868 mar-

704 2902 829 2971 tyrii
862 2904 1135 2960 exaltatur
1159 2921 1187 2959 a
1218 2916 1384 2972 terra,
1412 2915 1466 2961 et
1491 2906 1672 2961 omnia
1702 2907 1867 2960 trahit
1895 2906 1960 2959 ad
1988 2918 2065 2969 se,
2103 2912 2159 2960 et
2183 2904 2263 2961 'vi-

702 2994 887 3051 viﬁcat
916 2994 1024 3069 (96)
1056 3007 1321 3053 mortuos.

1278 3092 1507 3149 CAPUT
1542 3092 1603 3146 III
1632 3092 1696 3145 θ’.

704 3155 1000 3223 Respondet
1030 3162 1230 3216 cauillis
1263 3162 1627 3216 (.‘nostieorum
1666 3177 1685 3215 :
1731 3177 1833 3214 non
1876 3160 2072 3213 idcirco
2098 3157 2261 3213 Deum

772 3246 947 3307 verum
980 3234 1173 3285 mutari
1200 3242 1289 3285 aut
1318 3234 1553 3307 desinere
1582 3233 1884 3307 esse,_quod
1908 3230 2088 3307 caelum
2115 3230 2261 3281 sedes
2290 3244 2333 3307 ο

771 3300 903 3366 ejus.
955 3312 1003 3354 et
1045 3311 1186 3356 terra
1216 3302 1607 3371 suppedaneum
1641 3304 1831 3370 pedum
1872 3302 2006 3369 ejus,
2044 3307 2262 3367 praeter-

772 3379 916 3421 eant.

774 3460 825 3514 Ι.
864 3460 1126 3527 Quoniam
1154 3460 1505 3530 malignantes
1534 3458 1715 3514 dicunt
1749 3476 1764 3512 :
1800 3458 1843 3513 si
1876 3458 2018 3511 enim
2061 3459 2257 3511 malum

807 3669 853 3700 ⁷³
875 3669 981 3721 Isti.
1005 3684 1042 3736 t,
1065 3668 1155 3721 95.
1212 3667 1468 3723 "Jet'cm.
1504 3684 1575 3728 tv,
1606 3667 1693 3720 εἰ.
1785 3666 1829 3697 ⁷⁸³
1860 3664 2040 3717 Matth.
2070 3680 2122 3726 κ,
2150 3662 2199 3715 6.

699 3738 747 3770 ⁸⁸
770 3737 896 3805 Cap.
922 3740 1003 3796 VI.
1091 3739 1137 3770 ⁸³
1158 3736 1283 3792 Luc.
1316 3754 1425 3800 XXI,
1452 3738 1537 3791 53.
1606 3738 1653 3768 “
1696 3737 1713 3789 1
1764 3737 1887 3790 Cor.
1916 3750 2009 3798 vn,
2033 3736 2121 3790 51.

769 3907 876 3977 (90)
911 3908 1119 3962 Indicio
1157 3910 1446 3964 audientes.
1508 3910 1547 3965 I.
1577 3924 1627 3961 c.
1669 3925 1770 3961 non
1816 3909 2127 3959 obetlientes.
2194 3902 2250 3957 111

702 3978 891 4034 Grseco
921 3979 1053 4033 LXX
1083 3980 1365 4033 ἀπείθουσι
1432 3981 1482 4031 in
1517 3978 1757 4047 Vulgata,
1792 3979 2049 4047 inﬁde/es.

915 4047 1060 4104 Filii.
1126 4050 1280 4103 Enim
1314 4048 1573 4119 additum-
1599 4042 1650 4119 iit
1691 4042 1855 4119 1311111.-
1906 4043 2081 4119 Erus"
2111 4042 2249 4098 Gttll.

701 4132 757 4173 et
790 4117 1019 4171 Fettard.
1054 4121 1315 4172 omittunt
1342 4118 1599 4179 Clarum,
1631 4118 1836 4169 Arund.
1862 4128 1916 4169 et
1946 4117 2125 4178 V'oss.,
2156 4128 2256 4167 nec

700 4189 757 4245 In
783 4187 972 4242 Grteco
998 4190 1105 4242 τῶν
1135 4190 1188 4241 0’
1216 4189 1471 4244 occurrit.

774 4256 886 4331 (92)
916 4254 982 4331 In
1013 4259 1408 4331 malefaciendo.
1464 4257 1694 4313 Fcuard.
1735 4255 1787 4308 in
1836 4270 2005 4325 marg.
2040 4262 2095 4309 et
2135 4252 2257 4309 Cla-

703 4328 869 4396 rotn..
892 4329 966 4396 agl
994 4328 1448 4396 malefaciendum.

793 4395 881 4467 95)
914 4394 1034 4467 Non
1065 4394 1203 4467 enirn
1231 4396 1331 4450 (es.
1376 4394 1429 4448 111
1448 4396 1580 4467 aliis
1612 4397 1763 4451 deest
1793 4394 1899 4449 lex.

788 4465 877 4536 94)
912 4466 1118 4519 Dicens.
1177 4466 1417 4534 Respicit
1446 4466 1700 4526 Ircntetts.
1739 4476 1797 4517 111
1840 4468 1973 4536 bene
2002 4465 2255 4519 observat

701 4533 891 4597 Gram,
924 4538 987 4589 ad
1023 4552 1083 4589 ea
1120 4536 1212 4589 Dei
1250 4533 1607 4589 vet-lia"Nntn.
1641 4552 1755 4600 ut,
1782 4537 1813 4588 8
1852 4556 1862 4589 :
1899 4533 2008 4588 Fac
2046 4548 2253 4600 serpen-

704 4614 805 4660 tem
844 4596 1061 4668 aeneum.
1097 4616 1143 4659 et
1178 4622 1308 4673 pone
1347 4622 1462 4657 eum
1498 4624 1591 4673 pro
1624 4596 1771 4674 signo
1805 4618 1823 4655 :
1854 4606 1939 4673 qui
1981 4596 2255 4673 percussus
2289 4596 2333 4651 D

704 4677 959 4741 aspexerit
1009 4693 1167 4737 ettin,
1217 4679 1362 4727 vivet.
1431 4676 1567 4741 Quin
1615 4678 1757 4729 enim
1810 4690 1904 4741 per
1948 4681 2251 4741 serpentem

702 4759 909 4798 :encutn
961 4745 1299 4812 signiﬁcetur
1346 4746 1618 4805 Christus,
1667 4743 1911 4797 dubitare
1966 4760 2067 4796 non
2122 4742 2256 4794 sinit

706 4815 872 4880 ipsius
898 4814 1201 4867 Serratoris
1231 4818 1546 4875 auctoritas,
1578 4813 1732 4867 Joan.
1763 4829 1841 4874 Ill,
1870 4815 1952 4874 14,
1986 4812 2250 4866 dicentis:

702 4882 771 4936 Et
800 4885 936 4935 sicut
967 4883 1170 4953 Moyses
1200 4885 1444 4953 exultauit
1482 4892 1769 4950 serpentem
1807 4883 1860 4935 in
1903 4886 2103 4935 deserto
2132 4893 2149 4929 :
2182 4884 2254 4953 ita

702 4956 929 5006 exaltari
958 4951 1152 5019 Oportet
1189 4951 1387 5004 Filium
1416 4956 1663 5015 hominis,
1698 4964 1749 5004 ul
1781 4954 1946 5005 omnis
1972 4957 2057 5021 qui
2089 4952 2251 5021 credit

701 5024 758 5075 in
784 5023 975 5098 ipsum.
1003 5033 1328 5098 non_pe_re_a_t,
1357 5027 1443 5075 sed
1471 5023 1664 5098 habent
1684 5024 1840 5098 vitam
1870 5020 2148 5098 a'ternam.
2176 5020 2253 5098 ᾼιί

702 5091 895 5145 eadem
938 5093 1122 5158 procul
1169 5094 1332 5143 dnhio
1382 5094 1612 5159 respexit
1640 5091 1885 5145 Justinus
1914 5092 1981 5144 Μ.
2025 5094 2075 5144 111
2116 5090 2257 5156 Apo-

702 5161 841 5225 logia
881 5167 946 5213 ad
980 5162 1306 5213 Antoninum
1336 5160 1509 5222 Pium,
1557 5164 1670 5213 haec
1699 5161 1843 5213 velut
1872 5163 2030 5215 verba
2061 5160 2255 5228 Moysis

703 5230 945 5302 allegans
970 5250 983 5284 :
1022 5230 1145 5302 Ἐὰν
1172 5230 1543 5302 προσ-ϐλέπητε
1562 5230 1812 5302 τῷ-τύπῳ
1834 5231 2023 5302 τούτῳ,
2059 5230 2149 5282 καὶ
2170 5245 2256 5302 11'.-

702 5296 953 5370 στεύητεν
989 5303 1046 5353 ἐν
1079 5296 1227 5369 αὑτῷ
1260 5296 1586 5371 σωθήσεὸ-Θε.
1611 5296 1679 5354 ’81
1708 5296 2031 5366 ἱηέρθπετὶἱξε
2062 5302 2158 5352 hoc
2182 5300 2254 5352 si-

701 5385 885 5437 gnum,
916 5380 963 5422 et
988 5372 1335 5433 credideritis,
1366 5372 1495 5424 salvi
1529 5374 1579 5422 in
1612 5387 1671 5423 eo
1693 5372 1855 5424 eritis.
1906 5371 2014 5424 Nec
2038 5384 2255 5423 necesse

704 5448 788 5494 est
817 5453 937 5491 cntn
967 5438 1167 5493 Granio
1196 5441 1475 5503 hariolari,
1522 5442 1619 5493 lS|tl
1654 5440 2047 5507 deprompsisse
2084 5439 2253 5492 Justi-

703 5523 836 5561 nntu
870 5524 935 5561 ex
962 5510 1272 5579 apocrypho
1302 5512 1533 5577 quodam
1572 5510 1765 5579 Moysis
1797 5511 1953 5572 libro,
2002 5510 2084 5563 vel
2113 5510 2255 5577 glos-

705 5591 852 5630 sema
881 5595 999 5632 esse
1031 5578 1179 5647 quod
1207 5582 1257 5631 in
1291 5581 1531 5633 codicem
1556 5578 1665 5631 τῶν
1692 5582 1745 5632 0'
1776 5581 2049 5647 irrepserit
2080 5598 2092 5632 :
2124 5580 2254 5631 satis

703 5657 854 5718 patet
882 5650 1016 5701 nihil
1061 5650 1204 5718 aliud
1244 5664 1363 5703 esse
1400 5666 1558 5717 quam
1595 5650 1972 5718 paraphrasttt,
2016 5661 2105 5709 aut
2138 5663 2254 5700 verv

704 5715 1102 5837 sienentleanlo
1134 5715 1437 5773 liberiorem
1468 5715 1751 5772 verborum
1778 5718 1994 5787 Moysis.

781 5782 891 5837 (95)
984 5803 1048 5837 on
1083 5788 1237 5837 aliter
1270 5789 1480 5837 salvari.
1522 5798 1625 5837 etc.
1688 5789 1827 5837 Inter
1862 5790 1994 5837 var-ia

781 5782 891 5854 (95)
927 5782 1048 5839 Non
1083 5788 1237 5839 aliter
1270 5789 1480 5851 salvari,
1522 5798 1625 5841 etc.
1688 5789 1827 5840 Inter
1862 5782 2003 5841 var-ia
2036 5788 2251 5841 Patrum

708 5854 1055 5922 antiquorum
1085 5857 1407 5923 testimonia,
1458 5859 1655 5927 quibus
1681 5866 1961 5928 peccatum
1994 5856 2253 5927 originale

2301 3664 2345 3734 7⁸
2373 3662 2527 3719 Joar.
2561 3685 2632 3730 tv,
2664 3670 2750 3734 il,
2775 3672 2861 3726 i2.

2211 3732 2256 3764 ⁸⁸
2291 3733 2430 3788 Psal.
2460 3752 2530 3798 Cl,
2572 3740 2640 3793 26
2670 3732 2820 3813 seqq.

2373 1996 2661 2065 peribunt;
2699 2008 2755 2052 tu
2803 2008 2979 2053 autem
3022 2000 3417 2070 perseverabis,
3463 2008 3519 2053 et
3556 2013 3745 2054 omnes
3794 2000 3934 2054 sicut

2371 2090 2753 2143 vestimentum
2812 2100 3192 2155 veterascent,
3246 2101 3302 2146 et
3361 2093 3497 2146 sicut
3550 2092 3934 2160 cooperimen-

2324 2198 2327 2201 ’
2374 2189 2487 2237 tum
2519 2179 2593 2251 (I)
2624 2183 2856 2237 tntttabis
2883 2180 2956 2255 (2)
2989 2198 3104 2245 eos,
3137 2192 3191 2237 et
3219 2182 3595 2238 mutabuntur.
3636 2182 3714 2236 Tu
3748 2190 3933 2236 autem

2374 2271 2513 2326 idem
2559 2273 2672 2342 ipse
2712 2272 2787 2345 (ὃ)
2831 2287 2908 2337 es,
2955 2282 3010 2328 et
3051 2274 3176 2327 anni
3220 2272 3295 2327 tui
3328 2289 3434 2327 non
3464 2273 3747 2329 deﬁcient.
3810 2272 3932 2328 Filii

2370 2377 2650 2416 servorum
2679 2372 2895 2417 tuorum
2922 2364 3305 2417 inhabitabant
3328 2363 3427 2435 (ὁ),
3455 2374 3508 2418 et
3533 2379 3716 2419 semen
3742 2379 3933 2419 eorum

2372 2454 2426 2507 itt
2454 2464 2714 2509 aeternum
2746 2452 2821 2526 (5)
2849 2456 3113 2525 dirigetur
3140 2455 3186 2488 ⁸⁸
3209 2470 3224 2521 ;
3246 2474 3266 2509 ι
3321 2454 3607 2510 manifeste
3633 2456 3937 2510 ostendens

2370 2560 2489 2614 qua:
2528 2548 2635 2599 sint
2668 2562 2787 2616 quae
2824 2556 3177 2617 praetereunt,
3226 2556 3279 2603 et
3306 2550 3429 2617 quis
3470 2557 3554 2603 est
3582 2550 3673 2617 qtti
3715 2563 3935 2620 semper

2370 2646 2697 2707 perseverat,
2747 2637 2889 2692 Deus
2937 2653 3058 2693 cum
3105 2638 3277 2693 servis
3318 2638 3453 2693 suis.
3518 2637 3586 2693 Et
3620 2638 3793 2693 Isaias
3844 2655 3935 2691 an.

2371 2737 2476 2782 tem
2502 2728 2751 2785 similiter
2783 2746 2797 2783 :
2834 2747 2853 2783 1
2876 2730 3141 2794 Allevate,
3176 2730 3374 2799 inquit,
3405 2728 3591 2783 oculos
3616 2738 3837 2784 vestros
3876 2731 3929 2785 in

2368 2818 2585 2885 ctelttm,
2622 2827 2675 2873 ct
2703 2820 2967 2878 attendite
3006 2820 3059 2876 in
3100 2830 3302 2876 terram
3348 2822 3625 2883 deorsum,
3669 2822 3928 2888 quoniam

2368 2908 2565 2965 ctelum
2604 2910 2744 2965 sicut
2779 2910 2961 2965 fatuus
2997 2912 3380 2967 conﬁrmatum
3410 2923 3513 2976 est,
3556 2924 3703 2967 terra
3742 2921 3925 2966 autem

2370 3001 2506 3056 sicut
2543 3002 2927 3057 vestimentum
2967 3012 3276 3059 veterascet
3309 3021 3324 3058 :
3357 3004 3446 3075 qui
3480 3013 3660 3059 autem
3707 3003 3926 3057 inhabi-

2369 3101 2485 3148 tant
2514 3094 2565 3147 in
2599 3095 2705 3159 eis,
2747 3094 3198 3162 quemadmodum
3227 3094 3359 3159 haec,
3403 3096 3725 3151 morientur.
3770 3094 3931 3149 Salu-

2368 3195 2483 3241 tare
2506 3196 2683 3243 autem
2726 3204 2903 3242 meum
2949 3188 3004 3244 in
3036 3200 3297 3243 aeternum
3327 3187 3451 3256 erit,
3486 3187 3698 3256 iustitia
3744 3197 3929 3241 autem

2366 3293 2482 3331 mea
2514 3293 2617 3331 non
2647 3278 2860 3335 delieiet
2888 3280 2953 3332 ⁸⁸.
2979 3300 2996 3330 1

2859 3373 3013 3442 231
3044 3372 3269 3428 carus
3298 3372 3361 3426 tv
3390 3373 3457 3431 σιτ.

2368 3457 2653 3529 Respondet
2688 3460 2838 3515 alteri
2870 3462 3167 3533 oojertioni,
3207 3474 3253 3517 et
3290 3463 3474 3532 probat
3514 3479 3693 3517 eversa
3729 3463 3851 3517 licet
3878 3470 3930 3517 et

2938 3683 2951 3697 .
2975 3674 3019 3704 no
3046 3672 3199 3727 nam,
3243 3670 3422 3733 xt,9.6.
3518 3670 3562 3701 '”
3584 3668 3702 3723 Gal.
3738 3668 3926 3732 ill,“-

2931 3745 2976 3777 ⁸³
3001 3743 3102 3796 lsa.
3137 3757 3210 3808 ιι,
3240 3742 3293 3797 6.
3369 3741 3412 3773 θ’
3440 3738 3570 3811 Cap.
3606 3738 3714 3793 VII.

2362 3909 2553 3976 astruit
2586 3908 2915 3976 Augustinus
2943 3910 3191 3963 adversus
3234 3905 3508 3959 lulianum
3552 3904 3925 3973 Pelagianam,

2360 3974 2504 4030 hunc
2536 3974 2717 4031 Irenzei
2752 3978 2925 4033 locum
2958 3980 3028 4031 ita
3078 3978 3241 4032 refert
3269 3976 3361 4031 lib.
3393 3992 3432 4037 t.
3476 3990 3593 4042 cap.
3623 3976 3656 4028 5
3692 3975 3927 4029 novissi-

2361 4060 2459 4097 ntte
2489 4046 2650 4101 edit.:
2682 4049 2913 4101 lremcus
2945 4045 3305 4116 Lugdunensis
3332 4048 3739 4116 gpiscopusgon
3770 4048 3923 4116 longe

2360 4132 2391 4166 α
2414 4119 2729 4181 temporibus
2760 4112 3111 4183 apostolorum
3144 4116 3263 4184 fuit.
3322 4114 3429 4168 Iste
3462 4112 3533 4166 ait
3563 4131 3581 4169 :
3616 4112 3737 4166 Non
3771 4115 3928 4167 aliter

2360 4184 2555 4255 salvari
2584 4186 2814 4238 homines
2848 4190 2912 4239 ab
2943 4187 3156 4255 antiqua
3187 4185 3435 4255 serpentis
3462 4184 3638 4250 plaga.
3677 4184 3779 4236 nisi
3814 4199 3925 4255 creo

2363 4254 2488 4306 dant
2536 4256 2588 4307 in
2647 4271 2785 4317 eum,
2833 4256 2922 4323 qui
2967 4252 3692 4310 secundumsimilitudinem
3744 4253 3919 4307 carnis

2361 4325 2557 4389 peccati
2602 4326 2652 4376 in
2694 4325 2834 4393 ligna
2875 4325 3117 4393 martyrii
3155 4324 3418 4377 exaltatus
3459 4338 3491 4374 α
3532 4331 3695 4386 terra,
3745 4323 3923 4375 omnia

2363 4394 2521 4455 traxit
2553 4394 2621 4445 ad
2646 4410 2719 4451 se.
2746 4407 2793 4446 et
2825 4396 3101 4461 viviﬁcacit
3132 4400 3387 4448 mortuos.

2433 4463 2540 4533 (96)
2576 4463 2859 4516 Exultatur
2885 4500 2900 4515 .
2923 4459 2967 4519 ξ.
2999 4476 3046 4519 et
3077 4504 3090 4517 .
3113 4502 3160 4518 ..
3210 4464 3370 4516 trahit
3398 4500 3412 4515 .
3432 4500 3448 4516 .
3472 4499 3488 4515 .
3518 4461 3779 4533 uisi/Scal.
3818 4459 3919 4514 Le-

2362 4532 2439 4599 git
2468 4533 2814 4601 Augustinus,
2852 4534 3113 4587 exaltatus
3159 4533 3280 4589 sine
3321 4540 3407 4597 et;
3452 4540 3590 4595 tum,
3638 4532 3917 4587 traxit...

2364 4603 2659 4667 vici/ictwit.

2432 4674 2540 4741 (97)
2569 4672 2843 4741 onrlere.
2880 4672 2990 4733 AL,
3022 4680 3244 4738 oportet.

2433 4739 2545 4812 (98)
2576 4739 2771 4793 Gavium
2822 4743 3060 4804 lltl‘OlluS,
3107 4754 3153 4793 et
3195 4753 3331 4795 terra
3373 4741 3787 4809 suppedaneum.
3847 4740 3921 4795 Ita

2362 4810 2595 4865 Ciaroin.
2631 4821 2681 4862 et
2710 4814 2915 4864 Arund.
2952 4812 3142 4863 01³11)τί
3171 4825 3489 4880 perperam:
3522 4812 3733 4874 (telum,
3774 4812 3920 4865 thro-

2361 4898 2477 4939 nus.
2510 4892 2650 4933 terra
2683 4893 2724 4932 et
2757 4882 3162 4945 suppedonenm.

2433 4951 2542 5021 (99)
2577 4952 2638 5002 In
2670 4954 2943 5002 tentesimu
2966 4952 3133 5021 primo
3155 4949 3377 5015 psalmo.
3417 4947 3549 5021 Quia
3579 4948 3810 5012 Hebraei,
3844 4949 3922 5001 in-

2362 5019 2475 5090 quit
2505 5021 2916 5090 Fenardentins.
2964 5019 3223 5090 psalmum
3270 5034 3466 5070 nonum
3496 5019 3564 5090 in
3616 5023 3755 5072 duos
3794 5036 3914 5086 par-

2364 5088 2586 5152 titttttttr,
2621 5092 2664 5143 is
2696 5089 2787 5155 qui
2818 5104 2961 5141 nunc
2989 5090 3056 5140 ab
3090 5088 3290 5141 Irenaeo
3317 5089 3621 5149 adducitur,
3653 5092 3799 5154 apud
3826 5102 3919 5143 eos

2360 5163 2691 5215 centesimus
2737 5162 3003 5212 secundus
3033 5168 3136 5219 est,
3177 5157 3378 5211 Griecis
3417 5172 3545 5211 vero
3588 5161 3920 5213 centesimus

2401 5247 2589 5283 I'lInIIS.

2401 5248 2589 5283 rnnns.

2362 5248 2394 5300 ρ
2434 5300 2506 5369 (I)
2545 5300 3019 5367 (looperiinentunt.
3075 5295 3304 5350 Feuard.
3349 5296 3402 5349 in
3443 5311 3614 5366 marg.
3650 5307 3702 5350 et
3742 5296 3915 5362 γοδς..

2362 5374 2699 5438 opertorium.

2433 5442 2507 5511 (Ξ)
2540 5439 2792 5511 Mactabis.
2839 5434 2989 5503 Legit
3023 5435 3256 5511 [renatus
3284 5434 3553 5511 ἀλλάξεις,
3588 5452 3694 5487 non
3726 5435 3920 5500 ἑλίξεις

2362 5521 2418 5564 ut
2442 5506 2632 5563 imam
2658 5508 2765 5559 τῶν
2797 5510 2849 5558 0'
2878 5506 3203 5573 exemplaria
3236 5507 3457 5560 habent.

2432 5580 2505 5651 (Ei)
2533 5578 2687 5651 idem
2722 5582 2849 5651 ipse.
2889 5574 3007 5651 Ipse
3034 5578 3187 5651 abest
3218 5576 3503 5651 anclaro‘m.
3547 5577 3836 5651 ειᾉτιιμει.

2425 5642 2497 5721 (11)
2523 5649 2915 5701 Inhabitabnnt.
2954 5645 3007 5697 111
3033 5645 3211 5710 Eras.,
3229 5646 3390 5710 GalL,
3412 5642 3645 5697 Fcuard.
3666 5660 3720 5698 et
3742 5645 3916 5704 Voss"

2359 5721 2686 5773 habUabnnL

2422 5789 2891 5859 (5)1ntcternum.
2947 5786 3180 5842 Feuard.
3215 5785 3270 5841 in
3317 5799 3487 5857 marg.
3532 5796 3588 5840 et
3637 5783 3818 5853 Voss"
3864 5786 3919 5841 is

2360 5860 2634 5916 saxulum.
