4222 6320
215 331 313 391 981

1377 326 1660 386 CONTRA
1694 322 2036 382 11ιΕ11Ε81-Ζ5
2072 320 2199 378 LIB.
2237 319 2323 377 IV.

3366 309 3472 367 982

296 448 995 532 derelictaﬂierosolyma,
1026 464 1155 532 grta
1195 447 1565 532 megitiﬂegis
1611 449 1795 532 cit-itus

1898 461 2061 517 κοντα.
2094 441 2231 516 πρὸς
2268 437 2663 511 καρποφορίαν.
2736 430 3236 490 fructificationem.
3315 428 3475 497 Qua-

296 534 434 585 erat,
465 520 601 575 nihil
628 520 714 580 de,
734 519 978 589 suprema
1018 520 1111 573 Dei
1152 519 1435 589 majestate
1467 536 1530 571 ac
1561 519 1794 589 potentia

297 592 606 646 decessisse:
631 589 685 660 id
711 588 848 643 enim
880 589 1267 660 sapientissimo
1285 588 1522 659 ejusdem
1550 588 1645 641 Dei
1670 603 1797 642 con-

296 663 413 717 sitio
435 660 634 731 factum
659 658 844 729 fuisse.

302 800 355 854 1.
395 797 585 853 Adhuc
612 804 670 852 et
690 794 758 850 de
779 790 1145 862 Hierusalem,
1177 793 1324 850 etde
1346 792 1572 848 Domino
1598 790 1799 847 audent

228 890 413 947 dicere
446 888 548 962 (6),
603 886 862 959 quoniam
904 884 949 942 si
989 894 1135 943 esset
1167 903 1187 937 r
1227 886 1405 957 magni
1458 883 1626 955 Regis
1666 884 1797 940 civi-

228 990 317 1037 tas
337 978 405 1044 ",
449 995 469 1031 ι
498 991 604 1033 non
635 975 1123 1046 derelinqueretur.
1148 972 1338 1031 Simile
1375 983 1556 1031 autem
1585 982 1668 1029 est
1700 974 1798 1045 (Ἰ),

229 1070 277 1125 si
302 1067 426 1141 quis
456 1067 683 1129 diceret,
731 1066 995 1137 quoniam
1049 1064 1095 1120 si
1146 1072 1292 1120 esset
1332 1063 1531 1134 stipula
1562 1063 1801 1119 conditio

226 1159 351 1225 Dei,
389 1172 663 1227 nunquam
695 1171 725 1211 a
748 1156 1023 1211 frumento
1057 1154 1529 1226 dcrelinqucrctur
1559 1167 1577 1219 ;
1604 1164 1659 1210 ct
1680 1169 1801 1210 sar-

226 1262 413 1307 menta
447 1251 639 1317 vincat,
666 1248 713 1305 si
734 1264 764 1303 a
799 1247 907 1303 Deo
936 1245 1079 1302 facta
1103 1254 1307 1312 esseut,
1341 1260 1616 1317 nunquam
1646 1261 1677 1301 a
1705 1247 1802 1302 ho-

228 1344 332 1401 tris
349 1342 612 1400 destituta
630 1338 1108 1396 abscindcrcntur.
1135 1336 1597 1405 Quemadmodum
1619 1345 1800 1392 autem

230 1439 347 1492 lucc
396 1450 501 1491 non
541 1441 763 1506 propter
794 1446 855 1487 se
895 1429 1271 1502 principaliter
1310 1427 1455 1484 facta
1506 1437 1653 1494 sunt,
1706 1426 1803 1483 scd

227 1536 454 1598 propter
482 1530 822 1580 crescentem
853 1520 1009 1575 iucis
1047 1516 1307 1583 fructum,
1335 1530 1444 1587 quo
1479 1526 1695 1571 maturo
1722 1513 1804 1568 fa-

228 1629 323 1675 cto
354 1627 410 1675 et
439 1616 645 1680 ablato,
685 1612 1161 1681 derelinquuutur,
1190 1619 1243 1665 ct
1276 1624 1308 1666 e
1341 1608 1520 1665 medio
1544 1607 1806 1663 auferun-

230 1715 345 1771 tur,
372 1717 494 1773 qua:
514 1702 630 1771 jam
658 1714 767 1756 non
806 1707 934 1755 sunt
988 1697 1140 1754 utilia
1175 1699 1242 1753 ad
1274 1696 1751 1753 fructificationem
1786 1714 1801 1750 :

1900 550 2119 607 cunque
2162 533 2307 589 enim
2356 526 2654 600 temporale
2714 525 2933 581 initium
2985 522 3213 587 habent,
3250 533 3475 577 necesse

1901 638 1987 687 est
2014 644 2083 684 ea
2112 635 2171 683 et
2198 624 2363 680 finem
2389 622 2597 679 habere
2620 615 3001 690 temporalem.

1970 719 2091 776 2.”
2124 717 2395 786 Quoniam
2437 713 2607 786 igitur
2637 725 2667 766 θ
2693 709 2880 781 Moyse
2905 708 2993 765 lex
3023 703 3324 769 inchoavit,
3346 715 3482 759 cono

1903 819 2197 882 sequenter
2229 808 2283 864 in
2305 805 2570 864 Joannem
2613 802 2727 873 (i3)
2758 800 2975 858 desivit.
3000 797 3083 853 Ad
3106 795 3479 868 impletionetn

1903 903 2021 975 ejus
2071 903 2370 958 advenerat
2411 896 2660 955 Christus
2704 910 2717 946 :
2761 902 2817 949 et
2846 900 3068 960 propter
3094 892 3200 945 hoc
3241 904 3260 940 t
3296 884 3385 941 lex
3423 891 3482 939 et

1906 992 2188 1065 propheta:
2219 1010 2237 1045 υ
2287 991 2432 1061 apud
2480 1003 2578 1046 eos
2620 1006 2639 1040 ι
2676 1000 2855 1057 usque
2899 985 2966 1039 ad
3018 981 3287 1039 Joannem
3325 980 3410 1048 ⁹¹;
3453 995 3476 1031 s

1906 1094 1961 1141 et
1993 1082 2333 1139 Hierusalem
2376 1082 2559 1153 itaque
2607 1080 2874 1135 inchoans
2920 1092 2951 1132 a
2996 1073 3188 1140 David,
3215 1082 3272 1128 et
3302 1072 3479 1127 adim-

1906 1176 2061 1249 plens
2096 1184 2336 1247 tempora
2373 1188 2491 1230 sua.
2532 1170 2970 1244 Legisdatlonem
2996 1167 3110 1240 (14)
3140 1166 3302 1221 linem
3330 1177 3485 1236 opor-

1910 1268 2014 1323 tuit
2040 1267 2273 1331 habere,
2303 1263 2652 1320 manifestato
2678 1262 2827 1318 Novo
2854 1259 3228 1317 Testamento.

1911 1358 2160 1413 Ἀπαντα
2195 1357 2376 1428 μέτρῳ
2425 1355 2539 1428 (l5)
2571 1350 2665 1410 κα).
2735 1353 2934 1411 Omnia
2956 1352 3102 1409 enim
3140 1363 3395 1406 mensura
3431 1355 3488 1403 et

1906 1452 2059 1520 τάξει
2113 1451 2145 1505 ὁ
2188 1451 2321 1514 Θεὸς
2356 1452 2517 1515 ποιεῖ,
2570 1448 2665 1503 καὶ
2734 1446 2926 1502 ordine
2956 1445 3098 1500 Deus
3116 1443 3332 1507 facit,et
3354 1438 3490 1497 nihil

1908 1545 2061 1600 οὐδὲν
2094 1544 2330 1616 ἄμετρον
2350 1540 2662 1612 παράὐτῴ,
2736 1554 2845 1594 non
2875 1552 3120 1593 mensum
3154 1536 3296 1605 apud
3327 1549 3489 1598 eum,

1908 1639 1991 1693 ὅτι
2024 1638 2188 1710 μηδὲν
2217 1634 2600 1707 ἀναρίθμητον.
2735 1635 2990 1703 quoniam
3034 1643 3137 1686 nec
3164 1627 3492 1699 incomposi-

2738 1736 2871 1780 tum.

230 1799 314 1854 sic
332 1807 389 1853 et
418 1793 815 1866 Hierosolyma,
842 1806 962 1862 quae
993 1789 1179 1862 iugum
1211 1790 1262 1844 in
1295 1804 1354 1847 sc
1379 1789 1659 1846 servitutis
1683 1805 1808 1861 por-

1915 1827 1985 1884 Et
2014 1826 2173 1889 bene,
2199 1823 2290 1895 qui
2323 1821 2462 1879 dixit
2486 1820 2596 1893 (ιϐ)
2632 1819 2808 1891 ipsum
2839 1818 3162 1874 immensum
3196 1816 3412 1872 Patrem
3435 1813 3493 1869 in

233 1900 453 1947 taverat
482 1888 557 1960 (in
593 1901 701 1959 quo
749 1884 989 1941 domitus
1017 1893 1104 1938 cst
1148 1882 1331 1949 homo,
1376 1882 1471 1953 qui
1507 1892 1667 1939 antea
1702 1898 1811 1938 non

232 1982 630 2053 aubjiciebatur
661 1980 791 2042 Deo,
832 1990 956 2031 cunt
987 1988 1137 2030 mors
1170 1973 1449 2045 regnabat,
1491 1984 1547 2031 ct
1573 1973 1812 2030 domitus

234 2075 443 2133 habilis
464 2072 645 2129 factus
674 2080 759 2128 cst
779 2070 845 2127 ad
878 2069 1231 2145 libertatem),
1274 2067 1601 2123 adveniente
1630 2067 1812 2123 fructu

232 2170 606 2235 lihertatis,rt
631 2176 815 2230 aucto,
848 2173 904 2219 et
944 2164 1215 2225 demesso,
1255 2170 1309 2215 et
1345 2159 1397 2215 in
1436 2162 1690 2217 horreum
1730 2176 1814 2215 re-

231 2271 421 2332 cepto,
452 2274 505 2315 et
542 2257 847 2330 apportatis
880 2254 948 2310 ab
992 2267 1055 2309 ea
1097 2252 1183 2307 his
1215 2251 1307 2320 qui
1350 2250 1429 2321 (8)
1476 2250 1816 2308 fructificare

234 2362 485 2423 possunt,
516 2360 568 2404 ct
599 2349 651 2403 in
688 2348 834 2403 eunti
860 2343 1055 2399 mundo
1075 2342 1460 2397 dissetuiuatis.

237 2466 438 2529 Καθὼς
470 2464 694 2524 dictata;
727 2462 802 2534 (9)
831 2460 997 2530 φησί·

242 2560 455 2614 «Τέκνα
479 2555 669 2610 Ἰακὼσ
688 2554 999 2625 βλαστήσει,

240 2654 338 2707 καὶ
350 2651 631 2720 ὲξανθήσει
656 2647 889 2720 Ἰσραὴλ,
905 2647 1000 2701 καὶ

240 2744 615 2816 admotos-:1:
642 2744 675 2813 ὴ
706 2739 996 2811 οἰκουμένη

238 2834 341 2890 τοῦ
375 2833 585 2906 καρποῦ
621 2832 807 2888 αὐτοῦ.
850 2852 868 2884 t
907 2832 999 2895 Ei;

238 2928 373 3000 eum
414 2924 507 2981 οὖν
549 2927 646 2997 τὴν
678 2926 1000 2995 τλκουμένην

239 3018 340 3073 τοῦ
359 3018 569 3090 καρποῦ
588 3018 749 3072 αὑτοῦ
775 3019 1003 3071 διασπα-

246 3113 454 3184 ρέντος,
507 3111 729 3174 εἰκότως
772 3112 999 3179 ἐγκατε-

242 3206 480 3276 ὶεέςροη.
545 3206 639 3258 καὶ
700 3207 764 3259 ὲκ
837 3204 999 3276 μέσον

245 3298 464 3367 ἐγένετ’)
497 3296 561 3352 τὰ
590 3297 716 3350 ποτὲ
744 3298 842 3368 μὲν
870 3315 1005 3369 καρ-

246 3391 459 3463 ποφῆρή
468 3407 629 3443 σαντα
677 3390 855 3454 καλῶς
916 3395 931 3455 (
948 3389 1005 3454 ἐξ

246 3483 429 3537 αὐτῶν
462 3484 569 3555 γὰρ
587 3482 645 3537 τὸ
668 3486 803 3536 κατὰ
829 3484 1005 3553 σάρκα

245 3576 278 3628 ὁ
311 3574 539 3646 Χριςτὸς
563 3574 1002 3651 ἓκιρποιῃρήθη,

249 3670 348 3721 καὶ
380 3668 429 3720 οἱ
454 3666 780 3737 ἀπόστολοι)
823 3668 917 3719 νῦν
949 3668 1005 3722 δὲ

253 3760 452 3831 μηκέτι
538 3759 730 3813 εὗοετα
830 3760 1006 3831 Datap-

324 3872 374 3905 ”
400 3873 591 3927 Matth.
622 3888 676 3935 ν.
703 3871 792 3935 55,
822 3887 887 3927 ex
918 3872 1061 3927 Psal.
1093 3888 1267 3941 ertt,
1294 3873 1347 3929 3.
1424 3874 1469 3906 ⁸³
1492 3872 1593 3929 lsa.
1633 3886 1804 3937 nvn,
1834 3869 1888 3926 6.

324 3943 486 3998 tlach.
515 3960 589 4005 tv,
619 3942 672 3995 1.
750 3942 1055 4012 “CapJX.

252 3942 486 3999 Malach.
515 3960 589 4005 tv,
619 3942 672 3995 1.

1072 2454 1541 2522 Quemadmodum
1654 2455 1821 2512 Isaias

1072 2548 1153 2601 ait
1178 2563 1193 2600 :
1218 2566 1233 2599 ι
1263 2538 1385 2601 Filii
1415 2546 1585 2602 Jacob
1617 2552 1823 2619 genui-

1072 2640 1312 2705 nabunt,
1363 2649 1420 2696 et
1469 2639 1644 2695 llorict
1704 2640 1820 2713 (10)

1071 2732 1257 2800 lsracl,
1285 2745 1341 2789 et
1372 2733 1552 2789 fructu
1572 2736 1823 2807 (ll)ejus

1072 2828 1461 2897 aditnplcbitur
1568 2830 1823 2885 universa

1072 2929 1214 2975 terra
1228 2920 1293 2974 ".
1310 2919 1394 2975 slu
1413 2921 1663 2977 universa
1678 2923 1823 2977 enim

1076 3021 1219 3067 terra
1246 3013 1422 3067 fructu
1452 3013 1824 3081 disseminata,

1076 3105 1268 3161 merito
1313 3105 1572 3161 derelicta
1622 3115 1727 3175 est,
1772 3115 1827 3163 et

1073 3198 1140 3253 de
1173 3198 1350 3252 medio
1374 3197 1547 3253 ablata
1575 3209 1683 3265 est,
1701 3215 1823 3269 qua:

1075 3294 1365 3364 aliquando
1394 3298 1610 3365 quidem
1632 3296 1825 3353 fructi-

1076 3391 1337 3448 ficavcrat
1382 3392 1519 3447 bene
1565 3389 1653 3459 (cx
1704 3390 1820 3461 ipsa

1076 3486 1219 3539 enim
1254 3485 1549 3541 secundum
1600 3499 1824 3539 carnem

1076 3576 1323 3633 Christus
1344 3575 1702 3632 frttctillcatus
1718 3585 1825 3642 est,

1076 3680 1131 3725 et
1157 3670 1444 3738 apostoli);
1476 3684 1616 3722 nunc
1646 3678 1824 3722 autem

1071 3762 1185 3831 jam
1211 3763 1361 3817 utilis
1388 3778 1492 3817 non
1516 3772 1597 3818 est
1619 3762 1732 3833 (l2)
1759 3762 1827 3817 ad

1916 1916 2061 1976 Filio
2106 1922 2809 1971 mensuratum:mensura
2855 1907 3002 1964 enim
3049 1905 3252 1971 Patris,
3299 1902 3493 1969 Filius,

1918 2008 2177 2082 quoniam
2211 2013 2267 2060 et
2304 2004 2449 2073 capit
2478 2016 2625 2057 cum.
2658 1998 2929 2067 Quoniam
2958 2005 3142 2052 autem
3178 1993 3495 2065 temporalis

1915 2111 2035 2161 erat
2081 2099 2297 2156 illorum
2330 2092 2751 2157 administratio,
2794 2090 2964 2147 Isaias
3008 2090 3133 2145 ait:
3180 2107 3199 2141 i
3243 2086 3495 2144 Bereliu-

1919 2203 2120 2267 quelur
2151 2191 2257 2246 illia
2280 2188 2411 2245 Sion
2438 2187 2581 2243 sicut
2600 2200 2724 2243 casa
2762 2185 2817 2240 in
2845 2184 3029 2251 vinea,
3065 2191 3121 2238 et
3143 2179 3291 2236 velut
3311 2187 3499 2235 custo-

1921 2288 2153 2345 diarium
2203 2284 2315 2355 (l7)
2361 2283 2415 2338 in
2468 2277 2944 2338 eucumerario“.
2988 2294 3007 2329 ι
3038 2273 3265 2342 Quando
3316 2281 3497 2327 autem

1923 2381 2041 2435 haec
2074 2373 2567 2448 derelinquentur?
2592 2371 2784 2428 Nonne
2812 2384 2938 2426 cum
2965 2368 3176 2424 fructus
3196 2362 3498 2427 auferetur,

1923 2481 1979 2529 et
2030 2469 2475 2539 derelinquentur
2539 2465 2672 2521 folia
2699 2463 2814 2520 sola
2863 2476 2986 2533 qua:
3010 2461 3126 2531 jam
3152 2457 3494 2515 fructificare

1926 2579 2031 2620 non
2064 2561 2329 2634 possunt?

1995 2656 2054 2710 5.
2083 2654 2149 2709 Ει
2169 2652 2299 2723 quid
2330 2650 2396 2707 de
2416 2648 2759 2707 Hierusalem
2791 2647 3041 2714 dicimus,
3058 2640 3501 2717 quandoquidem

1926 2755 1985 2804 et
2014 2745 2242 2818 figuram
2279 2740 2463 2795 mundi
2500 2740 2742 2796 universi
2787 2746 3037 2811 oporteat
3063 2727 3369 2807 praeterire,
3400 2730 3500 2784 ad-

1926 2838 2185 2894 veniente
2232 2845 2475 2907 tempore
2521 2832 2910 2906 prazteritionis
2953 2828 3146 2900 ipsius,
3200 2835 3260 2880 ut
3289 2823 3503 2879 fruetus

1926 2930 2148 3001 quidem
2180 2930 2235 2984 itt
2286 2930 2548 2984 horreum
2599 2926 2887 2993 colligatur
2930 2922 3063 2994 (l8),
3107 2919 3275 2993 palea
3318 2928 3504 2974 autem

1931 3020 2205 3077 derelicta:
2227 3016 2653 3077 comburantur?
2691 3033 2710 3067 ι
2747 3014 2869 3070 Dies
2899 3012 3045 3069 enim
3073 3009 3310 3075 Domini,
3343 3008 3503 3078 quasi

1931 3114 2182 3169 clibanus
2232 3112 2429 3167 ardens
2459 3128 2474 3167 :
2508 3120 2563 3166 et
2591 3116 2751 3164 erunt
2780 3104 2980 3175 stipula
3010 3116 3200 3160 omnes
3242 3110 3503 3172 peccam-

1930 3219 2040 3273 res,
2071 3205 2164 3274 qui
2201 3202 2412 3259 faciunt
2459 3201 2681 3271 iniusta,
2716 3207 2772 3253 et
2814 3197 3101 3254 comburet
3129 3208 3234 3249 eos
3265 3192 3381 3247 dies
3407 3204 3503 3245 ve-

1932 3298 2089 3354 niens
2117 3297 2186 3351 ⁹³.
2226 3316 2246 3350 ι
2284 3296 2332 3329 "
2355 3294 2491 3362 Quis
2539 3302 2622 3350 est
2672 3300 2855 3348 autem
2913 3290 3004 3344 hic
3064 3288 3349 3352 Dominus,
3408 3283 3502 3354 qui

1932 3392 2094 3447 talem
2118 3390 2374 3460 importat
2401 3390 2565 3450 diem,
2594 3386 2835 3442 Joannes
2875 3380 3190 3451 Baptizator
3208 3375 3503 3449 significat,

1934 3482 2121 3538 dicens
2147 3483 2214 3537 de
2247 3480 2505 3536 Christo:
2550 3498 2569 3531 ι
2602 3478 2721 3548 Ipse
2750 3490 2848 3531 vos
2871 3470 3169 3544 baptizahit
3198 3470 3252 3525 in
3297 3466 3506 3539 Spiritu

1933 3584 2124 3631 sancto
2149 3582 2204 3629 et
2233 3572 2365 3643 igni,
2384 3570 2561 3640 palam
2588 3570 2798 3625 habens
2816 3568 2869 3621 in
2896 3580 3057 3620 manu
3080 3561 3198 3633 ejus
3225 3562 3291 3617 ad
3314 3574 3507 3617 emun-

1933 3665 2163 3720 dandam
2214 3679 2395 3718 aream
2449 3677 2629 3727 suam,
2664 3670 2719 3715 et
2772 3658 3010 3713 fructum
3059 3652 3414 3725 congregabit
3448 3652 3505 3707 in

1934 3755 2207 3823 horreum,
2240 3756 2425 3825 paleas
2459 3761 2641 3809 autem
2668 3751 2959 3807 comburet
2990 3749 3104 3820 igni
3146 3745 3504 3817 inetstiugui-

1984 3870 2030 3902 ”
2055 3870 2187 3941 Cap.
2226 3868 2353 3925 Vill.
2428 3870 2469 3901 ⁹¹
2504 3867 2634 3924 Luc.
2663 3880 2774 3931 XVI,
2807 3865 2892 3920 16.
3020 3864 3070 3895 "
3096 3862 3198 3918 lsa.
3227 3877 3265 3925 t,
3296 3862 3350 3917 8.
3426 3858 3473 3891 ”

329 4060 404 4132 (6)
443 4060 649 4115 Audeat
685 4060 880 4116 dicere.
931 4060 1030 4127 Qui
1073 4062 1240 4117 Deum
1282 4058 1596 4114 Creatorem
1626 4066 1681 4112 et
1721 4054 1821 4110 «ιιι-
1923 4057 2197 4110 choantem
2225 4063 2275 4108 et
2307 4052 2699 4123 adimplentem.
2729 4052 2821 4107 Sic
2856 4051 3021 4123 igitur
3044 4044 3428 4170 di'stinfu'enda
3452 4053 3509 4101 et

329 4146 498 4170 nni-nm
547 4131 830 4170 numinum
883 4148 910 4170 ς.
957 4145 1168 4170 ειη-ων.
1214 4130 1322 4170 nm
1362 4128 1681 4170 distinctum
1731 4141 1826 4170 vn.-
1923 4125 2225 4170 nrdinandn
2249 4126 2509 4170 nerimlus
2531 4142 2545 4170 :
2569 4123 2650 4170 At!
2679 4123 3031 4170 imnlelionem
3051 4135 3166 4170 etus
3195 4124 3210 4170 ί
3240 4114 3375 4170 eius}
3405 4117 3507 4168 (td-

255 4120 498 4190 dae‘orum
544 4131 832 4186 Dominum
882 4148 912 4186 a
941 4120 1168 4187 ~summa
1212 4130 1322 4184 Deo
1362 4128 1681 4182 distinctum
1731 4141 1826 4182 νο-
1923 4125 2225 4182 ordinanda
2249 4120 2650 4193 periodusuld
2679 4120 3032 4193 impletionem
3051 4120 3212 4187 ejus(

253 4201 396 4260 lunt.

330 4271 406 4342 (7)
449 4270 635 4342 Simile
663 4281 838 4326 autem
872 4286 968 4330 est.
1005 4274 1189 4329 Dicere
1213 4270 1356 4340 quod
1382 4270 1434 4322 in
1455 4268 1612 4342 editt.
1650 4268 1826 4331 Eras.,

252 4339 400 4422 Gell.
442 4339 755 4422 etfeuard.
787 4346 1026 4422 additum
1055 4339 1280 4422 legitur,
1311 4339 1574 4422 eipunxi.

331 4414 407 4485 (8)
442 4410 552 4485 liis
574 4411 795 4485 quitlu
820 4400 1003 4479 Voss.,
1046 4400 1140 4468 .‘tisw
1164 4400 1303 4481 qua}.
1353 4400 1459 4485 Sed
1490 4408 1829 4485 praeferenda
1934 4404 2273 4459 Hierusalem
2298 4400 2553 4485 inchoatis
2584 4422 2614 4457 α
2643 4400 2921 4485 nat-5a,}:
2948 4400 3241 4485 adimpletu-
3272 4412 3507 4485 tempore

255 4477 411 4552 prior
442 4482 602 4552 lectio
633 4499 647 4535 :
674 4482 953 4539 Christum
975 4477 1121 4541 enim
1152 4477 1208 4537 et
1233 4478 1507 4551 apostolos
1549 4477 1828 4549 intelligit.

257 4551 319 4608 ut
346 4551 502 4623 paulo
526 4561 649 4623 post
664 4554 922 4621 explicat.

334 4618 408 4695 (tt)
443 4618 652 4689 Καθὼς
692 4618 957 4691 Ἡσαΐας.
1014 4624 1203 4680 Crzeca
1253 4621 1366 4677 lucc
1415 4628 1633 4675 exstant
1687 4618 1831 4690 apud

261 4694 670 4750 Tlteodorctttttt
701 4697 832 4749 Dial.
863 4697 916 4750 5.

333 4764 444 4835 (10)
488 4762 711 4816 Floriet.
779 4764 885 4819 Pro

938 4766 1163 4835 ﬂorebit.
1208 4760 1617 4835 SicAClaroAnrv
1667 4758 1829 4835 Voss.

257 4847 317 4888 et
349 4830 511 4889 Merc.
541 4835 597 4898 2,
635 4836 736 4889 nisi
764 4838 903 4905 quod
933 4830 983 4890 hi
1012 4836 1267 4896 habeant,
1297 4832 1470 4900 ﬂoret.
1499 4831 1689 4896 Editt.,
1723 4830 1826 4898 ﬂo-

258 4906 415 4961 rebil.

335 4974 447 5045 (ll)
490 4972 714 5029 Frucm.
748 4974 956 5029 Ventris
982 4975 1124 5044 quod
1150 4973 1369 5027 additur
1396 4970 1447 5024 itt
1482 4968 1828 5045 Eras.,_Gall.

257 5056 315 5097 et
345 5037 625 5111 Foliam!”
672 5046 826 5100 omisi
875 5037 1013 5098 (ευηῖ
1048 5045 1300 5099 omnibus
1349 5056 1483 5095 mss.
1536 5052 1591 5094 et
1640 5037 1833 5094 Graeco

261 5115 613 5178 Theodoreti,
645 5132 853 5170 necnon
900 5130 1058 5169 sacro
1087 5118 1207 5183 ipso
1240 5113 1445 5167 Biblico
1475 5120 1644 5164 textu.

336 5185 449 5249 (12)
488 5185 680 5239 Abinta
701 5195 846 5240 est...
882 5180 1359 5253 fructi/icuoerat...
1390 5198 1454 5245 ea:
1480 5184 1660 5253 ipsa...
1684 5180 1831 5233 utilis

258 5273 369 5311 non
398 5267 489 5308 est.
510 5254 645 5325 llaec
675 5256 967 5325 pluraliter
982 5252 1238 5323 exprimit
1277 5263 1457 5306 textus
1483 5252 1725 5325 Gnaeus.

337 5325 448 5393 (13)
488 5319 770 5383 Joannem.
807 5324 883 5379 lta
938 5319 1175 5379 Clarom.
1236 5334 1292 5377 et
1346 5322 1557 5377 Arund.
1609 5319 1829 5383 Caneri,

254 5394 488 5452 Jomme.

340 5465 450 5537 (14)
497 5465 936 5537 Legisdationem.
954 5461 1031 5517 Ita
1056 5472 1203 5537 recte
1225 5462 1537 5537 Feuard.ex
1566 5471 1679 5517 vel.
1706 5461 1830 5515 cod.

260 5533 359 5589 cui
386 5533 742 5589 consentiunt
762 5534 1005 5589 Claront.
1030 5544 1085 5587 et
1116 5534 1272 5588 Voss.
1296 5533 1497 5588 Caeter'r
1524 5547 1830 5601 perperam,

258 5606 653 5673 legisdutionis.
695 5606 807 5657 lloc
838 5606 984 5657 enim
1020 5620 1116 5672 pro
1145 5604 1540 5672 Iegisdationem
1566 5603 1831 5670 scriptum

261 5691 396 5729 esse
443 5677 655 5729 videtur
691 5692 719 5727 a
752 5674 1052 5728 recentiore
1098 5676 1374 5741 quopiam,
1406 5674 1497 5739 qui
1535 5688 1714 5739 pravae
1749 5675 1832 5726 in-

265 5745 671 5812 terpunctiouis
699 5744 853 5805 vitio.
889 5743 1063 5797 locum
1096 5746 1238 5798 ltum:
1273 5760 1375 5795 non
1406 5743 1702 5813 intellexit;
1731 5757 1831 5795 nec

263 5817 505 5871 advertit
557 5815 783 5885 legendo
814 5814 1196 5886 legisdationis,
1248 5813 1532 5885 legendum
1586 5813 1701 5870 fore
1752 5815 1831 5867 in-

1926 4125 2225 4182 ordiuanda
2249 4114 2509 4193 periodus
2531 4142 2546 4179 :
2568 4123 2650 4177 Ad
2679 4114 3032 4191 impletiouem
3051 4114 3166 4187 ejus
3195 4114 3375 4187 (legis)
3405 4117 3507 4168 nd-

1926 4205 2137 4251 venerat
2165 4194 2445 4249 Christus:
2467 4204 2515 4248 et
2541 4204 2755 4263 propter
2772 4195 2869 4247 hoc
2896 4184 3508 4263 lemetprophetteapud

1926 4284 2013 4321 eos
2032 4282 2191 4331 usque
2212 4266 2280 4317 ad
2296 4254 2559 4319 Joannem
2571 4281 2591 4330 ;
2616 4254 2663 4317 et
2692 4262 3028 4317 Hierusalem
3056 4254 3229 4328 itaque
3254 4254 3508 4331 inchoatis

1930 4354 1960 4390 α
1985 4327 2173 4399 David,
2204 4346 2250 4389 et
2273 4327 2579 4401 adimpleus
2594 4345 2825 4401 tempora
2852 4349 2973 4386 sua.
2996 4331 3051 4385 Id
3069 4327 3171 4391 est,
3204 4344 3267 4382 ac
3289 4327 3509 4395 proinde

1937 4494 2035 4531 sua
2088 4487 2199 4531 erat
2231 4492 2393 4544 usque
2427 4475 2495 4527 ad
2522 4467 3002 4538 Joannem.'Quod
3047 4467 3277 4544 subinde
3305 4468 3507 4544 contir-

1866 4539 2073 4609 Dntal,
2136 4547 2239 4600 hac
2299 4536 2480 4600 addita
2534 4559 2671 4599 nova
2727 4536 2997 4597 sententia
3035 4557 3050 4593 :
3083 4536 3508 4607 Legisdationem

1932 4617 2089 4683 ﬁnem
2113 4618 2338 4683 oportuit
2377 4616 2586 4675 habere.
2626 4614 2961 4677 manifestato
2982 4609 3130 4665 Novo
3152 4610 3506 4683 'l'estnnteuto.

1936 4677 2027 4741 Sic
2064 4677 2450 4755 distinguendo
2484 4683 2659 4739 facilis
2696 4685 2803 4737 erit
2830 4696 3046 4746 sensus,
3079 4695 3180 4734 nec
3206 4677 3509 4748 quidquam

1934 4758 2208 4812 excidisse
2240 4756 2535 4811 videbitur.

2006 4827 2116 4899 (l5)
2160 4828 2423 4890 ζἈπαντα
2475 4823 2669 4896 μέτρῳ

1933 4886 2120 4954 Graece
2164 4886 2234 4951 ex
2276 4886 2697 4951 Claroniontauo
2752 4892 3141 4947 Parallelorum
3188 4886 3515 4942 Damasccui

1933 4971 2125 5024 codice
2155 4969 2486 5036 dcscriptatn
2517 4964 2683 5018 rdidit
2714 4962 3034 5027 l'lalloixius,
3069 4964 3137 5036 in_
3163 4957 3509 5036 Vitq‘lreuiei

1936 5055 2061 5110 pag.
2100 5038 2206 5092 485
2226 5078 2240 5101 ,
2286 5026 2405 5110 quia:
2435 5049 2495 5110 Act
2540 5039 2592 5088 in
2622 5033 3228 5110 Yaticauo_eorutudctu
3260 5026 3509 5110 tiamne-

1935 5098 2107 5163 lorum
2143 5098 2446 5178 exemplari
2482 5109 2587 5162 litt.
2620 5107 2685 5178 Α,
2722 5121 2842 5178 cap.
2876 5104 2942 5178 2.
2967 5106 3157 5178 eodem
3192 5100 3350 5178 modo
3380 5098 3512 5178 legi-

1936 5191 2048 5233 tur.
2100 5170 2362 5234 lreuznu'tn
2419 5194 2547 5234 vero
2587 5170 2833 5231 alludere
2880 5175 2945 5229 ad
2982 5172 3281 5244 Sapientia:
3306 5185 3384 5232 χι,
3414 5170 3509 5233 2i,

1934 5249 2163 5320 quilibet
2182 5249 2346 5303 videt.

2007 5320 2118 5443 l(libis)
2155 5320 2403 5444 sligéiene,
2432 5322 2521 5388 qui
2545 5321 2702 5383 dixit,
2732 5327 2841 5372 etc.
2884 5314 3121 5371 Consule
3168 5314 3400 5367 Dissert.
3452 5312 3515 5379 3,

1934 5400 2040 5443 art.
2069 5392 2121 5454 5,
2155 5390 2180 5454 §
2208 5390 2297 5448 56.

2090 5392 2098 5403 .
2210 5390 2237 5419 ,.

2155 5390 2578 5534 i'u’ftoodiurium.
2604 5461 2812 5534 Graece,
2832 5455 3298 5534 ortogocpoitéxtov,
3331 5452 3382 5505 id
3406 5463 3508 5534 est.

1934 5524 2211 5599 pontorum
2240 5532 2502 5586 custodia.
2532 5532 2687 5586 Hunc
2714 5530 2867 5599 Isaiae
2900 5524 3077 5599 locum
3112 5527 3300 5599 eodem
3353 5524 3511 5599 modo

1936 5593 2067 5675 tegit
2090 5602 2417 5675 Cyprianus
2440 5604 2538 5659 lib.
2574 5619 2588 5658 l
2640 5600 2759 5655 adv.
2803 5598 2957 5664 Jud.,
2990 5612 3109 5669 cap.
3151 5597 3204 5663 6,
3231 5602 3395 5665 atque
3424 5593 3511 5646 hic

1934 5670 2189 5731 lrénteus.

2011 5744 2123 5817 (18)
2168 5746 2482 5820 Colligalur.
2509 5754 2750 5809 Clarum.
2778 5754 3087 5809 saltaretur.

2676 4863 2689 4876 .
2742 4823 2894 4878 lianc
2944 4820 3128 4877 [renati
3181 4817 3514 4887 sententiam
