4222 6320
784 311 891 367 983

1563 305 1620 361 S.
1658 303 1912 361 ΙΒΕΝᾸΞΙ
1952 305 2256 363 EPISCOP!
2290 302 2771 363 LUCDUNENSIS
2806 301 2893 357 ET
2930 299 3285 356 MARTYBIS

3903 299 4003 356 984

784 426 990 479 bili".i
1010 424 1121 479 Non
1139 429 1280 479 enim
1299 424 1435 478 alius
1452 434 1554 488 est,
1582 426 1670 494 qui
1695 424 2024 479 frumentum
2053 424 2335 496 facil(l9),
2369 430 2413 484 A
2442 424 2660 480 salvans
2694 421 2828 494 (25).
2858 420 3211 484 Anuuntiavi,
3243 428 3297 472 et
3331 415 3532 471 salvavi
3567 418 3607 470 ’.
3632 435 3651 467 ›
3684 415 3747 469 Et
3771 415 3999 469 iterum:

783 526 837 571 et
862 517 1000 571 alius
1029 516 1118 585 qui
1150 516 1363 585 paleas;
1411 516 1504 569 sed
1536 530 1675 569 unus
1712 524 1765 569 et
1797 516 1962 581 idem,
1994 526 2050 569 et
2089 516 2339 582 judicans

781 624 865 670 ea,
914 609 962 660 id
992 617 1077 661 est
1119 621 1399 675 separatis.
1434 604 1539 658 Sed
1564 604 1889 658 frumentum
1922 605 2134 673 quidem
2162 615 2215 658 et
2246 619 2339 673 pa-

782 698 902 761 leze,
956 697 1269 751 inauimalia
1306 705 1359 750 et
1403 694 1793 749 irratioaabilia
1844 694 1955 765 (20)
1999 696 2335 759 exsistentia,

780 789 1101 843 naturaliter
1126 789 1253 843 talia
1302 788 1441 841 facta
1476 797 1605 841 sunt
1634 805 1647 839 :
1681 786 1845 839 homo
1878 801 2004 840 vero
2037 786 2337 839 rationabi-

779 879 881 943 lis,‘
905 890 952 933 el
980 881 1272 933 secundum
1305 880 1407 934 lioc
1430 879 1623 932 similis
1654 878 1760 931 Deo
1789 877 1922 947 (2i),
1956 878 2091 931 liber
2114 878 2166 930 in
2195 879 2340 931 arbi-

779 973 882 1026 trio
927 970 1085 1040 232
1132 970 1303 1023 lactus
1332 978 1511 1024 etstue
1546 968 1854 1037 potestatis,
1885 969 2001 1037 ipse
2034 968 2135 1022 sibi
2170 982 2337 1023 causa

776 1071 887 1127 est,
924 1073 979 1116 ut
1027 1062 1322 1131 aliquando
1377 1061 1593 1129 quidem
1650 1060 2005 1126 frumentum,
2047 1060 2341 1129 aliquando

777 1164 955 1206 autem
979 1152 1134 1221 palea
1177 1151 1291 1208 liat.
1322 1150 1678 1218 Quapropter,
1698 1158 1751 1202 et
1780 1149 1923 1218 juste
1948 1149 2339 1203 condemnabi-

778 1256 886 1306 tur,
914 1243 1172 1312 quoniam
1219 1241 1560 1296 rationabilis
1609 1239 1783 1294 factus
1817 1241 2001 1295 amisit
2028 1256 2209 1294 veram
2259 1256 2345 1292 ra-

781 1336 1001 1397 tionem,
1034 1345 1087 1387 et
1141 1334 1592 1389 irrationabiliter
1627 1335 1833 1399 vivens,
1888 1334 2206 1388 adversatus
2264 1344 2346 1388 est

771 1424 1001 1494 justitia:
1027 1425 1143 1490 Dei,
1197 1432 1418 1481 tradens
1454 1440 1512 1481 se
1553 1426 1697 1481 oumi
1748 1436 1963 1480 terreno
1997 1425 2246 1493 spiritui,
2292 1435 2347 1479 et

780 1515 1035 1569 omnibus
1066 1516 1308 1569 serviens
1340 1514 1449 1588 (22)
1479 1516 1871 1584 voluptatibus;
1897 1515 2345 1584 quemadmodum

784 1602 1059 1672 Propheta
1096 1606 1210 1659 ait:
1255 1622 1273 1656 ι
1316 1605 1487 1660 llomo
1528 1622 1649 1661 cum
1692 1607 1742 1659 in
1792 1608 1995 1661 honore
2032 1616 2195 1669 esset,
2239 1621 2343 1659 non

785 1693 1077 1759 intellexit,
1109 1704 1455 1766 comparatus
1479 1706 1558 1751 est
1583 1697 1842 1766 iumentis
1874 1696 2266 1766 insipientibus,
2293 1706 2347 1751 et

783 1786 981 1842 similis
1010 1786 1183 1842 lactus
1208 1798 1292 1843 est
1324 1788 1430 1842 illis
1458 1788 1525 1841 ’°.
1559 1809 1576 1841 ι

1395 1878 1623 1935 CAPUT
1648 1881 1691 1936 V
1718 1880 1786 1935 ".

776 1965 930 2020 Redit
966 1969 1034 2039 ait
1064 1978 1355 2036 susceptum
1385 1982 1775 2039 argumentum,
1800 1982 1846 2025 et
1875 1973 2104 2025 ostendit
2136 1974 2344 2025 unicum

848 2036 1149 2110 esseDeunt
1179 2055 1209 2089 a
1238 2039 1345 2108 lege
1373 2048 1420 2092 et
1446 2036 1713 2105 prophetis
1758 2044 2154 2100 annuntiutum.
2196 2058 2344 2110 quem

846 2105 1081 2180 Christus
1114 2105 1326 2160 Pati-ein
1350 2126 1500 2161 suum
1544 2112 1842 2177 conﬁtetur,
1877 2115 2064 2180 quique
2088 2130 2178 2180 per
2208 2105 2341 2163 Ver—

847 2176 967 2227 bum
999 2192 1173 2240 suum,
1214 2194 1375 2229 unum
1414 2195 1531 2231 cum
1570 2176 1835 2234 eo'Deum
1864 2176 2035 2234 virum
2078 2176 2257 2234 notum
2290 2183 2344 2233 in

844 2254 1062 2314 utroque
1095 2243 1422 2301 Testamento
1455 2264 1507 2301 se
1534 2251 1655 2317 fecit
1686 2250 2000 2303 hominibus.

846 2337 896 2389 1.
917 2335 1063 2391 Unus
1079 2336 1243 2406 igitur
1258 2347 1311 2393 et
1328 2339 1466 2393 idem
1484 2339 1644 2407 Deus,
1660 2343 1747 2410 qui
1765 2343 1926 2410 plicat
1941 2342 2132 2397 cadum
2154 2355 2341 2409 quem-

774 2426 1056 2481 admodum
1100 2428 1451 2495 librum",et
1475 2445 1695 2486 renovat
1728 2434 1918 2486 faciem
1968 2432 2338 2500 terr;e":qui

775 2520 1091 2589 temporalia
1121 2519 1250 2575 iecit
1279 2533 1496 2593 propter
1524 2525 1792 2579 hominem
1820 2565 1834 2587 ,
1879 2534 1934 2578 ut
1966 2537 2341 2578 maturescens

774 2608 826 2661 iu
852 2609 931 2663 eis
964 2606 1253 2665 fi-uctilicet
1289 2614 1770 2679 iuuuortalitalem,
1801 2627 1854 2669 et
1884 2617 1975 2685 qui
2007 2626 2207 2669 :eterua
2251 2629 2341 2666 su-

770 2700 1017 2768 perducit
1051 2714 1271 2773 propter
1303 2720 1453 2759 suam
1482 2706 1895 2774 benignitatem,
1925 2726 1943 2759 ι
1992 2717 2049 2760 ιιι
2088 2710 2336 2762 ostendat

773 2793 986 2847 saeculis
1018 2796 1529 2863 supervenientibus
1561 2798 1953 2854 inenarrabiles
1982 2800 2197 2854 divitias
2240 2800 2335 2853 be-

770 2884 1056 2950 nignitatis
1094 2902 1207 2942 sua:
1239 2888 1287 2953 ⁸,
1346 2906 1365 2938 ι
1397 2888 1487 2957 qui
1523 2904 1549 2940 a
1581 2888 1693 2960 lege
1717 2898 1769 2944 et
1801 2892 2079 2959 protibetis
2122 2908 2333 2944 aninm—

772 2977 939 3029 tiatus
966 2987 1073 3044 est,
1120 2994 1280 3046 quem
1327 2978 1579 3033 Christus
1606 2994 1760 3033 suum
1796 2981 2010 3035 Patrem
2049 2982 2335 3037 confessus

768 3075 873 3119 est.
909 3066 1025 3137 lpse
1055 3077 1138 3121 est
1168 3077 1345 3123 autem
1376 3067 1699 3135 fabricator;
1719 3081 1774 3126 et
1809 3073 1925 3141 ipse
1953 3083 2037 3129 est
2063 3076 2151 3143 qui
2174 3088 2336 3142 super

769 3157 948 3209 omnia
983 3166 1063 3211 est
1107 3158 1270 3221 Deus,
1313 3160 1769 3227 quemadmodum
1803 3160 1971 3217 Isaias
2006 3165 2124 3217 ait:
2168 3182 2187 3215 ι
2224 3165 2332 3233 Ego

768 3250 947 3314 testis,
967 3250 1096 3303 dicit
1124 3250 1381 3305 Dominus
1412 3251 1567 3319 Deus,
1593 3266 1646 3308 et
1675 3271 1809 3325 puer
1840 3272 1990 3310 meus
2012 3256 2145 3327 (25),
2176 3273 2335 3325 quem

770 3342 932 3409 elegi,
970 3353 1030 3395 ut
1069 3344 1434 3413 cognoscatis,
1492 3357 1545 3399 et
1592 3348 1851 3409 credatis,
1901 3357 1953 3401 et
2003 3348 2335 3417 intelligatis,

770 3433 894 3502 quia
931 3447 1031 3502 ego
1061 3447 1201 3486 smn.
1231 3434 1370 3487 Ante
1404 3449 1487 3487 me
1515 3451 1620 3489 non
1655 3436 1757 3489 fuit
1784 3437 1921 3490 alius
1952 3438 2109 3502 Deus,
2137 3446 2189 3490 et
2221 3445 2339 3504 post

771 3536 857 3575 me
895 3536 1001 3574 non
1031 3524 1155 3576 erit.
1182 3522 1292 3593 Ego
1332 3522 1439 3595 (24)
1475 3526 1632 3589 Deus,
1671 3536 1725 3581 et
1758 3544 1860 3582 non
1906 3537 1988 3582 est
2022 3528 2225 3595 absque
2255 3540 2336 3579 tne

842 3688 887 3719 ⁸⁵
916 3686 1102 3740 Matth.
1135 3688 1270 3749 tu,2
1303 3705 1438 3756 seq..
1468 3698 1521 3743 et
1556 3689 1684 3743 Luc.
1714 3706 1791 3755 ιιι,
1833 3691 1897 3743 lli
1932 3705 2045 3757 seq.

767 3772 880 3819 ειη,
901 3757 988 3810 50.
1069 3757 1083 3787 ¹
1114 3757 1309 3826 Ephes.
1336 3776 1394 3819 it.
1417 3761 1466 3813 7.
1543 3762 1561 3789 ²
1588 3762 1684 3814 lsa.
1720 3777 1844 3820 χιιι,
1866 3762 1932 3814 ίυ
1957 3776 2069 3826 seq.

767 3826 857 3890 9.9,
883 3827 973 3893 5i,
996 3826 1094 3892 32;
1125 3828 1295 3884 hxod.
1334 3831 1481 3894 tu,6.
1558 3832 1575 3860 ⁷
1601 3830 1791 3883 Matth.
1820 3846 1952 3896 χχιι,
1980 3831 2069 3883 5'2.

844 3967 953 4049 (l9)
999 3968 1119 4049 IVon
1145 3973 1277 4025 enim
1304 3972 1453 4040 facit.
1484 3972 1554 4025 lla
1584 3973 1957 4029 cml.Clarom.
1989 3975 2205 4038 Cmteri,
2229 3989 2329 4025 non

769 4053 889 4103 ergo
926 4046 1066 4105 fecit.

845 4108 954 4177 (‘20)
1000 4107 1325 4171 lnanimalia
1358 4123 1403 4165 et
1448 4112 1857 4166 irrutionabiliu.
1892 4111 1963 4165 Ita
1995 4122 2144 4167 recte
2172 4122 2327 4165 vetus

773 4177 1000 4231 Fcuard.
1054 4180 1199 4241 cod.,
1246 4183 1510 4245 Clarum,
1552 4184 1782 4244 Arund,
1826 4180 1982 4238 Voss.
2028 4194 2081 4235 et
2134 4181 2326 4244 Grab.,

770 4247 965 4327 quibus
996 4257 1048 4327 et
1079 4249 1240 4327 Merc.
1265 4252 1300 4305 2
1331 4254 1487 4305 codd.
1520 4255 1699 4320 quoad
1730 4254 1955 4327 primatu
1988 4268 2175 4306 vocem
2202 4267 2331 4327 eou-

769 4318 890 4390 foni
919 4326 1066 4390 sunt.
1091 4318 1191 4372 Alii
1226 4318 1601 4390 perperatn,’et
1635 4318 1887 4373 animalia
1920 4321 2326 4375 irrationabilia.

769 4384 901 4459 Nam
950 4384 1277 4459 frumentum
1307 4384 1360 4443 et
1395 4392 1575 4459 paleas
1604 4407 1724 4443 cum
1759 4391 1978 4445 homine
2004 4405 2329 4458 comparans

2119 3689 2164 3720 9‘
2195 3686 2332 3740 Psal.
2371 3699 2557 3739 xum.
2594 3682 2674 3734 l5.

2145 3758 2165 3789 ³
2200 3757 2329 3810 Ibid.
2363 3772 2470 3816 xu,
2498 3755 2553 3807 4.

2145 3830 2165 3861 ⁸
2192 3830 2320 3881 Dan.
2353 3841 2462 3888 xw,
2488 3826 2540 3877 ὃ.

2446 536 2466 566 ι
2492 518 2597 585 Ego
2622 531 2737 569 smn
2763 513 2904 567 Deus
2923 512 3147 581 primus,
3168 520 3223 564 et
3247 522 3408 575 super
3429 516 3652 561 ventura
3666 521 3765 575 ego
3788 520 3905 560 smn
3921 507 3962 559 ³.
3981 527 3997 557 ι

2444 607 2626 677 Neque
2660 606 2800 659 enim
2839 604 3008 665 varie,
3042 617 3217 670 neque
3242 600 3403 661 elate,
3436 612 3610 667 neque
3651 598 3889 665 glorians
3922 598 3998 650 di-

2444 699 2519 751 cit
2543 696 2653 748 inec
2687 711 2700 747 :
2733 694 2827 747 sed
2858 693 3114 761 quoniam
3166 688 3497 757 impossibile
3548 697 3665 741 erat
3713 687 3834 740 sine
3894 684 3999 741 Deo

2442 790 2654 842 discere
2682 784 2871 848 Deum,
2926 797 3023 851 per
3070 777 3302 834 Ve'rbum
3342 794 3497 833 suum
3546 778 3702 831 docet
3754 777 4000 830 homines

2442 880 2585 931 scire
2607 877 2795 930 Deum.
2829 874 2922 927 llis
2956 872 3118 941 igitur
3144 871 3235 940 qui
3262 870 3512 924 nesciunt
3552 867 3755 931 bmc,et
3782 874 4000 933 propter

2441 964 2543 1018 hoc
2576 965 2798 1017 alterum
2827 961 3165 1015 adiuvenisse
3212 956 3323 1028 (26)
3363 965 3552 1026 putant
3591 953 3825 1013 Patrem.
3857 954 4000 1021 juste

2444 1057 2565 1126 quis
2597 1052 2727 1107 dicit
2760 1070 2774 1106 :
2817 1071 2835 1103 ι
2871 1050 3097 1112 Erratis,
3131 1050 3433 1102 nescientes
3460 1042 3795 1115 Scripturas,
3828 1055 3999 1111 neque

2441 1148 2693 1201 virtutem
2728 1143 2817 1197 Dei
2842 1144 2882 1195 ⁸.
2918 1164 2936 1196 ι

2514 1238 2568 1292 2.
2598 1239 2617 1269 ⁸
2649 1237 2904 1290 Dominus
2936 1236 3079 1288 enim
3124 1244 3305 1287 noster
3331 1240 3384 1286 et
3426 1229 3681 1296 magister
3732 1227 3784 1279 in
3816 1240 3878 1279 ea
3914 1240 4002 1278 re-

2445 1330 2756 1399 sponsione,
2800 1341 2960 1395 quam
2997 1325 3185 1379 habuit
3210 1324 3274 1377 ad
3310 1322 3652 1378 Sailducmos,
3688 1319 3778 1385 qui
3820 1317 4005 1368 dicunt

2447 1422 2903 1475 resurrectionem
2947 1432 3052 1470 non
3085 1430 3225 1479 esse,
3272 1424 3326 1467 et
3357 1420 3579 1479 propter
3626 1410 3727 1462 hoc
3777 1408 4003 1461 inhono-

2448 1520 2630 1565 rantes
2682 1510 2870 1571 Deum,
2924 1518 3085 1573 atque
3127 1503 3228 1573 legi
3268 1502 3634 1560 detrahentes,
3661 1507 3716 1550 et
3763 1510 4005 1550 resurre-

2447 1604 2680 1656 ctiouem
2712 1598 2968 1659 ostendit,
2994 1608 3047 1651 et
3076 1596 3237 1649 Deum
3268 1589 3860 1653 manifestavit,dicens
3888 1586 3999 1640 eis:

2453 1710 2471 1743 ι
2505 1691 2732 1757 Erratis,
2778 1689 3088 1743 nescientes
3137 1685 3478 1752 Scripturas,
3534 1694 3709 1749 neque
3746 1680 4002 1731 virtutem

2376 1778 2417 1833 Β
2450 1785 2562 1838 Dei.
2626 1783 2699 1835 De
2764 1781 3162 1837 resurrectione
3211 1777 3377 1838 enim,
3422 1773 3615 1841 inquit,
3664 1779 4002 1824 mortuorum

2445 1891 2549 1929 nou
2584 1875 2788 1943 legistis
2819 1872 2948 1940 quid
3000 1870 3198 1924 dictum
3240 1876 3321 1921 est
3367 1880 3395 1917 a
3442 1866 3551 1918 Deo
3610 1862 3861 1916 dicente:
3892 1859 4003 1927 Ego

2444 1984 2560 2023 sum
2592 1968 2728 2021 Deus
2744 1966 3040 2028 Abraham,
3066 1973 3118 2017 et
3151 1962 3291 2015 Dens
3308 1958 3556 2023 lsaac,et
3575 1956 3711 2009 Deus
3730 1952 3997 2009 Jacob‘?»

2444 2069 2497 2114 et
2526 2058 2763 2127 adjecit:
2798 2076 2816 2108 ι
2863 2056 2977 2109 Non
3012 2062 3093 2108 est
3116 2052 3257 2105 Deus
3299 2059 3659 2110 mortuorum,
3685 2047 3777 2101 sed
3818 2045 4003 2098 viven-

2447 2153 2576 2208 tium
2608 2152 2628 2183 ⁷
2661 2167 2673 2203 :
2712 2168 2730 2201 ι
2768 2162 2954 2201 omnes
2985 2146 3124 2199 enim
3150 2143 3201 2198 ei
3232 2142 3418 2197 vivunt
3450 2140 3584 2211 (27).
3625 2138 3728 2192 Per
3755 2138 3869 2191 haec
3897 2135 4005 2188 uti-

2442 2264 2547 2317 que
2580 2245 2690 2317 (28)
2724 2242 3071 2297 manifestum
3099 2236 3251 2297 fecit,
3276 2235 3533 2303 quoniam
3565 2233 3611 2286 is
3648 2230 3739 2300 qui
3774 2230 3843 2283 de
3870 2230 4003 2282 rubo

2443 2340 2652 2394 locutus
2695 2344 2779 2388 est
2812 2332 3001 2402 Moysi,
3041 2340 3093 2385 et
3138 2325 3502 2384 manilestavit
3548 2338 3607 2378 se
3656 2337 3777 2376 esse
3833 2322 3999 2375 Deum

2436 2439 2673 2500 patrum,
2728 2425 2816 2479 hic
2852 2435 2936 2477 est
2972 2421 3268 2474 viventium
3300 2419 3458 2471 Deus.
3495 2415 3628 2481 Quis
3652 2415 3794 2467 enim
3820 2422 3905 2466 est
3933 2410 4003 2462 vi-

2440 2533 2631 2574 vorum
2667 2516 2828 2579 Deus,
2879 2514 2983 2567 nisi
3017 2513 3105 2579 qui
3156 2518 3239 2564 est
3294 2508 3404 2578 ('29)
3453 2506 3614 2567 Deus,
3644 2518 3804 2572 super
3840 2516 3999 2571 quem

2440 2612 2579 2667 alius
2607 2624 2709 2664 non
2734 2618 2816 2661 est
2844 2604 3019 2659 Deus?
3048 2603 3217 2668 Quem
3250 2610 3305 2655 et
3330 2597 3515 2652 Daniel
3538 2597 3798 2666 propheta
3834 2634 3850 2657 ,
3876 2609 3997 2647 cum

2439 2702 2664 2757 dixisse:
2688 2698 2736 2751 ei
2763 2696 2937 2765 Cyrus
2966 2694 3076 2765 (50)
3108 2708 3199 2745 rex
3238 2690 3532 2744 Persarum
3565 2705 3579 2740 :
3621 2704 3638 2736 ι
3677 2684 3859 2750 Quare
3891 2698 3995 2737 non

2439 2793 2638 2846 adoras
2673 2788 2764 2843 Bel
2789 2788 2848 2840 ’ἵ
2887 2805 2905 2839 ι
2961 2782 3325 2847 aununtiavit,
3374 2782 3564 2834 dicens
3604 2794 3618 2829 :
3672 2796 3691 2827 ι
3729 2773 3994 2842 Quoniam

2437 2900 2546 2939 non
2582 2882 2699 2938 colo
2751 2879 2890 2935 idola
2931 2875 3261 2941 manufacta,
3319 2873 3413 2926 sed
3462 2872 3640 2923 vivum
3670 2869 3862 2931 Deum,
3908 2867 3994 2933 qui

2438 2974 2717 3031 constituit
2740 2973 2942 3025 coelum
2973 2978 3027 3024 et
3055 2978 3278 3030 terram,
3313 2974 3366 3018 et
3397 2963 3558 3017 habet
3596 2960 3777 3015 omnis
3816 2958 3996 3013 carnis

2437 3065 2859 3122 dominationem
2891 3063 2934 3115 θ.
2975 3080 2994 3113 ι
3032 3060 3229 3112 lterum
3257 3058 3429 3109 dixit:
3464 3072 3481 3104 ι
3518 3054 3800 3107 Dominum
3828 3050 3993 3103 Detun

2436 3172 2612 3212 meum
2650 3153 2905 3217 adorabo,
2953 3149 3207 3218 quoniam
3258 3147 3345 3200 hic
3378 3154 3459 3198 est
3509 3144 3649 3197 Deus
3688 3143 3843 3196 vivus
3872 3141 3935 3198 ¹⁶.
3971 3160 3987 3192 i

2434 3248 2532 3314 Qui
2568 3247 2733 3316 igitur
2758 3260 2784 3296 a
2826 3240 3108 3312 prophetis
3160 3237 3488 3292 adorabatur
3524 3234 3663 3286 Deus
3696 3231 3875 3295 vivus,
3910 3231 3991 3283 hic

2433 3349 2516 3395 est
2546 3340 2791 3391 vivorum
2829 3337 2988 3398 Deus,
3032 3343 3087 3386 et
3132 3329 3367 3384 Verbum
3400 3328 3539 3396 ejus,
3580 3328 3669 3394 qui
3698 3336 3753 3380 et
3783 3324 3992 3380 locutus

2434 3439 2517 3484 est
2556 3428 2743 3498 Moysi,
2779 3425 2869 3494 qui
2905 3432 2959 3477 et
2993 3421 3315 3475 Sadducaeos
3350 3418 3643 3487 redarguit,
3690 3415 3783 3485 qui
3828 3424 3882 3470 et
3913 3432 3989 3467 re-

2434 3518 2825 3577 surrectionem
2850 3512 3113 3567 donavit:
3144 3519 3373 3578 utraque
3402 3508 3508 3571 bis,
3542 3508 3632 3575 qui
3677 3508 3986 3569 ctecutiunt,

2752 3679 2795 3709 ⁸⁷
2822 3676 2950 3744 Cap.
2990 3674 3057 3727 Χ.
3132 3674 3301 3729 "lsa.
3346 3687 3504 3744 xxxvi
3540 3712 3554 3733 ,
3583 3670 3671 3744 _§._
3782 3668 3983 3726 “Psal.

2626 3754 2645 3779 "
2678 3740 3015 3805 Muttinis",
3040 3746 3128 3802 29.
3206 3746 3226 3777 ⁸
3257 3746 3386 3812 Cap.
3413 3741 3501 3795 Xl.
3579 3740 3599 3771 ⁸
3627 3740 3812 3795 Matth.
3854 3758 3985 3805 xxii,

2618 3826 2639 3856 ’
2665 3817 2880 3881 lbid.,$.
2958 3817 3000 3846 ²⁰
3041 3816 3192 3879 lbid.,
3225 3814 3313 3867 24.

2508 3966 2617 4035 (9.6)
2659 3958 3131 4035 Adinveniss‘e._lu_
3160 3957 3414 4035 omnibus
3450 3955 3638 4035 codd.“
3668 3966 3778 4035 tum
3832 3954 3983 4035 editt.

2435 4024 2544 4090 tum
2577 4024 2733 4087 manu
2764 4030 3002 4083 exaratis
3034 4028 3224 4096 legitur
3273 4028 3568 4080 advenisse.
3606 4025 3709 4078 Sed
3756 4024 3983 4078 manife-

2434 4120 2574 4161 stmn
2599 4119 2717 4156 esse
2748 4101 3044 4154 scribarum
3070 4097 3313 4165 sphalma
3340 4112 3494 4149 nemo
3524 4111 3625 4147 non
3650 4096 3817 4150 videt:
3848 4096 3987 4162 quod

2433 4175 2657 4245 proinde
2681 4170 2971 4245 emendare
3016 4183 3119 4245 non
3164 4168 3423 4245 dubitavi,
3458 4182 3581 4245 cum
3613 4166 3851 4245 maxime
3883 4165 3985 4219 lre—

2436 4235 2584 4299 iuras
2619 4242 2813 4310 passim
2836 4247 3034 4310 arguat
3064 4237 3518 4310 iamreticosmuod
3536 4235 3764 4287 alterum
3799 4236 3981 4310 Deum,

2437 4316 2519 4367 vel
2572 4306 2796 4365 alterum
2832 4308 3040 4361 Patrem
3078 4308 3375 4373 glorientur
3405 4316 3495 4357 aut
3540 4313 3728 4372 putent
3778 4306 3986 4358 adiuve-

2437 4386 2575 4437 nisse
2604 4397 2684 4434 se.
2721 4378 2959 4431 Solliciat
2990 4392 3151 4428 unum
3195 4376 3371 4429 locum
3407 4376 3529 4427 huic
3575 4374 3797 4426 omnino
3821 4377 3987 4441 genii-

771 4456 1027 4527 lrenteus,
1055 4457 1143 4511 illa
1174 4443 1484 4512 inanimalia
1502 4472 1557 4514 et
1586 4443 1999 4527 irrationabilia,
2028 4443 2171 4516 hunrc
2203 4475 2328 4513 vero
2358 4450 2407 4507 D
2434 4470 2559 4527 num
2588 4451 2829 4519 proferre
2858 4446 3045 4527 exlib.
3093 4460 3173 4506 III.
3221 4461 3340 4527 ουιξο
3373 4444 3463 4504 ‘25.
3494 4462 3547 4527 "A-
3589 4445 3624 4495 2
3650 4460 3663 4495 ε
3694 4443 3983 4527 Ευπιῆυενο

769 4526 1149 4581 rationabilem
1188 4530 1338 4582 dicit.

843 4595 955 4662 (2|)
999 4595 1063 4648 Et
1095 4602 1380 4651 secundum
1416 4598 1509 4650 hoc
1541 4600 1728 4653 similis
1767 4599 1898 4661 Deo,
1933 4608 2041 4653 etc.
2070 4598 2182 4651 Non
2213 4598 2323 4652 sola

769 4668 1135 4738 cognoscendi
1169 4667 1217 4719 vi
1247 4668 1533 4735 imaginem
1570 4669 1660 4722 Dei
1705 4670 1756 4722 in
1788 4670 2002 4722 homine
2036 4672 2323 4738 repositam

772 4734 1255 4811 ileiitiitulretueus,
1296 4734 1481 4811 verum
1528 4754 1592 4790 ex
1648 4751 1802 4811 parte
1848 4738 2051 4811 solum;
2097 4734 2155 4791 ut
2184 4749 2233 4791 et
2272 4740 2322 4789 in

774 4802 989 4876 arbitrii
1042 4806 1313 4869 libertate,
1364 4817 1414 4859 el
1461 4807 1510 4859 iu
1549 4802 1876 4876 intelligi-nili
1915 4807 2166 4862 lacultate
2199 4822 2326 4860 con-

773 4874 949 4947 sistat.
977 4875 1105 4939 Qua:
1136 4876 1377 4947 pluribus
1404 4877 1521 4930 aliis
1544 4894 1607 4931 ex
1641 4874 1876 4947 antiquis
1903 4876 2149 4932 Patribus
2180 4894 2327 4932 com-

772 4944 949 4995 munis
967 4945 1240 4997 sententia
1270 4944 1384 4996 l’uil.

864 5010 957 5151 ἓξὲξ
990 5011 1249 5067 Serviens.
1280 5016 1623 5068 Desideratur
1650 5016 1700 5067 in
1733 5016 1966 5069 Clarom.
1990 5026 2042 5068 et
2064 5014 2218 5071 Voss.

868 5082 934 5133 25
1000 5082 1170 5135 Meus.
1224 5082 1335 5138 Hoc
1392 5100 1685 5151 pronomen
1725 5088 2045 5140 auctoritate
2095 5090 2218 5139 Arni

868 5082 957 5151 25)
1000 5082 1170 5135 Meus.
1224 5082 1335 5138 Hoc
1392 5100 1685 5151 pronomen
1725 5088 2045 5140 auctoritate
2095 5086 2323 5151 Aruud.,

771 5151 932 5224 Voss.
966 5162 1019 5205 et
1054 5153 1221 5224 ipsius
1247 5152 1437 5207 Bibliei
1470 5164 1647 5209 textus
1674 5157 1875 5209 addidit
1904 5156 2095 5221 Grab.,
2131 5172 2321 5224 quani-

773 5222 854 5273 vis
887 5221 938 5273 in
974 5238 1074 5275 nis.
1102 5221 1254 5277 Alex.
1285 5224 1441 5282 desit.

847 5288 1134 5361 (‘24)7Ego.
1166 5292 1299 5346 Sunt
1347 5295 1585 5346 additum
1622 5296 1671 5346 in
1709 5296 1864 5348 editt.
1918 5294 2081 5349 Deest
2129 5298 2179 5349 in
2218 5305 2323 5347 vet.

775 5358 1010 5415 Feuard.
1038 5358 1180 5419 cod..
1214 5363 1266 5415 in
1295 5362 1529 5416 Clarum.
1564 5375 1613 5416 et
1648 5363 1824 5428 V0ss.,
1878 5380 1975 5418 nec
2024 5368 2076 5418 in
2124 5366 2327 5420 διατι-ιδ

773 5428 1076 5504 lliblioruru
1111 5433 1511 5500 exctttplarilms
1538 5443 1619 5486 est
1644 5450 1979 5501 expressum.

848 5498 958 5567 (‘25)
996 5498 1118 5551 Non
1152 5509 1229 5552 est
1270 5498 1459 5569 absque
1498 5520 1578 5555 me
1623 5498 1849 5555 solutius.
1891 5504 1966 5556 lta
2018 5503 2246 5557 Feuartl.
2277 5506 2325 5554 in

776 5570 1233 5647 nta‘rgqclarom"
1258 5568 1435 5647 Voss.,
1463 5574 1817 5647 Art:tul._(uisi
1852 5574 1991 5639 quod
2024 5575 2109 5627 bic
2140 5574 2329 5626 habeat

776 5633 1044 5699 Salvator)
1074 5651 1127 5691 et
1160 5650 1333 5695 textus
1359 5642 1577 5696 lira-cus
1616 5633 1719 5694 τῶι)
1747 5644 1823 5695 Ο¹.
1846 5633 2032 5699 Caeteri
2064 5663 2078 5697 :
2108 5655 2225 5697 ante
2251 5660 2328 5697 me

776 5722 876 5758 non
913 5719 984 5759 est
1016 5708 1276 5764 Salvator.

2428 4524 2515 4591 qui
2539 4513 2638 4572 non
2665 4520 3092 4591 est,somniantes
3118 4517 3535 4591 super_liuitc,_ut
3553 4529 3797 4583 magnum
3820 4513 3983 4591 petant

2426 4585 2675 4659 putentur
2715 4586 3061 4649 adiurenisse,
3110 4597 3221 4637 etc.
3257 4585 3404 4638 Vide.
3442 4585 3534 4637 lib.
3572 4600 3630 4647 tt,
3670 4599 3793 4652 cap.
3821 4586 3894 4639 26
3932 4594 3982 4640 τι

2428 4677 2582 4715 θεαιι.

2657 4729 2718 4785 Ei
2752 4730 2947 4783 vivunt.
2971 4722 3072 4802 ’_ln_
3102 4719 3331 4802 Feuard.
3369 4737 3584 4802 marg"
3635 4724 3874 4802 Claram,
3917 4736 3982 4802 et

2433 4793 2610 4863 γυμδς
2648 4803 2696 4853 In
2736 4802 2927 4852 vivunt.
2970 4794 3221 4863 Sedlnec
3255 4793 3416 4863 lectio
3451 4797 3629 4850 minus
3680 4799 3977 4863 probanda,

2427 4873 2551 4941 quia
2592 4862 2772 4941 postea
2801 4862 3227 4941 scribit,_ifit'unt_
3258 4862 3385 4941 Deo.

2496 4933 2603 5015 (ξιξ)
2646 4939 2857 5015 quque.
2895 4933 3126 5015 Ineditt.
3159 4933 3507 5015 minusibene,
3540 4935 3737 5003 itaque.

2497 5002 2605 5078 (~29)
2648 5002 2759 5073 Qui
2787 5014 2882 5058 est.
2932 5002 3267 5078 dediderunt
3294 5003 3550 5078 editores,
3579 5002 3744 5078 super
3774 5007 3977 5071 omnia,

2431 5072 2541 5134 tum
2572 5072 2693 5147 post
2720 5090 2900 5147 vocem
2932 5073 3069 5126 Deus
3114 5072 3436 5137 particulam
3468 5086 3539 5126 et.
3575 5072 3681 5128 Sed
3712 5091 3840 5147 cum
3872 5088 3978 5130 tres

2428 5153 2542 5205 ista:
2562 5144 2941 5203 vocesinnullo
2959 5155 3177 5214 prorsus
3209 5156 3337 5214 mss.
3374 5158 3677 5198 IIOSll'Ol‘lllll
3712 5144 3975 5214 legantur,

2428 5237 2521 5274 eas
2548 5231 2854 5285 expungere
2885 5210 2985 5266 non
3018 5210 3280 5285 dubitavi,
3307 5228 3432 5265 cum
3472 5216 3702 5285 maxime
3743 5210 3979 5269 alludere

2428 5280 2673 5343 videatur
2716 5280 2947 5339 fremens
2972 5283 3039 5335 ad
3062 5295 3124 5335 ea
3148 5280 3315 5335 Exodi
3345 5287 3505 5337 verba
3535 5300 3548 5335 :
3582 5283 3683 5348 Qui
3711 5298 3809 5349 est,
3842 5288 3979 5338 misit

2427 5375 2528 5419 me.
2553 5371 2657 5411 (ξω.

2501 5427 2608 5499 (50)
2652 5427 2837 5480 Daniel
2881 5423 3151 5499 proplfta,
3174 5437 3300 5499 eum
3329 5424 3544 5499 dixisset
3575 5425 3623 5476 ei
3647 5421 3841 5499 βψω,
3874 5436 3973 5479 etc.

2431 5491 2568 5552 Hinc
2594 5491 2783 5566 'liquet
2828 5491 3139 5566 totamBeli
3172 5494 3477 5566 historiam,
3532 5495 3978 5566 qualisrel'ertur

2432 5569 2615 5621 Daniel
2642 5563 2691 5619 (ιζ
2722 5581 2833 5628 xw,
2870 5565 2981 5635 jam
3007 5564 3188 5635 lremei
3216 5575 3375 5635 tetate
3409 5566 3460 5616 in
3484 5565 3656 5617 sacris
3682 5563 3973 5620 llibliorum

2430 5640 2703 5691 codicibus
2729 5652 2833 5688 non
2864 5633 3019 5688 modo
3045 5633 3333 5695 castitisse,
3370 5636 3464 5687 sed
3492 5644 3546 5685 et
3574 5642 3779 5688 certam
3812 5645 3868 5690 et
3901 5639 3977 5692 iu.

2432 5708 2725 5761 dubitatum
2746 5705 2951 5761 auctori
2974 5713 3157 5759 nostro
3182 5708 3352 5757 Visam
3379 5705 3566 5759 luisse.
