4222 6320
271 357 380 417 985

1449 360 1726 420 CONTRA
1766 361 2108 419 HERESES
2141 362 2268 420 LIB.
2306 360 2398 419 lV.

3421 367 3525 426 986

275 478 589 545 ostendens,
626 478 680 534 id
712 485 797 532 est
839 479 1293 534 resurrectionem
1318 489 1370 534 et
1403 481 1591 537 Deum.
1618 485 1674 539 Si
1707 487 1849 538 cutim
1880 496 1925 553 Α
1954 499 2054 555 gna
2086 483 2259 549 Isaac,
2293 482 2574 551 sequimur
2611 496 2756 536 eum.
2785 481 2843 537 In
2887 483 3160 539 Abraham
3194 485 3335 540 enim
3381 501 3520 556 prae-

282 571 424 626 Deus
456 580 798 625 mortuorum
827 584 935 623 non
969 578 1076 635 est,
1102 572 1197 625 sed
1233 573 1499 639 vivorum,
1538 576 1623 630 hic
1661 585 1840 630 autem

275 658 663 715 dormientium
712 672 924 730 patrum
970 662 1112 718 Deus
1158 665 1337 720 dictus
1382 678 1486 734 est,
1541 669 1842 724 indubitate

277 750 470 804 vivunt
497 751 626 814 Deo,
665 762 718 806 et
746 767 851 806 non
887 754 1195 822 perierunt,
1231 773 1356 811 cum
1393 761 1502 812 sint
1539 759 1630 813 lilii
1663 777 1844 816 resur-

278 841 561 894 rectionis.
615 841 964 896 [iesurrectio
993 855 1171 898 autem
1217 847 1335 916 ipse
1365 849 1626 905 Dominus
1662 860 1845 905 noster

272 939 381 990 est,
415 930 869 997 quemadmodmn
903 934 1018 1002 ipse
1052 935 1126 988 ait
1151 953 1166 989 :
1188 957 1206 988 σ
1231 938 1339 1009 Ego
1369 956 1489 993 sum
1516 945 1844 996 resurrectio

275 1028 333 1071 ct
369 1019 480 1072 vita
512 1021 576 1072 “.
615 1040 634 1072 ι
682 1021 873 1077 Patres
906 1036 1108 1093 autem,
1154 1031 1271 1101 ejus
1323 1031 1451 1093 lilii;
1505 1033 1722 1087 dictum
1761 1047 1842 1091 est

273 1115 421 1169 cnim
457 1132 486 1168 a
515 1115 780 1186 Propheta
809 1136 825 1174 :
849 1139 868 1171 ι
896 1121 999 1177 Pro
1019 1126 1262 1193 patribus
1289 1127 1396 1184 tuis
1419 1129 1546 1184 facti
1584 1129 1691 1201 (51)
1721 1141 1846 1185 sunt

274 1207 372 1259 tibi
417 1207 508 1261 lilii
533 1210 608 1262 tui
645 1210 709 1264 “.
744 1229 763 1262 ι
795 1211 914 1280 Ipse
952 1215 1114 1282 igitur
1135 1216 1384 1276 Christus
1416 1239 1537 1275 eum
1575 1223 1734 1278 Patre
1767 1227 1846 1276 vi-

272 1313 466 1354 vorum
518 1311 602 1355 est
650 1301 814 1366 Deus,
851 1308 940 1372 qui
967 1306 1179 1366 locutus
1213 1322 1295 1367 est
1319 1312 1510 1384 Moysi,
1540 1315 1632 1384 qui
1656 1325 1711 1369 et
1743 1333 1842 1387 pa-

274 1389 456 1444 tribus
478 1391 857 1446 manit‘estatus
881 1404 985 1449 est.

341 1479 399 1534 3.
440 1479 483 1510 ¹³
530 1481 596 1534 Et
656 1483 756 1536 hoc
806 1484 979 1553 ipsum
1031 1488 1232 1545 docens
1297 1493 1511 1548 dicebat
1592 1495 1840 1552 Jndmis:

277 1586 298 1621 ι
330 1571 603 1625 Abraham
648 1582 803 1641 pater
841 1588 1022 1631 vester
1059 1581 1352 1637 exsultavit
1374 1595 1431 1639 ut
1465 1586 1668 1642 videret
1703 1590 1842 1644 diem

271 1676 477 1725 metum,
534 1672 590 1717 et
633 1666 790 1727 vidit.
825 1676 879 1721 et
931 1670 1152 1736 gavisus
1209 1686 1292 1731 est
1335 1677 1594 1746 “.iQuid
1651 1684 1845 1737 enim?

270 1789 286 1804 .
324 1791 340 1805 .
379 1790 395 1806 .
435 1756 550 1810 .34
575 1755 1023 1826 Ἐπίστευσε(52)
1103 1767 1382 1823 «Credidit
1406 1769 1676 1825 Abraham
1712 1771 1840 1841 Deo,

1945 576 2208 630 didicerat
2231 575 2344 645 ('55)
2372 584 2427 630 et
2443 586 2689 630 assuetus
2719 576 2892 630 fuerat
2921 579 3083 632 homo
3103 578 3258 647 sequi
3283 576 3518 633 Verbum

1945 667 2061 722 Dei.
2093 667 2302 722 Etenim
2331 668 2603 720 Abraham
2625 670 2919 724 secundum
2946 668 3104 724 tidem
3128 685 3281 725 suam
3301 681 3521 726 secutus

1945 771 2267 829 praeceptum
2298 759 2459 813 Verbi
2493 760 2608 823 Dei,

1946 852 2241 924 προθύμως
2269 851 2360 905 τὸν
2389 851 2518 905 ἴδιον
2549 868 2698 922 μονο-
2766 867 2940 922 prono
2972 856 3154 909 animo
3183 853 3518 924 unigenitum

1949 947 2082 1017 γενῆ
2109 949 2204 1001 καὶ
2219 947 2496 1016 ἀγαπητὸν
2519 964 2696 1018 παρα-

1944 1040 2198 1110 χωρήσας
2233 1038 2422 1092 θυσίαν
2453 1037 2532 1109 τῷ
2557 1037 2693 1108 Θεῷ,

1946 1131 2033 1184 ἵνα
2059 1131 2151 1186 καὶ
2174 1134 2202 1184 ὁ
2228 1131 2361 1195 Θεὸς
2406 1132 2693 1203 εὐδοκήοῃ,

1945 1223 2083 1292 ὑπὲρ
2098 1221 2190 1275 τοῦ
2207 1222 2518 1293 σπέρματος
2532 1222 2695 1276 αὐτοῦ

1945 1315 2161 1378 πάντως
2187 1314 2293 1386 (56)
2323 1315 2413 1369 τὸν
2444 1315 2572 1368 [διον
2604 1333 2698 1386 μο-

1943 1405 2135 1475 νογενῆ
2158 1406 2252 1459 καί
2276 1406 2555 1478 ἀγαπητὸν
2571 1403 2697 1466 Υἰὸν

1945 1496 2134 1550 θυσίαν
2165 1500 2466 1569 παρασχεῖν
2506 1499 2585 1560 ei;
2606 1495 2700 1549 λύ-

1942 1605 2146 1658 τρωσιν
2169 1592 2461 1661 ἡμετέραν.

2769 955 2823 999 et
2872 947 3122 1002 dilectum
3155 948 3322 1001 lilium
3358 963 3515 1003 suum

2770 1043 3035 1095 concessit
3051 1041 3516 1106 sacriliciumDeo;

2771 1145 2828 1188 ut
2860 1146 2913 1190 et
2941 1136 3081 1191 Deus
3122 1137 3518 1206 beneplacitum

2769 1229 2984 1295 habeat,
3018 1246 3115 1300 pro
3145 1232 3405 1285 universo
3431 1247 3520 1285 ses

2769 1321 2915 1376 mine
2969 1320 3085 1388 ejus
3141 1322 3398 1375 dilectum
3462 1330 3519 1376 et

2772 1411 3111 1482 unigenitum
3139 1412 3332 1467 Filium
3356 1426 3514 1465 snnm

2771 1511 3030 1570 praestare
3079 1501 3408 1557 sacriﬁcium
3462 1502 3514 1554 in

2770 1601 3013 1646 nostram
3055 1592 3509 1660 redemptionem.

2015 1681 2066 1736 5.
2098 1681 2364 1752 Propheta
2399 1696 2530 1747 ergo
2555 1696 2678 1736 cum
2713 1691 2861 1736 esset
2891 1683 3191 1744 Abraham,
3220 1693 3274 1736 et
3307 1683 3522 1737 videret

1946 1770 1999 1825 in
2029 1771 2222 1840 spiritu
2256 1773 2396 1826 diem
2442 1774 2704 1827 adventus
2733 1773 2946 1826 Domini
2973 1815 2988 1840 ,
3017 1784 3073 1827 et
3103 1775 3374 1842 passionis
3403 1774 3518 1826 dis-

265 1841 324 1936 οε
373 1842 622 1916 ’Δόραὰμ
649 1844 727 1916 τῷ
756 1846 894 1917 Θεῷ,
931 1851 1025 1904 καὶ
1097 1863 1151 1910 et
1197 1858 1509 1927 deputatum
1552 1876 1638 1919 est
1679 1866 1728 1919 ei
1774 1839 1840 1921 ad
1874 1839 1916 1894 Β

1874 1839 1916 1894 Β
1943 1839 2263 1932 positionem
2291 1863 2404 1936 (37)
2425 1905 2440 1930 ,
2475 1879 2572 1933 per
2600 1879 2760 1933 quem
2806 1866 2918 1933 ipse
2961 1839 3199 1935 quoque,
3228 1875 3283 1920 et
3329 1880 3518 1920 omres

266 1934 474 2005 ἐλογίσῖ
491 1965 518 2008 ,ι
550 1937 697 2008 αὑτῷ
719 1941 801 2002 εἰς
833 1939 1028 2012 δικαιο-

267 2025 716 2100 σύνηνππρῶτογ
773 2030 889 2100 μὲν,
944 2031 1025 2085 ὅτι

263 2120 428 2184 αὐτὸς
452 2121 596 2173 ἐστιν
629 2123 656 2173 ὁ
687 2123 917 2194 ποιητὴς
938 2126 1028 2176 οὑ-

263 2211 429 2282 ρανοῦ
448 2215 538 2265 καὶ
553 2214 675 2285 γῆς,
697 2215 854 2285 μόνος
869 2215 1021 2281 Θεός·

261 2303 456 2358 ἔπειτα
491 2305 570 2366 δὲ,
606 2306 686 2359 ὅτι
715 2307 930 2379 ποιήσει
963 2310 1025 2362 τὸ

263 2397 485 2468 σπέρμα
502 2398 662 2450 αὐτοῦ
678 2399 751 2462 ὼς
762 2399 828 2452 τὰ
848 2400 1024 2474 ἄστρα

259 2486 359 2539 τοῦ
391 2487 640 2559 οὐρανοῦ.
677 2491 937 2546 Τουτέστι
963 2494 1022 2547 τὸ

261 2577 371 2634 ὑπὸ
409 2578 501 2631 τοῦ
541 2577 760 2634 Παύλου
795 2585 1021 2656 εἰρημέ-

258 2685 403 2723 νον”‹
427 2670 512 2731 Ὠς
537 2673 822 2745 φωστῆρες
848 2675 905 2728 ὲν
934 2676 1022 2730 κό-

261 2777 404 2832 σμῳ.
421 2782 438 2814 ι
459 2764 693 2828 Δικαίως
719 2761 829 2829 οὖν,
855 2785 1022 2822 κατα-

257 2852 435 2908 λιπὼν
455 2856 550 2930 τὴν
568 2857 805 2927 ἐπίγειον
827 2862 1021 2931 συγγέ-

256 2963 430 3010 νειαν,
470 2949 801 3021 ἠκολούθησε
826 2953 901 3023 τῷ
919 2955 1012 3008 Λό-

256 3056 363 3109 γῳ,
385 3040 543 3094 αὐτοῦ
572 3043 680 3112 (55)
706 3043 1008 3112 ξενιτεύων,

256 3130 348 3183 ἵνα
389 3133 484 3185 σὺν
528 3131 607 3204 τῷ
656 3137 813 3208 Λόγῳ
864 3138 1014 3192 πολι-

253 3223 440 3293 τευθῇ.

327 3411 379 3464 4.
425 3415 444 3435 ⁶
471 3413 703 3479 Δικαίως
739 3416 793 3469 δὲ
838 3417 932 3470 καὶ
959 3420 1008 3471 οι

250 3507 564 3575 ἀπόστολοι,
596 3511 654 3576 ἐξ
688 3511 934 3584 Ἀϐραὰμ
949 3516 1009 3567 τὸ

249 3598 409 3668 γένος
434 3600 666 3671 ἔχοντες,
686 3604 1009 3658 καταλιπόν-

248 3708 345 3755 τες
371 3693 430 3744 τὸ
455 3693 636 3747 πλοῖον
664 3695 757 3748 καὶ
787 3697 877 3750 τὸν
906 3715 1010 3751 πα-

245 3782 405 3855 τέρα,
434 3785 758 3855 ἠκολούθουν
787 3789 864 3859 τῷ
906 3792 1008 3843 A6-

245 3892 353 3946 τῳ.
372 3878 605 3942 Δικαίως
614 3876 706 3932 οὖν
719 3884 810 3934 καὶ
823 3882 1000 3952 ἡμεῖς,

245 3968 349 4040 τὴν
400 3970 568 4042 αὐτὴν
625 3972 703 4043 τῷ
759 3973 1006 4046 Ἀϐραὰμ

245 4061 434 4116 πίστιν
483 4062 726 4133 ἔχοντες,
777 4065 1006 4138 ἄραντες

242 4155 340 4209 τὸν
360 4156 609 4228 σταυρὸν,
622 4156 698 4220 ὡς
710 4159 804 4211 καὶ
818 4158 1004 4214 Ἰσαὰκ

243 4247 318 4302 τὰ
341 4248 491 4315 ξύλα,
511 4250 998 4324 ἀκολουθοῦμεν....

356 4475 396 4505 “
427 4473 581 4532 Joan.
611 4493 694 4537 χι,
730 4477 819 4534 25.

245 4542 293 4575 ³⁸
321 4542 494 4615 Philip
547 4562 603 4612 tl,
632 4548 718 4602 l5.
794 4550 836 4580 ¹⁷
865 4550 996 4618 Cap.
1039 4548 1174 4604 Xlll.

318 4684 450 4768 (31)-
469 4685 642 4742 Facti.
836 4691 1368 4768 inhenum-“marg.
1400 4691 1642 4768 et_Voss._
1671 4692 1811 4748 sicut
1845 4697 1888 4753 D

901 4481 941 4511 "
985 4478 1123 4532 Psal.
1156 4493 1297 4534 xuv.
1343 4477 1428 4529 i7.

1093 1947 1362 2018 justitiam
1415 1953 1495 2006 "z
1543 1973 1561 2006 ο
1607 1956 1841 2024 primum

1096 2041 1337 2110 quidem,
1357 2049 1612 2114 quoniam
1633 2052 1745 2118 ipse
1761 2061 1844 2106 est

1097 2132 1270 2190 factor
1304 2139 1422 2192 cceli
1457 2148 1510 2194 et
1543 2149 1719 2208 terrae,
1749 2158 1839 2197 so-

1095 2225 1177 2282 lus
1209 2228 1349 2286 Deus
1378 2247 1392 2284 :
1416 2233 1609 2289 deinde
1637 2242 1839 2298 autem,

1094 2322 1348 2389 quoniam
1424 2321 1589 2378 faciet
1656 2342 1839 2382 semen

1094 2412 1211 2481 ejus
1237 2415 1393 2484 quasi
1453 2417 1640 2474 stellas
1690 2420 1837 2474 coeli.

1094 2504 1208 2560 lloc
1258 2516 1340 2562 est
1391 2509 1534 2578 quod
1590 2526 1618 2563 a
1673 2511 1842 2567 Paulo

1093 2597 1299 2654 dicitur
1337 2617 1353 2656 :
1409 2620 1428 2654 ι
1466 2602 1838 2671 Quemadmo-

1092 2691 1218 2744 dum
1249 2692 1536 2748 luminaria
1578 2696 1631 2750 in
1686 2714 1840 2752 mun~

1092 2782 1161 2836 do
1179 2783 1438 2840 “.iJuste
1465 2787 1648 2858 igitur,
1685 2791 1841 2846 dere-

1093 2874 1342 2944 linquens
1357 2888 1630 2935 terrenam
1643 2897 1840 2951 cogna-

1088 2968 1286 3024 tionem
1315 2971 1474 3043 233
1489 2988 1725 3039 omnem,
1751 2993 1839 3032 se-

1087 3063 1349 3132 quebatur
1407 3066 1640 3123 Verbum
1704 3070 1832 3138 Dei,

1085 3167 1204 3207 cum
1231 3155 1407 3210 Verbo
1447 3163 1829 3231 peregrinaris,
1859 3173 1900 3231 C

1089 3257 1144 3300 ut
1202 3264 1324 3305 cum
1375 3250 1553 3308 Verbo
1592 3269 1835 3313 morare—

1083 3351 1170 3396 tur
1199 3347 1336 3414 (56).

1153 3439 1205 3493 4.
1252 3441 1293 3472 ¹⁷
1343 3439 1492 3498 Juste
1546 3453 1725 3500 autem
1774 3455 1830 3503 et

1081 3534 1357 3601 apostoli,
1420 3552 1487 3592 ex
1552 3539 1826 3594 Abraham

1079 3639 1251 3694 genus
1281 3627 1564 3695 habentes,
1594 3631 1828 3686 derelin-

1079 3730 1308 3787 quentes
1334 3722 1638 3777 naviculam
1662 3735 1712 3778 et
1741 3741 1829 3793 pa-

1083 3819 1215 3863 trem
1246 3851 1259 3874 ,
1293 3814 1656 3882 sequebantur
1692 3817 1826 3872 Ver-

1081 3901 1206 3954 bum
1241 3902 1353 3957 Del.
1383 3901 1533 3959 Juste
1566 3917 1742 3963 autem
1773 3922 1828 3964 et

1079 4008 1194 4058 nos,
1223 3995 1464 4050 eamdem
1497 3998 1652 4054 [idem
1681 4001 1827 4054 acci-

1075 4087 1336 4154 pientes,
1409 4103 1571 4158 qnam
1639 4091 1825 4148 habuit

1073 4180 1372 4245 Abraham,
1405 4181 1653 4236 tolleutes
1693 4197 1823 4237 cru-

1073 4288 1189 4329 cem
1218 4313 1235 4338 ,
1265 4276 1717 4342 quemadmodum
1759 4279 1823 4332 li-

1287 4547 1328 4579 ¹⁸
1358 4547 1493 4603 Gen.
1527 4562 1635 4611 xiv,
1685 4549 1775 4608 23.

240 4755 382 4834 etin
411 4755 600 4834 Graeco
636 4759 742 4812 τῶν
769 4765 845 4814 0’.
876 4761 1103 4818 Codices
1121 4762 1208 4816 alii
1235 4755 1433 4817 habent
1454 4761 1810 4834 ἐγενήθησαν,

242 4825 749 4900 ειὶᾗ-ὲχεννήθησαν.

317 4843 426 4966 ἱδέ)

479 4897 845 4970 Ἐπίστευσα
881 4900 1066 4955 Graeca
1101 4903 1215 4956 lure
1242 4919 1309 4957 ex
1349 4901 1550 4956 Catena
1575 4902 1808 4970 quadam

241 4964 300 5039 in
324 4964 607 5039 _Ge'nesim,
641 4970 715 5021 uti
739 4971 973 5030 videtur,
1010 4973 1280 5038 descripta
1323 4964 1618 5039 publicavit
1646 4973 1810 5026 Com-

239 5033 467 5089 betisins
499 5036 550 5090 in
585 5039 831 5092 Auctario
864 5043 1159 5096 novissimo
1193 5033 1552 5098 Bibliotheca:
1587 5041 1808 5096 Patrmu

239 5117 368 5174 par.
396 5119 446 5168 I,
477 5121 598 5174 pag.
631 5107 757 5161 298.

316 5172 426 5243 (53)
464 5172 754 5244 Τῷᾏόγῳ,
783 5179 987 5233 αὑτοῦ.
1043 5181 1118 5235 Ex
1157 5183 1325 5237 veteri
1378 5183 1625 5236 versione
1671 5182 1808 5243 haec,

237 5256 363 5321 qua
399 5258 462 5296 ex
483 5243 677 5321 _Gt;:ect_i
701 5248 968 5321 exemisse
999 5251 1270 5312 videntur.
1314 5253 1616 5321 supplenda

1670 5253 1814 5324 ετῷ

236 5310 512 5391 *τοῖς
540 5312 698 5378 Θεοῦ,
728 5316 822 5369 σὺν
833 5318 921 5391 δῷ
945 5321 1100 5391 Λόγῳ
1124 5310 1425 5388 ξενιτεύωνξ

455 5381 776 5467 Mororetur.
823 5380 1175 5467 Co'tnbelisitis
1227 5392 1474 5467 Gragcnm
1523 5393 1811 5467 πολιτευθῇ

239 5461 422 5526 vertit.
455 5461 1268 5526 municipatumadipisceretur.
1304 5462 1416 5517 Nec
1448 5478 1477 5515 a
1513 5461 1810 5518 verosimili

238 5519 500 5602 abhorret
528 5519 712 5602 _Grabii
743 5519 1071 5602 conjectura,
1108 5530 1368 5586 Irenzeuni
1409 5536 1714 5602 respexisse
1743 5535 1810 5588 ad

235 5587 413 5672 «mw,
438 5591 720 5672 civitatem,
746 5587 1087 5663 fundamento
1113 5602 1404 5672 habentem.
1434 5587 1583 5672 cuius
1617 5605 1811 5671 artifex

234 5667 288 5712 et
314 5660 557 5714 conditor
586 5662 724 5716 Deus
747 5660 770 5728 ’,

234 5728 427 5784 scribit
453 5731 493 5782 A

818 5681 978 5744 quam
1037 5671 1406 5744 Abrahamum
1457 5671 1809 5744 citspcctasse

501 5733 738 5799 postolns
778 5733 910 5791 lieb.
950 5752 1022 5800 ιτ,
1058 5739 1144 5794 10.

311 5797 420 5871 (35)
447 5797 844 5861 Prwdidicerat.
874 5797 1132 5879 Clarom.,
1172 5812 1546 5879 perdidicerat.

1943 1952 2032 2020 qui
2065 1952 2335 2016 similiter,
2376 1964 2434 2006 nt
2464 1954 2580 2021 ipse
2603 1953 2858 2016 credidit.
2892 1955 3124 2009 credunt
3157 1954 3287 2017 Deo,
3316 1954 3513 2009 salvari

1943 2045 2249 2113 inciperent
2279 2046 2418 2115 ('58),
2450 2046 2744 2100 exsultavit
2774 2046 3144 2100 vehementer.
3197 2045 3313 2100 Non
3362 2046 3516 2099 inco-

1942 2137 2124 2206 gnitus
2160 2137 2326 2202 igitur
2381 2145 2498 2190 erat
2543 2135 2800 2189 Dominus
2848 2133 3080 2190 Abrahae
3109 2178 3124 2200 ,
3170 2135 3329 2205 cujus
3376 2136 3515 2191 diem

1941 2224 2251 2294 concupivit
2279 2225 2464 2279 videre
2495 2242 2509 2278 :
2541 2224 2639 2279 sed
2680 2238 2857 2293 neque
2898 2223 3061 2280 Pater
3105 2225 3335 2286 Domini;
3374 2224 3520 2279 didi-

1941 2327 2090 2372 cerat
2136 2318 2280 2371 enim
2320 2332 2349 2370 a
2384 2316 2558 2371 Verbo
2602 2316 2814 2370 Domini
2862 2317 2999 2384 (39),
3029 2326 3081 2371 et
3105 2318 3336 2372 credidit
3394 2317 3445 2372 ei
3498 2330 3516 2371 :

1942 2414 2273 2476 quaprOpter
2307 2416 2363 2461 et
2388 2406 2700 2476 deputatum
2733 2415 2815 2460 est
2842 2406 2890 2460 ei
2940 2408 3007 2460 ad
3032 2406 3296 2474 justitiam
3338 2423 3366 2460 a
3413 2407 3520 2463 Do-

1942 2497 2109 2551 mino.
2149 2496 2310 2551 Fides
2339 2498 2506 2563 enim,
2553 2511 2673 2566 qua:
2711 2507 2794 2551 est
2836 2499 2902 2552 ad
2951 2500 3119 2552 Deum
3165 2498 3517 2563 altissimum,

1936 2587 2198 2659 justilicat
2221 2587 2491 2642 hominem
2523 2605 2538 2642 :
2559 2597 2614 2642 et
2639 2598 2862 2657 propter
2876 2590 2980 2644 hoc
2999 2590 3216 2644 dicebat
3240 2606 3294 2646 ς(
3320 2590 3518 2646 Exten-

1942 2683 2061 2736 dam
2091 2699 2308 2737 manum
2340 2698 2517 2738 meam
2549 2685 2612 2738 ad
2645 2685 2812 2738 Deum
2836 2683 3193 2749 altissimum,
3237 2684 3327 2752 qui
3381 2699 3517 2740 con-

1941 2771 2114 2828 stituit
2142 2773 2340 2827 caelum
2366 2783 2419 2827 et
2447 2783 2647 2828 terram
2677 2774 2739 2826 ιε.
2778 2793 2797 2827 ›
2837 2773 2961 2828 Haec
2987 2784 3168 2827 autem
3201 2774 3386 2839 omnia
3416 2788 3519 2831 co-

1940 2875 2140 2919 nantur
2162 2874 2408 2919 evertere
2441 2865 2556 2932 illi,
2603 2867 2694 2936 qui
2725 2875 2849 2920 sunt
2903 2868 3056 2919 malae
3086 2868 3372 2921 sententiae
3395 2907 3409 2931 ,
3445 2867 3518 2922 ob

1940 2973 2108 3012 unum
2142 2957 2372 3024 dictum,
2401 2959 2545 3026 quod
2571 2959 2787 3028 quidem
2818 2960 2962 3029 apud
2994 2973 3088 3013 eos
3120 2975 3227 3015 non
3263 2960 3399 3015 bene
3429 2961 3516 3015 in-

1943 3048 2213 3102 tellectum
2241 3057 2344 3103 est.

2512 3162 2740 3220 CAPUT
2784 3162 2848 3218 Vl
2875 3164 2938 3216 η.

1939 3254 2188 3324 Explicat
2218 3254 2413 3310 Christi
2435 3258 2589 3310 verba
2611 3273 2629 3312 :
2651 3277 2670 3308 ‹
2708 3256 2873 3310 Nemo
2898 3260 3161 3324 cognoscit
3180 3257 3388 3313 Patrem
3410 3261 3513 3316 nisi

2016 3325 2214 3389 Titius,
2247 3346 2264 3378 ι
2287 3337 2408 3388 etc.,
2439 3327 2626 3396 quibus
2654 3325 3003 3396 obruebantur
3032 3330 3288 3387 mentiri.
3322 3343 3367 3381 et
3391 3346 3516 3396 pro-

2009 3399 2117 3457 bat,
2165 3406 2222 3449 ut
2267 3395 2522 3449 rere/unt:
2575 3395 2789 3448 Patrem
2841 3395 3084 3461 Filium,
3129 3399 3206 3451 sic
3260 3395 3516 3455 ructante

2008 3464 2147 3520 Filio
2176 3463 2392 3519 Patrem
2424 3482 2688 3535 nunquam
2723 3483 2824 3518 non
2860 3468 3123 3534 cognitum
3151 3466 3333 3535 fuisse.

2008 3559 2057 3612 Ι.
2099 3555 2359 3611 Dominus
2386 3556 2530 3611 enim
2563 3557 2856 3610 ostendens
2888 3559 3242 3625 semetipsum
3274 3560 3515 3628 discipu-

1933 3645 2310 3716 lis,.quoniam
2343 3646 2454 3712 ipse
2480 3656 2560 3698 est
2599 3647 2857 3710 Verbum,
2909 3649 3002 3716 qui
3031 3651 3362 3718 agnitionem
3408 3647 3514 3703 Pa-

1934 3736 2030 3790 tris
2064 3737 2206 3800 t'acit,
2232 3745 2286 3791 et
2305 3736 2640 3804 exprobrans
2671 3734 2870 3789 Judaais
2895 3740 3207 3806 putantibus
3233 3755 3290 3793 se
3311 3740 3513 3794 habere

1935 3825 2126 3891 Deum,
2153 3841 2275 3881 cum
2305 3836 2358 3880 et
2390 3826 2722 3880 frustrentur
2756 3826 2871 3894 (40)
2928 3827 3161 3883 Verbum
3196 3830 3317 3899 ejus
3345 3869 3361 3895 ,
3416 3846 3514 3899 per

1933 3934 2090 3986 quem
2118 3917 2465 3987 cognoscitur
2499 3918 2660 3976 Deus.
2684 3917 2902 3971 dicebat
2929 3936 2942 3971 :
2983 3938 3002 3968 ι
3037 3917 3206 3972 Nemo
3232 3925 3512 3990 cognoscit

1933 4006 2127 4060 Filium
2157 4009 2260 4061 nisi
2293 4006 2471 4070 Pater,
2508 4022 2680 4074 neque
2709 4006 2926 4061 Patrem
2949 4008 3071 4077 quis
3095 4013 3376 4078 cognoscit
3405 4012 3510 4065 nisi

1933 4095 2120 4162 Filius,
2148 4105 2203 4152 et
2246 4098 2331 4151 cui
2366 4097 2596 4152 voluerit
2649 4097 2817 4152 Filius
2848 4103 3088 4155 revelare
3135 4102 3204 4157 ³ο.
3246 4122 3264 4154 ι
3319 4102 3411 4156 Sic
3454 4115 3511 4159 et

1935 4187 2216 4242 Matthazus
2246 4191 2442 4257 posuit.
2475 4202 2528 4245 et
2566 4191 2739 4246 Lucas
2760 4193 3031 4258 similiter,
3059 4206 3116 4247 et
3150 4192 3368 4251 Marcus
3391 4195 3506 4266 (41)

1933 4279 2071 4333 idem
2123 4281 2296 4349 ipsum
2344 4280 2453 4352 (Ω)
2514 4302 2526 4336 :
2574 4281 2808 4338 Joannes
2841 4285 2984 4338 enim
3032 4286 3294 4354 praeteriit
3330 4285 3511 4344 locum

1511 4477 1555 4507 ¹³
1582 4477 1714 4546 Cap.
1768 4479 1878 4534 XII.
1956 4479 2171 4534 “.loan.
2220 4499 2335 4548 vm,
2394 4483 2483 4539 56.
2561 4486 2883 4551 "Bonntv,
2916 4491 2967 4551 5,
3019 4507 3084 4545 ex
3127 4492 3263 4546 Gen.
3327 4495 3504 4557 ",6.

1527 4562 1635 4611 xiv,
1685 4549 1775 4608 23.
1889 4552 1930 4583 ‘9
1964 4552 2097 4620 Cap.
2132 4551 2273 4607 XIV.
2383 4554 2426 4586 '°
2463 4553 2649 4610 Matth.
2688 4573 2761 4620 χι,
2794 4561 2859 4613 27
2891 4573 2945 4615 et
2977 4561 3110 4617 Luc.
3138 4579 3189 4620 κ.
3223 4563 3317 4616 '22.

2383 4554 2426 4586 '°
2463 4553 2649 4610 Matth.
2688 4573 2761 4622 χι,
2794 4561 2859 4613 27
2891 4573 2945 4615 et
2977 4561 3110 4617 Luc.
3138 4579 3189 4625 κ,
3223 4563 3317 4616 '22.

1952 4693 2099 4818 ό(36)
2151 4696 2416 4766 Πάντως.
2457 4700 2645 4757 Melius
2674 4704 2800 4773 legit
2830 4713 2983 4760 vetus
3016 4707 3320 4780 interpres,
3364 4729 3503 4766 παν-

1919 4781 1948 4817 τ
1982 4782 2029 4818 ς.

1986 4782 2010 4797 ρ

1982 4803 2005 4828 Ὃ

1921 4806 2118 4961 (.337)r
2143 4835 2570 4960 Diapositionem.
2592 4843 2760 4899 Abest
2792 4849 2860 4901 ab
2885 4846 3062 4912 Eras.,
3098 4847 3263 4912 Gal‘l.,
3286 4852 3499 4909 Arund.

2063 4929 2088 4954 t'
2124 4927 2172 4958 (τ.
2245 4949 2257 4960 .
2480 4939 2488 4946 ·

2063 4927 2172 4958 rrc.
2203 4927 2257 4960 2.
2480 4939 2488 4946 '

1994 4976 2102 5060 (33')
2142 4975 2455 5044 Iuciperenl.
2487 4980 2715 5036 Feuard.
2749 4984 2800 5038 in
2833 5001 3006 5057 marg.
3051 4995 3110 5042 et
3148 4986 3333 5060 Voss.,
3373 4992 3505 5047 inci-

1915 5059 2080 5115 petet.

1991 5116 2101 5186 (59)
2207 5116 2374 5171 Verbo
2407 5119 2636 5173 Domini.
2668 5122 2927 5189 Clarom.,
2969 5143 2999 5178 (ι
3037 5125 3205 5182 Verbo
3239 5128 3424 5186 Deum.

1993 5185 2499 5269 (40)1¹’νηδςιέιςέιω·.
2535 5191 2643 5269 l’t‘_0_
2693 5185 2976 5269 respuunt,
3019 5198 3264 5269 reﬁciant
3294 5240 3308 5262 ,
3354 5185 3500 5269 sper-

1921 5268 2073 5338 natu,
2113 5275 2142 5310 a
2178 5259 2340 5311 verbo
2364 5258 2552 5316 Gt'zeco
2583 5261 2794 5315 ἀθετεῖν
2822 5305 2834 5326 ,
2882 5267 2955 5319 uti
3009 5258 3129 5321 cum
3158 5258 3315 5324 Dillio
3365 5258 3496 5328 cou-

1918 5341 2072 5395 jtcm.

1993 5395 2102 5468 (εΗ)
2144 5395 2207 5450 Et
2241 5397 2474 5457 Murcus.
2521 5400 2666 5456 Nihil
2704 5404 2879 5460 simile
2913 5409 2962 5460 in
3017 5408 3293 5465 hodiernis
3327 5409 3494 5468 Marci

1919 5469 2561 5547 excinpl‘arib‘uslegitur.
2600 5473 2654 5547 Si
2688 5475 2870 5530 lienaci
2898 5486 3055 5531 relate
3085 5478 3378 5547 legeretur,
3427 5486 3490 5535 il-

1918 5535 2006 5589 luc
2032 5535 2350 5611 eghlattlttei
2391 5535 2682 5611 Evangelia
2726 5547 3045 5600 tnmshitum
3076 5535 3240 5603 l‘uErit
3271 5535 3494 5607 necesse

1919 5606 2358 5681 est._§is_itorte
2383 5606 2643 5666 memoria
2677 5614 2854 5681 lapsos
2877 5618 2948 5669 sit
2986 5620 3238 5672 lrenwus.

1989 5676 2280 5758 (4‘2)ﬂltlr?tii
2322 5682 2512 5758 ipsum.
2549 5683 2641 5758 _Tb
2695 5676 2976 5758 scitu/idum
3002 5729 3016 5750 ,
3070 5690 3213 5758 quod
3265 5690 3318 5745 in
3350 5692 3486 5751 edit.

1917 5746 2069 5800 Erus.
2100 5746 2239 5803 Gall.
2269 5760 2318 5830 et
2343 5746 2584 5809 'Fenard.
2604 5746 3223 5823 prtccedit,auctoritate
3245 5746 3491 5821 omnium

1916 5834 2046 5873 mss.
2072 5835 2326 5887 expunxi.
