4222 6320
177 427 285 487 989

179 546 313 602 ἄνευ
355 543 491 599 Gre?»
554 546 629 617 pi;
673 540 932 613 γινώσκει

182 638 308 695 σθαι
351 637 443 692 τὸν
465 637 615 691 Θεόν·
635 636 766 691 αὐτὸ
791 637 847 690 δὲ
872 635 935 690 τὸ

179 728 543 801 γινώσκεσθαι
569 730 659 781 τὸν
684 716 831 794 Θεὸνι
850 726 938 782 Θέ-

179 822 335 895 2tqu
381 816 519 875 εἶναι
563 821 657 874 τοῦ
700 820 931 891 Πατρός.
1005 818 1203 874 Patris.
1234 818 1579 888 Cognoscuut
1601 819 1750 872 enim

183 914 491 969 Μσονται
534 910 645 983 (54)
694 912 789 966 καὶ
840 914 933 966 αὐ·
1005 926 1130 966 eum
1154 911 1573 981 qnihuscunque
1599 924 1753 966 reve-

181 1005 296 1070 τδν,
330 999 413 1069 οἷς
433 1005 501 1059 ἂν
541 1003 869 1077 ἀποκαλύψῃ
911 1006 939 1059 ὁ
1007 1004 1201 1062 laverit
1231 1003 1420 1060 Filius.

185 1097 336 1162 Υἱός.
1472 1128 1477 1131 .

261 1188 321 1244 5.
348 1188 416 1244 Et
441 1189 507 1243 ad
535 1190 637 1245 hoc
664 1188 862 1244 Filium
890 1189 1159 1246 revelavit
1184 1189 1349 1246 Pater
1382 1189 1519 1261 (55),
1553 1196 1614 1243 ttt
1656 1201 1756 1257 per

183 1296 314 1335 eum
343 1282 594 1338 omnibus
629 1282 1027 1345 manifestatur,
1050 1292 1106 1338 et
1132 1298 1227 1339 eos
1248 1282 1490 1353 quidem,
1516 1280 1608 1350 qui
1628 1294 1757 1334 ere-

185 1373 327 1427 dunt
352 1376 400 1429 ei
430 1372 561 1442 justi
590 1375 738 1443 (56),
765 1376 820 1429 in
849 1374 1294 1444 incorruptelam,
1325 1386 1378 1429 et
1403 1374 1459 1430 in
1487 1384 1753 1429 aeternum

183 1463 532 1534 refrigerium
586 1466 814 1535 recipiat
853 1466 1100 1536 (credere
1144 1473 1325 1519 autem
1361 1464 1435 1529 ei,
1469 1474 1553 1517 est
1578 1461 1758 1517 facere

181 1554 310 1622 eius
338 1556 735 1628 voluntatem);
774 1572 870 1612 eos
908 1567 1089 1611 autem
1126 1556 1220 1626 qui
1250 1570 1357 1609 non
1398 1554 1664 1615 credunt,
1703 1561 1760 1609 et

182 1655 409 1715 propter
450 1646 551 1700 hoc
577 1644 789 1715 fugiunt
826 1646 1006 1699 lumen
1050 1643 1204 1712 ejus,
1237 1645 1290 1698 in
1340 1641 1590 1698 tenebras
1619 1641 1755 1711 (57),

189 1750 332 1805 quas
359 1735 461 1804 ipsi
495 1737 597 1791 sibi
630 1736 933 1805 elegerunt,
953 1734 1097 1803 justo
1125 1735 1367 1791 recludet
1397 1730 1530 1801 (58).
1566 1733 1758 1788 Omni-

1007 635 1183 704 ipsum
1250 643 1432 689 autem
1495 632 1750 703 cognosci

1006 741 1130 782 eum
1161 765 1178 791 ,
1232 726 1563 781 voluntatem
1629 738 1752 781 esse

1337 423 1621 482 CONTRA
1658 422 2003 480 H£RESES
2038 422 2167 479 LIB.
2209 421 2297 480 IV.

1004 555 1112 598 non
1128 541 1379 609 cognosci
1407 541 1575 595 Deum
1605 558 1620 594 :
1647 541 1752 595 hoc
1781 542 1829 600 Δ
1855 538 2119 604 dentium,
2147 547 2204 593 ut
2229 550 2418 592 omnes
2440 533 2585 605 iuste
2610 532 2943 605 iudicentur,
2973 542 3027 589 et
3074 549 3137 590 ea
3180 550 3299 607 qua:
3329 544 3415 591 est

1850 630 1905 684 in
1938 628 2152 685 Patrem
2186 637 2239 683 et
2262 626 2456 682 Filium
2492 626 2644 691 ﬁdes.
2688 629 2756 682 ab
2800 625 3053 681 omnibus
3089 629 3415 694 comprobe-

1852 730 1959 785 tur,
1994 720 2045 773 td
2071 730 2154 775 est
2182 718 2252 773 ab
2282 716 2539 772 omnibus
2568 717 2919 772 confirmetur
2948 715 3061 786 (59)
3080 755 3095 779 ,
3127 716 3197 773 ab
3233 716 3414 769 omni-

1850 810 1949 864 bus
1984 808 2257 879 accipiens
2286 806 2648 865 testimonium
2668 846 2687 872 ,
2726 818 2782 860 et
2824 821 2853 859 a
2886 806 3200 861 domesticis
3224 844 3239 868 ,
3271 821 3415 875 quo-

1850 902 1999 955 niam
2028 908 2083 956 et
2102 900 2281 961 amici;
2315 909 2370 954 ct
2396 898 2463 952 ab
2491 898 2787 963 extraneis,
2820 898 3075 965 quoniam
3098 906 3152 950 et
3184 896 3413 953 inimici.

1850 989 1944 1045 illa
1980 999 2064 1045 est
2090 989 2234 1044 enim
2266 1002 2389 1042 vera
2420 997 2477 1042 et
2507 987 2627 1040 sine
2663 986 3096 1040 contradictione
3141 985 3417 1051 probatio,

1851 1094 1973 1151 qtue
2001 1079 2166 1135 etiam
2197 1078 2265 1132 ab
2299 1076 2629 1153 adversariis
2663 1074 2797 1143 ipsis
2821 1073 3030 1145 singula
3058 1072 3171 1141 (60)
3225 1071 3421 1129 testiﬁ-

1852 1170 2083 1226 cationis
2103 1170 2311 1239 profert
2344 1168 2437 1222 :iu
2472 1168 2586 1236 ipsa
2612 1166 2830 1237 quidem
2870 1165 3155 1219 manifesta
3202 1180 3298 1220 sua
3339 1164 3421 1219 vi-

1854 1263 2006 1317 sione
2033 1260 2302 1315 convictis
2336 1258 2403 1313 de
2435 1258 2688 1328 praesenti
2720 1256 2958 1327 negotio,
2986 1265 3041 1309 et
3071 1252 3419 1309 testiﬁcanti-

1853 1351 1977 1419 bus,
2005 1360 2059 1405 et
2087 1350 2521 1422 signiﬁcantibus
2546 1346 2681 1423 (6i);
2701 1357 2901 1417 postea
2924 1345 3151 1413 veroad
3181 1344 3420 1399 inimici-

1858 1444 1986 1499 tiam
2013 1444 2439 1513 erumpentibus,
2470 1450 2524 1518 et
2553 1440 2959 1505 accusantibus,
3006 1448 3062 1493 et
3113 1438 3423 1493 volentibus

1857 1549 1966 1589 non
1997 1548 2118 1590 esse
2145 1548 2330 1588 verum
2364 1547 2519 1587 suum
2548 1530 2937 1586 testimonium.
2972 1526 3088 1583 Non
3116 1542 3247 1597 ergo
3281 1526 3424 1581 alius

1856 1636 1977 1684 erat
2004 1626 2097 1697 qui
2128 1624 2570 1695 ceguoscebatur,
2599 1632 2654 1679 et
2683 1622 2821 1676 alius
2846 1620 2935 1690 qui
2964 1619 3178 1673 dicebat
3209 1634 3223 1671 :
3264 1634 3285 1669 ι
3316 1614 3427 1671 Ne-

1856 1733 1948 1775 mo
1978 1716 2254 1787 cognoscit
2278 1715 2515 1779 Patrem;
2573 1731 2592 1765 ι
2639 1714 2731 1767 sed
2762 1726 2901 1766 unus
2948 1708 3110 1779 235
3154 1716 3210 1761 et
3260 1706 3427 1773 idem,

190 1796 297 1878 bus
348 1796 511 1895 igitur
559 1796 819 1880 revelavit
953 1796 1133 1880 'Pater
1157 1866 1172 1891 ,
1214 1825 1466 1880 omnibus
1494 1796 1757 1878 'Verhttm
1792 1868 1833 1895 υ
1861 1807 2041 1863 omnia
2073 1804 2392 1871 subjiciente
2411 1808 2459 1860 ei
2491 1802 2675 1868 Patre,
2700 1814 2756 1859 et
2778 1804 2845 1856 ab
2870 1802 3128 1855 omnibus
3150 1796 3430 1867 accipiens

188 1929 350 1968 suum
375 1914 587 1970 visibile
608 1915 862 1971 faciens:
904 1926 958 1971 et
982 1932 1168 1975 rursus
1224 1914 1458 1970 Verbum
1500 1916 1759 1969 munibus

190 2008 514 2063 ostendebat
573 2007 797 2064 Patrem
840 2017 897 2063 et
957 2006 1155 2063 Filium
1206 2022 1327 2063 cum
1370 2008 1440 2062 ab
1502 2008 1758 2062 omnibus

191 2095 494 2167 videretur,
535 2108 593 2155 et
630 2101 749 2155 ideo
780 2102 987 2170 justum
1035 2099 1295 2171 judicium
1338 2099 1430 2153 Dei
1460 2114 1622 2167 super
1644 2114 1761 2150 Olli-

192 2203 294 2241 nes
356 2188 446 2256 qui
502 2191 758 2245 similiter
802 2192 1021 2260 quidem
1076 2192 1360 2256 viderunt,
1410 2205 1518 2246 non
1579 2198 1759 2244 autem

194 2277 450 2333 similiter
481 2280 850 2339 crediderunt.

261 2370 315 2428 6.
346 2370 557 2426 Etenim
587 2385 685 2441 per
706 2374 875 2443 ipsam
898 2372 1259 2435 conditionem
1292 2375 1496 2429 revelat
1523 2373 1761 2433 Verbum

189 2463 534 2517 conditorem
569 2462 774 2528 Deum,
824 2474 879 2518 et
929 2479 1028 2533 per
1067 2466 1325 2519 mundum
1378 2464 1761 2519 fabricatorem

193 2554 383 2608 mundi
413 2554 719 2619 Dominum,
747 2568 803 2611 et
838 2571 934 2625 per
972 2556 1177 2625 plasma
1218 2572 1365 2619 eum,
1396 2557 1490 2623 qui
1522 2556 1762 2624 plasma—

193 2647 359 2710 serit,
389 2644 676 2710 artificem,
705 2655 761 2700 et
791 2660 889 2716 per
921 2645 1116 2702 Filium
1147 2659 1269 2699 ettm
1300 2644 1513 2700 Patrem
1547 2647 1639 2717 qui
1674 2662 1768 2715 ge-

196 2738 478 2792 neraverit
500 2738 696 2793 Filium
729 2747 828 2793 :et
864 2738 978 2792 haec
1013 2752 1203 2792 omnes
1245 2738 1500 2794 similiter
1548 2739 1764 2807 quidem

199 2830 603 2900 colloquuntur,
635 2845 739 2884 non
764 2839 941 2884 autem
971 2829 1224 2885 similiter
1250 2830 1503 2885 credunt.
1531 2828 1639 2886 Sed
1669 2845 1769 2901 per

198 2923 375 2987 legent
404 2930 458 2976 et
482 2921 777 2993 prophetas
804 2922 1053 2977 similiter
1082 2919 1312 2977 Verbum
1339 2930 1395 2977 et
1420 2922 1767 2992 semetipsum

197 3021 259 3067 et
285 3011 503 3067 Patrem
537 3011 868 3081 praedicabat
908 3027 922 3066 :
969 3021 1024 3067 et
1054 3007 1259 3067 audivit
1293 3012 1512 3081 quidem
1543 3013 1767 3067 univer-

196 3117 298 3157 sus
327 3104 555 3173 populus
585 3102 852 3169 similiter;
902 3118 1007 3158 non
1054 3101 1307 3157 similiter
1354 3108 1533 3157 aute‘m
1576 3114 1768 3157 omnes

1792 1868 1835 1927 Β
1866 1897 2254 1962 testimonium,
2287 1894 2543 1963 quoniam
2576 1909 2699 1948 vere
2731 1894 2913 1954 homo,
2936 1889 3272 1960 etquoniam
3302 1900 3431 1940 vere

1862 1992 2027 2056 Deus,
2055 2005 2083 2044 a
2116 1990 2301 2052 Patre,
2333 2004 2361 2043 a
2393 1987 2622 2057 Spiritu,
2653 1986 2721 2040 ab
2749 1985 2975 2056 angelis,
3006 1981 3073 2036 ab
3105 1981 3217 2050 ipsa
3250 1980 3433 2034 condi-

1862 2084 2030 2149 tione,
2061 2084 2129 2136 ab
2156 2080 2487 2143 hominibus,
2518 2079 2665 2134 etab
2691 2077 3009 2148 apostaticis
3037 2075 3345 2145 spiritibus,
3374 2079 3430 2127 et

1862 2174 2145 2230 daemoniis
2178 2170 2311 2243 (62),
2347 2184 2399 2227 et
2429 2171 2499 2226 ab
2527 2169 2769 2232 inimico.
2804 2178 2859 2224 et
2895 2168 3188 2223 novissime
3216 2168 3283 2221 ab
3313 2167 3433 2235 ipsa

1864 2275 2059 2322 morte.
2088 2263 2283 2321 Omnia
2315 2250 2496 2317 autem
2520 2260 2690 2315 Filius
2711 2258 3099 2315 administrans
3123 2256 3269 2311 Patri
3296 2254 3432 2328 (65),

1862 2357 2076 2430 perﬁcit.
2104 2357 2174 2411 ab
2209 2355 2367 2417 iuitio
2397 2367 2569 2423 usque
2600 2353 2664 2407 ad
2695 2351 2877 2415 linem,
2908 2360 2964 2405 et
2993 2350 3111 2405 sine
3146 2347 3235 2403 illo
3277 2361 3435 2403 nemo

1864 2457 2040 2519 potest
2054 2459 2381 2517 cognoscere
2403 2443 2591 2499 Deum.
2618 2441 2838 2512 Agnitio
2860 2442 3003 2494 enim
3028 2438 3226 2503 Patris,
3244 2437 3431 2502 Filius;

1867 2539 2070 2611 agnitio
2104 2547 2282 2593 autem
2312 2535 2433 2591 Filii
2457 2536 2510 2589 in
2529 2534 2713 2599 Patre,
2737 2542 2791 2588 et
2827 2547 2922 2602 per
2940 2530 3133 2585 Filium
3156 2527 3387 2585 revelata
3416 2544 3434 2582 :

1864 2640 1916 2688 et
1936 2640 2157 2701 propter
2174 2629 2278 2683 hoc
2305 2626 2562 2681 Dominus
2575 2624 2787 2679 diccbat
2802 2641 2846 2677 ει
2870 2620 3036 2677 Nemo
3054 2619 3329 2689 cngnoscit
3351 2616 3438 2671 Fi-

1866 2720 2023 2786 lium,
2038 2718 2140 2775 nisi
2159 2718 2322 2773 Pater
2340 2736 2354 2773 :
2370 2730 2543 2786 neque
2560 2714 2801 2777 Patrem,
2824 2712 2930 2767 nisi
2946 2712 3134 2777 Filius,
3149 2723 3205 2765 et
3223 2709 3441 2780 quibus-

1869 2827 2087 2881 cunque
2106 2810 2277 2867 Filius
2306 2808 2646 2865 revelaverit.
2681 2824 2702 2860 t
2744 2802 3085 2860 Reveiaverit
3122 2802 3298 2863 enim,
3327 2814 3438 2854 non

1849 2895 2043 2957 solum
2084 2900 2139 2954 in
2184 2898 2427 2953 futurum
2456 2896 2660 2951 dictum
2688 2903 2791 2959 est,
2813 2892 2970 2965 quasi
3011 2900 3140 2945 tunc
3171 2890 3441 2959 inceperit

1870 2988 1982 3065 (66)
1999 2988 2235 3047 Verbum
2253 2988 2603 3043 manifestare
2617 2986 2979 3051 Patrem,cum
2994 2984 3060 3039 de
3076 2982 3241 3041 Maria
3258 2994 3437 3044 natus;

1872 3082 1966 3137 sed
1994 3079 2352 3136 communiter
2380 3092 2475 3151 per
2512 3086 2682 3132 totum
2720 3085 2932 3146 tempus
2954 3072 3190 3145 positum
3223 3082 3328 3126 est.
3359 3071 3440 3131 Ab

198 3159 575 3248 crediderunt.
608 3192 673 3248 Et
701 3208 798 3261 per
822 3159 993 3264 ipsum
1026 3191 1262 3249 Verbum
1285 3192 1551 3247 visibilem
1581 3204 1635 3247 et
1656 3192 1771 3262 pal-

1821 3198 1840 3256 ι
1874 3170 2032 3228 initio
2048 3168 2192 3225 enim
2216 3167 2477 3221 assistens
2495 3164 2664 3219 Filius
2694 3180 2793 3219 suo
2819 3162 3092 3233 plasmati,
3110 3159 3311 3215 revelat
3330 3174 3445 3213 ante

203 3282 439 3351 pabilem
472 3282 695 3347 factum,
744 3282 906 3337 Pater
943 3281 1365 3348 ostendebatur,
1408 3282 1624 3337 etiamsi
1664 3296 1769 3336 non

205 3389 399 3431 omnes
424 3372 672 3427 similiter
701 3374 995 3428 credebant
1026 3374 1111 3439 ei;
1143 3372 1238 3428 sed
1283 3388 1475 3428 omnes
1520 3374 1775 3428 viderunt

205 3467 263 3521 in
292 3464 433 3520 Filio
464 3463 678 3520 Patrem
716 3479 730 3517 :
765 3462 1035 3519 invisibile
1071 3465 1271 3518 etenim
1301 3464 1423 3519 Filii
1460 3462 1642 3530 Pater,
1692 3464 1775 3518 vi-

201 3555 366 3611 sibile
394 3564 574 3609 autem
602 3554 780 3609 Patris
820 3554 1015 3609 Filius.
1051 3554 1120 3609 Et
1168 3566 1388 3623 propter
1438 3555 1539 3608 hoc
1584 3568 1776 3609 omnes

202 3648 485 3705 Christum
513 3648 876 3717 loquebantur
902 3656 1166 3716 praesente
1197 3663 1284 3711 eo,
1314 3656 1368 3700 et
1399 3647 1564 3701 Deum
1598 3648 1776 3701 nomi-

203 3737 438 3791 nabant.
458 3736 564 3791 Sed
589 3745 643 3790 et
660 3736 931 3790 darmones
960 3734 1205 3789 videntes
1230 3732 1450 3799 Filium,
1480 3732 1736 3787 dicebant
1760 3748 1775 3786 :

209 3843 232 3878 ι
269 3824 486 3879 Scimus
510 3834 559 3878 te
590 3824 678 3892 qui
714 3838 802 3886 es,
849 3833 1069 3877 sanctus
1120 3821 1211 3876 Dei
1247 3821 1291 3851 ’ί
1343 3835 1359 3874 :
1412 3840 1432 3874 ι
1469 3828 1528 3874 et
1570 3829 1784 3877 tentans

201 3911 478 3979 diabolus,
513 3913 704 3966 videns
751 3927 896 3977 eum,
926 3911 1143 3966 dicebat
1182 3928 1197 3964 :
1246 3927 1265 3962 ι
1302 3910 1361 3965 Si
1408 3921 1465 3964 tu
1524 3924 1585 3966 es
1612 3909 1785 3965 Filius

205 4005 308 4061 Dei
341 4005 385 4037 "
421 4022 435 4058 :
473 4022 493 4057 ι
518 4003 769 4059 omnibus
800 4004 1010 4073 quidem
1044 4002 1349 4057 videntibus
1366 4010 1419 4055 et
1444 4000 1789 4070 loquentibus

204 4095 409 4156 Filium
439 4106 495 4151 et
526 4094 768 4159 Patrem,
799 4110 903 4149 non
935 4102 1110 4147 autem
1136 4092 1389 4147 omnibus
1414 4091 1783 4147 credentibus.

285 4185 343 4242 7.
369 4183 663 4243 Oportebat
688 4186 832 4239 enim
855 4186 1137 4240 veritatem
1167 4184 1234 4238 ab
1259 4182 1512 4237 omnibus
1532 4182 1785 4251 accipere

210 4276 584 4334 testimonium
604 4315 619 4343 ,
653 4285 706 4330 et
737 4291 858 4331 esse
882 4275 1145 4345 judicium
1194 4274 1247 4327 in
1276 4271 1506 4329 salutem
1558 4271 1781 4342 quidem

205 4369 588 4434 credentium,
627 4368 680 4421 in
727 4367 1229 4422 condemnationem
1280 4373 1460 4419 autem
1500 4377 1608 4418 non
1658 4376 1782 4416 cre-

294 4535 338 4568 ίι
371 4532 535 4588 Marc.
584 4547 633 4596 ι,
666 4530 756 4586 24.
863 4533 908 4564 ³⁸
938 4529 1119 4584 Matth.
1162 4543 1235 4594 tv,
1260 4529 1313 4583 Ξ.
1385 4526 1430 4559 ³³
1457 4523 1589 4594 Cap.
1614 4520 1736 4578 XV.

290 4706 405 4780 (5i)
434 4705 804 4780 Emortui.
845 4704 996 4780 Legit
1024 4706 1301 4780 interpres
1312 4700 1683 4780 γινὼᾳκᾳνται.

298 4771 413 4845 (55)
439 4774 641 4845 Filium
674 4776 910 4828 reuelauit
942 4774 1119 4828 Pater.
1160 4771 1493 4845 ItagFetiartl.
1524 4772 1574 4823 itt
1614 4785 1785 4845 marg.

215 4839 461 4973 glarea].
496 4855 550 4899 et
584 4843 737 4899 Voss.
770 4845 957 4900 melius
985 4859 1145 4914 quam
1172 4843 1260 4897 alii
1292 4857 1306 4895 :
1341 4839 1515 4897 Filius
1544 4842 1789 4894 reuelauit

274 4932 461 4971 atram.

274 4932 461 4971 αιηηι.

294 4985 408 5054 (56)
436 4985 598 5039 Justi.
631 4984 840 5039 Mallem
868 4985 1053 5047 iustos.

294 5054 411 5118 (57)
447 5056 727 5108 Tenebras.
761 5057 848 5107 Al.
872 5055 1114 5117 tenebris.

322 5123 412 5195 58)
443 5124 712 5195 Recludet.
740 5122 1016 5177 Libentius
1042 5124 1268 5195 legerent
1302 5120 1559 5195 recludat.

259 5191 418 5320 me(59)
460 5193 526 5247 Id
568 5202 678 5259 est,
721 5197 784 5246 ab
830 5195 1068 5245 omnibus
1115 5191 1472 5258 conﬁrmetur.
1512 5191 1792 5245 Glossema

319 5278 355 5319 ι.

218 5278 355 5324 etet.

296 5332 415 5405 (60)
450 5332 694 5401 Singula.
726 5331 1105 5405 Dictum_puto
1135 5344 1230 5398 pro
1262 5328 1557 5405 singularia
1581 5371 1596 5394 ,
1648 5341 1799 5405 rem-

226 5400 353 5461 min
389 5400 701 5459 Latinorum
731 5417 903 5454 more.
936 5400 1143 5453 Sensus
1181 5402 1409 5465 proinde
1442 5402 1581 5459 erit,
1617 5403 1796 5468 singu-

226 5476 369 5528 laria
392 5473 778 5535 testi/icationis
806 5481 1117 5539 argumenta
1153 5470 1372 5539 profert.
1410 5468 1589 5535 Quare
1620 5471 1798 5522 minus

226 5543 509 5663 pronaum
557 5542 744 5596 Grabii
784 5537 1132 5609 conjectura,
1183 5537 1465 5607 legendum
1523 5542 1798 5593 censentis

227 5628 330 5663 stat
377 5630 427 5663 α.

227 5628 427 5666 ιιαυια.

279 5628 427 5749 θξὲἴ).
453 5680 901 5749 Signiﬁcantibus.
926 5677 1181 5749 _Arttnd.,
1227 5678 1557 5749 signantibus
1582 5720 1597 5742 ,
1631 5691 1793 5746 quam

230 5746 531 5807 lectioni-ni
552 5746 772 5804 secutus
800 5760 882 5803 est
914 5746 1170 5809 Grabius,
1200 5746 1324 5814 quia
1360 5746 1639 5813 legendum
1690 5763 1788 5815 pll-

232 5820 530 5893 tatsigilta.
566 5820 672 5875 Sed
727 5836 845 5875 cum
890 5834 951 5872 ea
987 5817 1278 5874 doctissimi
1330 5819 1429 5873 viri
1482 5820 1788 5887 conjectura

1875 3262 2033 3317 nibus
2045 3252 2486 3328 P‘atrem,quibus
2505 3256 2637 3321 vult,
2652 3264 2707 3311 et
2724 3256 2941 3325 quando
2957 3253 3095 3316 vult,
3116 3261 3170 3307 et
3185 3251 3445 3321 quemad-

1872 3354 2091 3410 modum
2116 3353 2229 3407 vult
2247 3351 2407 3405 Pater
2430 3366 2444 3405 :
2465 3358 2519 3405 et
2535 3351 2870 3420 proltterhoc
2896 3348 2951 3401 in
2978 3347 3255 3407 omnibus,
3275 3354 3327 3399 et
3345 3360 3444 3413 per

1871 3444 2055 3499 omnia
2083 3456 2221 3497 unus
2252 3440 2397 3494 Deus
2428 3438 2610 3503 Pater,
2650 3446 2706 3493 et
2756 3452 2923 3491 unum
2970 3435 3234 3498 Verbum,
3276 3434 3446 3489 Filius

1874 3532 2005 3606 (65),
2036 3542 2091 3588 et
2122 3548 2259 3587 unus
2289 3530 2549 3600 Spiritus,
2582 3537 2638 3586 et
2683 3544 2791 3584 una
2845 3529 2995 3585 salus
3029 3526 3139 3601 (66)
3189 3527 3445 3582 omnibus

1876 3624 2221 3679 credentibus
2258 3624 2307 3675 in
2335 3638 2478 3678 eum.

2434 3732 2663 3788 CAPUT
2698 3730 2786 3787 Vll
2824 3731 2891 3787 ”.

1882 3827 2140 3885 Exortum
2173 3830 2464 3882 oralionem
2490 3828 2687 3891 repetit,
2723 3836 2771 3879 et
2804 3825 3029 3879 ostendit
3064 3824 3332 3878 Abraham
3364 3840 3445 3877 rc-

1954 3900 2156 3953 velante
2204 3897 2365 3950 Verbo
2399 3898 2697 3965 cognouisse
2739 3893 2951 3948 Patrem
2979 3906 3024 3947 et
3053 3894 3177 3946 Filii
3210 3896 3445 3965 Deind-

1956 3978 2181 4025 eentum.
2232 3965 2369 4019 Hinc
2408 3963 2697 4019 essuttasse
2741 3966 2994 4018 videntem
3038 3965 3231 4016 Christi
3269 3963 3444 4027 diem,

1960 4052 2062 4106 quo
2095 4037 2351 4101 promissa
2383 4037 2482 4106 sibi
2522 4034 2667 4106 facta
2708 4034 3040 4106 adimplenda
3079 4046 3248 4085 erant.
3278 4033 3447 4106 Cujus

1958 4103 2168 4175 quidem
2218 4103 2586 4158 “saltationis
2628 4103 2833 4172 fructus
2884 4103 3261 4175 ad_posteros,
3319 4103 3448 4175 ﬁdei

1958 4168 2182 4228 Abrahm
2211 4186 2475 4227 consortes
2518 4168 2752 4226 manavit
2776 4211 2791 4234 ,
2827 4172 2898 4222 ad
2939 4168 3160 4225 ludit-aa
3188 4168 3445 4224 cerebri

1976 4244 2194 4297 Verbum
2224 4244 2516 4312 rejicierttes
2540 4258 2641 4295 non
2664 4241 2917 4309 pervenit.

1958 4360 2010 4415 i.
2046 4358 2113 4414 Et
2144 4356 2415 4412 Abraham
2448 4370 2577 4426 ergo
2603 4370 2632 4407 a
2652 4354 2826 4411 Verbo
2850 4366 3181 4423 cognoscens
3209 4356 3444 4416 Putrem,

1824 4684 1867 4740 D
1897 4700 2270 4778 parumiirma
2302 4697 2695 4779 sit,‘vu.lgatam
2728 4696 3034 4777 lectionem,
3069 4692 3450 4779 cuisuil'raga-

1898 4767 2178 4835 tttr'majur
2211 4766 2595 4835 exemplarium
2625 4782 2767 4835 pars.
2803 4769 3037 4820 retinere
3069 4766 3251 4817 malui.

1968 4834 2188 4909 (62)Et
2220 4834 2638 4909 dwmdniis._ltai
2664 4853 2758 4906 pro
2798 4848 2862 4909 et
2883 4837 2945 4888 ab
2976 4836 3203 4888 erroneis
3238 4834 3453 4904 rchSui

1895 4921 1957 4961 ex
1980 4906 2219 4961 Ῥεύπνιι.
2256 4923 2448 4973 marg”
2475 4907 2709 4961 Claram.
2743 4919 2794 4959 et
2829 4906 2980 4959 Voss.

1967 4976 2077 5047 (65)
2112 4976 2285 5029 Filius
2316 4978 2689 5030 administrans
2714 4975 2880 5047 Patri.
2917 4976 3038 5029 Ηίιέ
3067 4976 3118 5029 in
3149 4973 3369 5030 Dissert.
3396 4976 3451 5039 5,

1897 5057 1999 5100 art.
2024 5046 2077 5106 5’.
2114 5047 2139 5170 ξ
2174 5049 2262 5111 b9,
2296 5048 2560 5113 explieittn
2592 5046 2849 5112 reperies.

1972 5116 2081 5170 (64)
2150 5119 2391 5170 ncenerit.
2429 5116 2617 5170 Edilt.
2646 5116 2849 5170 incincrt

1994 5116 2081 5186 64)
2118 5116 2391 5181 Inceperit.
2415 5116 2617 5186 _l_'3dilt.,
2646 5116 2915 5186 inciperet.

1996 5182 2084 5257 6‘3)
2122 5189 2183 5240 Et
2222 5202 2381 5237 unum
2414 5184 2635 5257 Verbum
2660 5228 2671 5247 ,
2706 5182 2900 5257 Filius.
2932 5184 3006 5257 ita
3036 5198 3101 5257 es
3130 5185 3287 5239 codd.
3326 5184 3451 5236 (Ila-

1900 5254 2072 5320 roun,
2114 5257 2320 5309 Arund.
2361 5267 2413 5309 ct
2458 5254 2614 5308 Voss.
2657 5256 2891 5321 rcposui.
2930 5256 2985 5307 lu
3014 5254 3167 5308 eilitt.
3204 5256 3453 5307 OllllllllllS

1896 5341 2180 5447 ﬁerpcram
2210 5348 2219 5380 :
2252 5326 2315 5375 Et
2365 5342 2523 5378 unum
2570 5322 2792 5377 Verbum
2820 5364 2834 5383 ,
2880 5337 2927 5375 et
2981 5338 3114 5376 unus
3155 5323 3346 5377 Filius.
3383 5323 3456 5377 At

1951 5412 2059 5447 erc.
2086 5396 2119 5447 2
2140 5396 2413 5447 omittunt.
2445 5405 2492 5447 et
2522 5410 2680 5447 unum
2722 5392 2963 5447 Verbum.
2994 5394 3303 5447 habentuue
3325 5394 3456 5447 dun!

1951 5392 2059 5450 erc.
2086 5396 2119 5449 Ξ
2140 5396 2413 5461 omittunt,
2445 5405 2492 5449 et
2522 5410 2680 5447 unum
2722 5392 2963 5460 Verbum,
2994 5394 3303 5462 habentque
3325 5394 3457 5447 dunt-

1901 5476 2071 5528 taxat,
2102 5477 2145 5519 et
2178 5480 2308 5517 unus
2337 5464 2548 5526 Filius;
2578 5479 2674 5516 nec
2704 5464 2861 5516 male.

1969 5535 2080 5606 (66)
2114 5534 2181 5587 Et
2225 5550 2327 5606 una
2372 5536 2535 5606 salus.
2572 5533 2713 5587 Duas
2742 5545 2899 5585 voces
2921 5530 3100 5606 ,_ﬁdes
3135 5541 3214 5598 et,
3251 5547 3370 5600 qua:
3401 5532 3451 5585 in

1894 5602 2071 5658 editt.'
2094 5604 2301 5657 omnib.
2335 5605 2687 5672 pra-ligantur
2719 5610 2843 5653 ante
2882 5602 3055 5672 salus,
3096 5607 3326 5667 cxImnxi
3362 5618 3457 5653 :ttl-

1896 5677 2149 5728 ctoritate
2185 5670 2387 5728 veteris
2421 5670 2651 5726 Feitard.
2694 5674 2843 5737 cod.,
2874 5670 3111 5725 Claram.
3149 5681 3201 5723 et
3238 5672 3453 5740 Anglic.

1897 5744 2021 5812 quia
2054 5745 2120 5797 ad
2156 5744 2269 5799 haec
2296 5786 2311 5811 ,
2361 5744 2595 5797 omnibus
2644 5740 3007 5805 credentibus,
3050 5740 3318 5810 quadrare
3352 5758 3462 5797 non

1900 5822 2139 5882 possunt.
