4222 6320
786 372 886 432 991

1539 364 1597 424 S.
1632 357 1892 422 ῘΒΕΝᾹΖΙ
1924 358 2235 419 EPISCOPI
2271 352 2756 415 LCGDUNENSIS
2792 350 2880 407 ET
2920 346 3274 406 MABTYRIS

3927 341 4027 400 99%

786 495 879 564 qui
931 490 1060 546 fecit
1087 489 1282 546 caelum
1311 497 1366 542 et
1392 495 1632 556 terram,
1662 488 1808 543 hunc
1845 487 2010 541 Deum
2057 484 2357 540 coniiteba-
2385 491 2432 547 Α
2459 478 2662 548 ligione
2682 474 2981 532 extrahens
3013 487 3132 537 nos,
3166 479 3221 564 et
3249 484 3278 524 a
3313 467 3466 522 duris
3487 463 3599 537 (76)
3625 461 4025 564 -etninfruAc-too-

788 593 881 637 tur
913 581 1025 654 (67)
1060 597 1076 635 :
1104 589 1159 636 et
1183 580 1372 634 doctus
1407 580 1890 646 repraesentatione
1923 575 2059 646 (68),
2085 574 2228 644 quod
2266 574 2353 626 ln-

786 681 876 728 ter
901 672 1150 727 homines
1173 671 1336 725 homo
1369 667 1479 740 (69)
1513 668 1726 722 futurus
1750 676 1895 722 esset
1928 666 2097 722 Filius
2118 663 2237 732 Dei,
2261 680 2358 733 per

788 759 945 830 cuius
1002 764 1294 816 adventum
1345 773 1530 814 semen
1573 758 1693 827 ejus
1742 768 1861 813 crat
1904 757 2144 812 futurum
2199 754 2352 824 quasi

786 854 958 909 stellae
985 852 1133 916 cmli,
1163 850 1474 921 concupivit
1502 865 1624 906 eam
1654 849 1793 904 diem
1830 849 2035 913 videre,
2063 848 2137 902 uti
2167 855 2220 901 et
2244 847 2358 916 ipse

784 943 1245 1010 complecteretur
1275 941 1553 999 Christum
1588 960 1600 995 :
1638 949 1694 994 et
1726 956 1821 1009 per
1850 941 2102 1011 spiritum
2124 939 2358 1008 prophe-

786 1035 875 1089 tia:
895 1049 1014 1088 eam
1038 1034 1229 1090 videns
1261 1034 1576 1090 exsultavit.
1605 1034 1835 1105 Propter
1869 1035 2012 1103 quod
2044 1041 2101 1088 et
2133 1031 2355 1087 Simeon

786 1140 853 1180 ex
885 1128 1092 1181 semine
1121 1125 1238 1195 ejus
1275 1140 1332 1180 ro
1372 1126 1632 1196 implebat
1665 1126 2083 1196 gratulationem
2117 1125 2356 1194 patriar-

785 1216 921 1284 ειη,
958 1227 1012 1271 et
1035 1219 1291 1272 dicebat:
1323 1237 1341 1269 ι
1368 1215 1524 1273 Nunc
1552 1217 1782 1272 remittis
1806 1214 1916 1288 (70)
1941 1231 2155 1270 servum
2179 1225 2354 1279 tuum,

787 1304 1050 1374 Domine,
1086 1308 1138 1361 in
1180 1321 1346 1376 pare;
1380 1307 1633 1376 quoniam
1663 1307 1920 1361 viderunt
1947 1306 2091 1360 oculi
2128 1306 2232 1359 mei
2267 1321 2357 1360 sa-

787 1394 967 1452 lutare
1025 1408 1176 1452 tuum
1202 1439 1218 1463 ,
1270 1399 1416 1467 quod
1456 1399 1663 1467 parasti
1708 1396 1762 1450 in
1795 1397 1935 1451 facie
1967 1394 2077 1468 (7i)
2110 1394 2353 1450 omnium

781 1486 1102 1557 populorum
1135 1503 1150 1542 :
1185 1487 1364 1544 lumen
1393 1490 1456 1543 ad
1496 1489 1882 1544 revelationem
1933 1489 2177 1558 gentium
2217 1485 2352 1559 (72),

783 1586 841 1632 et
869 1575 1094 1646 gloriam
1123 1580 1308 1648 populi
1344 1579 1508 1634 Israel
1542 1580 1610 1635 ".
1647 1600 1665 1634 ι
1706 1579 1771 1634 Et
1804 1580 1981 1650 angeli
2011 1590 2195 1634 autem
2227 1593 2353 1648 gra-

784 1669 1110 1726 tulationem
1159 1687 1412 1743 magnam
1444 1672 1792 1742 vigilantibus
1839 1681 2001 1726 nocte
2046 1670 2356 1738 pastoribus

781 1760 1208 1818 enuntiaverun'.
1260 1764 1324 1816 ".
1371 1763 1474 1818 Sed
1521 1771 1576 1819 et
1608 1761 1774 1817 Maria
1807 1763 1886 1817 ait
1925 1777 1941 1816 :
1978 1780 1996 1813 ι
2046 1761 2354 1830 Magniﬂcat

783 1851 963 1906 anima
994 1869 1110 1908 mea
1149 1854 1437 1910 Dominum
1465 1896 1480 1919 .
1513 1864 1567 1909 et
1594 1856 1887 1912 exsultavit
1933 1854 2156 1926 spiritus
2204 1868 2356 1908 meus

783 1939 838 1994 in
878 1941 988 1998 Deo
1014 1944 1239 1999 salutari
1273 1960 1397 2000 meo
1428 1945 1474 1977 "
1507 1963 1520 1998 :
1558 1963 1577 1997 ι
1618 1946 1977 2000 descendente
2008 1944 2226 2014 quidem
2253 1959 2350 1999 ex.-

782 2029 1078 2088 snltatione
1114 2035 1339 2089 Abrahae
1369 2033 1422 2089 in
1450 2049 1540 2089 eos
1569 2036 1662 2105 qui
1697 2045 1940 2090 erantex
1973 2037 2182 2091 semine
2212 2035 2352 2104 ejus,

781 2123 1077 2192 vigilantes
1109 2125 1220 2197 (73)
1258 2135 1311 2181 et
1344 2127 1590 2182 videntes
1622 2126 1898 2181 Christum
1923 2167 1938 2191 ,
1981 2137 2037 2181 et
2069 2129 2355 2184 credentes

781 2211 868 2277 ei;
905 2213 1184 2283 reciproca
1223 2225 1403 2270 autem
1444 2231 1634 2270 rursus
1662 2227 1717 2270 et
1748 2217 2084 2287 regrediente
2114 2217 2356 2271 exsulta-

782 2302 932 2358 tione
961 2319 992 2359 a
1030 2305 1157 2360 ﬁliis
1186 2306 1237 2360 in
1271 2307 1568 2372 Abraham,
1610 2309 1700 2378 qui
1732 2318 1789 2363 et
1822 2309 2175 2377 concupierat
2205 2309 2347 2362 diem

783 2395 1050 2451 adventus
1075 2395 1283 2452 Christi
1315 2400 1518 2455 videre.
1565 2400 1708 2454 Bene
1739 2399 1906 2470 igitur
1947 2399 2208 2455 Dominus
2257 2415 2353 2455 no-

782 2495 897 2541 ster
934 2488 1308 2544 testiinonium
1337 2490 1599 2545 reddebat
1629 2491 1717 2556 ei,
1761 2491 1986 2545 dicens:
2022 2508 2040 2540 ι
2078 2491 2351 2545 Abraham

782 2589 944 2650 pater
974 2590 1158 2636 vester
1184 2583 1513 2647 exsultavit,
1544 2593 1600 2638 ut
1632 2586 1843 2640 videret
1877 2585 2019 2639 diem
2061 2598 2272 2647 meum,
2301 2592 2356 2639 et

780 2671 937 2733 vidit.
967 2681 1021 2725 et
1044 2673 1261 2743 gavisus
1287 2684 1372 2728 est
1395 2674 1464 2728 ".
1501 2694 1520 2726 ι

849 2760 906 2814 9..
952 2761 998 2794 ³⁸
1032 2761 1151 2817 Non
1201 2763 1346 2818 enim
1395 2773 1606 2818 tantum
1652 2774 1874 2835 pr0pter
1915 2763 2192 2820 Abraham
2240 2765 2354 2820 haec

783 2850 923 2906 dixit
953 2870 968 2906 :
997 2855 1089 2907 sed
1121 2861 1176 2907 et
1202 2865 1260 2908 ut
1286 2855 1616 2917 ostenderet.
1650 2856 1913 2926 quoniam
1945 2871 2137 2911 omnes
2165 2855 2256 2925 qui
2285 2856 2354 2910 ab

783 2945 939 2999 initio
968 2950 1247 3016 cognitum
1275 2947 1584 3002 habuerunt
1618 2948 1786 3002 Deum
1816 2945 1950 3019 (74),
1979 2957 2034 3002 et
2059 2948 2352 3002 adventum

783 3040 988 3096 Christi
1035 3042 1532 3111 prophelaverunt,
1590 3039 1971 3096 revelationem
2018 3047 2355 3109 acceperunt

2459 569 2538 622 sis
2558 565 2985 637 cogitationibus
3012 562 3349 617 transferens
3375 573 3495 626 nos,
3517 565 3575 613 et
3593 555 3828 613 similem
3854 554 4028 608 Abra-

2465 660 2548 713 hze
2597 657 2754 711 [idem
2803 657 2857 709 in
2906 653 3062 708 nobis
3093 651 3449 707 constituens.
3482 644 3947 714 Quemadmodum
3973 652 4030 696 et

2459 745 2658 802 Paulus
2689 745 3044 807 testificatur,
3078 742 3301 804 dicens,
3335 754 3434 793 nos
3475 752 3592 792 esse
3623 735 3767 790 ﬁlios
3799 732 4030 787 Abraba

2457 837 2754 893 secundum
2792 834 3206 891 similitudinem
3249 829 3411 894 ﬁdei,
3456 836 3511 883 et
3552 824 4028 897 repromissionem

2461 927 2801 982 hereditatis
2830 925 2898 980 ³⁸.

2529 1037 2582 1092 5.
2612 1035 2764 1092 Unus
2793 1036 2958 1106 igitur
2990 1044 3042 1091 et
3073 1035 3215 1090 idem
3243 1035 3404 1100 Deus,
3434 1032 3522 1103 qui
3549 1031 3831 1087 advocavit
3851 1030 4031 1085 Abra-

2459 1129 2611 1192 ham.
2633 1137 2689 1183 et
2720 1127 3195 1197 repromissionem
3224 1127 3274 1182 ei
3307 1127 3472 1180 dedit.
3508 1123 3606 1178 Hic
3628 1133 3712 1178 est
3740 1133 3923 1178 autem
3953 1121 4035 1176 fa-

2458 1219 2736 1282 bricator,
2772 1219 2866 1288 qui
2906 1228 2960 1272 et
2998 1233 3096 1288 per
3135 1216 3411 1273 Christum
3444 1221 3711 1286 praeparat
3740 1210 4032 1267 luminaria

2457 1305 2510 1361 in
2559 1307 2795 1372 mundo,
2841 1321 2934 1362 eos
2968 1307 3058 1378 qui
3101 1321 3164 1361 ex
3206 1307 3455 1377 gentibus
3499 1303 3747 1359 credunt.
3789 1321 3808 1355 ι
3855 1300 3971 1357 Vos
4006 1321 4032 1356 ι

2458 1407 2638 1454 autem
2661 1438 2677 1466 ,
2711 1399 2918 1468 inquit,
2956 1415 2975 1449 ι
3009 1399 3140 1455 estis
3167 1398 3350 1453 lumen
3379 1395 3562 1451 mundi
3597 1395 3663 1460 ",
3713 1412 3732 1446 ι
3770 1394 3876 1449 hoc
3906 1402 4036 1458 est,

2457 1489 2610 1558 quasi
2660 1489 2830 1545 stellze
2877 1488 3021 1544 cmli.
3065 1487 3216 1544 liunc
3257 1502 3390 1558 ergo
3433 1496 3583 1542 recte
3621 1486 3960 1542 ostendimus
3998 1498 4036 1538 ι

2457 1579 2676 1636 nemine
2705 1581 2984 1652 cognosci,
3019 1581 3124 1635 nisi
3152 1595 3182 1634 a
3213 1578 3386 1644 Filio,
3419 1587 3478 1632 et
3501 1579 3916 1647 quibuscunque
3941 1575 4036 1632 Fi-

2457 1673 2562 1727 lius
2605 1672 2942 1729 revelaverit.
2996 1671 3220 1728 Revelat
3280 1683 3460 1727 autem
3509 1671 3764 1727 omnibus
3810 1670 4038 1761 Pilius,

2459 1765 2661 1835 quibus
2693 1765 2820 1820 velit
2849 1766 3126 1835 cognosci,
3166 1763 3382 1819 Patrem
3418 1763 3564 1837 (77),
3608 1775 3663 1819 et
3700 1777 3876 1834 neque
3909 1764 4036 1820 sine

2457 1856 2598 1909 bona
2632 1855 2916 1910 voluntate
2943 1856 3154 1922 Patris,
3204 1871 3381 1926 neque
3407 1857 3524 1911 sine
3555 1855 4039 1910 administratione

2455 1942 2578 1998 Filii
2601 1951 2894 2013 cognoscet
2919 1945 3205 2013 quisquam
3233 1942 3425 1998 Deum.
3463 1942 3528 1996 Et
3561 1954 3781 2013 propter
3809 1943 3917 1997 hoc
3947 1943 4032 1997 di-

2456 2034 2615 2088 cebat
2639 2033 2915 2104 discipulis
2954 2033 3213 2088 Dominus
3240 2051 3254 2088 :
3287 2051 3306 2085 ι
3337 2035 3448 2105 Ego
3477 2049 3596 2088 sum
3627 2033 3712 2087 via
3737 2072 3754 2096 ,
3786 2033 3992 2088 veritas
4013 2071 4038 2097 ,

2457 2134 2513 2179 et
2545 2124 2678 2178 vita.
2706 2123 2770 2178 Et
2806 2140 2966 2180 nemo
3001 2125 3147 2180 venit
3182 2126 3248 2179 ad
3278 2124 3494 2180 Patrem
3515 2165 3530 2190 ,
3563 2125 3664 2179 nisi
3705 2140 3802 2193 per
3827 2140 3940 2180 me.
3973 2124 4034 2178 Si

2459 2220 2856 2291 cognovissetis
2881 2235 2966 2274 me
2995 2218 3136 2290 (78),
3168 2227 3226 2273 et
3265 2216 3487 2271 Patrem
3517 2215 3680 2287 236
3707 2228 3885 2269 meum
3921 2215 4030 2268 uti-

2458 2325 2564 2379 que
2593 2308 3022 2380 cognovissetis,
3064 2316 3120 2363 et
3165 2307 3363 2362 amodo
3404 2304 3733 2377 cognovistis
3773 2319 3938 2371 eum,
3977 2316 4034 2360 et

2455 2401 2672 2456 vidistis
2700 2401 2770 2458 ⁸⁸.
2815 2419 2835 2454 ι
2869 2398 2944 2453 Ex
2976 2400 3174 2470 quibus
3208 2397 3552 2453 manifestum
3591 2406 3676 2454 est
3699 2437 3714 2460 ,
3760 2397 4031 2467 quoniam

2456 2507 2554 2562 per
2577 2492 2793 2558 Filium,
2827 2491 2878 2545 id
2901 2501 2985 2545 est
3005 2505 3102 2559 per
3127 2488 3382 2555 Verbum,
3414 2490 3780 2560 cognoscitur.

2526 2583 2582 2638 ι.
2628 2583 2672 2614 ³⁸
2697 2582 2930 2653 Propter
2960 2583 3062 2638 hoc
3087 2581 3260 2638 Judaei
3291 2590 3640 2636 excesserunt
3670 2595 3700 2633 a
3733 2579 3868 2642 Deo,
3896 2577 4032 2632 Ver-

2455 2668 2584 2725 bum
2627 2670 2746 2741 ejus
2791 2670 2902 2742 (79)
2948 2687 3052 2726 non
3096 2671 3450 2742 recipientes,
3493 2671 3589 2726 sed
3634 2679 3892 2740 putantes
3936 2685 4036 2739 per

2456 2761 2695 2831 seipsum
2727 2760 2838 2834 (80)
2865 2761 3081 2817 Patrem
3119 2762 3238 2817 sine
3279 2762 3488 2826 Verbo,
3521 2761 3573 2815 id
3607 2770 3690 2815 est
3717 2762 3836 2816 sine
3861 2760 4030 2826 Filio,

2453 2866 2615 2922 posse
2667 2868 3034 2926 cognoscere;
3081 2854 3244 2908 Deum
3300 2855 3604 2909 nescientes
3649 2869 3773 2909 eum
3825 2855 3919 2924 qui
3976 2856 4030 2909 in

2458 2945 2626 3018 ﬁgura
2665 2947 2875 3003 locutus
2895 2957 2980 3004 est
3008 2949 3244 3004 humana
3277 2953 3342 3005 ad
3376 2950 3648 3005 Abraham
3682 2949 3816 3023 (81),
3839 2962 3896 3007 et
3923 2951 4029 3007 ite—

2455 3055 2577 3094 rum
2604 3040 2671 3095 ad
2711 3039 2973 3112 Moysem,
3013 3037 3278 3097 dicentem
3313 3060 3328 3098 :
3359 3062 3378 3096 ι
3419 3043 3619 3100 Videns
3645 3045 3752 3099 vidi
3783 3048 4031 3101 vexatio-

784 3131 853 3186 ab
886 3132 1002 3200 ipso
1029 3131 1186 3195 Filio,
1217 3132 1306 3200 qni
1337 3141 1389 3186 et
1418 3131 1470 3186 in
1505 3132 1817 3186 novissimis
1849 3132 2184 3200 temporibus
2215 3131 2350 3185 visi-
2382 3150 2422 3208 ο
2458 3146 2580 3186 nem
2611 3133 2791 3201 populi
2825 3134 2926 3187 mei
2975 3134 3026 3187 in
3075 3131 3314 3204 Egypto
3335 3177 3349 3201 ,
3389 3142 3442 3189 et
3483 3137 3736 3191 descendi
3790 3137 4030 3192 liberare

781 3221 910 3275 bilis
939 3230 994 3275 et
1027 3222 1300 3292 passibilis
1333 3221 1510 3276 factus
1537 3231 1642 3286 est,
1670 3231 1723 3277 et
1749 3238 1870 3276 cum
1897 3223 2133 3277 humano
2158 3235 2356 3292 genere

780 3310 993 3366 locutus
1019 3322 1121 3379 est,
1154 3314 1230 3367 uti
1259 3330 1324 3368 ex
1351 3313 1616 3382 lapidibus
1641 3315 1910 3369 excitaret
1937 3313 2075 3368 (ilios
2098 3314 2353 3374 Abrahae,

782 3412 838 3455 et
886 3403 1208 3475 adimpleret
1256 3405 1763 3474 repromissionetn,
1816 3421 1974 3474 quam
2024 3405 2355 3475 promiserat

783 3493 859 3550 illi
884 3493 1049 3560 Deus,
1078 3505 1132 3551 et
1161 3494 1360 3550 faceret
1390 3495 1500 3567 (75)
1525 3511 1712 3550 semen
1739 3495 1857 3564 ejus
1883 3506 2136 3563 tanquam
2171 3495 2354 3550 stellas

783 3585 942 3648 cteli,
977 3587 1433 3655 quemadmodum
1469 3587 1544 3639 ait
1578 3583 1816 3639 Joannes
1849 3585 2088 3654 Baptista
2126 3599 2141 3638 :
2173 3602 2193 3636 ς
2247 3584 2352 3638 Po-

787 3689 904 3735 tens
937 3691 1023 3735 est
1051 3680 1194 3733 enim
1224 3681 1361 3733 Dens
1385 3695 1447 3732 ex
1477 3676 1744 3745 lapidibus
1772 3677 1888 3730 istis
1919 3678 2187 3731 suscitare
2211 3677 2352 3733 iilios

781 3770 1014 3824 Abrahae
1035 3772 1102 3822 ³⁸.
1140 3788 1162 3824 ι
1195 3769 1307 3824 Hoc
1339 3779 1520 3823 autem
1555 3767 1683 3823 fecit
1711 3766 1890 3830 Iesus,
1924 3783 1952 3821 a
1983 3767 2219 3836 lapidum
2259 3784 2350 3824 re-

2459 3237 2555 3278 eos
2586 3223 2651 3278 “.
2691 3243 2711 3276 ι
2748 3224 2872 3280 llaec
2893 3226 3036 3278 enim
3069 3224 3179 3296 (82)
3201 3225 3389 3291 Filius,
3418 3228 3508 3296 qui
3537 3239 3620 3282 est
3643 3229 3882 3284 Verbum
3910 3229 4029 3294 Dei,

2461 3319 2529 3374 ab
2565 3317 2721 3373 initio
2747 3320 3105 3389 praestruebat
3138 3319 3270 3392 (83),
3303 3336 3408 3374 non
3434 3322 3706 3392 indigente
3737 3325 3898 3379 Patre
3930 3340 4027 3379 sn-

2458 3407 2612 3478 gelis,
2649 3409 2726 3463 uti
2759 3409 2965 3464 faceret
3012 3411 3376 3464 cond-itionem
3400 3450 3415 3475 ,
3449 3420 3504 3465 et
3539 3413 3804 3467 lormaret
3848 3415 4022 3468 bomi-

2459 3516 2605 3566 nem,
2641 3510 2861 3571 propter
2893 3516 3053 3571 quem
3085 3511 3140 3557 et
3168 3502 3409 3556 conditio
3449 3501 3613 3555 (lebat
3642 3517 3657 3555 :
3697 3517 3875 3573 neque
3903 3520 4025 3560 rur-

2456 3608 2552 3648 sus
2586 3593 2859 3663 indigente
2899 3593 3201 3647 ministerio
3232 3594 3298 3646 ad
3337 3593 3751 3648 fabricationem
3800 3608 4025 3660 eorum,

2458 3698 2579 3752 quae
2618 3681 2764 3736 facta
2798 3693 2964 3750 sunt,
3011 3685 3076 3739 ad
3105 3685 3514 3752 dispositionem
3558 3699 3744 3740 eorum
3780 3691 4026 3758 negmio-

2459 3788 2580 3828 rum
2601 3814 2616 3840 ,
2644 3790 2764 3844 quae
2795 3778 3095 3832 secundum
3140 3777 3413 3832 hominem
3450 3784 3637 3842 erant;
3669 3779 3761 3834 sed
3793 3780 4026 3838 habente

855 3914 901 3946 “
916 3911 1050 3966 Luc.
1073 3927 1132 3974 ll,
1156 3911 1226 3966 29
1261 3927 1412 3981 seqq.
1489 3913 1533 3946 "
1561 3910 1720 3981 Ibid..
1749 3907 1781 3963 8
1802 3923 1980 3981 seqq.)
2033 3910 2077 3941 ’°
2111 3909 2246 3963 Luc.
2286 3927 2324 3975 ι,
2355 3911 2446 3965 16.

2355 3911 2446 3965 16.
2523 3912 2565 3943 ’⁷
2594 3909 2752 3970 Joan.
2783 3927 2908 3979 vui,
2952 3911 3042 3966 56.
3119 3913 3163 3942 ³⁸
3196 3911 3325 3979 Cap.
3349 3908 3488 3981 XVI.
3550 3913 3594 3944 ²⁹
3621 3911 3810 3968 Matth.
3852 3930 3932 3968 ιιι.
3972 3916 4020 3972 9.

782 3983 827 4052 f9
854 3981 1008 4052 Rom.
1066 3997 1136 4047 IV,
1184 3982 1252 4035 12
1329 3978 1507 4052 seqq;
1556 3997 1632 4046 ix,
1702 3979 1756 4039 8.
1797 3990 1852 4034 et
1889 3978 2006 4033 Gal.
2045 3996 2120 4045 tv,
2173 3981 2264 4036 28.
2339 3981 2380 4012 “
2415 3981 2602 4038 Matth.
2660 3999 2727 4048 v,
2799 3978 2904 4039 is.
2959 3981 3188 4037 “Joan.
3243 3978 3368 4046 xiv,
3403 3979 3454 4047 6,
3485 3984 3536 4038 7.

782 4048 828 4084 “
854 4051 1024 4106 Exod.
1050 4067 1130 4117 ιιι,
1166 4053 1217 4116 7,
1241 4052 1296 4106 8.

3617 3983 3660 4013 ³³
3691 3986 3828 4054 Cap.
3861 3984 4021 4041 XV“.

853 4171 961 4264 (6.7.)
993 4171 1144 4264 Quae
1170 4172 1731 4264 ερωυυΙίεοηινὶι«ιε-Ιψιιὶιέιξ.
1765 4172 1958 4264 Verbis
1978 4187 2139 4242 supra
2167 4173 2218 4228 in
2246 4175 2352 4228 line
2380 4205 2428 4264 θ
2456 4174 2520 4228 ad

1373 4173 1731 4264 conﬁtentith
1765 4172 1958 4264 Verbis
1978 4187 2139 4242 supra
2167 4173 2218 4228 in
2246 4175 2352 4228 line
2380 4205 2428 4264 θ
2456 4173 2778 4264 adiumnti,
2805 4173 2836 4226 8
2867 4181 2925 4264 et

781 4244 977 4310 capitis
1002 4243 1055 4305 5,
1084 4261 1137 4298 ιι.
1168 4242 1220 4305 5,
1253 4258 1319 4295 ex
1347 4243 1480 4297 Gen.
1509 4257 1616 4307 xtv,
1643 4243 1732 4308 22,
1759 4245 1960 4297 citatis.

855 4311 966 4383 (68)
1003 4311 1069 4367 Et
1099 4313 1285 4366 doctus
1318 4313 1794 4383 repra'seutatione.
1836 4313 1907 4365 De
1939 4313 2098 4366 trimn
2130 4312 2344 4366 illorum

783 4381 1123 4451 apparitione
1176 4383 1453 4450 loquitur,
1510 4382 1585 4434 ait
1633 4381 2064 4446 Feuardcntius,
2118 4398 2347 4449 quorum

783 4467 950 4506 unum
983 4453 1176 4507 Filium
1213 4451 1304 4506 Dei
1334 4451 1524 4513 fuisse,
1557 4467 1717 4520 quem
1759 4453 2006 4505 adorarit
2028 4492 2042 4513 ,
2075 4463 2127 4506 et
2161 4452 2345 4516 Domi-

783 4536 912 4590 num
951 4521 1115 4575 Deum
1147 4537 1301 4575 suum
1338 4523 1573 4587 vocarit,
1606 4537 1799 4590 magna
1832 4521 2125 4575 concordia
2162 4522 2348 4580 dicunt

782 4589 1026 4660 Justinus
1059 4591 1128 4644 M.
1162 4591 1214 4644 in
1251 4591 1475 4660 Dialogo
1499 4609 1517 4655 ;
1545 4589 1910 4646 Tertullianus
1939 4591 2033 4643 lilt.
2083 4591 2156 4645 De
2193 4608 2348 4644 came

785 4659 1007 4725 Christi,
1041 4671 1093 4714 et
1122 4661 1216 4715 lib.
1251 4676 1307 4714 ιιι
1336 4659 1518 4714 contra
1560 4660 1823 4715 Marcion.
1855 4678 1874 4725 ;
1908 4660 2168 4715 Eusebius
2208 4662 2300 4714 lib.
2332 4676 2348 4714 ι

785 4727 951 4799 litat"
983 4745 1102 4799 cap.
1154 4731 1219 4796 1,
1267 4731 1590 4784 Athanasius
1626 4731 1855 4785 scrnt.'5
1883 4742 2063 4784 contra
2090 4733 2346 4794 Arianos;

787 4798 1028 4854 Hilarius
1053 4798 1171 4855 'lib.
1204 4817 1255 4853 Iv
1285 4801 1358 4852 lle
1391 4799 1620 4864 Triuit.;
1673 4802 1906 4870 Cyr-illus
1947 4799 2211 4856 Hierosol.
2253 4816 2346 4854 ca-

785 4872 932 4924 leL'Il.
975 4870 1031 4924 H
1088 4883 1144 4925 et
1190 4870 1286 4935 19.;
1332 4871 1644 4923 Ambrosias
1697 4872 1790 4925 lib.
1850 4888 1884 4925 ιι
1937 4870 2011 4922 De
2059 4871 2345 4932 Abraham,

786 4942 1029 5064 ﬁt???”
1082 4941 1414 5012 Augustinus
1471 4939 1562 4995 lib.
1613 4956 1651 4995 ιι
1701 4942 1777 4993 De
1833 4939 2052 5003 Triuit.,
2098 4957 2219 5010 cap.
2280 4942 2342 4994 11

785 5017 841 5061 et
874 5015 955 5064 12.

866 5080 977 5151 (69)
1005 5079 1197 5151 ﬂama.
1230 5081 1392 5151 Deest
1423 5079 1474 5131 in
1505 5077 1728 5151 Mere_._‘2
1755 5088 1806 5132 et
1839 5078 1994 5151 Voss.

882 5148 968 5204 70)
1004 5149 1262 5203 Remittis.
1299 5150 1534 5204 Claram.
1567 5158 1618 5199 ut
1647 5148 1796 5203 Voss.
1825 5150 2064 5203 dimittis.

882 5151 947 5202 70
1004 5151 1262 5203 Remittis.
1299 5151 1534 5204 Claram.
1567 5158 1618 5199 ut
1647 5151 1796 5203 Voss.
1825 5151 2064 5203 dimittis.

858 5151 969 5295 (71)
1008 5218 1224 5295 Parasti
1255 5221 1307 5295 in
1356 5217 1509 5295 (acie.
1560 5217 1649 5272 Sic
1696 5217 1949 5295 Feuard._
1981 5233 2179 5295 ιιιιιιέ.2
2226 5217 2348 5274 Cla-

788 5285 906 5347 ront
951 5285 1006 5344 et
1033 5291 1239 5359 Aruntl.
1280 5289 1333 5342 In
1370 5285 1523 5340 Voss.
1547 5329 1561 5347 .
1593 5289 1794 5359 parasti
1826 5289 1892 5359 ad
1920 5289 2133 5359 facient.
2160 5291 2216 5344 lu
2245 5308 2346 5345 ca:-

793 5363 925 5416 teris
951 5375 1075 5413 cum
1103 5358 1355 5428 Vulgata,
1385 5361 1583 5426 parasti
1608 5367 1729 5410 ante
1760 5357 1967 5426 facient.

862 5429 971 5502 (72)
1002 5428 1081 5480 Ad
1107 5429 1844 5502 reuelationem_gentiam._lta
1880 5443 1943 5482 ex
1973 5437 2080 5484 vet.
2110 5429 2342 5485 Feuard.

790 5495 914 5556 eod.
955 5495 1270 5552 'etnendavi.
1300 5498 1492 5552 Casteri
1537 5512 1724 5550 (tttlllQS
1759 5495 2014 5565 'eorrnpte
2037 5540 2051 5564 ,
2086 5511 2140 5554 et
2189 5515 2342 5553 sacro

791 5579 943 5625 textu
979 5579 1336 5634 repugnante.
1365 5568 1433 5618 ad
1463 5566 1846 5633 reuelationem,
1881 5568 1963 5620 vel
1991 5571 2043 5622 in
2067 5571 2343 5623 revelatio-

786 5645 930 5692 nem.
967 5638 1136 5689 autin
1178 5637 1488 5691 'erelatioue
1513 5634 1804 5691 oculorum.
1843 5636 1952 5690 Vox
1997 5645 2137 5692 enim
2165 5639 2344 5692 oculo-

792 5715 931 5775 rtmt.
961 5707 1260 5775 scribarum
1292 5705 1531 5775 sphala'a
1555 5715 1658 5765 est.
1686 5721 1781 5772 pro
1807 5709 2136 5770 populorum.

862 5772 974 5845 (73)
1015 5772 1336 5845 Vigilantss.
1372 5778 1480 5844 AL,
1526 5776 1844 5845 erigihnaes.
1886 5775 2126 5849 Respicit
2161 5786 2347 5835 auctor

2527 4244 2638 4314 (74)
2676 4241 2864 4314 pertiti.
2894 4239 3359 4314 .’\lii,__l_)_trmimu_n.

2521 4311 2630 4383 (75)
2669 4313 2729 4383 Et
2758 4312 2974 4383 faceret.
3009 4311 3170 4383 Editi,
3201 4321 3256 4362 ut
3291 4311 3506 4378 flecteret.

2525 4381 2735 4455 (76)_Et
2762 4395 2792 4433 a
2822 4381 3247 4455 duris._Feuard.
3279 4396 3342 4433 ex
3377 4383 3644 4455 v_et._co_d.
3669 4385 3759 4437 cui
3793 4400 4018 4441 consen-

2454 4450 2590 4507 tiunt
2619 4450 2782 4504 Voss.
2809 4461 2861 4504 et
2889 4450 3079 4514 Grab.,
3107 4459 3153 4502 et
3185 4467 3216 4501 a
3249 4451 3443 4503 nostris
3473 4452 3644 4506 duris.

2521 4523 2634 4605 (77)
2664 4520 2938 4591 Cognosci,
2978 4518 3317 4605 Patr-eandm
3342 4520 3584 4605 Cist-oin;
3620 4522 3816 4605 melius
3855 4537 4016 4593 quam

2450 4589 2632 4649 ca‘teri
2659 4589 2864 4659 omnes,
2893 4593 3126 4659 agnosci,
3156 4589 3237 4642 vel
3269 4593 3507 4657 cognosci
3543 4589 3723 4645 Pater.

2525 4661 2635 4734 (78)
2679 4658 2737 4734 Si
2781 4658 3142 4734 cognovissetis
3175 4676 3289 4724 me,
3329 4669 3437 4713 etc.
3477 4660 3631 4714 Erus.
3671 4674 3728 4734 et
3765 4661 3934 4720 Gall..
3978 4664 4020 4715 si

2451 4727 2761 4803 cognouisti;
2803 4746 2900 4803 me.
2934 4742 2979 4783 et
3011 4727 3222 4782 Patrem
3252 4746 3421 4782 meum
3454 4732 3790 4800 cognoscitis,
3974 4743 4021 4786 et

2451 4800 2698 4866 vidistis,
2744 4800 2946 4854 omisso
2976 4817 3112 4872 eam.
3158 4803 3328 4866 Quam
3375 4816 3562 4872 vocem
3593 4803 3754 4856 omisi
3804 4813 3860 4856 et
3908 4803 4020 4872 ipse

2451 4889 2577 4928 cum
2623 4872 2814 4925 iisdem
2850 4880 2919 4941 et
2967 4871 3207 4924 Clarom.
3265 4885 3328 4941 ac
3379 4869 3546 4924 Mere.
3589 4873 3656 4937 2,
3688 4874 3816 4940 quia
3854 4869 4019 4941 supra

2450 4944 2547 4996 lib.
2584 4958 2667 5002 ιιι.
2695 4955 2812 5007 cap.
2839 4939 2930 5003 15,
2963 4956 3108 4992 ιιιιιιι.
3137 4943 3191 5000 2.
3219 4939 3488 4994 omittitur
3519 4941 3568 4993 in
3597 4939 3856 4995 omnibus
3890 4939 4016 4997 niss.

2438 5012 2630 5065 Addidi
2660 5025 2875 5081 veroex
2906 5011 3143 5064 Clarom.
3171 5012 3369 5079 utique,
3389 5019 3507 5080 post
3534 5027 3740 5074 meum;
3766 5027 3894 5081 qua:
3919 5027 4018 5068 vox

2450 5081 2645 5151 iegilur
2675 5080 2726 5151 in
2765 5079 3013 5150 Vulgata.

2525 5149 2634 5222 (79)
2665 5148 2818 5222 Ejus.
2849 5147 3037 5222 Edim,
3066 5147 3178 5222 Dei.

2522 5218 2632 5287 (80)
2664 5218 2769 5272 Per
2806 5221 3056 5284 seipsum.
3098 5219 3411 5274 Graecorum
3453 5235 3602 5275 more
3631 5235 3730 5290 pro
3873 5237 4017 5277 seor-

2450 5291 2569 5352 sim,
2599 5307 2718 5354 sepa
2729 5292 2905 5342 ratim.

2521 5359 2630 5430 (81)
2663 5360 2742 5412 Ad
2768 5360 3052 5412 Abraham.
3087 5357 3380 5427 Perperam
3415 5362 3618 5414 addunt
3648 5362 3807 5416 editt.
3837 5372 3891 5417 et
3921 5365 4014 5416 Aa-

2450 5447 2570 5492 ron,
2601 5434 2740 5497 quod
2765 5429 2999 5496 expunxi
3021 5430 3343 5484 auctoritate
3368 5436 3566 5485 veteris
3592 5431 3832 5486 Feuard.
3869 5437 4008 5496 cod.,

2449 5501 2682 5554 Claram.
2716 5512 2769 5553 et
2796 5497 2946 5552 Voss.

2452 5569 2638 5691 h_(82)
2670 5568 2794 5623 ch
2823 5571 2982 5624 enim.
3030 5569 3214 5636 Eras.,
3259 5569 3398 5628 Gali.
3450 5580 3501 5626 et
3543 5571 3779 5628 Feuard.
3841 5573 4007 5635 male,

2489 5658 2534 5691 lC
2557 5655 2710 5691 emat.

2489 5658 2534 5693 lC
2557 5655 2710 5692 emat.

2527 5710 2639 5785 (85)
2686 5708 3058 5785 Pra‘atruebat.
3108 5708 3342 5785 Fenard.
3378 5711 3428 5768 in
3467 5729 3640 5785 marg.
3669 5753 3683 5780 ,
3733 5715 4003 5776 Ciaromn

2456 5781 2660 5837 Arund.
2695 5790 2746 5835 et
2773 5779 2949 5848 Voss.,
2976 5780 3320 5849 perstruebat.
