4222 6320
324 382 428 443 997

1452 382 1731 441 CONTRA
1761 384 2114 442 HERESES
2153 385 2283 442 LIB.
2320 384 2409 440 IV.

3464 390 3570 449 098

329 511 525 558 terrte:
559 503 789 559 virtutes
828 500 949 568 eius
990 501 1044 557 in
1073 501 1270 557 insulis
1308 505 1632 560 annuntiant
1658 506 1727 561 ".
1771 526 1790 561 ι
1826 506 1895 561 Ει
1920 512 1967 569 Δ
1995 506 2063 561 de
2098 506 2231 580 (l6),
2282 508 2537 577 quoniam
2568 507 2669 578 ipsi
2698 508 2865 563 Deum
2905 508 3165 565 videbunt
3188 511 3231 543 θ’
3267 510 3354 583 ›);
3394 525 3572 580 neque

324 586 592 645 Jeremias
627 590 742 645 ait:
776 608 798 647 ι
832 588 975 646 Ecce
1005 590 1315 660 disponam.
1348 610 1369 645 ι
1422 593 1618 662 inquit,
1676 610 1696 645 ι
1734 602 1896 650 testa-

327 689 569 735 mentum
607 696 825 747 novum,
862 697 967 737 non
1012 685 1471 752 quemadmodum
1505 684 1744 751 disposui
1802 704 1897 757 pa-

326 774 504 833 trihus
527 774 726 829 vestris
752 775 800 807 “
838 794 858 827 ι
907 776 960 831 i-n
1009 785 1195 832 monte
1234 775 1399 833 Oreb.
1440 776 1679 848 Utraque
1712 791 1887 835 autem

323 875 649 922 testamenta
690 882 831 923 unus
876 877 930 922 et
981 869 1122 924 idem
1178 869 1569 940 paterfamilias
1606 874 1890 944 produxit,

320 952 563 1012 Verbum
601 957 713 1025 Dei,
769 956 1031 1017 Dominus
1058 970 1249 1015 noster
1272 958 1429 1015 Jesus
1476 962 1752 1025 Christus,
1798 962 1891 1033 qui

321 1058 382 1102 et
410 1048 663 1110 Abrahae,
714 1059 769 1103 et
798 1049 967 1123 Moysi
998 1049 1304 1105 collocutus
1349 1062 1457 1117 est,
1502 1061 1558 1108 et
1595 1053 1749 1109 nobis
1779 1051 1889 1125 (l5)

321 1142 380 1196 in
432 1144 673 1198 novitate
725 1143 965 1199 restituit
1016 1144 1344 1218 libertatem.
1407 1154 1461 1202 et
1509 1146 1892 1217 multiplicarit

319 1249 465 1300 eam,
494 1250 615 1304 qua:
640 1234 707 1288 ab
740 1234 859 1303 ipso
888 1243 995 1299 est,
1024 1234 1281 1306 gratiam.

392 1328 450 1384 Ξ.
480 1327 525 1361 ⁸⁷
560 1346 580 1379 ι
611 1327 738 1383 Plus
763 1337 847 1384 est
867 1328 1036 1393 enim,
1070 1346 1091 1381 ι
1130 1328 1333 1398 inquit,
1364 1346 1385 1380 ι
1423 1330 1624 1401 templo
1653 1331 1742 1386 hic
1761 1331 1828 1389 ⁵³.
1865 1349 1884 1383 ι

318 1416 453 1473 Plus
484 1427 667 1473 autem
697 1427 753 1474 et
780 1420 961 1475 minus
992 1434 1100 1475 non
1134 1420 1187 1474 in
1218 1420 1305 1475 his
1334 1421 1558 1489 dicitur,
1594 1438 1718 1492 qua
1747 1423 1889 1477 inter

318 1525 384 1567 se
415 1512 851 1569 communionem
902 1527 1011 1568 non
1062 1513 1291 1579 habent,
1330 1524 1386 1569 et
1433 1525 1562 1569 sunt
1598 1515 1886 1570 contraria:

318 1612 552 1670 natura,
598 1610 655 1658 et
699 1610 944 1675 pugnant
986 1603 1275 1659 adversum
1302 1620 1399 1671 se;
1432 1605 1530 1660 sed
1566 1605 1620 1659 in
1653 1605 1737 1661 his
1766 1621 1886 1673 qua:

315 1694 560 1761 ejusdem
604 1702 733 1749 sunt
774 1693 1114 1760 substantiae,
1158 1706 1213 1750 et
1250 1697 1884 1763 eommunicantsecnm,

316 1784 493 1839 solum
523 1793 708 1839 autem
744 1783 1087 1839 multitudine
1117 1783 1253 1857 (li),
1300 1794 1356 1842 et
1385 1787 1760 1857 magnitudine
1783 1788 1887 1843 dif-—

314 1875 503 1931 terunt
531 1894 545 1931 :
573 1874 1027 1945 quemadmodum
1061 1849 1301 1945 aqua-ab
1328 1849 1684 1950 aqua:238
1711 1890 1765 1935 et
1799 1881 1883 1936 lu-
1912 1849 1955 1906 Β

315 1979 440 2019 men
470 1979 501 2018 a
531 1964 763 2030 lumine,
790 1978 846 2020 et
878 1963 1049 2035 gratia
1082 1979 1111 2018 a
1144 1966 1344 2035 gratia.
1390 1967 1559 2038 Major
1592 1979 1674 2023 est
1719 1970 1882 2039 igitur

313 2056 602 2124 iegisdatio
628 2070 749 2125 quae
772 2056 825 2111 in
858 2055 1191 2120 libertatem,
1215 2073 1378 2128 quam
1407 2073 1529 2128 qua:
1562 2058 1686 2115 data
1712 2074 1795 2117 est
1827 2063 1880 2120 in

310 2148 677 2202 servitutem:
724 2154 779 2201 et
824 2145 947 2201 ideo
987 2162 1094 2201 non
1136 2146 1189 2201 in
1225 2162 1385 2217 uuam
1412 2157 1649 2218 gentem,
1681 2150 1777 2205 sed
1824 2153 1880 2208 in

312 2243 487 2291 totum
538 2235 796 2290 mundum
842 2233 1038 2290 diﬂusa
1085 2246 1190 2290 est.
1238 2232 1389 2291 Unus
1426 2248 1608 2293 autem
1648 2248 1705 2295 et
1739 2241 1879 2296 idem

311 2326 608 2387 Dominus,
662 2326 753 2397 qui
808 2326 927 2397 plus
980 2341 1143 2396 quam
1200 2328 1459 2399 templum
1498 2340 1619 2393 est,
1660 2340 1717 2386 et
1761 2332 1881 2399 plus

309 2431 473 2489 quam
505 2415 784 2485 Salomon,
816 2427 872 2474 et
901 2418 1023 2489 plus
1051 2434 1214 2489 quam
1252 2418 1418 2476 Jonas
1442 2422 1607 2477 donat
1639 2422 1879 2479 homini-

311 2507 447 2575 bus,
487 2507 538 2562 id
566 2516 682 2572 est,
714 2524 864 2563 suam
896 2510 1239 2577 praesentiam
1270 2519 1323 2565 et
1356 2515 1816 2570 resurrectionem
1848 2529 1879 2570 ξι

313 2602 544 2656 mortuis
569 2619 583 2654 :
612 2600 707 2657 sed
734 2615 842 2655 non
873 2601 1040 2657 Deum
1069 2601 1391 2669 immutans,
1422 2619 1523 2659 nec
1553 2603 1717 2659 alium
1753 2622 1883 2677 pne-

310 2694 504 2747 rlicans
536 2690 774 2757 Patrem,
824 2691 919 2747 sed
966 2692 1218 2747 eumdem
1271 2694 1472 2760 ipsum,
1518 2694 1610 2763 qui
1667 2710 1882 2765 semper

310 2783 478 2839 habet
498 2785 651 2854 plura
680 2784 855 2839 metiri
885 2784 1238 2850 domesticis;
1270 2795 1321 2842 et
1351 2787 1668 2858 proliciente
1691 2803 1879 2843 eorum

309 2890 439 2945 erga
490 2874 658 2931 Deum
708 2875 1046 2943 dilectione,
1098 2876 1254 2945 plura
1303 2886 1358 2932 et
1401 2876 1605 2946 majora
1647 2880 1877 2943 donans,

309 2966 765 3037 quemadmodum
822 2979 879 3023 et
943 2966 1208 3023 Dominus
1267 2967 1547 3039 discipulis
1616 2970 1875 3026 dicebat:

313 3078 332 3110 ι
370 3059 635 3126 Quoniam
660 3070 718 3114 et
747 3057 954 3127 majora
991 3060 1183 3115 horum
1210 3059 1463 3116 videbitis
1490 3062 1559 3114 ".
1593 3078 1612 3113 ι
1647 3061 1715 3116 Ει
1742 3060 1881 3115 Pau-

307 3151 396 3205 lus
424 3150 540 3205 ait:
580 3168 599 3203 ι
643 3149 759 3205 Non
805 3150 951 3220 quod
990 3149 1105 3218 jam
1148 3150 1496 3220 acceperim,
1541 3158 1635 3204 aut
1674 3150 1877 3218 justili-
1906 3180 1948 3234 ρ

308 3253 467 3298 catus
494 3240 604 3316 (Ιὸ)
634 3241 759 3311 sim,
790 3252 884 3297 aut
921 3242 1033 3313 jam
1067 3242 1340 3314 perfectus
1367 3243 1469 3297 sim
1498 3242 1562 3295 ⁸⁸.
1614 3242 1688 3297 lix
1727 3253 1880 3313 parte

308 3337 457 3389 enim
475 3335 701 3399 scimus,
734 3344 790 3391 et
814 3350 880 3390 ex
911 3346 1068 3406 parte
1098 3333 1505 3405 prophetamus.
1539 3332 1672 3388 Cum
1693 3346 1876 3391 autem

306 3428 524 3481 venerit
558 3428 702 3496 quod
752 3426 1052 3498 perlectum
1106 3438 1222 3495 est,
1270 3440 1391 3497 qua:
1442 3435 1569 3481 sunt
1611 3442 1677 3481 ex
1724 3436 1879 3497 parte

300 3522 661 3573 destruantur
685 3517 753 3579 “.
798 3537 817 3570 ι
848 3518 1004 3574 Sicut
1033 3517 1217 3586 igitur,
1253 3516 1577 3573 adveniente
1612 3517 1877 3587 perfecto,

304 3627 415 3665 non
472 3610 702 3664 alterum
748 3608 967 3665 Patrem
1014 3608 1365 3675 videbimus,
1415 3609 1509 3663 sed
1548 3610 1691 3663 hunc
1716 3624 1875 3678 quem

305 3717 453 3753 nunc
489 3701 671 3755 videre
700 3702 1056 3771 concupimus
1084 3700 1131 3771 (ι
1172 3700 1320 3754 Beati
1354 3700 1495 3755 enim
1533 3700 1715 3754 mundi
1750 3716 1874 3755 cor-

377 3816 423 3848 "
456 3816 558 3869 lsa.
613 3831 742 3872 xui.
795 3816 891 3880 10,
941 3815 1025 3869 12.
1103 3817 1149 3847 ⁸⁸
1178 3815 1379 3868 Jerezn.
1438 3831 1598 3877 xui,
1640 3815 1742 3877 5|,
1784 3815 1873 3869 52.

1996 597 2162 653 alium
2194 598 2494 661 Christum,
2527 610 2580 653 et
2612 600 2703 654 Dei
2742 599 2941 656 Filium
2963 601 3435 671 exspectabimus,
3472 601 3568 655 sed

1994 686 2140 743 hunc
2188 688 2277 758 qui
2323 704 2388 743 ex
2429 687 2599 743 Maria
2625 688 2879 761 Virgine,
2929 693 3020 759 qui
3059 701 3114 745 et
3142 706 3334 758 passus
3373 699 3478 758 est,
3512 694 3566 745 iu

1993 793 2155 847 quem
2188 789 2243 833 et
2269 779 2569 842 credimus,
2598 795 2759 847 quem
2801 791 2857 836 et
2892 782 3169 851 diligimus
3196 778 3569 852 (quemadmo-

1993 869 2117 922 dum
2146 868 2312 924 lsaias
2338 872 2415 924 ait
2443 887 2457 923 :
2498 888 2517 921 ι
2550 870 2619 925 Ει
2647 872 2832 925 dicent
2865 873 2917 926 in
2948 873 3037 926 illa
3086 873 3213 927 die:
3260 874 3420 938 Ecce,
3466 872 3568 926 Do-

1995 960 2177 1014 minus
2209 959 2349 1015 Deus
2382 973 2591 1025 noster,
2622 962 2675 1015 in
2708 976 2869 1030 quem
2905 964 3262 1031 speravimus,
3296 972 3353 1019 et
3380 963 3567 1017 exstil-

1994 1045 2227 1098 tavimus
2274 1046 2327 1100 in
2383 1045 2558 1100 salute
2619 1056 2803 1100 nostra
2853 1047 2917 1099 ".
2956 1066 2975 1098 ι
3027 1048 3090 1102 Et
3142 1047 3338 1103 Petrus
3387 1050 3465 1103 ait
3511 1049 3565 1103 in

1991 1137 2235 1208 Epistula
2264 1155 2397 1194 sua:
2441 1159 2459 1191 ι
2494 1137 2664 1205 Quem
2700 1154 2807 1193 non
2840 1139 3086 1194 videntes
3117 1140 3363 1209 diligitis,
3411 1160 3429 1193 ι
3483 1140 3569 1195 in-

1990 1233 2131 1300 quit,
2173 1250 2190 1283 ι
2235 1233 2289 1287 in
2323 1247 2483 1301 quem
2514 1248 2657 1287 nunc
2684 1248 2790 1286 non
2818 1229 3065 1285 videntes
3097 1232 3406 1287 credidistis
3429 1230 3563 1305 (l7),

1987 1322 2301 1393 gaudebitis
2332 1322 2533 1392 gaudio
2584 1323 2941 1378 inenarrabili
2968 1323 3016 1355 “
3051 1320 3099 1394 ι)
3128 1339 3146 1389 ;
3181 1337 3356 1391 neque
3395 1324 3563 1378 alium

1988 1412 2251 1480 Spiritum
2302 1422 2553 1469 sanctum
2600 1415 2955 1485 percipimus,
3007 1416 3112 1468 nisi
3166 1415 3313 1469 hunc
3356 1414 3446 1484 qui
3482 1426 3566 1471 est

1987 1502 2293 1569 nobiscum,
2344 1515 2400 1559 et
2449 1507 2541 1575 qui
2579 1507 2779 1561 clamat
2814 1522 2829 1560 :
2863 1527 2881 1559 ι
2914 1508 3066 1562 Abba
3088 1546 3106 1573 ,
3148 1517 3306 1576 pater
3335 1506 3416 1574 “;
3457 1526 3480 1560 ι
3509 1516 3565 1562 et

1987 1594 2040 1648 in
2090 1595 2281 1650 iisdem
2332 1597 2464 1665 ipsis
2508 1609 2862 1667 augmentum
2910 1598 3259 1657 habebimus.
3313 1596 3566 1666 etproll-

1985 1685 2215 1751 ciemus,
2250 1696 2306 1739 ut
2329 1686 2439 1754 jam
2469 1703 2570 1741 non
2601 1704 2697 1757 per
2717 1688 3021 1757 speculum,
3046 1697 3105 1741 et
3129 1703 3221 1757 per
3245 1688 3561 1759 aenigmata,

1986 1778 2083 1833 sed
2110 1776 2253 1833 faeie
2278 1779 2345 1833 ad
2389 1777 2581 1833 faciem
2608 1778 2854 1834 fruamur
2882 1778 3203 1835 muneribus
3225 1779 3318 1834 Dei
3345 1796 3363 1833 :
3397 1779 3483 1835 sic
3506 1787 3564 1835 et

1984 1886 2132 1927 nunc
2164 1870 2285 1942 plus
2317 1872 2537 1941 templo,
2584 1883 2640 1927 et
2672 1873 2794 1945 plus
2828 1872 3120 1930 Salomone
3166 1857 3559 1942 percipients‘s,

1984 1964 2126 2034 quod
2160 1973 2245 2017 est
2272 1965 2539 2019 adventus
2568 1963 2688 2018 Filii
2720 1964 2837 2030 Dei,
2867 1981 2974 2019 non
3006 1965 3239 2019 alterum
3271 1965 3564 2024 didicimus

1986 2052 2177 2117 Deum,
2209 2064 2413 2123 praeter
2455 2052 2841 2109 fabricatorem
2887 2064 2942 2109 et
2985 2054 3249 2111 factorem
3288 2058 3558 2126 omnium,

1984 2144 2077 2215 qui
2122 2144 2191 2199 ab
2225 2144 2380 2199 initio
2412 2144 2569 2199 nobis
2616 2146 3021 2201 demonstratus
3048 2157 3169 2213 est;
3207 2162 3382 2216 neque
3416 2149 3561 2203 alte.

1985 2252 2102 2291 rum
2132 2236 2408 2292 Christum
2456 2237 2550 2291 Dei
2585 2236 2783 2291 Filium
2806 2277 2823 2303 ,
2849 2248 3049 2308 printer
3076 2256 3200 2295 eum
3235 2239 3328 2309 qui
3366 2255 3395 2293 a
3428 2254 3561 2311 pro—

1983 2328 2163 2398 phetis
2186 2328 2510 2398 prmdicatus
2540 2339 2649 2382 est.

2052 2418 2104 2473 3.
2134 2416 2284 2472 Novo
2315 2418 2461 2473 enim
2495 2417 2845 2475 Testamento
2882 2420 3101 2489 cognito
3163 2430 3220 2475 et
3259 2422 3562 2493 praedicata

1982 2526 2079 2582 per
2132 2511 2447 2582 prophetas,
2497 2519 2552 2564 et
2602 2510 2691 2565 ille
2724 2512 2818 2581 qui
2865 2511 2994 2567 illud
3042 2512 3411 2581 dispositurus
3435 2524 3559 2569 erat

1983 2604 2278 2657 secundum
2332 2603 2589 2672 placitum
2634 2599 2852 2665 Patris,
2902 2603 3345 2673 prmdicabatur,
3383 2607 3564 2661 mani-

1982 2691 2212 2748 festatus
2252 2692 2588 2755 horninibus,
2646 2694 3103 2762 quemadmodum
3160 2695 3325 2750 voluit
3376 2698 3555 2765 Deus;

1982 2794 2042 2840 ut
2085 2785 2294 2854 possint
2352 2800 2573 2853 semper
2608 2786 2873 2853 prolicere
2909 2788 3195 2842 credentes
3222 2786 3275 2841 in
3317 2804 3467 2853 eum,
3503 2799 3561 2845 et

1981 2892 2079 2946 per
2114 2884 2438 2931 testamenta
2464 2888 2835 2931 maturescere
2862 2876 3161 2946 perfectura
3194 2880 3390 2935 salutis
3418 2880 3555 2955 (18).

1986 2968 2102 3025 Una
2130 2968 2274 3022 enim
2310 2967 2477 3032 salus,
2504 2977 2557 3022 et
2586 2984 2723 3022 unus
2749 2967 2925 3023 Deus:
2955 2985 3073 3037 qua:
3107 2982 3289 3025 autem
3320 2970 3559 3027 formant

1982 3062 2279 3123 hominem,
2310 3068 2577 3130 praecepta
2611 3059 2778 3113 multa
2807 3058 2939 3132 (l9),
2990 3072 3043 3113 et
3087 3078 3192 3115 non
3238 3067 3395 3132 pauci
3430 3082 3557 3135 gra-

1984 3154 2105 3218 dus,
2138 3152 2229 3222 qui
2262 3152 2471 3205 ducunt
2498 3151 2770 3204 hominem
2810 3150 2873 3204 ad
2918 3152 3109 3206 Deum.
3154 3152 3393 3207 Terreuo
3436 3158 3557 3224 qui-

1988 3246 2107 3301 dem
2150 3254 2201 3300 et
2248 3244 2529 3315 temporali
2571 3244 2681 3313 regi
2724 3243 2868 3315 (20),
2911 3259 3036 3297 cum
3081 3246 3155 3298 sit
3196 3246 3382 3308 homo,
3433 3248 3553 3304 licet

1986 3335 2275 3404 aliquoties
2306 3333 2537 3401 majores
2568 3332 2845 3402 profectus
2875 3335 3178 3390 attribuere
3206 3335 3292 3390 itis
3316 3337 3553 3402 quisunt

1984 3425 2214 3494 subjecti
2241 3446 2253 3479 :
2284 3423 2393 3478 Deo
2417 3435 2595 3479 autem
2623 3438 2727 3477 non
2762 3424 2950 3479 licebit
2975 3425 3109 3495 (2i),
3136 3442 3259 3480 cum
3290 3418 3362 3481 sit
3390 3429 3557 3494 idem,

1982 3523 2037 3571 et
2066 3530 2280 3583 semper
2312 3514 2568 3581 majorem
2604 3517 2831 3586 gratiam
2871 3527 3132 3583 prastare
3160 3517 3275 3589 (‘22)
3312 3521 3558 3574 humano

1984 3608 2166 3677 generi
2200 3608 2330 3663 velit
2376 3609 2509 3678 ('23).
2561 3618 2616 3662 et
2661 3609 2907 3675 pluribus
2962 3612 3280 3663 muneribus
3330 3614 3554 3666 assidue

1985 3702 2258 3755 honorare
2303 3715 2397 3753 eos
2451 3701 2542 3769 qui
2591 3700 2805 3769 placent
2852 3698 2950 3752 ei?
2997 3698 3056 3755 Si
3106 3710 3284 3754 autem
3334 3704 3434 3758 hoc
3468 3713 3554 3759 est

1984 3816 2028 3848 ⁸⁷
2059 3815 2189 3884 Cap.
2221 3815 2385 3870 XXII.
2460 3816 2507 3848 ³⁸
2558 3815 2749 3869 Matth.
2800 3832 2915 3880 xu,
2968 3816 3021 3871 6.
3094 3817 3139 3849 ³⁸
3179 3816 3333 3870 Joan-
3373 3834 3410 3879 1.
3458 3819 3551 3876 50.

302 3884 353 3919 ⁸⁸
384 3886 580 3955 Philip.
619 3902 700 3950 ιιι,
734 3887 818 3939 12.
897 3887 936 3918 ⁸⁸
966 3887 983 3939 l
1017 3886 1142 3941 Cor.
1179 3901 1297 3949 sui,
1340 3885 1393 3949 9,
1423 3887 1508 3939 10.
1586 3885 1629 3916 ⁸⁸
1655 3887 1847 3940 Matth.
1874 3901 1924 3948 ν,

1902 3902 1924 3948 ’,
1957 3886 2010 3942 8.
2086 3885 2131 3916 “
2163 3889 2267 3941 lsa.
2299 3902 2425 3950 xxv,
2454 3886 2507 3941 9.
2582 3886 2629 3917 “
2656 3886 2671 3937 l
2698 3884 2813 3939 Pet.
2844 3902 2881 3953 I,
2918 3889 2971 3940 8.
3045 3887 3090 3919 “
3120 3886 3274 3954 llotn.
3307 3902 3429 3953 vni,
3459 3890 3548 3944 l5.

303 4007 421 4061 haec
462 4005 603 4079 forte
632 4008 950 4063 memoriter
974 4007 1229 4079 allegavit
1267 4006 1508 4061 ireniens
1530 4047 1544 4071 ,
1590 4007 1668 4062 uti
1695 4016 1752 4063 et
1780 4022 1872 4063 se-

344 4077 547 4130 uentis.

302 4092 598 4215 quagialt't
626 4146 797 4200 nobis.
828 4144 921 4201 Sic
960 4145 1200 4200 Clarom.
1228 4147 1286 4202 in
1316 4145 1551 4200 Feuard.
1596 4154 1651 4198 et
1677 4146 1869 4209 Grah.,

300 4220 394 4287 qui
432 4217 600 4271 nobis.
636 4218 707 4269 At
757 4218 808 4269 in
858 4216 1039 4280 Eras.,
1081 4217 1250 4282 Gali.,
1299 4217 1505 4271 Aruud.
1541 4226 1594 4270 et
1624 4215 1786 4270 Merc.
1814 4216 1869 4280 2,

302 4301 407 4341 nec
437 4287 680 4355 qui,_nec
705 4293 756 4339 et
790 4294 1071 4355 apparent.

377 4301 407 4341 c
437 4301 549 4406 qui,
584 4301 680 4339 nec
705 4301 756 4339 et
790 4301 1071 4355 apparent.

377 4356 491 4425 (1)
522 4353 887 4425 Huttitutline.
929 4354 1015 4409 Al.
1061 4370 1366 4425 perperam,
1395 4353 1695 4425 altitudine.

379 4423 491 4493 (15)
533 4424 634 4477 Aut
684 4424 1022 4492 iusti/ictum.
1062 4423 1215 4491 Quod
1260 4426 1501 4480 additqu
1550 4438 1578 4476 a
1634 4423 1866 4477 Feuard.

306 4506 435 4548 ante
456 4492 808 4563 justiﬁcotus,
827 4496 1062 4563 expunxi
1082 4495 1407 4548 auctoritate
1424 4493 1581 4563 codd.
1600 4492 1867 4556 Claroin.,

304 4562 510 4617 Arund.
545 4576 599 4617 et
626 4562 788 4617 Merc.
819 4563 875 4626 2,
903 4578 966 4615 ac
999 4564 1167 4630 ipsius
1194 4563 1390 4617 italicae
1423 4562 1710 4623 versionis,
1746 4578 1868 4631 qua:

306 4635 411 4686 hoc
440 4634 808 4687 addimcntnm
837 4648 905 4685 ex
955 4631 973 4684 Ι
1021 4634 1269 4689 Corinth.
1302 4646 1378 4697 tv,
1411 4632 1445 4684 4
1468 4670 1484 4693 ,
1530 4632 1869 4698 desumptum

304 4702 418 4755 sola
451 4703 537 4755 hie
568 4702 815 4765 exhibet,
853 4710 909 4754 ut
942 4714 1156 4758 constat
1188 4717 1253 4757 ex
1286 4700 1655 4757 vetustissimo
1686 4711 1872 4755 nostro

305 4774 429 4826 eod.
449 4786 551 4828 ms.
567 4770 904 4827 Graeco-Lat.
933 4768 1455 4838 San-Germaneusi,
1479 4770 1869 4825 Ambrosiastri

303 4840 610 4896 Comment.
633 4852 688 4895 et
714 4842 857 4895 aliis.

378 4911 491 4981 (l6)
530 4910 717 4964 Mundi
743 4911 913 4981 corde.
942 4911 1035 4967 Sic
1064 4910 1303 4967 Clarom.
1342 4925 1465 4965 cum
1494 4910 1712 4981 antiqua
1744 4924 1868 4981 rer-

305 4981 468 5053 sione
508 4982 711 5047 Italica,
758 4993 814 5035 et
855 4980 1046 5037 Graeco
1097 4982 1378 5053 Evangelii
1427 4991 1601 5035 textu.
1649 4980 1865 5040 Caneri,

303 5052 504 5103 mundo
527 5052 702 5104 corde.

378 5119 488 5200 (l7)
538 5118 868 5200 Credidistis.
911 5119 1092 5200 Nostri
1141 5119 1299 5200 1311‘.
1350 5122 1510 5200 codd.
1540 5122 1764 5183 habent,
1814 5127 1868 5173 et

302 5190 763 5260 quideinrmelius,
794 5190 1237 5256 moratiovrac'bé,
1275 5194 1537 5246 credentes
1562 5200 1760 5243 autem.

372 5261 481 5331 (ιδ)
500 5258 605 5313 Per
630 5258 958 5331 Testamenta
984 5272 1330 5314 maturescere
1345 5263 1628 5327 perfectum
1655 5258 1861 5331 sal_utis.

306 5328 398 5385 Sic
449 5340 595 5385 recte
622 5340 782 5383 vetns
828 5329 1063 5384 Fenard.
1107 5334 1229 5385 cod.
1279 5340 1335 5383 et
1378 5331 1614 5384 Clarum.
1643 5341 1697 5381 et
1726 5328 1865 5380 forte

304 5402 465 5453 etiam
498 5398 652 5453 Voss.
704 5400 826 5453 cod.
878 5398 977 5453 Hic
1027 5400 1216 5454 saltem
1264 5398 1723 5467 consetttitquond
1745 5411 1865 5464 per-

301 5473 534 5538 ﬁctum:
586 5473 653 5522 de
680 5483 809 5522 voce
842 5478 1144 5521 testamenta
1171 5508 1187 5534 ,
1236 5485 1396 5537 quam
1430 5471 1626 5521 habent
1673 5467 1858 5529 Eras.,

302 5540 443 5595 Gali.
477 5549 531 5592 et
560 5538 818 5600 Feuard.,
867 5540 1120 5607 ambigo:
1176 5538 1441 5605 siquidem
1468 5538 1635 5592 Grab.
1667 5539 1859 5588 excudi

304 5608 431 5661 fecit
458 5617 817 5660 testamentum
848 5621 863 5658 :
894 5625 959 5659 an
989 5606 1193 5661 codicis
1228 5613 1376 5661 \‘uss.
1412 5626 1477 5659 an
1507 5606 1733 5659 alterius
1764 5621 1861 5657 au-

301 5689 555 5731 Ctnritate
575 5679 597 5723 Υ
622 5695 725 5728 non
753 5679 909 5731 dixit.
937 5678 1204 5732 Caeterum
1229 5692 1325 5746 pro
1342 5677 1649 5744 perfectura,
1679 5675 1856 5735 liram,

302 5747 479 5807 Gali”
521 5747 725 5799 Aruud.
773 5758 826 5800 et
870 5747 1033 5801 Merc.
1076 5747 1149 5809 2,
1197 5763 1478 5815 perperam
1527 5750 1723 5799 habent
1766 5760 1858 5812 per

300 5821 577 5885 ey'ectum;
610 5832 705 5869 nec
740 5817 931 5870 melius
960 5829 1245 5886 utrumque
1280 5818 1514 5872 retinere
1546 5816 1857 5871 Feusirdrn-

1984 4008 2057 4061 tio
2087 4008 2261 4063 visum
2306 4017 2407 4062 est.
2447 4007 2742 4075 Perfectum
2785 4019 2966 4060 autem
3021 4006 3206 4060 salutis
3248 4006 3389 4061 dixit
3432 4010 3543 4065 ire-

1981 4092 2149 4140 meus,
2199 4093 2297 4145 pro
2337 4076 2654 4145 perfectione
2704 4092 2801 4129 seu
2849 4086 3301 4129 consummatione
3336 4080 3545 4140 salutis,

1978 4147 2147 4213 gloria
2176 4147 2429 4201 videlicet
2463 4157 2665 4199 :rterna
2691 4163 2706 4199 :
2741 4162 2850 4212 quo
2877 4161 3035 4198 sensu
3072 4147 3231 4211 paulo
3258 4155 3381 4199 anne
3408 4151 3547 4202 St'l'l-

1978 4218 2084 4283 psit
2115 4235 2129 4271 :
2166 4216 2302 4269 sicut
2352 4217 2515 4284 igitur
2547 4215 2850 4268 adueniente
2880 4216 3108 4281 perfecto
3128 4253 3144 4277 ,
3176 4230 3275 4266 non
3318 4216 3542 4270 alterunt

1978 4284 2196 4339 Patrem
2226 4286 2537 4347 videbimus,
2567 4292 2672 4337 etc.
2705 4286 2779 4337 Ac
2807 4285 3035 4351 proinde
3068 4297 3267 4336 sensus
3294 4298 3379 4338 est.
3407 4306 3419 4338 ι
3471 4286 3541 4339 Ut

1976 4357 2175 4421 possint
2216 4370 2418 4423 semper
2466 4353 2721 4421 proﬁcere
2782 4356 3044 4405 credentes
3090 4358 3142 4403 in
3194 4368 3311 4405 eunt
3357 4365 3406 4407 et
3451 4373 3545 4422 per

1976 4438 2124 4476 iiuna
2148 4425 2243 4477 sibi
2269 4425 2485 4476 inuicem
2504 4423 2833 4475 succedentta
2857 4431 3165 4473 testamenta
3191 4434 3542 4479 maturescere

1976 4501 2130 4561 queat
2170 4494 2355 4546 salutis
2401 4496 2647 4544 huncum?
2668 4502 3065 4544 consummatio.
3100 4490 3139 4544 Ι.
3172 4504 3222 4540 e.
3258 4508 3354 4559 per
3390 4509 3539 4547 varia

1902 4549 1946 4605 Ι)
1977 4549 2299 4617 testamenta
2351 4566 2563 4631 possint
2612 4563 2857 4614 homines
2906 4561 3161 4630 paulatim
3214 4549 3281 4613 ad
3311 4563 3538 4631 gloriam

1974 4640 2233 4701 aeternam
2268 4631 2510 4701 perduci.

2045 4703 2091 4770 (l
2105 4704 2158 4767 9)
2184 4697 2314 4765 Qun:
2332 4711 2507 4753 autem
2527 4697 2754 4770 {armant
2772 4699 3053 4761 hominem,
3071 4711 3328 4767 prwcepta
3347 4701 3536 4757 multa.

1974 4768 2068 4825 Sic
2100 4772 2363 4831 Clarum"
2396 4770 2602 4822 Arund.
2629 4780 2682 4822 et
2713 4768 2867 4823 Voss.
2905 4770 3100 4821 melius
3126 4782 3179 4822 et
3216 4772 3405 4824 lrenwi
3440 4788 3534 4823 ιιι-ο-

1972 4849 2227 4904 gurnento
2258 4838 2675 4894 convenientius
2707 4853 2867 4906 quam
2898 4839 3103 4904 caeteri,
3150 4841 3241 4908 qui
3286 4840 3537 4907 formam

1970 4909 2253 4972 hominem,
2282 4918 2542 4977 pracepta
2576 4922 2747 4961 autent
2781 4910 2969 4961 multa.

2042 4978 2155 5046 (20)
2204 4979 2429 5032 Terrena
2480 4979 2687 5045 quidem
2744 4984 2794 5029 et
2836 4978 3111 5043 temporali
3158 4979 3283 5045 regi.
3326 4978 3382 5031 in
3422 4992 3532 5034 vet.

1968 5054 2090 5101 cod.
2123 5049 2356 5103 Feuard.
2398 5060 2451 5101 et
2481 5046 2633 5103 Voss.
2668 5085 2683 5112 ,
2735 5057 2856 5099 ante
2909 5055 3171 5101 terrenum
3224 5049 3435 5115 quidem
3482 5059 3534 5102 et

1968 5120 2299 5185 temporalem
2335 5133 2527 5187 regem.

2044 5188 2157 5258 (21)
2209 5188 2307 5241 His
2356 5184 2608 5258 quidam
2657 5186 2915 5258 subjecti:
2942 5184 3069 5258 ,Deo
3119 5197 3293 5238 autem
3330 5201 3433 5239 non
3461 5186 3531 5238 li-

1966 5260 2119 5320 cebit,
2138 5255 2255 5311 'etc.
2280 5258 2411 5311 Cod.
2441 5256 2678 5308 Clarom.
2706 5255 2867 5323 paulo
2902 5256 3098 5309 aliter:
3130 5258 3208 5306 his
3237 5266 3409 5308 autem
3440 5258 3531 5324 qui

1966 5338 2087 5381 sunt
2112 5327 2329 5395 subjecti
2361 5325 2472 5379 Deo
2503 5342 2606 5377 non
2636 5326 2825 5378 licebit.
2855 5328 2924 5377 At
2946 5325 3167 5393 Vulgata
3204 5325 3364 5377 lectio
3394 5340 3533 5391 pra:-

1964 5398 2185 5450 fereuds
2214 5400 2426 5451 videtur
2451 5412 2464 5448 :
2498 5410 2689 5462 quare,
2722 5404 2842 5463 post
2869 5396 2978 5447 Deo
3005 5406 3175 5447 autem
3204 5410 3303 5445 non
3330 5395 3527 5457 licebit,

1964 5467 2567 5536 subintelligendaquae
2603 5473 3038 5536 praecesserunt,
3091 5463 3318 5530 nmjores
3348 5465 3528 5531 profe-

1962 5548 2075 5588 cms
2108 5533 2391 5588 attribuere
2422 5534 2506 5586 Itis
2535 5534 2623 5596 qui
2645 5541 2767 5585 sunt
2794 5533 3035 5601 subjecti.

2035 5605 2145 5675 (‘29.)
2178 5606 2461 5658 l’rwsture.
2490 5605 2664 5663 Eras.,
2701 5602 2837 5655 Gali.
2875 5600 2926 5654 et
2953 5600 3187 5655 Feuard.
3212 5614 3526 5669 perperam,

1960 5686 2013 5729 et
2055 5676 2476 5742 tepugnautibus
2507 5676 2762 5726 omnibus
2798 5689 2953 5736 ltlSS.,
2984 5682 3223 5739 pru'stnt.

2035 5740 2143 5815 ('15)
2188 5740 2351 5798 ‘i’ctit.
2394 5742 2508 5797 Hoc
2556 5745 2777 5795 \‘utbutn
2825 5743 3001 5794 addidi
3034 5757 3097 5795 ex
3128 5743 3251 5795 cod.
3285 5740 3523 5794 Clarum.
