4222 6320
242 389 373 448 1001

1360 382 1638 441 CONTRA
1673 377 2012 439 HERESES
2043 378 2171 434 LIB.
2204 375 2284 435 1V.

244 513 458 587 pallium
486 521 676 577 suum;
726 508 923 565 ltctiﬁci
974 506 1087 582 (35)
1111 507 1255 564 oculi
1306 506 1426 575 ejus
1457 522 1488 562 a
1518 508 1647 562 vino
1677 502 1813 579 (36),
1842 505 1891 565 Α
1919 511 2077 558 rante
2102 514 2320 558 servum
2349 497 2482 572 (40),
2528 506 2582 554 et
2603 502 2893 587 adoptante
2919 500 2974 555 in
3027 499 3218 565 ﬁlium,
3275 512 3331 557 et
3353 511 3482 571 apto

237 613 298 662 et
322 602 540 660 candidi
565 603 761 657 dentes
804 600 924 670 ejus
982 612 1145 671 quam
1181 598 1269 653 lac
1294 596 1345 630 "
1378 595 1513 670 ('57).
1553 614 1574 649 ι
1626 596 1810 666 inqui-

238 704 367 751 rant
393 693 541 749 enim
578 692 659 759 bi,
687 690 781 762 qui
803 688 988 745 omnia
1027 688 1259 744 scrutari
1290 687 1566 750 dicuntur,
1598 685 1650 740 id
1678 696 1811 740 tem.

238 800 341 856 pus
364 785 415 841 in
440 801 548 858 quo
579 782 778 840 defecit
808 782 1087 855 princeps,
1116 788 1173 835 ct
1203 781 1309 835 dux
1342 792 1411 834 ex
1439 777 1600 843 Juda,
1629 787 1682 832 et
1715 779 1807 848 qui

238 888 327 933 est
352 878 592 948 gentium
624 889 771 944 spes,
794 883 852 929 et
879 874 972 944 qui
1000 873 1153 935 vitis,
1172 880 1228 927 et
1254 872 1345 941 qui
1387 871 1566 941 pullus
1587 871 1723 940 ejus,
1755 878 1811 925 et

238 971 394 1043 quod
418 969 819 1029 indumentum,
850 975 904 1021 et
930 966 1023 1036 qui
1074 964 1242 1029 oculi,
1273 972 1327 1019 et
1354 962 1448 1031 qui
1492 962 1707 1027 dentes,
1752 969 1809 1016 et

238 1061 383 1133 quod
410 1061 619 1127 vinum,
648 1067 705 1115 et
727 1056 1152 1126 unumquodque
1179 1070 1247 1112 es
1278 1055 1438 1111 dictis
1467 1052 1580 1127 (38)
1611 1053 1810 1126 exqui-

237 1161 400 1220 rant;
428 1160 486 1209 et
508 1151 788 1208 invenient
839 1166 947 1207 non
991 1148 1182 1214 alium,
1224 1147 1328 1204 nisi
1390 1141 1680 1201 Dominum
1714 1159 1812 1201 no-

236 1255 415 1301 strum
451 1242 637 1299 Jesum
668 1242 974 1308 Christum,
1031 1239 1434 1297 annuntiatum.
1462 1234 1811 1307 Quapropter

236 1336 451 1409 Moyses
474 1337 766 1406 increpans
807 1331 1086 1405 populum,
1115 1329 1258 1403 quod
1310 1331 1551 1401 ingratus
1579 1325 1810 1383 exsiste-

237 1441 345 1497 ret,
378 1430 497 1484 ait:
530 1447 550 1481 ι
587 1428 678 1485 Sic
708 1427 938 1497 populus
976 1424 1180 1488 fatuus,
1208 1431 1266 1478 et
1291 1438 1397 1477 non
1422 1422 1666 1493 sapiens,
1692 1421 1810 1477 haec

238 1522 470 1579 Domino
488 1519 818 1578 retribuistis
844 1517 940 1574 "l
967 1536 987 1571 ι
1020 1516 1087 1572 Ει
1107 1531 1298 1573 rursus
1316 1514 1651 1587 signiﬁcans,
1677 1527 1810 1582 quo-

238 1614 385 1669 niam
425 1612 517 1681 qui
541 1613 611 1667 ab
640 1611 796 1667 initio
831 1608 1077 1666 condidit
1103 1617 1159 1663 et
1190 1607 1324 1663 fecit
1355 1621 1449 1663 eos
1471 1604 1727 1666 Verbum,
1753 1611 1810 1658 et

234 1704 291 1761 in
323 1705 641 1761 novissimis
683 1701 1028 1772 temporibus,
1073 1700 1345 1755 redimens
1374 1712 1495 1765 nos,
1549 1705 1604 1750 et
1627 1694 1807 1750 viviﬁ-

237 1810 391 1862 caus,
415 1796 719 1850 ostenditur
742 1795 983 1864 pendens
1008 1794 1059 1847 in
1084 1791 1249 1860 ligno,
1273 1798 1325 1843 et
1356 1805 1459 1845 nou
1486 1788 1710 1843 credent
1732 1784 1803 1839 ei.

234 1888 325 1943 Ait
345 1890 528 1941 enim:
572 1904 592 1938 ι
624 1886 693 1941 Et
740 1887 849 1941 erit
884 1884 995 1938 vita
1049 1892 1137 1937 tua
1166 1880 1412 1952 pendens
1452 1885 1577 1931 ante
1623 1873 1810 1932 oculos

237 1988 378 2040 tuos.
433 1986 491 2033 et
532 1993 639 2031 non
681 1976 875 2032 credes
923 1975 1050 2030 vitae
1106 1982 1211 2029 tua:
1242 1971 1314 2025 ".
1378 1988 1397 2021 ι
1457 1967 1523 2023 Et
1568 1967 1807 2021 iterum:

242 2088 266 2125 s
296 2070 492 2127 Nonne
519 2070 609 2125 hic
633 2070 777 2124 idem
800 2067 964 2123 Pater
988 2076 1110 2123 tuus
1132 2062 1375 2135 possedit
1396 2071 1469 2120 te.
1501 2070 1557 2116 et
1588 2059 1716 2114 fecit
1738 2069 1809 2121 te,

234 2176 289 2219 et
309 2164 520 2219 creavit
552 2172 605 2216 te
622 2161 714 2219 ται
740 2180 762 2215 ι

816 2341 1047 2398 CAPUT
1071 2339 1141 2397 XI
1164 2336 1234 2396 τ’.

236 2480 453 2537 Veteres
470 2481 745 2551 prophetas
768 2489 813 2534 et
829 2478 1006 2549 justas
1031 2477 1341 2551 prtenovisse
1364 2475 1641 2551 carentum
1659 2471 1815 2551 Clari-

297 2552 389 2616 sti,
418 2544 657 2615 nam...
690 2544 864 2604 ridere
895 2557 947 2603 et
977 2544 1167 2602 audire
1209 2546 1481 2616 ardentius
1517 2544 1813 2616 oppetiisse,

305 2611 418 2687 ipso
434 2637 525 2685 per
540 2611 797 2686 Spiritum
810 2628 1130 2693 Διιιιιιςίιιηι-ες
1146 2616 1200 2671 in
1220 2611 1511 2693 δώρων-ἕξ
1532 2611 1812 2693 repetente,

298 2683 350 2747 et
373 2683 489 2765 sine
522 2683 606 2745 sui
628 2689 925 2765 mutatione
947 2687 1090 2743 noris
1112 2687 1169 2740 in
1195 2687 1311 2740 dies
1344 2684 1606 2765 beneﬁciis
1640 2683 1811 2765 homi-

302 2779 391 2816 nes
434 2760 657 2826 ditante,
714 2758 1027 2828 posteriores
1082 2767 1256 2811 tamen
1301 2752 1618 2811 cumulatius
1659 2752 1815 2820 prio-

301 2833 466 2888 ribus.

303 2970 358 3027 l.
390 2966 662 3036 Quoniam
689 2976 875 3021 autem
911 2978 1019 3019 non
1046 2962 1222 3018 solum
1276 2959 1551 3031 propheta:
1599 2970 1654 3015 et
1679 2956 1812 3028 justi

224 3060 410 3127 multi,
432 3057 789 3130 przescientcs
808 3070 907 3126 per
930 3053 1198 3125 Spiritum
1219 3060 1467 3107 sanctum
1485 3047 1597 3122 (39)
1611 3050 1811 3104 adven-

225 3162 349 3208 tum
368 3151 511 3221 ejus,
540 3156 840 3206 oraverunt
889 3147 945 3201 in
975 3145 1106 3199 illud
1136 3151 1350 3213 tempus
1376 3142 1585 3205 venire,
1615 3141 1668 3195 in
1698 3154 1810 3211 quo

226 3246 374 3303 facie
396 3246 463 3300 ad
493 3243 687 3298 faciem
722 3239 973 3295 viderent
1019 3236 1310 3291 Dominum
1338 3249 1493 3290 suum
1514 3243 1570 3289 et
1598 3248 1806 3289 sermo-

224 3356 327 3397 nes
343 3336 599 3393 audirent
618 3332 759 3403 ejus,
776 3330 1039 3387 Dominus
1061 3328 1192 3385 fecit
1214 3326 1585 3393 manifestum,
1608 3327 1801 3384 dicens

232 3428 547 3499 discipulis:
584 3442 605 3475 s
642 3424 795 3479 Multi
824 3423 1104 3493 pr0phetz
1127 3430 1183 3476 et
1217 3420 1345 3487 justi
1391 3420 1680 3490 cupierunt
1716 3421 1801 3475 vi-

225 3527 361 3581 dere
395 3536 521 3593 qute
554 3518 776 3583 videtis,
810 3525 867 3570 et
907 3530 1014 3569 non
1061 3512 1337 3577 viderunt,
1370 3522 1427 3567 et
1451 3513 1641 3568 audire
1682 3526 1804 3583 quas

227 3613 450 3679 auditis,
479 3622 533 3667 et
554 3624 662 3664 non
690 3606 979 3663 audierunt
999 3601 1068 3657 ⁷⁸.
1093 3619 1111 3653 ι
1140 3600 1610 3667 Quemadmodum
1637 3602 1804 3673 igitur

225 3703 626 3772 concupierunt
653 3705 712 3753 et
737 3695 950 3755 audire.
982 3701 1036 3748 et
1084 3692 1293 3757 videre,
1326 3691 1429 3746 nisi
1456 3692 1803 3762 praescissent

222 3794 391 3868 πω
439 3794 684 3847 futurum
735 3788 853 3858 ejus
911 3784 1243 3841 adventum?
1279 3780 1565 3850 Quomodo
1617 3791 1798 3837 autem

222 3884 488 3959 praescire
509 3886 825 3953 potuerunt,
857 3876 962 3933 nisi
991 3874 1061 3931 ab
1088 3874 1208 3943 ipso
1249 3872 1650 3944 prrscientiam
1674 3882 1801 3928 ante

225 3976 607 4048 accepissent?
630 3971 915 4042 Quomodo
947 3978 1132 4026 autem
1167 3968 1461 4037 Scriptum
1502 3966 1801 4023 testiﬁcan-

221 4082 318 4128 tur
341 4070 409 4126 de
435 4083 521 4137 eo,
560 4067 666 4123 nisi
697 4065 767 4121 ab
791 4078 901 4120 uno
922 4070 979 4118 et
996 4061 1186 4118 eodem
1221 4059 1331 4114 Deo
1358 4058 1539 4114 omnia
1584 4073 1803 4130 semper

226 4179 325 4233 per
353 4160 588 4217 Verbum
610 4155 846 4214 revelata
867 4164 922 4210 et
947 4161 1164 4209 ostensa
1190 4150 1421 4206 fuissent
1436 4150 1803 4216 credentibus;

227 4252 520 4325 aliquando
545 4250 765 4321 quidem
792 4245 1135 4316 colloquente
1155 4256 1223 4299 eo
1250 4257 1372 4298 cum
1392 4256 1493 4298 suo
1514 4242 1800 4311 plasmate,

224 4345 521 4418 aliquando
554 4351 736 4398 autem
778 4342 946 4396 dante
994 4339 1192 4410 legem.
1228 4336 1519 4405 aliquando
1542 4350 1673 4391 vero
1701 4349 1800 4391 ex-

221 4439 546 4510 probrante,
578 4430 870 4502 aliquando
910 4427 1257 4493 exhortante,
1288 4440 1354 4481 ac
1385 4425 1640 4494 deinceps
1667 4425 1801 4483 libe—

285 4529 335 4563 "
360 4528 495 4585 Gen.
529 4523 765 4585 nmio
799 4533 851 4576 et
875 4535 1028 4592 seqq.
1129 4521 1177 4554 "
1206 4522 1556 4592 υειιιεβι-ξιι.
1582 4520 1636 4576 6ο

220 4597 273 4635 ’⁸
302 4597 493 4654 Matth.
528 4612 649 4660 xm,
688 4597 775 4650 Π.

298 4712 441 4788 (55),
458 4712 699 4783 Letiﬁci.
728 4711 805 4766 Ita
826 4709 1088 4788 Cianum”
1110 4706 1342 4788 Arum-lu
1360 4706 1518 4788 Voss.
1554 4718 1608 4763 et
1628 4707 1797 4765 Grab.
1828 4713 1879 4774 Ι)

217 4777 650 4858 ίιιῄξξϐιῳαιιξπι
681 4780 997 4858 lapsu-etot;
1016 4777 1694 4858 Cteteri,__ltetiﬁcaliuntur.

300 4853 411 4927 (se)
462 4853 507 4907 Α
554 4846 883 4927 stupratum
929 4849 1124 4927 sevo
1157 4848 1374 4927 codices
1418 4847 1617 4927 habent
1658 4846 1761 4927 ego

222 4916 405 4991 oivbv,’
424 4938 580 4991 super
601 4924 799 4975 vinum.
835 4918 942 4991 Sed
969 4920 1163 4990 legisse
1181 4919 1404 4991 qvidelur
1424 4916 1660 4991 irenteus
1690 4916 1770 4973 an

221 4987 402 5064 niveo,
425 4987 694 5064 quomodo
718 4991 882 5064 etiam
907 4987 1075 5064 liabet
1096 4988 1219 5064 co_d_.
1246 4987 1536 5064 Alexandr.

300 5060 413 5137 (37)
444 5055 640 5137 'Quam
668 5059 897 5137 lac._Sit_:
923 5058 1107 5123 Voss.,
1140 5056 1379 5137 Clarum.
1416 5055 1693 5137 (quannis
1730 5056 1797 5137 .in

222 5126 335 5192 hoc
362 5126 682 5189 emendator
713 5130 980 5198 quispiam
1025 5127 1476 5198 superscripserit
1507 5138 1618 5191 tan,
1644 5136 1701 5180 ut
1730 5126 1802 5180 ie-

223 5214 389 5274 gatur
413 5211 687 5274 tanquam,
720 5196 862 5274 haud
886 5196 1172 5274 advertens
1212 5196 1587 5274 helle_t_iismttm
1636 5211 1795 5274 esse,

226 5265 331 5344 pro
356 5265 530 5344 magis
548 5285 713 5344 quam
756 5269 882 5344 loc),
910 5265 1242 5344 et_G_t-abius.
1275 5266 1378 5344 Alii
1405 5265 1795 5344 tanquantjac.

302 5343 423 5425 gilii
446 5335 637 5425 Dictis.
660 5340 759 5425 Sic
773 5338 1003 5425 Feuagrd.
1030 5340 1081 5391 in
1098 5336 1401 5406 marg.,Cla
1411 5351 1546 5391 rom.
1566 5347 1619 5390 et
1640 5335 1797 5390 Voss.

222 5408 334 5471 Alii
353 5408 533 5466 minus
553 5412 712 5475 bene,
737 5408 974 5462 occultis.

300 5482 414 5555 (39)
448 5472 703 5551 Spiritum
729 5487 989 5532 sanctum.
1025 5475 1281 5531 Sanctum
1330 5473 1513 5528 addidi
1560 5488 1627 5529 ex
1678 5472 1801 5529 cod.

221 5551 469 5611 Clarum.

302 5620 414 5697 (ιιι)
475 5618 713 5675 Servum.
742 5617 911 5673 Suum
964 5615 1207 5672 additum
1280 5615 1334 5670 in
1358 5613 1512 5669 editt.
1548 5614 1701 5670 deest
1747 5613 1802 5668 in

224 5694 480 5748 omnibus
513 5705 645 5746 mss.

222 5786 229 5787 ί
300 5760 410 5835 (Η)
466 5758 865 5827 lncorruptette.
904 5756 1011 5821 AL,
1047 5752 1513 5827 incorruptibilem.

544 5857 818 5916 Ριτιιοι..
855 5854 975 5913 Gs.
1008 5852 1146 5915 VII.

1747 4521 1794 4553 "
1813 4520 1969 4578 Dent.
1989 4539 2179 4591 xxviii,
2203 4524 2291 4580 66.

850 4592 897 4626 "
923 4588 1064 4649 Gen.
1102 4604 1146 4657 ι,
1176 4592 1269 4647 28.
1341 4588 1390 4623 ⁸⁸
1440 4590 1633 4645 Matth.
1682 4606 1811 4657 xxv,
1861 4592 1954 4657 2|,
1982 4594 2072 4648 25.

1912 602 2153 659 tempore
2186 588 2566 659 incorruptelze
2598 586 2709 661 (Μ)
2752 590 3120 645 Ιιαειθιίἰιιιιειη
3166 601 3479 660 prtestantc,

1910 683 1978 737 ad
2006 680 2397 753 perfectionem
2441 680 2727 736 hominis?
2767 678 3063 735 Plasmavit
3087 682 3231 736 enim
3261 697 3383 736 eum
3423 682 3477 737 in

1911 784 2261 845 augmentum
2304 781 2359 829 et
2389 772 2805 837 incrementum,
2853 774 3299 840 quemadmodum
3332 772 3481 830 Scri-

1909 876 2067 938 ptura
2092 865 2229 921 dicit
2260 885 2273 919 :
2317 884 2337 919 ι
2371 866 2617 922 Crescite
2651 873 2707 919 et
2736 864 3171 933 multiplicamini
3205 866 3272 920 ".
3311 885 3330 919 ι

1982 955 2039 1011 2.
2061 956 2129 1011 Et
2161 956 2265 1011 hoc
2300 956 2439 1012 Deus
2460 956 2528 1011 ab
2576 954 2797 1010 homine
2831 954 3029 1023 diﬁert,
3061 957 3316 1027 quoniam
3342 958 3481 1013 Deus

1908 1048 2127 1118 quidem
2157 1047 2309 1115 facit,
2341 1046 2503 1103 homo
2526 1058 2708 1103 autem
2760 1048 2849 1104 ﬁt:
2878 1059 2933 1104 et
2960 1050 3176 1119 quidem
3205 1052 3296 1120 qui
3328 1050 3481 1115 facit,

1909 1154 2126 1211 semper
2144 1140 2287 1197 idem
2310 1149 2424 1195 est:
2451 1142 2596 1212 quod
2624 1151 2805 1198 autem
2833 1141 2923 1204 ﬁt,
2950 1151 3007 1197 et
3028 1141 3267 1209 initium,
3292 1154 3347 1198 et
3370 1158 3483 1199 me-

1909 1231 2192 1296 dietatem,
2222 1242 2278 1288 et
2338 1233 2721 1304 adiectionem,
2749 1245 2804 1292 et
2846 1243 3200 1305 augmentum
3232 1236 3482 1308 accipere

1910 1324 2093 1381 debet.
2119 1324 2189 1380 Et
2221 1326 2364 1382 Deus
2396 1328 2795 1398 quidem_bene
2842 1327 2992 1391 facit,
3020 1328 3160 1384 bene
3187 1337 3370 1385 autem
3423 1328 3483 1383 fit

1910 1416 2136 1471 homini.
2171 1415 2239 1473 Et
2268 1418 2409 1474 Deus
2432 1419 2650 1487 quidem
2676 1417 2949 1489 perfectus
2976 1419 3029 1472 in
3064 1422 3335 1485 omnibus,
3368 1420 3484 1487 ipso

1910 1508 2014 1562 sibi
2044 1508 2270 1579 aequalis
2294 1518 2350 1564 et
2374 1509 2566 1565 similis
2591 1525 2607 1575 ;
2653 1518 2797 1565 totus
2832 1524 2955 1566 cum
2986 1510 3056 1567 sit
3086 1509 3286 1577 lumen,
3317 1521 3373 1567 et
3401 1520 3486 1568 ω.

1913 1609 2000 1656 tus
2025 1613 2197 1663 mens,
2219 1608 2273 1655 et
2305 1608 2455 1656 totus
2502 1600 2829 1667 substantia,
2861 1609 2917 1656 et
2969 1601 3092 1657 fons
3116 1602 3360 1658 omnium
3387 1603 3487 1657 bo-

1909 1704 2127 1756 norum;
2162 1690 2323 1744 homo
2340 1704 2472 1745 vero
2499 1689 2803 1759 profectum
2824 1691 3131 1761 percipiens
3150 1701 3206 1747 et
3226 1708 3488 1763 augmen-

1915 1792 2027 1836 tum
2077 1784 2145 1837 ad
2193 1782 2362 1838 Deum
2409 1783 2544 1857 (Η).
2605 1783 3077 1852 Quemadmodum
3140 1786 3283 1840 enim
3343 1785 3486 1840 Dens

1911 1886 2128 1943 semper
2156 1872 2297 1929 idem
2328 1885 2441 1942 est;
2480 1875 2560 1931 sic
2583 1882 2639 1929 et
2663 1874 2829 1929 homo
2849 1874 2903 1929 in
2928 1875 3039 1929 Deo
3065 1875 3315 1930 inventus
3347 1875 3484 1947 (45).

1911 1978 2130 2035 semper
2165 1963 2416 2035 proﬁciet
2444 1966 2512 2020 ad
2551 1965 2738 2020 Deum.
2777 1963 2961 2035 Neque
3013 1964 3157 2020 enim
3197 1965 3336 2022 Deus
3361 1981 3485 2022 ces-

1912 2062 2002 2110 sat
2026 2055 2319 2124 aliquando
2345 2057 2400 2111 in
2430 2054 2842 2117 benefaciendo,
2896 2064 2951 2110 et
2978 2055 3357 2127 locupletando
3391 2058 3486 2114 bo-

1914 2147 2158 2200 minem:
2191 2160 2367 2215 neque
2407 2146 2567 2202 homo
2614 2157 2795 2201 cessat
2838 2145 3163 2203 beneﬁcium
3214 2152 3485 2219 accipere,

1913 2247 1968 2291 et
1991 2236 2149 2291 ditari
2178 2253 2207 2290 a
2243 2239 2371 2292 Deo.
2400 2237 2780 2305 Esceptorium
2812 2239 2960 2292 enim
3006 2236 3281 2307 bonitatis,
3316 2249 3371 2296 et
3393 2258 3487 2298 or-

1912 2342 2111 2397 ganum
2143 2326 2556 2382 clariﬁcationis
2587 2328 2731 2398 ejus,
2782 2328 2942 2384 homo
2967 2338 3157 2399 gratus
3182 2331 3232 2385 ei
3280 2333 3374 2401 qui
3422 2347 3492 2398 so,

1915 2417 2042 2475 fecit
2068 2436 2084 2473 :
2120 2427 2172 2475 et
2201 2418 2398 2474 iterum
2422 2420 2800 2488 exceptorium
2817 2420 2951 2487 justi
2970 2418 3160 2487 judicii
3185 2422 3303 2493 ejus
3321 2424 3489 2479 Immo

1914 2510 2183 2583 ingratus,
2213 2521 2271 2567 et
2290 2527 2554 2581 spernens
2576 2511 2987 2582 plasmatorem,
3013 2524 3071 2568 et
3093 2530 3197 2569 nou
3216 2513 3489 2581 subjectus

1914 2599 2097 2661 Verbo
2125 2603 2271 2675 ejus:
2306 2605 2401 2676 qui
2434 2604 2731 2673 plurimum
2762 2617 2977 2672 semper
3010 2604 3485 2677 fructificantibus,

1914 2703 1972 2750 et
1996 2694 2116 2765 plus
2148 2695 2478 2751 habentibus
2510 2695 2848 2752 Dominicum
2897 2706 3204 2767 argentum,
3230 2699 3487 2756 daturum

1913 2801 1972 2842 se
2002 2785 2275 2855 pollicitus
2306 2797 2428 2842 est:
2462 2804 2481 2839 ι
2522 2786 2694 2857 Euge,
2744 2807 2763 2841 ι
2794 2788 2991 2858 inquit,
3027 2807 3046 2841 ι
3087 2805 3243 2845 serve
3272 2790 3411 2848 bone
3432 2804 3489 2848 ct

1916 2878 2118 2942 fidelis,
2152 2879 2281 2949 quia
2316 2879 2370 2933 in
2403 2880 2617 2935 modico
2632 2879 2811 2937 ﬁdelis
2839 2880 3012 2945 fuisti,
3042 2895 3208 2951 super
3238 2885 3407 2939 multa
3434 2898 3489 2942 te

1913 2971 2264 3036 constituam;
2297 2970 2440 3025 intra
2470 2972 2524 3026 in
2550 2972 2806 3043 gaudium
2848 2973 3067 3028 Domini
3100 2976 3177 3030 tui
3204 2974 3273 3042 ”;
3312 2996 3333 3031 ι
3374 2978 3489 3047 ipse

1914 3060 2178 3116 Dominus
2207 3060 2501 3131 plurimum
2533 3063 2855 3132 promittens
2889 3064 3022 3136 (ιι).

1983 3150 2041 3208 5.
2080 3152 2236 3209 Sicut
2265 3169 2400 3223 ergo
2431 3171 2571 3210 nunc
2597 3155 3055 3214 fructiﬁcantibus
3076 3158 3368 3229 plurimum
3390 3163 3490 3219 da-

1908 3252 2175 3301 turumse
2223 3246 2496 3318 pollicitus
2543 3258 2647 3313 est,
2698 3250 2994 3304 secundum
3046 3253 3487 3309 munerationem

1905 3336 2098 3406 gratiae
2119 3352 2254 3403 suae,
2274 3338 2369 3393 sed
2394 3353 2499 3393 non
2516 3339 2809 3396 secundum
2827 3345 3311 3399 commutationem
3332 3346 3489 3418 agni-

1906 3429 2072 3487 tionis
2099 3428 2257 3502 (ipse
2288 3430 2401 3504 (65)
2429 3432 2572 3487 enim
2614 3432 2875 3489 Dominus
2896 3446 3233 3504 perseverat,
3264 3447 3318 3493 et
3345 3440 3488 3495 idem

1904 3518 2071 3576 Pater
2102 3520 2419 3595 revelatur);
2449 3524 2529 3579 sic
2551 3532 2753 3595 ergoet
2775 3527 3169 3595 posterioribus
3199 3529 3484 3599 majorem,

1907 3627 2069 3683 quant
2099 3627 2219 3683 qua:
2242 3614 2345 3669 fuit
2368 3615 2422 3669 in
2445 3616 2613 3670 veteri
2646 3625 2997 3680 testamento.
3051 3621 3486 3677 muneralionem

1908 3702 2098 3773 gratite
2123 3703 2374 3758 attribuit
2393 3719 2531 3761 unus
2551 3718 2605 3761 et
2631 3707 2772 3762 idem
2796 3707 3059 3763 Dominus
3083 3724 3179 3777 per
3208 3726 3366 3767 suum
3389 3714 3488 3767 ad-

1911 3804 2161 3847 ventum.
2195 3792 2362 3848 Etilli
2409 3794 2554 3850 enim
2581 3811 2680 3865 per
2719 3797 2950 3853 famulos
2972 3799 3265 3854 audiebant
3288 3812 3484 3857 ventu-

1910 3897 2029 3936 rmn
2061 3897 2267 3954 regem,
2306 3894 2363 3939 et
2390 3885 2742 3943 mediocriter
2767 3889 3078 3959 gaudebant
3125 3890 3261 3963 (ιθ).
3291 3908 3489 3948 secun-

1906 3972 2034 4027 dum
2084 3973 2229 4044 quod
2276 3974 2570 4040 sperabant
2622 3986 2910 4033 venturum
2959 3995 3123 4036 eum:
3173 3984 3266 4053 qui
3301 3995 3486 4043 autem

1912 4070 2237 4132 prmsentem
2269 4063 2544 4131 viderunt,
2592 4076 2648 4121 et
2680 4068 2987 4125 libertatem
3020 4071 3202 4142 adepti
3235 4082 3290 4128 et
3326 4072 3486 4145 potiti

1913 4164 2045 4211 sunt
2086 4154 2205 4224 ejus
2234 4158 2668 4214 munerationem
2701 4160 2833 4233 (47),
2867 4162 3127 4229 majorem
3159 4167 3392 4235 gratiam
3430 4178 3487 4223 et

1916 4248 2371 4306 abundantiorem
2402 4251 2823 4308 exsultationem
2867 4255 3069 4309 habent
3091 4259 3386 4326 gaudentes
3419 4262 3487 4315 de

1907 4340 2053 4411 regis
2112 4341 2393 4408 adventu,
2444 4343 2895 4414 quemadmodum
2952 4356 3005 4400 et
3072 4348 3237 4402 David
3306 4349 3481 4406 dicit:

1913 4446 1932 4479 ι
1958 4429 2159 4483 Anima
2185 4445 2305 4484 mea
2338 4430 2634 4485 exsultabit
2658 4432 2711 4485 in
2741 4434 2989 4498 Domino,
3008 4435 3397 4502 jucundabitur
3426 4440 3481 4494 in

2406 4524 2455 4557 "
2476 4522 2633 4582 Deut.
2685 4543 2859 4593 xxxii,
2899 4531 2953 4583 6.
3031 4529 3078 4561 "
3113 4530 3239 4601 Cap.
3286 4532 3479 4590 XXIV.

1975 4712 2089 4785 (ﬂ)
2137 4715 2221 4768 Ad
2252 4715 2440 4771 Deum.
2474 4717 2641 4772 Editt.
2668 4718 2852 4772 minus
2897 4720 3051 4780 bene.
3106 4739 3138 4775 a
3166 4721 3309 4777 Deo:
3350 4739 3479 4781 nam

1906 4786 2331 4869 mos-sequitur,
2354 4802 2559 4869 semper
2572 4788 2908 4869 proﬁcietad
2938 4789 3122 4845 Deum.

1977 4850 2090 4995 5‘3;
2134 4850 2408 4910 Inventus.
2443 4850 2633 4921 Editt.,
2661 4850 2916 4914 intentus.

1997 4924 2070 4995 μ
2110 4924 2297 4990 Ipse...
2314 4925 2599 4995 plurimum
2610 4927 2916 4994 promittens

2002 4924 2090 4995 44)
2110 4924 2297 4990 Ipse...
2314 4925 2599 4995 plurimum
2610 4927 2943 4994 promittens.
2965 4928 3054 4984 Sic
3072 4940 3226 4987 vetus
3243 4931 3384 4986 Feua
3394 4932 3455 4991 rd

1906 4993 2339 5072 cod.,'Clarom‘.
2374 5004 2440 5072 _et
2504 4993 2659 5072 Vo_s_s.
2717 4997 2822 5050 Alii
2886 5014 3219 5072 perperam,
3273 5003 3475 5072 ipse....

1905 5062 2195 5127 plurimum
2217 5064 2542 5138 promittens.
2576 5065 2699 5138 llaec
2726 5081 2851 5119 vero
2874 5062 2940 5122 ad
2972 5062 3352 5138 prmcedenti'a,
3374 5074 3476 5127 tia-

1907 5142 2081 5185 turum
2109 5150 2163 5187 se
2190 5134 2459 5209 pollicitus
2475 5135 2948 5209 est.Areferuntttr;
2972 5134 3078 5193 'nec
3109 5134 3478 5209 proinde'core

1902 5212 2095 5323 ruptus
2143 5212 2229 5259 est
2282 5204 2452 5270 locus,
2500 5215 2557 5259 ut
2582 5203 2784 5260 frustra
2826 5203 3135 5277 suspicatur
3165 5209 3477 5268 Feuardeu‘

1928 5286 2031 5323 ius.

1928 5286 2031 5325 ius.

1976 5338 2090 5483 E45;
2133 5339 2277 5423 Ipse.
2307 5340 2499 5423 ᾼὺτός,
2542 5344 2678 5396 idem
2702 5344 2880 5412 potius
2904 5345 2994 5401 hic
3016 5349 3147 5401 verti
3173 5350 3472 5405 debuisset.

1999 5411 2067 5466 46
2130 5409 2222 5483 Illi
2247 5428 2384 5465 emm
2407 5430 2498 5483 per
2527 5412 2758 5482 famulos
2784 5416 3069 5471 audiebant
3099 5428 3145 5472 et
3194 5419 3472 5474 mediocri-

1999 5409 2090 5482 46)
2130 5409 2223 5464 Illi
2247 5412 2384 5465 enim
2407 5430 2498 5482 per
2527 5409 2758 5482 famulos
2784 5416 3069 5471 audiebant
3099 5428 3145 5472 et
3194 5419 3478 5474 mediocri-

1906 5482 2328 5555 ter’ga’udeban‘t.
2354 5482 2442 5555 Al.
2468 5483 2738 5555 iltienim,
2760 5485 2849 5551 qui
2890 5500 2983 5551 per
3010 5486 3240 5555 famulos
3289 5490 3477 5545 audies

1908 5544 2033 5605 bon?
2157 5544 2490 5632 mediocriter
2511 5544 3096 5675 (silicet—)‘gaudeba'nt.

1981 5620 2092 5675 (47)
2140 5620 2577 5675 Moderationem.
2632 5626 2724 5675 διε
2798 5625 3096 5675 Μεμϐιωη

1981 5620 2092 5691 (47)
2140 5620 2577 5676 Moderationem.
2632 5620 2936 5689 Sic'Voss.,
2960 5625 3202 5681 Clarom.
3230 5643 3474 5682 remune-

1910 5690 2164 5745 rationem
2189 5705 2210 5754 ;
2238 5691 2442 5759 exteri,
2473 5692 2908 5748 munerationem.

3163 5856 3241 5911 32
