4222 6320
707 353 843 420 ὶθεῦ

707 484 931 539 salutari
958 484 1077 552 ejus
1100 482 1167 538 “.
1222 500 1240 534 ι
1269 481 1335 537 Et
1356 492 1581 553 propter
1611 485 1716 541 hoc
1738 484 2162 556 Hierosolymam
2192 486 2277 539 in-
2305 491 2351 550 Α

708 582 958 631 troeunte
980 589 1070 637 eo.
1100 590 1290 631 omnes
1319 575 1430 648 (48)
1459 577 1549 646 qui
1597 588 1749 633 erant
1802 578 1854 631 in
1888 578 1971 631 via
2025 576 2193 633 David
2224 578 2278 633 in

709 667 897 723 dolore
924 668 1140 735 animae,
1171 681 1547 739 cognoverunt
1596 685 1752 726 suum
1787 684 1993 741 regem,
2040 681 2094 726 et
2144 669 2279 725 sub-

709 764 1021 813 straverunt
1043 757 1091 813 ei
1112 760 1459 823 vestimenta,
1496 769 1552 815 et
1603 761 1769 815 ramis
1808 760 2071 815 viridibus
2119 762 2277 817 ador.

707 856 979 904 naveruat
996 848 1166 913 viam,
1202 864 1329 906 cum
1376 866 1573 921 magna
1608 852 1797 905 laetitia
1829 860 1883 907 et
1920 853 2282 908 exsultatione

710 937 1151 1010 clamantes-(l9)
1181 958 1196 993 :
1242 939 1550 1005 cliosanna,
1584 941 1657 995 fili
1690 941 1806 1015 (50)
1841 942 2030 1012 David,
2058 942 2283 999 benedi-

710 1040 831 1086 ctus
852 1031 946 1100 qui
966 1031 1117 1104 venit
1148 1031 1199 1085 in
1235 1032 1452 1088 nomine
1478 1032 1714 1096 Domini,
1751 1033 1993 1089 hosanna
2024 1036 2076 1088 in
2100 1033 2283 1090 excel-

710 1120 787 1175 sis
812 1120 882 1176 ⁸⁶.
927 1138 946 1173 ι
985 1118 1301 1176 Zelantibns
1352 1130 1535 1177 autem
1580 1122 1739 1177 malis
1790 1123 2282 1194 dispensatoribus,

708 1214 801 1283 qui
846 1213 1355 1269 circumveniebant
1400 1212 1712 1280 inferiores,
1764 1226 1822 1271 et
1864 1216 2285 1273 dominabantur

710 1319 921 1368 eorum,
956 1304 1161 1374 quibus
1189 1305 1341 1360 ratio
1368 1320 1471 1360 non
1503 1308 1807 1371 constabat,
1833 1317 1887 1363 et
1919 1319 2143 1379 propter
2181 1310 2285 1365 hoc

710 1396 1024 1474 nolentibus
1080 1395 1191 1467 (5l)
1235 1397 1451 1452 venisse
1498 1412 1706 1469 regem,
1743 1408 1795 1455 et
1825 1399 2129 1458 dicentibus
2175 1403 2223 1457 ei
2268 1420 2282 1459 :

718 1503 740 1537 ε
761 1485 930 1541 Audis
959 1486 1089 1555 quid
1124 1486 1214 1541 isti
1240 1487 1463 1543 dicunt?
1488 1507 1507 1541 ι
1536 1490 1613 1544 ait
1645 1490 1935 1547 Dominus:
1965 1490 2285 1563 «Nunquam

712 1577 953 1649 legistis:
981 1578 1058 1633 Ex
1090 1592 1187 1633 ore
1230 1576 1525 1634 infantium
1548 1590 1604 1635 et
1649 1581 1962 1637 lactentium
2010 1582 2287 1651 perfecisti

711 1667 926 1723 laudem
948 1666 1046 1723 "2
1082 1686 1103 1721 ι
1134 1667 1358 1739 ἰδ’(ιιιοά
1380 1684 1409 1723 a
1440 1668 1609 1724 David
1637 1669 1691 1724 in
1721 1670 1915 1727 Filium
1952 1672 2044 1727 Dei
2081 1674 2286 1729 dictum

713 1767 855 1825 erat,
886 1760 940 1814 in
971 1772 1032 1815 se
1057 1758 1261 1815 factum
1313 1760 1630 1823 ostendens.
1678 1770 1735 1817 et
1766 1761 2109 1835 signiﬁcans,
2165 1764 2287 1822 illos

1448 358 1502 418 S.
1541 360 1799 418 ιῐιεΝιει
1837 361 2147 421 EPISCOPI
2184 358 2671 420 LUGDUNENSIS
2707 360 2797 417 ET
2837 358 3191 418 MARTYRIS

3810 356 3960 419 1004

2831 482 2988 555 251
3032 478 3260 538 CAPUT
3302 479 3398 539 xu
3431 479 3499 536 ιδ.

2382 574 2640 629 Eumdem
2670 591 2780 630 esse
2806 576 3077 643 utriusque
3116 574 3245 643 legis
3278 582 3545 628 auctorem
3584 572 3708 627 hinc
3749 571 3965 643 liquido

2448 656 2656 715 patere,
2690 646 2828 715 quod
2874 640 3131 711 Christus,
3156 640 3467 697 traditiones
3499 653 3545 696 et
3580 660 3751 715 mores
3790 640 3964 715 ceteri

2453 713 2798 783 repugnantes
2814 715 3163 779 damnaverit,
3185 728 3390 767 summa
3409 728 3525 783 vero
3542 724 3589 765 et
3608 713 3962 783 eminentiora

2452 780 2611 854 hujus
2637 794 2895 851 prmcepta
2919 784 3325 852 conﬁrmaverit,
3347 798 3409 836 ac
3438 782 3664 849 “ipsum
3697 780 3965 837 Mosaicae

2453 856 2582 924 legis
2606 854 2762 922 ﬁnem
2784 870 2895 908 esse
2916 854 3172 909 docuerit.

2398 943 2745 1002 LSeuiorum
2768 946 2910 1001 enim
2944 946 3189 1016 ipsorum
3223 944 3479 1010 traditio,
3523 958 3686 1013 quam
3722 960 3787 1000 ex
3832 941 3971 1011 lego

2383 1038 2680 1094 observare
2717 1036 3025 1108 fingebant,
3052 1036 3326 1093 contraria
3364 1045 3487 1091 erat
3526 1035 3635 1107 legi
3669 1035 3806 1091 datae
3851 1048 3973 1105 per

2383 1129 2641 1201 Moysen).
2691 1126 2919 1197 Propter
2963 1129 3069 1183 hoc
3112 1137 3165 1183 et
3214 1127 3384 1184 Isaias
3429 1129 3556 1183 ait:
3611 1146 3630 1179 ι
3665 1126 3969 1196 Caupones

2388 1222 2463 1277 tui
2500 1220 2730 1276 miscent
2762 1219 2947 1275 vinum
2986 1235 3126 1290 aqua
3159 1219 3239 1286 ⁸⁸;
3281 1238 3301 1273 ι
3336 1226 3630 1276 ostendens
3670 1220 3811 1290 quod
3850 1231 3977 1274 an-

2386 1322 2532 1370 stero
2590 1312 2687 1368 Del
2738 1322 3011 1384 praecepto
3064 1313 3359 1370 miscerent
3401 1312 3649 1368 seniores
3702 1319 3978 1382 aquatam

2398 1405 2789 1471 traditionem,
2835 1405 2888 1459 id
2952 1413 3036 1460 est
3087 1404 3460 1475 aggredientes
3510 1401 3620 1476 (58)
3659 1402 3978 1458 adulteram

2392 1496 2565 1568 legem
2590 1539 2606 1565 ,
2651 1505 2706 1553 et
2733 1496 3064 1551 contrariam
3094 1494 3237 1565 legi,
3272 1496 3413 1551 sicut
3452 1505 3513 1551 et
3544 1496 3799 1551 Dominus
3829 1493 3983 1550 fecit

2388 1587 2759 1653 manifestum,
2792 1586 2979 1642 dicens
3000 1587 3082 1641 eis
3107 1606 3121 1641 :
3163 1586 3376 1654 «Quare
3397 1602 3491 1643 vos
3520 1586 3979 1657 transgredimini

2388 1687 2718 1749 praiceptum
2753 1676 2867 1741 Dei,
2895 1685 3119 1746 propter
3155 1675 3507 1730 traditionem
3538 1684 3775 1730 vestram
3798 1674 3843 1708 “
3875 1673 3909 1730 τ
3946 1690 3978 1729 ι

2396 1767 2515 1824 Νοη
2566 1768 2741 1824 solum
2788 1775 2969 1822 autem
3029 1780 3129 1837 per
3175 1765 3677 1836 praevaricationem
3715 1765 3982 1822 frustrati

714 1851 934 1920 quidem
978 1850 1190 1907 nescire
1225 1851 1484 1907 virtutem
1538 1848 1854 1924 Scriptura,
1892 1864 1947 1911 et
1975 1854 2287 1926 dispositio-
2319 1850 2361 1907 B
2388 1870 2512 1917 sunt
2546 1861 2722 1933 legem
2769 1859 2910 1927 Dei,
2957 1860 3253 1916 miscentes
3296 1860 3480 1913 viuum
3540 1872 3717 1927 aqua;
3759 1858 3851 1913 sed
3910 1866 3983 1912 et

714 1958 840 2000 nem
871 1944 1000 2011 Dei;
1031 1960 1090 2000 se
1120 1955 1303 2000 autem
1337 1959 1457 2002 esse
1501 1947 1597 2017 qui
1630 1962 1658 2001 a
1690 1948 1971 2019 prophetis
1996 1950 2289 2005 annuntia-

718 2046 806 2091 tus
828 2036 901 2091 sit
929 2034 1197 2103 Christus,
1223 2038 1380 2108 cujus
1416 2052 1613 2094 nomen
1662 2039 1717 2093 in
1746 2041 1893 2095 omni
1930 2049 2074 2095 terra
2100 2040 2289 2095 lauda-

717 2137 845 2194 tur;
875 2144 940 2183 ex
971 2142 1069 2183 ore
1119 2127 1412 2183 infantium
1452 2139 1500 2183 et
1528 2130 1843 2185 iacientium
1881 2131 2092 2187 laudem
2120 2131 2287 2202 perii-

716 2221 881 2275 cieuti
915 2220 1025 2293 (52)
1052 2235 1152 2275 suo
1175 2219 1359 2274 Patri:
1388 2230 1720 2289 quapropter
1740 2230 1795 2276 et
1825 2220 2032 2276 elevata
2064 2232 2149 2278 est
2175 2238 2290 2277 ma-

718 2316 1031 2386 gniﬁcentia
1070 2314 1185 2383 ejus
1213 2329 1377 2376 super
1406 2314 1599 2372 caelos.

788 2428 844 2485 4.
877 2428 933 2484 Si
952 2440 1082 2498 ergo
1112 2426 1255 2483 idem
1282 2426 1397 2497 ipse
1426 2426 1605 2494 adest,
1657 2429 1751 2500 qui
1795 2427 2121 2498 praedicatus
2154 2433 2288 2483 esta

719 2522 1021 2592 prophetis,
1052 2521 1195 2576 Deus
1221 2521 1481 2578 Dominus
1508 2520 1619 2595 (53)
1642 2530 1829 2577 noster
1861 2519 2021 2577 Jesus
2042 2518 2293 2575 Christus

719 2624 775 2667 et
798 2613 1064 2667 adventus
1095 2612 1215 2683 ejus
1239 2612 1539 2680 pleniorem
1564 2613 1792 2684 gratiam
1814 2620 1869 2667 et
1886 2612 2144 2681 majorem
2170 2626 2286 2664 mu—

719 2704 1064 2760 nerationem
1101 2704 1464 2759 attribuithis
1492 2706 1584 2772 qui
1610 2712 1971 2772 susceperunt
2000 2716 2152 2767 eum;
2184 2716 2293 2754 ma-

720 2795 1005 2859 nifestum,
1029 2797 1288 2865 quoniam
1315 2804 1369 2849 et
1399 2794 1564 2850 Pater
1580 2794 1718 2848 idem
1742 2793 1856 2863 ipse
1882 2801 1984 2858 est,
2002 2792 2145 2861 quia
2168 2806 2295 2859 pro-

721 2886 899 2956 phetis
921 2885 1272 2941 annuutialus
1302 2894 1408 2949 est,
1433 2895 1486 2939 et
1521 2900 1628 2940 non
1683 2885 1909 2938 alterius
1932 2883 2112 2937 Patris
2141 2883 2295 2950 agni-

722 2980 925 3033 tionem
965 2976 1096 3033 fecit
1133 2978 1363 3032 veniens
1389 2976 1579 3043 Filius,
1610 2976 1701 3031 sed
1725 2976 1968 3046 ejusdem
1998 2973 2087 3039 qui
2114 2972 2296 3027 abinl-

722 3070 801 3124 tio
836 3067 1164 3141 praedicatus
1220 3076 1321 3134 est,
1360 3082 1389 3120 a
1415 3082 1521 3136 quo
1559 3075 1615 3121 et
1661 3065 1964 3120 libertatem
1997 3064 2187 3120 detulit
2212 3064 2295 3119 his

722 3161 814 3232 qui
849 3160 1112 3232 legitime,
1137 3170 1190 3214 ct
1223 3175 1397 3229 prono
1424 3158 1630 3225 animo,
1678 3166 1734 3213 et
1776 3166 1887 3211 toto
1915 3157 2080 3211 corde
2110 3156 2296 3211 descr-

724 3255 882 3309 viuut
910 3251 1021 3326 (54)
1044 3253 1123 3308 ei:
1149 3251 1622 3321 contemptoribus
1663 3259 1865 3316 autem,
1890 3257 1948 3303 et
1980 3263 2083 3303 non
2108 3245 2293 3315 subje-

722 3349 829 3404 ctis
873 3348 1003 3412 Deo,
1054 3345 1148 3400 sed
1187 3344 1244 3399 in
1275 3343 1504 3413 gloriam
1535 3340 1646 3414 (55)
1690 3340 1965 3395 hominum
2000 3339 2297 3394 exteriores

726 3439 1030 3495 munditias
1060 3434 1172 3508 (56)
1206 3435 1539 3491 sectantibus
1568 3431 1709 3503 (quae
1730 3433 1783 3485 in
1834 3430 2058 3501 figuram
2086 3428 2296 3489 futuro-

727 3546 851 3589 rum
878 3530 1093 3586 tradita:
1117 3536 1273 3583 erant
1300 3568 1316 3591 ,
1348 3525 1495 3579 velut
1534 3524 1739 3578 umbrae
1793 3520 2070 3589 cujusdam
2094 3520 2298 3576 descri-

726 3622 965 3693 ptionem
1002 3618 1240 3672 faciente
1280 3616 1421 3685 lege,
1465 3625 1629 3682 atque
1660 3613 1969 3668 delineaute
1993 3613 2057 3667 de
2092 3620 2300 3681 tempo-

725 3712 1178 3774 ralibusmterna,
1227 3707 1295 3761 de
1356 3707 1589 3761 terrenis
1642 3704 1931 3776 caelestia),
1969 3704 2298 3773 fingentibus

728 3812 1013 3876 plusquam
1038 3816 1156 3869 quae
1198 3800 1344 3853 dicta
1388 3807 1515 3852 sunt
1550 3811 1672 3851 sese
1698 3795 2011 3858 observare,
2044 3804 2297 3865 tanquam

730 3896 1066 3966 diligentiam
1090 3908 1243 3949 suam
1266 3892 1427 3947 etiam
1453 3889 1554 3957 ipsi
1580 3890 1687 3943 Deo
1707 3887 2135 3969 praeferentibus,
2161 3886 2303 3941 intus

730 4002 913 4047 autem
946 3989 1123 4059 plenis
1150 3986 1450 4057 hypocrisi,
1480 3984 1801 4053 cupiditate,
1831 3991 1885 4035 et
1907 3982 2053 4035 omni
2074 3980 2300 4047 malitia,

733 4085 786 4140 in
810 4083 1201 4147 sempiternum
1226 4076 1335 4149 (57)
1360 4076 1540 4131 attulit
1566 4073 1951 4146 perditionem,
1980 4070 2304 4125 abscindens

730 4188 827 4229 eos
850 4188 881 4226 a
904 4173 1035 4225 vita.

2389 1967 2544 2008 suam
2574 1952 2745 2023 legem
2776 1968 2806 2007 e
2829 1951 3111 2007 contrario
3138 1958 3479 2013 statuerunt,
3512 1962 3633 2017 quae
3658 1962 3827 2019 usque
3861 1948 3985 2005 ad-

2389 2046 2496 2101 huc
2524 2044 2845 2101 Pharisaica
2879 2053 3127 2101 vocatur.
3202 2042 3258 2099 ln
3295 2056 3402 2113 qua
3450 2044 3694 2112 quaedam
3739 2040 3980 2112 quidem

2390 2137 2680 2203 auferunt,
2726 2138 2969 2206 quaedam
3000 2150 3137 2191 vero
3185 2136 3433 2200 addunt,
3463 2134 3711 2203 quaedam
3758 2142 3982 2197 autem,

2389 2228 2847 2299 quemadmodum
2869 2226 3079 2290 volunt,
3098 2227 3567 2296 interpretantur;
3592 2226 3785 2295 quibus
3804 2234 3985 2282 utun-

2394 2330 2483 2375 tur
2506 2318 2857 2389 singulariter
2888 2316 3135 2388 magistri
3190 2331 3425 2372 eorum:
3466 2330 3606 2386 quas
3642 2316 3985 2372 traditiones

2391 2410 2635 2467 volentes
2663 2410 2945 2465 vindicare
2976 2408 3109 2482 (59),
3138 2409 3241 2479 legi
3275 2409 3371 2463 Dei
3414 2409 3720 2464 instituenti
3747 2422 3841 2464 eos
3896 2407 3985 2463 ad

2394 2506 2682 2559 adventum
2712 2500 2822 2575 (60)
2852 2501 3055 2557 Christi
3084 2517 3190 2555 non
3227 2500 3456 2570 subjecti
3488 2516 3612 2557 esse
3640 2501 3935 2557 voluerunt
3962 2516 3985 2567 ;

2395 2598 2490 2651 sed
2521 2606 2575 2649 et
2607 2596 2893 2649 Dominum
2932 2594 3235 2663 arguebant
3278 2594 3334 2648 in
3377 2592 3623 2649 sabbatis
3655 2604 3982 2661 curantem,

2394 2689 2539 2757 quod
2570 2688 2785 2757 quidem
2812 2686 2953 2742 sicut
2975 2686 3345 2756 praediximus,
3367 2684 3452 2740 lex
3487 2700 3591 2740 non
3624 2684 3983 2756 prohibebat.

2396 2780 2609 2835 Etenim
2651 2779 2749 2848 ipsi
2803 2781 3102 2835 secundum
3155 2780 3362 2850 aliquid
3397 2781 3695 2847 corabant,
3728 2781 3987 2836 circum-

2398 2871 2643 2926 cideutcs
2677 2869 2789 2942 (61)
2826 2872 3100 2926 hominem
3127 2871 3179 2926 in
3207 2873 3471 2939 sabbato;
3523 2887 3582 2927 se
3619 2881 3794 2928 autem
3820 2872 3987 2942 ipsos

2399 2980 2504 3018 non
2541 2965 2975 3034 redarguebant,
3024 2980 3122 3036 per
3176 2965 3289 3038 (62)
3332 2968 3678 3023 traditionem
3733 2978 3789 3023 et
3827 2983 3989 3038 pra-

2403 3056 2606 3110 dictam
2662 3056 3034 3112 Pharisaicam
3085 3057 3258 3127 legem
3318 3061 3777 3130 transgredientes
3826 3076 3979 3129 pra-

2399 3156 2618 3215 ceptum
2657 3146 2783 3210 Dei,
2831 3156 2887 3201 et
2931 3158 3259 3217 praeceptum
3292 3147 3424 3219 legis
3461 3164 3569 3204 non
3598 3150 3891 3217 habentes,
3922 3150 3989 3207 id

2400 3247 2487 3294 est
2517 3238 2888 3305 dilectionem,
2925 3254 3045 3307 qua:
3075 3249 3159 3294 est
3180 3255 3305 3309 erga
3342 3240 3527 3295 Deum.

2471 3329 2525 3383 2.
2575 3330 2844 3397 Quoniam
2892 3342 3073 3387 autem
3125 3332 3229 3386 hoc
3277 3334 3508 3400 primum
3570 3343 3625 3388 et
3674 3336 3989 3393 maximum

2401 3432 2732 3494 praeceptum
2787 3432 2893 3489 est,
2947 3438 3181 3493 sequens
3221 3434 3402 3479 autem
3457 3439 3585 3493 erga
3637 3428 3987 3495 proximum,

2403 3512 2671 3568 Dominus
2696 3514 2903 3579 docuit,
2938 3523 3111 3568 totam
3136 3514 3304 3583 legem
3338 3526 3392 3569 ct
3424 3517 3712 3586 prophetas
3740 3517 3993 3587 pendere

2405 3604 2593 3661 dicens
2650 3620 2717 3660 ex
2766 3605 2901 3673 ipsis
2957 3608 3262 3674 praeceptis.
3321 3604 3384 3659 Et
3438 3608 3553 3677 ipse
3602 3617 3782 3662 autem
3827 3608 3990 3664 aliud

2406 3703 2580 3771 majus
2619 3701 2720 3756 hoc
2762 3709 3035 3771 praecepto
3078 3713 3184 3753 nou
3232 3699 3447 3767 detulit,
3504 3702 3599 3756 sed
3647 3704 3751 3758 hoc
3803 3706 3989 3773 ipsum

2409 3792 2689 3848 renovavit
2719 3792 2833 3846 suis
2869 3791 3173 3861 discipulis,
3216 3792 3413 3861 jubens
3436 3794 3516 3849 eis
3543 3795 3710 3850 Deum
3748 3797 3991 3867 diligere

2410 3899 2473 3939 ex
2524 3891 2634 3938 toto
2682 3883 2885 3945 corde,
2924 3890 2978 3936 et
3019 3890 3249 3937 caeteros
3298 3886 3757 3952 quemadmodum
3793 3904 3870 3943 se.
3927 3890 3989 3947 Si

2408 3986 2590 4029 autem
2620 3976 2687 4028 ab
2710 3974 2816 4027 alio
2846 3974 3221 4030 descendisset
3250 3974 3435 4044 Patre,
3468 3993 3744 4048 nunquam
3773 3995 3839 4036 ex
3862 3982 3989 4052 lege

2410 4069 2586 4137 primo
2620 4076 2672 4122 et
2716 4081 2929 4121 summo
2967 4080 3096 4123 usus
3122 4077 3268 4123 esset
3307 4080 3609 4139 praecepto,
3653 4072 3747 4126 sed
3794 4074 3990 4143 utique

2412 4161 2721 4214 omnimodo
2759 4162 3059 4217 eniteretur
3094 4159 3274 4230 majus
3320 4162 3425 4215 hoc
3470 4175 3498 4213 a
3544 4163 3790 4231 perfecto
3821 4163 3989 4221 Patre

820 4358 860 4397 ⁶¹
904 4360 1047 4417 Psal.
1093 4372 1286 4424 xxxiv,
1323 4359 1377 4413 9.
1454 4356 1497 4388 ⁸³
1532 4355 1725 4410 Matth.
1760 4368 1879 4420 xxI,
1917 4352 1969 4407 9.
2051 4350 2097 4383 ⁸³
2130 4352 2285 4417 lbid.,
2318 4350 2405 4408 ιθ.
2479 4351 2524 4383 ⁸⁵
2549 4352 2682 4421 Cap.
2708 4350 2771 4406 X‘.

2393 4392 2405 4408 .
2479 4351 2524 4383 ⁸⁵
2549 4352 2682 4421 Cap.
2708 4350 2877 4406 XXV.
2951 4352 2997 4383 "
3028 4353 3127 4407 lsa.
3162 4366 3201 4414 ι,
3225 4349 3315 4406 22.
3370 4350 3415 4385 “
3458 4351 3651 4407 Matth.
3682 4370 3770 4416 xv,
3798 4354 3853 4410 ὅ.

807 4526 917 4600 (48)
957 4526 1262 4600 Introeunte
1294 4540 1374 4586 eo,
1404 4538 1602 4576 omnes.
1636 4521 1797 4575 Vetus
1825 4516 2056 4574 Fcuard.
2089 4518 2211 4573 cod.
2244 4526 2299 4573 et
2330 4504 2377 4563 Β
2404 4520 2458 4572 in
2486 4520 2675 4600 gloria.

734 4597 998 4656 Clarum,
1032 4597 1344 4652 introeunte.
1372 4608 1489 4644 eum
1522 4607 1717 4645 omnes.

810 4668 919 4740 (49)
950 4666 1271 4740 Clamantes.
1304 4662 1369 4715 Et
1403 4664 1651 4740 dicentes,
1702 4658 1848 4729 quod
1897 4657 2100 4715 addunt
2122 4658 2300 4725 editt.,

736 4732 1249 4795 oniisi'auctoritate
1276 4732 1517 4786 omnium
1550 4747 1678 4785 mss.

810 4805 925 4879 (50)
974 4804 1105 4879 Fili.
1156 4802 1518 4879 lu_Arundel.
1554 4817 1675 4879 cum
1725 4798 2300 4879 quihusdamﬂiilrasm.

739 4870 981 4934 edittfet
1016 4875 1190 4929 Oxon.
1212 4874 1374 4942 juxta
1390 4872 1756 4941 evangelicum
1793 4881 2021 4942 textum,
2045 4870 2177 4936 ﬁlio.

812 4946 923 5017 (5|)
982 4938 1314 4998 Nolentiﬁus.
1338 4938 1559 4995 Credere
1603 4942 1816 4995 additur
1844 4940 1895 4993 in
1928 4942 2107 5005 editt.,
2133 4941 2226 4995 sed
2251 4938 2304 4991 in

741 5018 887 5073 nullo
922 5030 1055 5069 mss.
1086 5023 1402 5068 nostrorum
1439 5021 1685 5079 apparet.

813 5085 922 5159 (52)
954 5082 1282 5159 Per/ieienti.
1312 5084 1557 5159 ῥίς-ωδε.
1586 5093 1799 5159 omnes,
1831 5081 1949 5159 nisi
1963 5081 2102 5159 quod
2124 5079 2305 5133 Ottob.

740 5172 793 5214 et
813 5148 980 5211 Merc.
1024 5148 1067 5206 2’
1107 5153 1302 5206 vitiose
1334 5152 1571 5207 habeant
1594 5150 1878 5217 perfecisti.
1911 5148 2161 5204 Editores
2180 5162 2309 5202 vero

740 5233 1042 5298 posuerunt
1073 5222 1409 5298 perﬁciendi,
1447 5219 1587 5275 haud
1629 5224 1973 5298 advertentes
2019 5218 2311 5298 perﬁcienti

742 5290 1035 5351 ablativum
1060 5291 1360 5346 absolutum
1382 5306 1522 5352 esse,
1552 5304 1615 5343 ac
1642 5290 2148 5361 subintelligemlum
2179 5290 2311 5356 ipso,

743 5367 996 5419 videlicet
1029 5363 1265 5428 Christo,
1312 5372 1369 5415 ut
1402 5363 1472 5415 sit
1496 5374 1688 5414 sensus
1718 5382 1729 5414 ;
1772 5361 1881 5428 ipso
1901 5361 2199 5428 per/iciente
2216 5372 2311 5411 suo

743 5435 919 5490 Patri.

819 5504 931 5576 (53)
954 5502 1097 5578 Deus
1116 5502 1389 5578 Dentium.
1415 5501 1504 5578 Sic
1522 5500 1755 5555 Clarom.
1775 5501 1828 5578 lu
1854 5501 2085 5578 Feuard.
2115 5515 2304 5578 marg,

744 5570 954 5628 Aruud.
981 5585 1035 5627 et
1060 5573 1239 5639 Voss.,
1262 5573 1403 5626 Deus
1434 5576 1718 5627 duntaxat.
1774 5573 1828 5625 lu
1860 5574 2097 5636 mutetis,
2132 5570 2315 5623 Domi-

748 5662 844 5699 ηιμ
878 5654 1104 5698 tantum.

842 5713 931 5777 56)
980 5712 1573 5777 Deserviunt.Clarotn.,
1601 5715 1910 5769 deseruient.

844 5714 909 5766 55
980 5713 1910 5777 Deserviunt.Clarotn.,deservient.

844 5713 931 5854 553
986 5784 1046 5837 In
1082 5786 1322 5853 gloriam.
1350 5783 1422 5837 Ita
1458 5787 1692 5841 Clarout.
1725 5786 1915 5840 melius
1948 5800 2106 5853 quam
2127 5787 2313 5839 caeteri

2477 4590 2587 4661 (56)
2638 4590 2947 4663 Exteriores
2974 4590 3282 4663 munditias.
3321 4587 3987 4663 Sicfeuard._in_marg.,

2403 4658 2639 4715 Clarum.
2666 4673 2723 4715 et
2765 4660 2919 4713 Voss.
2974 4659 3163 4713 melius
3209 4674 3371 4729 quam
3417 4660 3611 4723 Eras.,
3677 4658 3987 4719 Gallasfet

2405 4731 2637 4785 Fcuard.
2677 4732 2729 4782 in
2758 4740 2930 4791 textu,
2966 4732 3250 4783 exteriores
3275 4745 3351 4783 res
3379 4731 3561 4783 mundi
3590 4729 3775 4798 hujus.

2478 4798 2589 4870 (57)
2650 4798 2714 4852 In
2738 4801 3129 4870 sempiternum.
3161 4799 3304 4852 Edit.
3338 4800 3728 4870 sempiternam.

2479 4868 2593 4941 (58)
2628 4868 3262 4941 Aggrediemes.’GAr:ece.
3295 4870 3347 4922 ni
3385 4868 3562 4941 fallor,
3589 4868 3989 4941 ἐγχειροῦντες,

2409 4940 2511 5003 vel,
2546 4940 2983 5012 ἐπιχειροῦντες,
3018 4938 3286 5012 fabricati,
3314 4940 3499 5012 moliti,
3531 4938 3848 5012 statuentes,
3878 4951 3987 4995 etc.

2480 5011 2593 5081 (59)
2634 5007 2934 5081 Vin'dicare.
2967 5011 3021 5081 In
3042 5008 3298 5081 Feuard.,
3326 5009 3493 5081 Grab.
3514 5018 3583 5081 _et
3600 5007 3994 5081 Voss.,Ace-rtdi-

2409 5076 2529 5134 care
2551 5076 2584 5148 ;”
2604 5082 2655 5134 ἰιι
2683 5080 2943 5134 Arundel.
2974 5079 3269 5143 vindicari;
3300 5081 3393 5133 sed
3427 5080 3479 5132 in
3510 5076 3666 5132 Eras.
3695 5092 3751 5132 et
3782 5078 3989 5135 Gallae.

2413 5160 2668 5221 corrupte
2686 5152 2953 5218 judicare.

2485 5216 2595 5288 (60')
2622 5216 2704 5273 Ad
2737 5222 3036 5275 adventum.
3066 5220 3149 5273 Ad
3183 5234 3249 5273 ex
3280 5218 3491 5288 Arund.
3520 5226 3573 5288 et
3593 5217 3759 5288 Merc.
3785 5216 3823 5271 2
3846 5228 3993 5274 recte

2416 5286 2613 5360 adjecit
2640 5291 2887 5360 Gralnln
2925 5294 3047 5344 cod.
3085 5288 3261 5344 Vatic.
3295 5300 3429 5343 teste
3455 5287 3516 5342 L.
3547 5286 3783 5352 Latinio,
3818 5291 3873 5343 in
3900 5293 3993 5341 ad-

2416 5358 2643 5414 ventum.
2677 5362 2731 5414 lu
2762 5358 3025 5422 Claront.,
3058 5361 3103 5415 si
3135 5362 3273 5414 bene
3301 5360 3497 5430 legam,
3526 5360 3815 5424 scribitur,
3835 5361 3989 5413 insti-

2418 5433 2612 5485 tuentis
2638 5436 2711 5484 eis
2738 5431 3015 5484 adventant
3049 5430 3269 5485 Christi.

2412 5544 2419 5552 .
2489 5503 2601 5568 (61)
2635 5502 2831 5569 Ipsi
2858 5503 3150 5563 curabant,
3198 5499 3645 5554 circumridentet.
3687 5498 3811 5567 Ipse
3832 5515 3991 5556 cura-

2420 5575 2525 5630 bat.
2559 5570 2971 5635 circumcideus,
3002 5572 3056 5624 in
3099 5572 3415 5643 Cl:_trom._et
3438 5569 3683 5643 Anglic,
3706 5573 3988 5643 exceptis,

2419 5644 2593 5721 qttoad
2626 5643 2869 5721 ultimam
2894 5658 3111 5721 vocem,
3140 5640 3365 5720 Merc?
3396 5642 3553 5721 codd.
3585 5639 3823 5721 Atnputu
3844 5639 3864 5705 ζ
3884 5646 3989 5711 ipse

2420 5717 2723 5770 scribarum
2752 5713 2995 5779 sphahna
3031 5727 3168 5770 esse.
3195 5726 3292 5780 pro
3322 5712 3455 5777 ipsa,
3484 5710 3566 5762 lex
3590 5710 3826 5767 scilicet.

2494 5784 2604 5853 ((3:2)
2652 5781 2770 5837 Per.
2799 5782 2959 5836 Merc.
2983 5783 3015 5836 2
3038 5792 3091 5837 ct
3126 5780 3303 5836 Ottob.
3340 5790 3569 5837 urouter.
