  <div class='ocr_page' id='page_1' title='image "/cluster/home/n/w/nwhite01/storage/ocr_20150623/7 pars.1/pst.000005711833/534.png"; bbox 0 0 4222 6320; ppageno 0'>
   <div class='ocr_carea' id='block_1_1' title="bbox 307 453 447 513">
    <p class='ocr_par' dir='ltr' id='par_1_1' title="bbox 307 453 447 513">
     <span class='ocr_line' id='line_1_1' title="bbox 307 453 447 513; baseline 0.014 -2"><span class='ocrx_word' id='word_1_1' title='bbox 307 453 447 513; x_wconf 67' lang='grc'>1006</span> 
     </span>
    </p>
   </div>
   <div class='ocr_carea' id='block_1_2' title="bbox 1444 454 2394 515">
    <p class='ocr_par' dir='ltr' id='par_1_2' title="bbox 1444 454 2394 515">
     <span class='ocr_line' id='line_1_2' title="bbox 1444 454 2394 515; baseline 0 0"><span class='ocrx_word' id='word_1_2' title='bbox 1444 456 1723 515; x_wconf 78' lang='lat' dir='ltr'><strong>CONTRA</strong></span> <span class='ocrx_word' id='word_1_3' title='bbox 1755 454 2097 515; x_wconf 68' lang='grc' dir='ltr'><strong>ΗΕΒεὸΕὸ</strong></span> <span class='ocrx_word' id='word_1_4' title='bbox 2130 454 2259 511; x_wconf 80' lang='lat' dir='ltr'><strong>LIB.</strong></span> <span class='ocrx_word' id='word_1_5' title='bbox 2302 454 2394 515; x_wconf 77' lang='lat' dir='ltr'><strong>IV.</strong></span> 
     </span>
    </p>
   </div>
   <div class='ocr_carea' id='block_1_3' title="bbox 3423 457 3561 519">
    <p class='ocr_par' dir='ltr' id='par_1_3' title="bbox 3423 457 3561 519">
     <span class='ocr_line' id='line_1_3' title="bbox 3423 457 3561 519; baseline 0.036 -5"><span class='ocrx_word' id='word_1_6' title='bbox 3423 457 3561 519; x_wconf 69' lang='grc'>1008</span> 
     </span>
    </p>
   </div>
   <div class='ocr_carea' id='block_1_4' title="bbox 307 568 3561 645">
    <p class='ocr_par' dir='ltr' id='par_1_4' title="bbox 307 568 3561 645">
     <span class='ocr_line' id='line_1_4' title="bbox 307 568 3561 645; baseline 0 -19"><span class='ocrx_word' id='word_1_7' title='bbox 307 573 541 634; x_wconf 85' lang='lat' dir='ltr'><strong>deferre.</strong></span> <span class='ocrx_word' id='word_1_8' title='bbox 577 586 683 629; x_wconf 83' lang='lat' dir='ltr'><strong>non</strong></span> <span class='ocrx_word' id='word_1_9' title='bbox 712 588 779 629; x_wconf 88' lang='lat' dir='ltr'><strong>eo</strong></span> <span class='ocrx_word' id='word_1_10' title='bbox 806 573 909 637; x_wconf 90' lang='lat' dir='ltr'><strong>uti.</strong></span> <span class='ocrx_word' id='word_1_11' title='bbox 934 574 1077 644; x_wconf 88' lang='lat' dir='ltr'><strong>quod</strong></span> <span class='ocrx_word' id='word_1_12' title='bbox 1100 588 1129 628; x_wconf 90' lang='lat' dir='ltr'><strong>a</strong></span> <span class='ocrx_word' id='word_1_13' title='bbox 1157 573 1268 630; x_wconf 92' lang='lat' dir='ltr'><strong>Deo</strong></span> <span class='ocrx_word' id='word_1_14' title='bbox 1292 573 1427 645; x_wconf 85' lang='lat' dir='ltr'><strong>legis</strong></span> <span class='ocrx_word' id='word_1_15' title='bbox 1452 575 1652 630; x_wconf 83' lang='lat' dir='ltr'><strong>ruisset</strong></span> <span class='ocrx_word' id='word_1_16' title='bbox 1674 575 1881 629; x_wconf 88' lang='lat' dir='ltr'><strong>datum.</strong></span> <span class='ocrx_word' id='word_1_17' title='bbox 1915 578 1961 635; x_wconf 76' lang='grc' dir='ltr'><strong>Α</strong></span> <span class='ocrx_word' id='word_1_18' title='bbox 1984 570 2255 641; x_wconf 89' lang='lat' dir='ltr'><strong>justitiam</strong></span> <span class='ocrx_word' id='word_1_19' title='bbox 2294 568 2407 644; x_wconf 82' lang='grc'>(66)</span> <span class='ocrx_word' id='word_1_20' title='bbox 2438 568 2684 626; x_wconf 80' lang='lat' dir='ltr'><strong>volentes</strong></span> <span class='ocrx_word' id='word_1_21' title='bbox 2727 576 3000 636; x_wconf 87' lang='lat' dir='ltr'><strong>statuere,</strong></span> <span class='ocrx_word' id='word_1_22' title='bbox 3041 570 3272 640; x_wconf 72' lang='lat' dir='ltr'><strong>iustitiae</strong></span> <span class='ocrx_word' id='word_1_23' title='bbox 3306 570 3399 627; x_wconf 87' lang='lat' dir='ltr'><strong>Dei</strong></span> <span class='ocrx_word' id='word_1_24' title='bbox 3452 588 3561 627; x_wconf 87' lang='lat' dir='ltr'><strong>non</strong></span> 
     </span>
    </p>
   </div>
   <div class='ocr_carea' id='block_1_5' title="bbox 307 654 1880 736">
    <p class='ocr_par' dir='ltr' id='par_1_5' title="bbox 307 654 1880 736">
     <span class='ocr_line' id='line_1_5' title="bbox 307 654 1880 736; baseline 0.002 -20"><span class='ocrx_word' id='word_1_25' title='bbox 307 659 373 716; x_wconf 82' lang='lat' dir='ltr'><strong>Et</strong></span> <span class='ocrx_word' id='word_1_26' title='bbox 421 662 626 721; x_wconf 80' lang='lat' dir='ltr'><strong>Paulus</strong></span> <span class='ocrx_word' id='word_1_27' title='bbox 678 672 862 719; x_wconf 85' lang='lat' dir='ltr'><strong>autem</strong></span> <span class='ocrx_word' id='word_1_28' title='bbox 908 682 967 717; x_wconf 89' lang='lat'><strong>:«</strong></span> <span class='ocrx_word' id='word_1_29' title='bbox 996 666 1348 736; x_wconf 83' lang='lat' dir='ltr'><strong>Adimpletio,</strong></span> <span class='ocrx_word' id='word_1_30' title='bbox 1378 686 1397 719; x_wconf 80' lang='grc' dir='ltr'><strong>ι</strong></span> <span class='ocrx_word' id='word_1_31' title='bbox 1426 654 1636 736; x_wconf 88' lang='lat' dir='ltr'><strong>inquit,</strong></span> <span class='ocrx_word' id='word_1_32' title='bbox 1668 684 1686 718; x_wconf 92' lang='lat'><strong>«</strong></span> <span class='ocrx_word' id='word_1_33' title='bbox 1720 664 1880 733; x_wconf 84' lang='lat' dir='ltr'><strong>legis,</strong></span> 
     </span>
    </p>
   </div>
   <div class='ocr_carea' id='block_1_6' title="bbox 1988 658 3560 731">
    <p class='ocr_par' dir='ltr' id='par_1_6' title="bbox 1988 658 3560 731">
     <span class='ocr_line' id='line_1_6' title="bbox 1988 658 3560 731; baseline 0 -16"><span class='ocrx_word' id='word_1_34' title='bbox 1988 670 2117 716; x_wconf 88' lang='lat' dir='ltr'><strong>sunt</strong></span> <span class='ocrx_word' id='word_1_35' title='bbox 2147 658 2403 729; x_wconf 81' lang='lat' dir='ltr'><strong>subjecti.</strong></span> <span class='ocrx_word' id='word_1_36' title='bbox 2479 658 2633 716; x_wconf 83' lang='lat' dir='ltr'><strong>Finis</strong></span> <span class='ocrx_word' id='word_1_37' title='bbox 2662 660 2809 717; x_wconf 87' lang='lat' dir='ltr'><strong>enim</strong></span> <span class='ocrx_word' id='word_1_38' title='bbox 2839 659 2974 731; x_wconf 94' lang='lat' dir='ltr'><strong>legis</strong></span> <span class='ocrx_word' id='word_1_39' title='bbox 2999 658 3271 726; x_wconf 88' lang='lat' dir='ltr'><strong>Christus,</strong></span> <span class='ocrx_word' id='word_1_40' title='bbox 3307 664 3375 717; x_wconf 87' lang='lat' dir='ltr'><strong>ad</strong></span> <span class='ocrx_word' id='word_1_41' title='bbox 3393 660 3560 730; x_wconf 82' lang='lat' dir='ltr'><strong>justi-</strong></span> 
     </span>
    </p>
   </div>
   <div class='ocr_carea' id='block_1_7' title="bbox 305 749 1928 829">
    <p class='ocr_par' dir='ltr' id='par_1_7' title="bbox 305 756 1881 829">
     <span class='ocr_line' id='line_1_7' title="bbox 305 756 1881 829; baseline 0.003 -17"><span class='ocrx_word' id='word_1_42' title='bbox 305 756 525 813; x_wconf 89' lang='lat' dir='ltr'><strong>dilectio</strong></span> <span class='ocrx_word' id='word_1_43' title='bbox 546 756 595 789; x_wconf 83' lang='grc'><strong>⁸⁷</strong></span> <span class='ocrx_word' id='word_1_44' title='bbox 619 774 634 809; x_wconf 88' lang='lat'><strong>:</strong></span> <span class='ocrx_word' id='word_1_45' title='bbox 679 774 698 808; x_wconf 80' lang='grc' dir='ltr'><strong>ι</strong></span> <span class='ocrx_word' id='word_1_46' title='bbox 726 765 782 812; x_wconf 90' lang='lat' dir='ltr'><strong>et</strong></span> <span class='ocrx_word' id='word_1_47' title='bbox 805 757 1058 812; x_wconf 88' lang='lat' dir='ltr'><strong>omnibus</strong></span> <span class='ocrx_word' id='word_1_48' title='bbox 1085 758 1297 813; x_wconf 66' lang='lat' dir='ltr'><strong>caeteris</strong></span> <span class='ocrx_word' id='word_1_49' title='bbox 1324 760 1624 829; x_wconf 85' lang='lat' dir='ltr'><strong>evacuatis,</strong></span> <span class='ocrx_word' id='word_1_50' title='bbox 1659 774 1881 816; x_wconf 88' lang='lat' dir='ltr'><strong>manere</strong></span> 
     </span>
    </p>
   </div>
   <div class='ocr_carea' id='block_1_8' title="bbox 1947 749 3559 829">
    <p class='ocr_par' dir='ltr' id='par_1_8' title="bbox 1988 749 3559 824">
     <span class='ocr_line' id='line_1_8' title="bbox 1988 749 3559 824; baseline 0.001 -19"><span class='ocrx_word' id='word_1_51' title='bbox 1988 752 2121 806; x_wconf 88' lang='lat' dir='ltr'><strong>tiam</strong></span> <span class='ocrx_word' id='word_1_52' title='bbox 2148 749 2430 824; x_wconf 83' lang='lat' dir='ltr'><strong>(67)_omni</strong></span> <span class='ocrx_word' id='word_1_53' title='bbox 2458 750 2702 807; x_wconf 86' lang='lat' dir='ltr'><strong>credenti</strong></span> <span class='ocrx_word' id='word_1_54' title='bbox 2719 750 2786 804; x_wconf 67' lang='grc'><strong>⁸⁸.</strong></span> <span class='ocrx_word' id='word_1_55' title='bbox 2820 769 2839 803; x_wconf 82' lang='grc' dir='ltr'><strong>ι</strong></span> <span class='ocrx_word' id='word_1_56' title='bbox 2878 750 2943 805; x_wconf 83' lang='grc' dir='ltr'>Ει</span> <span class='ocrx_word' id='word_1_57' title='bbox 2970 753 3244 820; x_wconf 89' lang='lat' dir='ltr'><strong>quomodo</strong></span> <span class='ocrx_word' id='word_1_58' title='bbox 3272 751 3397 806; x_wconf 88' lang='lat' dir='ltr'><strong>finis</strong></span> <span class='ocrx_word' id='word_1_59' title='bbox 3421 750 3559 821; x_wconf 86' lang='lat' dir='ltr'><strong>legis</strong></span> 
     </span>
    </p>
   </div>
   <div class='ocr_carea' id='block_1_9' title="bbox 306 838 3557 919">
    <p class='ocr_par' dir='ltr' id='par_1_9' title="bbox 306 838 3557 919">
     <span class='ocr_line' id='line_1_9' title="bbox 306 838 3557 919; baseline -0.002 -15"><span class='ocrx_word' id='word_1_60' title='bbox 306 849 497 918; x_wconf 83' lang='lat' dir='ltr'><strong>iidem,</strong></span> <span class='ocrx_word' id='word_1_61' title='bbox 562 863 752 919; x_wconf 86' lang='lat' dir='ltr'><strong>spem,</strong></span> <span class='ocrx_word' id='word_1_62' title='bbox 808 848 1195 917; x_wconf 81' lang='lat' dir='ltr'><strong>dilectionem;</strong></span> <span class='ocrx_word' id='word_1_63' title='bbox 1241 850 1500 919; x_wconf 70' lang='lat' dir='ltr'><strong>majorem</strong></span> <span class='ocrx_word' id='word_1_64' title='bbox 1536 861 1716 907; x_wconf 77' lang='lat' dir='ltr'><strong>autem</strong></span> <span class='ocrx_word' id='word_1_65' title='bbox 1755 866 1878 907; x_wconf 74' lang='lat' dir='ltr'><strong>esse</strong></span> <span class='ocrx_word' id='word_1_66' title='bbox 1984 840 2272 905; x_wconf 77' lang='lat' dir='ltr'><strong>Christus.</strong></span> <span class='ocrx_word' id='word_1_67' title='bbox 2322 841 2368 896; x_wconf 90' lang='lat' dir='ltr'><strong>si</strong></span> <span class='ocrx_word' id='word_1_68' title='bbox 2408 853 2512 896; x_wconf 93' lang='lat' dir='ltr'><strong>non</strong></span> <span class='ocrx_word' id='word_1_69' title='bbox 2556 848 2613 895; x_wconf 88' lang='lat' dir='ltr'><strong>et</strong></span> <span class='ocrx_word' id='word_1_70' title='bbox 2639 840 2855 895; x_wconf 89' lang='lat' dir='ltr'><strong>initium</strong></span> <span class='ocrx_word' id='word_1_71' title='bbox 2886 838 3004 909; x_wconf 84' lang='lat' dir='ltr'><strong>ejus</strong></span> <span class='ocrx_word' id='word_1_72' title='bbox 3036 850 3220 909; x_wconf 90' lang='lat' dir='ltr'><strong>esset;</strong></span> <span class='ocrx_word' id='word_1_73' title='bbox 3279 842 3371 911; x_wconf 90' lang='lat' dir='ltr'><strong>qui</strong></span> <span class='ocrx_word' id='word_1_74' title='bbox 3406 843 3557 898; x_wconf 90' lang='lat' dir='ltr'><strong>enim</strong></span> 
     </span>
    </p>
   </div>
   <div class='ocr_carea' id='block_1_10' title="bbox 299 927 1928 1013">
    <p class='ocr_par' dir='ltr' id='par_1_10' title="bbox 299 939 1878 1013">
     <span class='ocr_line' id='line_1_10' title="bbox 299 939 1878 1013; baseline 0.002 -16"><span class='ocrx_word' id='word_1_75' title='bbox 299 942 544 997; x_wconf 87' lang='lat' dir='ltr'><strong>omnium</strong></span> <span class='ocrx_word' id='word_1_76' title='bbox 575 939 928 995; x_wconf 77' lang='lat' dir='ltr'><strong>dilectionem</strong></span> <span class='ocrx_word' id='word_1_77' title='bbox 980 941 1051 1005; x_wconf 80' lang='grc'><strong>⁸³,</strong></span> <span class='ocrx_word' id='word_1_78' title='bbox 1097 951 1153 997; x_wconf 90' lang='lat' dir='ltr'><strong>et</strong></span> <span class='ocrx_word' id='word_1_79' title='bbox 1188 956 1363 1011; x_wconf 89' lang='lat' dir='ltr'><strong>neque</strong></span> <span class='ocrx_word' id='word_1_80' title='bbox 1394 945 1724 1013; x_wconf 75' lang='lat' dir='ltr'><strong>agnitionem</strong></span> <span class='ocrx_word' id='word_1_81' title='bbox 1757 944 1878 1000; x_wconf 86' lang='lat' dir='ltr'><strong>sine</strong></span> 
     </span>
    </p>
   </div>
   <div class='ocr_carea' id='block_1_11' title="bbox 1947 927 3561 1013">
    <p class='ocr_par' dir='ltr' id='par_1_11' title="bbox 1985 927 3561 1002">
     <span class='ocr_line' id='line_1_11' title="bbox 1985 927 3561 1002; baseline 0.004 -20"><span class='ocrx_word' id='word_1_82' title='bbox 1985 929 2146 985; x_wconf 82' lang='lat' dir='ltr'><strong>linem</strong></span> <span class='ocrx_word' id='word_1_83' title='bbox 2182 928 2402 994; x_wconf 90' lang='lat' dir='ltr'><strong>intulit,</strong></span> <span class='ocrx_word' id='word_1_84' title='bbox 2452 927 2544 984; x_wconf 87' lang='lat' dir='ltr'><strong>hic</strong></span> <span class='ocrx_word' id='word_1_85' title='bbox 2579 938 2636 984; x_wconf 90' lang='lat' dir='ltr'><strong>et</strong></span> <span class='ocrx_word' id='word_1_86' title='bbox 2664 929 2882 983; x_wconf 85' lang='lat' dir='ltr'><strong>initium</strong></span> <span class='ocrx_word' id='word_1_87' title='bbox 2912 939 3169 1000; x_wconf 81' lang='lat' dir='ltr'><strong>operatus</strong></span> <span class='ocrx_word' id='word_1_88' title='bbox 3191 940 3306 999; x_wconf 89' lang='lat' dir='ltr'><strong>est;</strong></span> <span class='ocrx_word' id='word_1_89' title='bbox 3346 941 3404 987; x_wconf 92' lang='lat' dir='ltr'><strong>et</strong></span> <span class='ocrx_word' id='word_1_90' title='bbox 3441 931 3561 1002; x_wconf 90' lang='lat' dir='ltr'><strong>ipse</strong></span> 
     </span>
    </p>
   </div>
   <div class='ocr_carea' id='block_1_12' title="bbox 302 1033 1872 1107">
    <p class='ocr_par' dir='ltr' id='par_1_12' title="bbox 302 1033 1872 1107">
     <span class='ocr_line' id='line_1_12' title="bbox 302 1033 1872 1107; baseline 0.004 -20"><span class='ocrx_word' id='word_1_91' title='bbox 302 1033 614 1100; x_wconf 86' lang='lat' dir='ltr'><strong>dilectione,</strong></span> <span class='ocrx_word' id='word_1_92' title='bbox 647 1048 766 1105; x_wconf 73' lang='lat' dir='ltr'><strong>quae</strong></span> <span class='ocrx_word' id='word_1_93' title='bbox 798 1042 884 1088; x_wconf 89' lang='lat' dir='ltr'><strong>est</strong></span> <span class='ocrx_word' id='word_1_94' title='bbox 927 1047 1052 1103; x_wconf 89' lang='lat' dir='ltr'><strong>erga</strong></span> <span class='ocrx_word' id='word_1_95' title='bbox 1086 1033 1255 1090; x_wconf 90' lang='lat' dir='ltr'><strong>Deum</strong></span> <span class='ocrx_word' id='word_1_96' title='bbox 1284 1074 1301 1100; x_wconf 93' lang='lat'><strong>,</strong></span> <span class='ocrx_word' id='word_1_97' title='bbox 1339 1045 1600 1106; x_wconf 64' lang='lat' dir='ltr'><strong>prastare</strong></span> <span class='ocrx_word' id='word_1_98' title='bbox 1632 1037 1872 1107; x_wconf 86' lang='lat' dir='ltr'><strong>aliquid;</strong></span> 
     </span>
    </p>
   </div>
   <div class='ocr_carea' id='block_1_13' title="bbox 302 1128 1872 1200">
    <p class='ocr_par' dir='ltr' id='par_1_13' title="bbox 302 1128 1872 1200">
     <span class='ocr_line' id='line_1_13' title="bbox 302 1128 1872 1200; baseline 0.003 -19"><span class='ocrx_word' id='word_1_99' title='bbox 302 1141 480 1197; x_wconf 90' lang='lat' dir='ltr'><strong>neque</strong></span> <span class='ocrx_word' id='word_1_100' title='bbox 505 1128 889 1200; x_wconf 80' lang='lat' dir='ltr'><strong>mysteriorum</strong></span> <span class='ocrx_word' id='word_1_101' title='bbox 915 1130 1667 1200; x_wconf 86' lang='lat' dir='ltr'><strong>comprehensionem,neque</strong></span> <span class='ocrx_word' id='word_1_102' title='bbox 1689 1131 1872 1196; x_wconf 83' lang='lat' dir='ltr'><strong>fidem,</strong></span> 
     </span>
    </p>
   </div>
   <div class='ocr_carea' id='block_1_14' title="bbox 298 1220 1870 1297">
    <p class='ocr_par' dir='ltr' id='par_1_14' title="bbox 298 1220 1870 1297">
     <span class='ocr_line' id='line_1_14' title="bbox 298 1220 1870 1297; baseline 0.002 -21"><span class='ocrx_word' id='word_1_103' title='bbox 298 1234 477 1290; x_wconf 84' lang='lat' dir='ltr'><strong>neque</strong></span> <span class='ocrx_word' id='word_1_104' title='bbox 502 1220 873 1289; x_wconf 82' lang='lat' dir='ltr'><strong>prophetiam,</strong></span> <span class='ocrx_word' id='word_1_105' title='bbox 905 1220 1002 1274; x_wconf 86' lang='lat' dir='ltr'><strong>sed</strong></span> <span class='ocrx_word' id='word_1_106' title='bbox 1026 1222 1207 1275; x_wconf 84' lang='lat' dir='ltr'><strong>omnia</strong></span> <span class='ocrx_word' id='word_1_107' title='bbox 1240 1236 1409 1276; x_wconf 90' lang='lat' dir='ltr'><strong>vacua</strong></span> <span class='ocrx_word' id='word_1_108' title='bbox 1442 1232 1496 1276; x_wconf 92' lang='lat' dir='ltr'><strong>et</strong></span> <span class='ocrx_word' id='word_1_109' title='bbox 1527 1223 1727 1278; x_wconf 80' lang='lat' dir='ltr'><strong>frustra</strong></span> <span class='ocrx_word' id='word_1_110' title='bbox 1760 1222 1870 1297; x_wconf 78' lang='lat'><strong>(63)</strong></span> 
     </span>
    </p>
   </div>
   <div class='ocr_carea' id='block_1_15' title="bbox 296 1309 1873 1385">
    <p class='ocr_par' dir='ltr' id='par_1_15' title="bbox 296 1309 1873 1385">
     <span class='ocr_line' id='line_1_15' title="bbox 296 1309 1873 1385; baseline 0.002 -19"><span class='ocrx_word' id='word_1_111' title='bbox 296 1324 417 1366; x_wconf 77' lang='lat' dir='ltr'><strong>esse</strong></span> <span class='ocrx_word' id='word_1_112' title='bbox 447 1312 569 1366; x_wconf 89' lang='lat' dir='ltr'><strong>sine</strong></span> <span class='ocrx_word' id='word_1_113' title='bbox 605 1309 897 1366; x_wconf 87' lang='lat' dir='ltr'><strong>dilectione</strong></span> <span class='ocrx_word' id='word_1_114' title='bbox 922 1311 969 1344; x_wconf 62' lang='grc'><strong>⁸9</strong></span> <span class='ocrx_word' id='word_1_115' title='bbox 999 1325 1016 1365; x_wconf 89' lang='lat'><strong>:</strong></span> <span class='ocrx_word' id='word_1_116' title='bbox 1059 1311 1401 1369; x_wconf 83' lang='lat' dir='ltr'><strong>dilectionem</strong></span> <span class='ocrx_word' id='word_1_117' title='bbox 1441 1329 1570 1369; x_wconf 84' lang='lat' dir='ltr'><strong>vero</strong></span> <span class='ocrx_word' id='word_1_118' title='bbox 1610 1313 1873 1385; x_wconf 81' lang='lat' dir='ltr'><strong>perﬁcere</strong></span> 
     </span>
    </p>
   </div>
   <div class='ocr_carea' id='block_1_16' title="bbox 296 1400 1866 1475">
    <p class='ocr_par' dir='ltr' id='par_1_16' title="bbox 296 1400 1866 1475">
     <span class='ocr_line' id='line_1_16' title="bbox 296 1400 1866 1475; baseline 0.004 -22"><span class='ocrx_word' id='word_1_119' title='bbox 296 1400 602 1470; x_wconf 86' lang='lat' dir='ltr'><strong>perfectum</strong></span> <span class='ocrx_word' id='word_1_120' title='bbox 644 1402 960 1467; x_wconf 83' lang='lat' dir='ltr'><strong>hominem;</strong></span> <span class='ocrx_word' id='word_1_121' title='bbox 1004 1407 1059 1455; x_wconf 88' lang='lat' dir='ltr'><strong>et</strong></span> <span class='ocrx_word' id='word_1_122' title='bbox 1105 1415 1266 1469; x_wconf 87' lang='lat' dir='ltr'><strong>eum,</strong></span> <span class='ocrx_word' id='word_1_123' title='bbox 1325 1403 1419 1473; x_wconf 88' lang='lat' dir='ltr'><strong>qui</strong></span> <span class='ocrx_word' id='word_1_124' title='bbox 1462 1404 1639 1475; x_wconf 89' lang='lat' dir='ltr'><strong>diligit</strong></span> <span class='ocrx_word' id='word_1_125' title='bbox 1671 1405 1866 1473; x_wconf 87' lang='lat' dir='ltr'><strong>Deum,</strong></span> 
     </span>
    </p>
   </div>
   <div class='ocr_carea' id='block_1_17' title="bbox 292 1488 1871 1557">
    <p class='ocr_par' dir='ltr' id='par_1_17' title="bbox 292 1488 1871 1557">
     <span class='ocr_line' id='line_1_17' title="bbox 292 1488 1871 1557; baseline 0.003 -13"><span class='ocrx_word' id='word_1_126' title='bbox 292 1502 417 1544; x_wconf 87' lang='lat' dir='ltr'><strong>esse</strong></span> <span class='ocrx_word' id='word_1_127' title='bbox 440 1488 761 1557; x_wconf 86' lang='lat' dir='ltr'><strong>perfectum,</strong></span> <span class='ocrx_word' id='word_1_128' title='bbox 794 1497 850 1543; x_wconf 89' lang='lat' dir='ltr'><strong>et</strong></span> <span class='ocrx_word' id='word_1_129' title='bbox 879 1489 933 1542; x_wconf 90' lang='lat' dir='ltr'><strong>in</strong></span> <span class='ocrx_word' id='word_1_130' title='bbox 967 1489 1073 1543; x_wconf 86' lang='lat' dir='ltr'><strong>hoc</strong></span> <span class='ocrx_word' id='word_1_131' title='bbox 1106 1504 1224 1545; x_wconf 68' lang='lat' dir='ltr'><strong>aevo</strong></span> <span class='ocrx_word' id='word_1_132' title='bbox 1247 1530 1262 1553; x_wconf 90' lang='lat'><strong>,</strong></span> <span class='ocrx_word' id='word_1_133' title='bbox 1293 1501 1349 1546; x_wconf 85' lang='lat' dir='ltr'><strong>et</strong></span> <span class='ocrx_word' id='word_1_134' title='bbox 1375 1492 1427 1546; x_wconf 87' lang='lat' dir='ltr'><strong>in</strong></span> <span class='ocrx_word' id='word_1_135' title='bbox 1458 1489 1667 1548; x_wconf 88' lang='lat' dir='ltr'><strong>futuro.</strong></span> <span class='ocrx_word' id='word_1_136' title='bbox 1725 1493 1871 1549; x_wconf 78' lang='lat' dir='ltr'><strong>Nun-</strong></span> 
     </span>
    </p>
   </div>
   <div class='ocr_carea' id='block_1_18' title="bbox 292 1578 1869 1655">
    <p class='ocr_par' dir='ltr' id='par_1_18' title="bbox 292 1578 1869 1655">
     <span class='ocr_line' id='line_1_18' title="bbox 292 1578 1869 1655; baseline 0.007 -25"><span class='ocrx_word' id='word_1_137' title='bbox 292 1592 456 1646; x_wconf 87' lang='lat' dir='ltr'><strong>quam</strong></span> <span class='ocrx_word' id='word_1_138' title='bbox 489 1579 630 1635; x_wconf 86' lang='lat' dir='ltr'><strong>enim</strong></span> <span class='ocrx_word' id='word_1_139' title='bbox 653 1578 951 1637; x_wconf 83' lang='lat' dir='ltr'><strong>desinimus</strong></span> <span class='ocrx_word' id='word_1_140' title='bbox 976 1581 1266 1652; x_wconf 78' lang='lat' dir='ltr'><strong>diligentes</strong></span> <span class='ocrx_word' id='word_1_141' title='bbox 1300 1582 1467 1637; x_wconf 89' lang='lat' dir='ltr'><strong>Deum</strong></span> <span class='ocrx_word' id='word_1_142' title='bbox 1492 1600 1507 1649; x_wconf 93' lang='lat'><strong>;</strong></span> <span class='ocrx_word' id='word_1_143' title='bbox 1539 1586 1635 1640; x_wconf 90' lang='lat' dir='ltr'><strong>sed</strong></span> <span class='ocrx_word' id='word_1_144' title='bbox 1662 1595 1869 1655; x_wconf 90' lang='lat' dir='ltr'><strong>quanto</strong></span> 
     </span>
    </p>
   </div>
   <div class='ocr_carea' id='block_1_19' title="bbox 290 1670 1868 1745">
    <p class='ocr_par' dir='ltr' id='par_1_19' title="bbox 290 1670 1868 1745">
     <span class='ocr_line' id='line_1_19' title="bbox 290 1670 1868 1745; baseline 0.006 -24"><span class='ocrx_word' id='word_1_145' title='bbox 290 1671 415 1737; x_wconf 87' lang='lat' dir='ltr'><strong>plus</strong></span> <span class='ocrx_word' id='word_1_146' title='bbox 461 1683 584 1724; x_wconf 88' lang='lat' dir='ltr'><strong>eum</strong></span> <span class='ocrx_word' id='word_1_147' title='bbox 630 1670 813 1725; x_wconf 87' lang='lat' dir='ltr'><strong>intuiti</strong></span> <span class='ocrx_word' id='word_1_148' title='bbox 864 1671 1167 1739; x_wconf 86' lang='lat' dir='ltr'><strong>fuerimus,</strong></span> <span class='ocrx_word' id='word_1_149' title='bbox 1220 1681 1373 1728; x_wconf 84' lang='lat' dir='ltr'><strong>tanto</strong></span> <span class='ocrx_word' id='word_1_150' title='bbox 1428 1673 1550 1745; x_wconf 90' lang='lat' dir='ltr'><strong>plus</strong></span> <span class='ocrx_word' id='word_1_151' title='bbox 1603 1689 1727 1731; x_wconf 91' lang='lat' dir='ltr'><strong>eum</strong></span> <span class='ocrx_word' id='word_1_152' title='bbox 1780 1676 1868 1731; x_wconf 85' lang='lat' dir='ltr'><strong>dl-</strong></span> 
     </span>
    </p>
   </div>
   <div class='ocr_carea' id='block_1_20' title="bbox 292 1758 529 1829">
    <p class='ocr_par' dir='ltr' id='par_1_20' title="bbox 292 1758 529 1829">
     <span class='ocr_line' id='line_1_20' title="bbox 292 1758 529 1829; baseline 0 -16"><span class='ocrx_word' id='word_1_153' title='bbox 292 1758 529 1829; x_wconf 81' lang='lat' dir='ltr'><strong>ligimus.</strong></span> 
     </span>
    </p>
   </div>
   <div class='ocr_carea' id='block_1_21' title="bbox 361 1850 1866 1925">
    <p class='ocr_par' dir='ltr' id='par_1_21' title="bbox 361 1850 1866 1925">
     <span class='ocr_line' id='line_1_21' title="bbox 361 1850 1866 1925; baseline 0.003 -19"><span class='ocrx_word' id='word_1_154' title='bbox 361 1852 414 1906; x_wconf 76' lang='lat'><strong>3.</strong></span> <span class='ocrx_word' id='word_1_155' title='bbox 444 1852 489 1883; x_wconf 83' lang='lat'><strong>&#39;°</strong></span> <span class='ocrx_word' id='word_1_156' title='bbox 544 1851 599 1907; x_wconf 83' lang='lat' dir='ltr'><strong>In</strong></span> <span class='ocrx_word' id='word_1_157' title='bbox 644 1850 764 1922; x_wconf 92' lang='lat' dir='ltr'><strong>lege</strong></span> <span class='ocrx_word' id='word_1_158' title='bbox 796 1853 963 1925; x_wconf 90' lang='lat' dir='ltr'><strong>igitur</strong></span> <span class='ocrx_word' id='word_1_159' title='bbox 1000 1862 1055 1909; x_wconf 88' lang='lat' dir='ltr'><strong>et.</strong></span> <span class='ocrx_word' id='word_1_160' title='bbox 1087 1854 1139 1909; x_wconf 93' lang='lat' dir='ltr'><strong>in</strong></span> <span class='ocrx_word' id='word_1_161' title='bbox 1170 1853 1464 1924; x_wconf 85' lang='lat' dir='ltr'><strong>Evangelio</strong></span> <span class='ocrx_word' id='word_1_162' title='bbox 1500 1869 1621 1910; x_wconf 89' lang='lat' dir='ltr'><strong>cum</strong></span> <span class='ocrx_word' id='word_1_163' title='bbox 1652 1855 1725 1912; x_wconf 90' lang='lat' dir='ltr'><strong>sit</strong></span> <span class='ocrx_word' id='word_1_164' title='bbox 1751 1856 1866 1924; x_wconf 83' lang='lat' dir='ltr'><strong>prl-</strong></span> 
     </span>
    </p>
   </div>
   <div class='ocr_carea' id='block_1_22' title="bbox 1982 1019 3560 1094">
    <p class='ocr_par' dir='ltr' id='par_1_22' title="bbox 1982 1019 3560 1094">
     <span class='ocr_line' id='line_1_22' title="bbox 1982 1019 3560 1094; baseline 0.003 -18"><span class='ocrx_word' id='word_1_165' title='bbox 1982 1032 2067 1077; x_wconf 91' lang='lat' dir='ltr'><strong>est</strong></span> <span class='ocrx_word' id='word_1_166' title='bbox 2101 1022 2194 1092; x_wconf 89' lang='lat' dir='ltr'><strong>qui</strong></span> <span class='ocrx_word' id='word_1_167' title='bbox 2234 1021 2369 1077; x_wconf 90' lang='lat' dir='ltr'><strong>dicit</strong></span> <span class='ocrx_word' id='word_1_168' title='bbox 2412 1020 2585 1090; x_wconf 83' lang='lat' dir='ltr'><strong>Moysi</strong></span> <span class='ocrx_word' id='word_1_169' title='bbox 2617 1038 2631 1074; x_wconf 90' lang='lat'><strong>:</strong></span> <span class='ocrx_word' id='word_1_170' title='bbox 2669 1019 2905 1077; x_wconf 74' lang='lat' dir='ltr'><strong>«Videtis</strong></span> <span class='ocrx_word' id='word_1_171' title='bbox 2940 1022 3047 1076; x_wconf 80' lang='lat' dir='ltr'><strong>vidi</strong></span> <span class='ocrx_word' id='word_1_172' title='bbox 3078 1023 3418 1079; x_wconf 80' lang='lat' dir='ltr'><strong>vexationem</strong></span> <span class='ocrx_word' id='word_1_173' title='bbox 3453 1038 3560 1094; x_wconf 87' lang='lat' dir='ltr'><strong>po-</strong></span> 
     </span>
    </p>
   </div>
   <div class='ocr_carea' id='block_1_23' title="bbox 1981 1110 3558 1190">
    <p class='ocr_par' dir='ltr' id='par_1_23' title="bbox 1981 1110 3558 1190">
     <span class='ocr_line' id='line_1_23' title="bbox 1981 1110 3558 1190; baseline 0.002 -23"><span class='ocrx_word' id='word_1_174' title='bbox 1981 1111 2092 1182; x_wconf 88' lang='lat' dir='ltr'><strong>puli</strong></span> <span class='ocrx_word' id='word_1_175' title='bbox 2121 1111 2250 1178; x_wconf 87' lang='lat' dir='ltr'><strong>mei,</strong></span> <span class='ocrx_word' id='word_1_176' title='bbox 2285 1111 2376 1183; x_wconf 88' lang='lat' dir='ltr'><strong>qui</strong></span> <span class='ocrx_word' id='word_1_177' title='bbox 2402 1120 2496 1190; x_wconf 39' lang='lat' dir='ltr'><strong>est.</strong></span> <span class='ocrx_word' id='word_1_178' title='bbox 2518 1112 2573 1167; x_wconf 94' lang='lat' dir='ltr'><strong>in</strong></span> <span class='ocrx_word' id='word_1_179' title='bbox 2604 1110 2867 1187; x_wconf 68' lang='lat' dir='ltr'><strong>Egypto,</strong></span> <span class='ocrx_word' id='word_1_180' title='bbox 2900 1121 2956 1168; x_wconf 92' lang='lat' dir='ltr'><strong>et</strong></span> <span class='ocrx_word' id='word_1_181' title='bbox 2985 1114 3238 1169; x_wconf 88' lang='lat' dir='ltr'><strong>descendi</strong></span> <span class='ocrx_word' id='word_1_182' title='bbox 3272 1124 3333 1170; x_wconf 92' lang='lat' dir='ltr'><strong>ut</strong></span> <span class='ocrx_word' id='word_1_183' title='bbox 3366 1128 3558 1171; x_wconf 83' lang='lat' dir='ltr'><strong>emam</strong></span> 
     </span>
    </p>
   </div>
   <div class='ocr_carea' id='block_1_24' title="bbox 1980 1198 3561 1269">
    <p class='ocr_par' dir='ltr' id='par_1_24' title="bbox 1980 1198 3561 1269">
     <span class='ocr_line' id='line_1_24' title="bbox 1980 1198 3561 1269; baseline 0.005 -16"><span class='ocrx_word' id='word_1_184' title='bbox 1980 1214 2074 1254; x_wconf 84' lang='lat' dir='ltr'><strong>eos</strong></span> <span class='ocrx_word' id='word_1_185' title='bbox 2098 1199 2186 1269; x_wconf 74' lang='lat'><strong>“;</strong></span> <span class='ocrx_word' id='word_1_186' title='bbox 2221 1221 2241 1255; x_wconf 82' lang='grc'><strong>›</strong></span> <span class='ocrx_word' id='word_1_187' title='bbox 2286 1203 2357 1256; x_wconf 92' lang='lat' dir='ltr'><strong>ab</strong></span> <span class='ocrx_word' id='word_1_188' title='bbox 2381 1202 2541 1261; x_wconf 90' lang='lat' dir='ltr'><strong>initio</strong></span> <span class='ocrx_word' id='word_1_189' title='bbox 2575 1212 2827 1257; x_wconf 88' lang='lat' dir='ltr'><strong>assuetus</strong></span> <span class='ocrx_word' id='word_1_190' title='bbox 2858 1198 3095 1258; x_wconf 81' lang='lat' dir='ltr'><strong>Verbum</strong></span> <span class='ocrx_word' id='word_1_191' title='bbox 3128 1203 3223 1258; x_wconf 90' lang='lat' dir='ltr'><strong>Dei</strong></span> <span class='ocrx_word' id='word_1_192' title='bbox 3258 1205 3561 1261; x_wconf 72' lang='lat' dir='ltr'><strong>ascendam</strong></span> 
     </span>
    </p>
   </div>
   <div class='ocr_carea' id='block_1_25' title="bbox 1979 1292 3560 1365">
    <p class='ocr_par' dir='ltr' id='par_1_25' title="bbox 1979 1292 3560 1365">
     <span class='ocr_line' id='line_1_25' title="bbox 1979 1292 3560 1365; baseline 0.003 -19"><span class='ocrx_word' id='word_1_193' title='bbox 1979 1302 2033 1347; x_wconf 93' lang='lat' dir='ltr'><strong>et</strong></span> <span class='ocrx_word' id='word_1_194' title='bbox 2081 1292 2442 1359; x_wconf 83' lang='lat' dir='ltr'><strong>descendere,</strong></span> <span class='ocrx_word' id='word_1_195' title='bbox 2492 1300 2719 1363; x_wconf 78' lang='lat' dir='ltr'><strong>propter</strong></span> <span class='ocrx_word' id='word_1_196' title='bbox 2760 1292 2992 1350; x_wconf 86' lang='lat' dir='ltr'><strong>salutem</strong></span> <span class='ocrx_word' id='word_1_197' title='bbox 3036 1306 3226 1349; x_wconf 87' lang='lat' dir='ltr'><strong>eorum</strong></span> <span class='ocrx_word' id='word_1_198' title='bbox 3274 1293 3369 1365; x_wconf 93' lang='lat' dir='ltr'><strong>qui</strong></span> <span class='ocrx_word' id='word_1_199' title='bbox 3413 1294 3560 1351; x_wconf 84' lang='lat' dir='ltr'><strong>male</strong></span> 
     </span>
    </p>
   </div>
   <div class='ocr_carea' id='block_1_26' title="bbox 1977 1379 2260 1437">
    <p class='ocr_par' dir='ltr' id='par_1_26' title="bbox 1977 1379 2260 1437">
     <span class='ocr_line' id='line_1_26' title="bbox 1977 1379 2260 1437; baseline -0.004 -2"><span class='ocrx_word' id='word_1_200' title='bbox 1977 1379 2260 1437; x_wconf 85' lang='lat' dir='ltr'><strong>baberent.</strong></span> 
     </span>
    </p>
   </div>
   <div class='ocr_carea' id='block_1_27' title="bbox 2050 1469 3559 1542">
    <p class='ocr_par' dir='ltr' id='par_1_27' title="bbox 2050 1469 3559 1542">
     <span class='ocr_line' id='line_1_27' title="bbox 2050 1469 3559 1542; baseline 0.001 -12"><span class='ocrx_word' id='word_1_201' title='bbox 2050 1474 2107 1530; x_wconf 85' lang='lat'><strong>5.</strong></span> <span class='ocrx_word' id='word_1_202' title='bbox 2156 1472 2425 1542; x_wconf 81' lang='lat' dir='ltr'><strong>Quoniam</strong></span> <span class='ocrx_word' id='word_1_203' title='bbox 2463 1479 2662 1527; x_wconf 75' lang='lat' dir='ltr'><strong>autem~</strong></span> <span class='ocrx_word' id='word_1_204' title='bbox 2689 1469 2781 1529; x_wconf 88' lang='lat' dir='ltr'><strong>lex</strong></span> <span class='ocrx_word' id='word_1_205' title='bbox 2811 1471 3117 1542; x_wconf 72' lang='lat' dir='ltr'><strong>praedocuit</strong></span> <span class='ocrx_word' id='word_1_206' title='bbox 3160 1471 3434 1527; x_wconf 89' lang='lat' dir='ltr'><strong>hominem</strong></span> <span class='ocrx_word' id='word_1_207' title='bbox 3467 1486 3559 1531; x_wconf 84' lang='lat' dir='ltr'><strong>se-</strong></span> 
     </span>
    </p>
   </div>
   <div class='ocr_carea' id='block_1_28' title="bbox 1975 1563 3558 1638">
    <p class='ocr_par' dir='ltr' id='par_1_28' title="bbox 1975 1563 3558 1638">
     <span class='ocr_line' id='line_1_28' title="bbox 1975 1563 3558 1638; baseline 0.003 -17"><span class='ocrx_word' id='word_1_208' title='bbox 1975 1569 2066 1638; x_wconf 90' lang='lat' dir='ltr'><strong>qui</strong></span> <span class='ocrx_word' id='word_1_209' title='bbox 2096 1574 2353 1637; x_wconf 88' lang='lat' dir='ltr'><strong>oportere</strong></span> <span class='ocrx_word' id='word_1_210' title='bbox 2387 1564 2666 1621; x_wconf 89' lang='lat' dir='ltr'><strong>Christum</strong></span> <span class='ocrx_word' id='word_1_211' title='bbox 2689 1607 2705 1630; x_wconf 90' lang='lat'><strong>,</strong></span> <span class='ocrx_word' id='word_1_212' title='bbox 2764 1564 2881 1636; x_wconf 87' lang='lat' dir='ltr'><strong>ipse</strong></span> <span class='ocrx_word' id='word_1_213' title='bbox 2928 1563 3061 1620; x_wconf 87' lang='lat' dir='ltr'><strong>facit</strong></span> <span class='ocrx_word' id='word_1_214' title='bbox 3092 1566 3465 1634; x_wconf 89' lang='lat' dir='ltr'><strong>manifestum,</strong></span> <span class='ocrx_word' id='word_1_215' title='bbox 3502 1568 3558 1625; x_wconf 83' lang='lat' dir='ltr'><strong>ei</strong></span> 
     </span>
    </p>
   </div>
   <div class='ocr_carea' id='block_1_29' title="bbox 1972 1656 3550 1732">
    <p class='ocr_par' dir='ltr' id='par_1_29' title="bbox 1972 1656 3550 1732">
     <span class='ocr_line' id='line_1_29' title="bbox 1972 1656 3550 1732; baseline 0.001 -18"><span class='ocrx_word' id='word_1_216' title='bbox 1972 1660 2069 1732; x_wconf 88' lang='lat' dir='ltr'><strong>qui</strong></span> <span class='ocrx_word' id='word_1_217' title='bbox 2099 1660 2464 1732; x_wconf 75' lang='lat' dir='ltr'><strong>interrogavit</strong></span> <span class='ocrx_word' id='word_1_218' title='bbox 2485 1674 2607 1714; x_wconf 91' lang='lat' dir='ltr'><strong>eum</strong></span> <span class='ocrx_word' id='word_1_219' title='bbox 2629 1698 2645 1725; x_wconf 94' lang='lat'><strong>,</strong></span> <span class='ocrx_word' id='word_1_220' title='bbox 2672 1658 2804 1729; x_wconf 88' lang='lat' dir='ltr'><strong>quid</strong></span> <span class='ocrx_word' id='word_1_221' title='bbox 2846 1656 3055 1714; x_wconf 75' lang='lat' dir='ltr'><strong>faciens</strong></span> <span class='ocrx_word' id='word_1_222' title='bbox 3097 1659 3263 1713; x_wconf 88' lang='lat' dir='ltr'><strong>vitam</strong></span> <span class='ocrx_word' id='word_1_223' title='bbox 3291 1668 3550 1717; x_wconf 68' lang='lat' dir='ltr'><strong>aeternam</strong></span> 
     </span>
    </p>
   </div>
   <div class='ocr_carea' id='block_1_30' title="bbox 1973 1748 3557 1819">
    <p class='ocr_par' dir='ltr' id='par_1_30' title="bbox 1973 1748 3557 1819">
     <span class='ocr_line' id='line_1_30' title="bbox 1973 1748 3557 1819; baseline 0.001 -12"><span class='ocrx_word' id='word_1_224' title='bbox 1973 1752 2346 1815; x_wconf 67' lang='lat' dir='ltr'><strong>haereditaret,</strong></span> <span class='ocrx_word' id='word_1_225' title='bbox 2385 1751 2465 1807; x_wconf 87' lang='lat' dir='ltr'><strong>sic</strong></span> <span class='ocrx_word' id='word_1_226' title='bbox 2499 1750 2876 1819; x_wconf 87' lang='lat' dir='ltr'><strong>respondens:</strong></span> <span class='ocrx_word' id='word_1_227' title='bbox 2921 1749 3010 1804; x_wconf 86' lang='lat' dir='ltr'><strong>«Si</strong></span> <span class='ocrx_word' id='word_1_228' title='bbox 3052 1748 3136 1804; x_wconf 90' lang='lat' dir='ltr'><strong>vis</strong></span> <span class='ocrx_word' id='word_1_229' title='bbox 3182 1750 3234 1804; x_wconf 90' lang='lat' dir='ltr'><strong>in</strong></span> <span class='ocrx_word' id='word_1_230' title='bbox 3266 1753 3430 1807; x_wconf 84' lang='lat' dir='ltr'><strong>vitam</strong></span> <span class='ocrx_word' id='word_1_231' title='bbox 3469 1753 3557 1808; x_wconf 88' lang='lat' dir='ltr'><strong>in-</strong></span> 
     </span>
    </p>
   </div>
   <div class='ocr_carea' id='block_1_31' title="bbox 1975 1839 3553 1917">
    <p class='ocr_par' dir='ltr' id='par_1_31' title="bbox 1975 1839 3553 1917">
     <span class='ocr_line' id='line_1_31' title="bbox 1975 1839 3553 1917; baseline 0.001 -18"><span class='ocrx_word' id='word_1_232' title='bbox 1975 1844 2163 1909; x_wconf 88' lang='lat' dir='ltr'><strong>troire,</strong></span> <span class='ocrx_word' id='word_1_233' title='bbox 2194 1843 2409 1900; x_wconf 81' lang='lat' dir='ltr'><strong>custodi</strong></span> <span class='ocrx_word' id='word_1_234' title='bbox 2442 1850 2767 1913; x_wconf 65' lang='lat' dir='ltr'><strong>praecepta.»</strong></span> <span class='ocrx_word' id='word_1_235' title='bbox 2808 1839 2907 1897; x_wconf 93' lang='lat' dir='ltr'><strong>lllo</strong></span> <span class='ocrx_word' id='word_1_236' title='bbox 2929 1849 3108 1896; x_wconf 86' lang='lat' dir='ltr'><strong>autem</strong></span> <span class='ocrx_word' id='word_1_237' title='bbox 3133 1843 3507 1917; x_wconf 82' lang='lat' dir='ltr'><strong>interrogante</strong></span> <span class='ocrx_word' id='word_1_238' title='bbox 3533 1860 3553 1901; x_wconf 88' lang='lat'><strong>:</strong></span> 
     </span>
    </p>
   </div>
   <div class='ocr_carea' id='block_1_32' title="bbox 290 1932 3552 2016">
    <p class='ocr_par' dir='ltr' id='par_1_32' title="bbox 290 1932 3552 2016">
     <span class='ocr_line' id='line_1_32' title="bbox 290 1932 3552 2016; baseline 0.002 -29"><span class='ocrx_word' id='word_1_239' title='bbox 290 1958 439 1999; x_wconf 81' lang='lat' dir='ltr'><strong>mum</strong></span> <span class='ocrx_word' id='word_1_240' title='bbox 464 1954 521 1999; x_wconf 61' lang='lat' dir='ltr'><strong>et</strong></span> <span class='ocrx_word' id='word_1_241' title='bbox 566 1946 861 2000; x_wconf 67' lang='lat' dir='ltr'><strong>maximum</strong></span> <span class='ocrx_word' id='word_1_242' title='bbox 904 1955 1236 2016; x_wconf 64' lang='lat' dir='ltr'><strong>pmceptum</strong></span> <span class='ocrx_word' id='word_1_243' title='bbox 1262 1988 1277 2013; x_wconf 47' lang='grc' dir='ltr'><strong>ν</strong></span> <span class='ocrx_word' id='word_1_244' title='bbox 1313 1945 1539 2015; x_wconf 65' lang='lat' dir='ltr'><strong>diligere</strong></span> <span class='ocrx_word' id='word_1_245' title='bbox 1576 1946 1862 2003; x_wconf 79' lang='lat' dir='ltr'><strong>Dominum</strong></span> <span class='ocrx_word' id='word_1_246' title='bbox 1898 1935 1939 1991; x_wconf 83' lang='grc' dir='ltr'><strong><em>Β</em></strong></span> <span class='ocrx_word' id='word_1_247' title='bbox 1972 1936 2176 2004; x_wconf 65' lang='lat' dir='ltr'><strong>«Quae?</strong></span> <span class='ocrx_word' id='word_1_248' title='bbox 2206 1954 2225 1986; x_wconf 78' lang='lat' dir='ltr'><strong>s</strong></span> <span class='ocrx_word' id='word_1_249' title='bbox 2267 1950 2456 1990; x_wconf 80' lang='lat' dir='ltr'><strong>I‘III‘SUS</strong></span> <span class='ocrx_word' id='word_1_250' title='bbox 2481 1934 2742 1991; x_wconf 85' lang='lat' dir='ltr'><strong>Dominus</strong></span> <span class='ocrx_word' id='word_1_251' title='bbox 2773 1948 2790 1989; x_wconf 70' lang='grc'><strong>2</strong></span> <span class='ocrx_word' id='word_1_252' title='bbox 2828 1932 2974 1989; x_wconf 83' lang='lat' dir='ltr'><strong>«Non</strong></span> <span class='ocrx_word' id='word_1_253' title='bbox 3007 1934 3409 2006; x_wconf 73' lang='lat' dir='ltr'><strong>mmcbaberis,</strong></span> <span class='ocrx_word' id='word_1_254' title='bbox 3444 1953 3552 1994; x_wconf 90' lang='lat' dir='ltr'><strong>non</strong></span> 
     </span>
    </p>
   </div>
   <div class='ocr_carea' id='block_1_33' title="bbox 287 2031 1864 2110">
    <p class='ocr_par' dir='ltr' id='par_1_33' title="bbox 287 2031 1864 2110">
     <span class='ocr_line' id='line_1_33' title="bbox 287 2031 1864 2110; baseline 0.003 -20"><span class='ocrx_word' id='word_1_255' title='bbox 287 2031 461 2090; x_wconf 83' lang='lat' dir='ltr'><strong>Deum</strong></span> <span class='ocrx_word' id='word_1_256' title='bbox 511 2049 578 2089; x_wconf 90' lang='lat' dir='ltr'><strong>ex</strong></span> <span class='ocrx_word' id='word_1_257' title='bbox 627 2044 738 2091; x_wconf 89' lang='lat' dir='ltr'><strong>toto</strong></span> <span class='ocrx_word' id='word_1_258' title='bbox 772 2036 976 2102; x_wconf 89' lang='lat' dir='ltr'><strong>corde;</strong></span> <span class='ocrx_word' id='word_1_259' title='bbox 1017 2036 1216 2092; x_wconf 88' lang='lat' dir='ltr'><strong>dehinc</strong></span> <span class='ocrx_word' id='word_1_260' title='bbox 1260 2036 1440 2092; x_wconf 88' lang='lat' dir='ltr'><strong>simile</strong></span> <span class='ocrx_word' id='word_1_261' title='bbox 1479 2036 1554 2091; x_wconf 91' lang='lat' dir='ltr'><strong>illi</strong></span> <span class='ocrx_word' id='word_1_262' title='bbox 1582 2076 1599 2103; x_wconf 94' lang='lat'><strong>,</strong></span> <span class='ocrx_word' id='word_1_263' title='bbox 1632 2037 1864 2110; x_wconf 86' lang='lat' dir='ltr'><strong>diligere</strong></span> 
     </span>
    </p>
   </div>
   <div class='ocr_carea' id='block_1_34' title="bbox 285 2122 1865 2197">
    <p class='ocr_par' dir='ltr' id='par_1_34' title="bbox 285 2122 1865 2197">
     <span class='ocr_line' id='line_1_34' title="bbox 285 2122 1865 2197; baseline 0.004 -19"><span class='ocrx_word' id='word_1_264' title='bbox 285 2122 600 2192; x_wconf 84' lang='lat' dir='ltr'><strong>proximum</strong></span> <span class='ocrx_word' id='word_1_265' title='bbox 632 2124 776 2178; x_wconf 89' lang='lat' dir='ltr'><strong>sicut</strong></span> <span class='ocrx_word' id='word_1_266' title='bbox 805 2125 1039 2193; x_wconf 83' lang='lat' dir='ltr'><strong>seipsum</strong></span> <span class='ocrx_word' id='word_1_267' title='bbox 1066 2122 1176 2197; x_wconf 75' lang='grc'>(64)</span> <span class='ocrx_word' id='word_1_268' title='bbox 1204 2143 1218 2179; x_wconf 91' lang='lat'><strong>:</strong></span> <span class='ocrx_word' id='word_1_269' title='bbox 1250 2141 1395 2180; x_wconf 90' lang='lat' dir='ltr'><strong>unus</strong></span> <span class='ocrx_word' id='word_1_270' title='bbox 1425 2136 1479 2181; x_wconf 93' lang='lat' dir='ltr'><strong>et</strong></span> <span class='ocrx_word' id='word_1_271' title='bbox 1513 2127 1654 2182; x_wconf 87' lang='lat' dir='ltr'><strong>idem</strong></span> <span class='ocrx_word' id='word_1_272' title='bbox 1678 2138 1865 2184; x_wconf 88' lang='lat' dir='ltr'><strong>osten-</strong></span> 
     </span>
    </p>
   </div>
   <div class='ocr_carea' id='block_1_35' title="bbox 288 2214 1865 2289">
    <p class='ocr_par' dir='ltr' id='par_1_35' title="bbox 288 2214 1865 2289">
     <span class='ocr_line' id='line_1_35' title="bbox 288 2214 1865 2289; baseline 0.004 -19"><span class='ocrx_word' id='word_1_273' title='bbox 288 2214 439 2270; x_wconf 86' lang='lat' dir='ltr'><strong>ditur</strong></span> <span class='ocrx_word' id='word_1_274' title='bbox 490 2214 624 2287; x_wconf 85' lang='lat' dir='ltr'><strong>legis</strong></span> <span class='ocrx_word' id='word_1_275' title='bbox 667 2226 725 2271; x_wconf 91' lang='lat' dir='ltr'><strong>et</strong></span> <span class='ocrx_word' id='word_1_276' title='bbox 783 2215 1058 2289; x_wconf 79' lang='lat' dir='ltr'><strong>Evangelii</strong></span> <span class='ocrx_word' id='word_1_277' title='bbox 1111 2218 1385 2275; x_wconf 86' lang='lat' dir='ltr'><strong>conditor.</strong></span> <span class='ocrx_word' id='word_1_278' title='bbox 1459 2219 1865 2277; x_wconf 77' lang='lat' dir='ltr'><strong>Consummaue</strong></span> 
     </span>
    </p>
   </div>
   <div class='ocr_carea' id='block_1_36' title="bbox 287 2305 1863 2379">
    <p class='ocr_par' dir='ltr' id='par_1_36' title="bbox 287 2305 1863 2379">
     <span class='ocr_line' id='line_1_36' title="bbox 287 2305 1863 2379; baseline 0.004 -18"><span class='ocrx_word' id='word_1_279' title='bbox 287 2306 437 2361; x_wconf 87' lang='lat' dir='ltr'><strong>enim</strong></span> <span class='ocrx_word' id='word_1_280' title='bbox 465 2306 588 2361; x_wconf 78' lang='lat' dir='ltr'><strong>vita:</strong></span> <span class='ocrx_word' id='word_1_281' title='bbox 638 2318 905 2378; x_wconf 66' lang='lat' dir='ltr'><strong>praecepta</strong></span> <span class='ocrx_word' id='word_1_282' title='bbox 958 2309 1013 2363; x_wconf 92' lang='lat' dir='ltr'><strong>in</strong></span> <span class='ocrx_word' id='word_1_283' title='bbox 1060 2317 1294 2379; x_wconf 91' lang='lat' dir='ltr'><strong>utroque</strong></span> <span class='ocrx_word' id='word_1_284' title='bbox 1338 2305 1690 2367; x_wconf 87' lang='lat' dir='ltr'><strong>Testamento</strong></span> <span class='ocrx_word' id='word_1_285' title='bbox 1737 2326 1863 2368; x_wconf 90' lang='lat' dir='ltr'><strong>cum</strong></span> 
     </span>
    </p>
   </div>
   <div class='ocr_carea' id='block_1_37' title="bbox 288 2396 1864 2473">
    <p class='ocr_par' dir='ltr' id='par_1_37' title="bbox 288 2396 1864 2473">
     <span class='ocr_line' id='line_1_37' title="bbox 288 2396 1864 2473; baseline 0.004 -20"><span class='ocrx_word' id='word_1_286' title='bbox 288 2396 400 2453; x_wconf 88' lang='lat' dir='ltr'><strong>sint</strong></span> <span class='ocrx_word' id='word_1_287' title='bbox 424 2398 646 2463; x_wconf 87' lang='lat' dir='ltr'><strong>eadem,</strong></span> <span class='ocrx_word' id='word_1_288' title='bbox 682 2402 933 2455; x_wconf 90' lang='lat' dir='ltr'><strong>eumdem</strong></span> <span class='ocrx_word' id='word_1_289' title='bbox 963 2399 1321 2457; x_wconf 88' lang='lat' dir='ltr'><strong>ostenderunt</strong></span> <span class='ocrx_word' id='word_1_290' title='bbox 1344 2401 1511 2456; x_wconf 84' lang='lat' dir='ltr'><strong>Deum</strong></span> <span class='ocrx_word' id='word_1_291' title='bbox 1553 2420 1568 2456; x_wconf 90' lang='lat'><strong>:</strong></span> <span class='ocrx_word' id='word_1_292' title='bbox 1624 2402 1715 2472; x_wconf 90' lang='lat' dir='ltr'><strong>qui</strong></span> <span class='ocrx_word' id='word_1_293' title='bbox 1739 2418 1864 2473; x_wconf 86' lang='lat' dir='ltr'><strong>par-</strong></span> 
     </span>
    </p>
   </div>
   <div class='ocr_carea' id='block_1_38' title="bbox 287 2486 1858 2566">
    <p class='ocr_par' dir='ltr' id='par_1_38' title="bbox 287 2486 1858 2566">
     <span class='ocr_line' id='line_1_38' title="bbox 287 2486 1858 2566; baseline 0.004 -23"><span class='ocrx_word' id='word_1_294' title='bbox 287 2486 543 2544; x_wconf 77' lang='lat' dir='ltr'><strong>tlcularia</strong></span> <span class='ocrx_word' id='word_1_295' title='bbox 580 2491 801 2557; x_wconf 89' lang='lat' dir='ltr'><strong>quidem</strong></span> <span class='ocrx_word' id='word_1_296' title='bbox 839 2504 1106 2563; x_wconf 65' lang='lat' dir='ltr'><strong>praecepta</strong></span> <span class='ocrx_word' id='word_1_297' title='bbox 1139 2502 1265 2563; x_wconf 89' lang='lat' dir='ltr'><strong>apta</strong></span> <span class='ocrx_word' id='word_1_298' title='bbox 1293 2496 1539 2564; x_wconf 88' lang='lat' dir='ltr'><strong>utrisque</strong></span> <span class='ocrx_word' id='word_1_299' title='bbox 1566 2496 1858 2566; x_wconf 64' lang='lat' dir='ltr'><strong>praecepit;</strong></span> 
     </span>
    </p>
   </div>
   <div class='ocr_carea' id='block_1_39' title="bbox 284 2580 1859 2654">
    <p class='ocr_par' dir='ltr' id='par_1_39' title="bbox 284 2580 1859 2654">
     <span class='ocr_line' id='line_1_39' title="bbox 284 2580 1859 2654; baseline 0.006 -20"><span class='ocrx_word' id='word_1_300' title='bbox 284 2580 381 2636; x_wconf 89' lang='lat' dir='ltr'><strong>sed</strong></span> <span class='ocrx_word' id='word_1_301' title='bbox 410 2580 772 2637; x_wconf 89' lang='lat' dir='ltr'><strong>eminentiora</strong></span> <span class='ocrx_word' id='word_1_302' title='bbox 796 2592 851 2637; x_wconf 91' lang='lat' dir='ltr'><strong>et</strong></span> <span class='ocrx_word' id='word_1_303' title='bbox 879 2598 1087 2639; x_wconf 88' lang='lat' dir='ltr'><strong>summa</strong></span> <span class='ocrx_word' id='word_1_304' title='bbox 1112 2623 1127 2647; x_wconf 94' lang='lat'><strong>,</strong></span> <span class='ocrx_word' id='word_1_305' title='bbox 1159 2586 1276 2640; x_wconf 88' lang='lat' dir='ltr'><strong>sine</strong></span> <span class='ocrx_word' id='word_1_306' title='bbox 1306 2585 1501 2654; x_wconf 87' lang='lat' dir='ltr'><strong>quibus</strong></span> <span class='ocrx_word' id='word_1_307' title='bbox 1526 2586 1723 2642; x_wconf 82' lang='lat' dir='ltr'><strong>salvari</strong></span> <span class='ocrx_word' id='word_1_308' title='bbox 1752 2603 1859 2643; x_wconf 90' lang='lat' dir='ltr'><strong>non</strong></span> 
     </span>
    </p>
   </div>
   <div class='ocr_carea' id='block_1_40' title="bbox 281 2670 1322 2745">
    <p class='ocr_par' dir='ltr' id='par_1_40' title="bbox 281 2670 1322 2745">
     <span class='ocr_line' id='line_1_40' title="bbox 281 2670 1322 2745; baseline 0.001 -15"><span class='ocrx_word' id='word_1_309' title='bbox 281 2680 367 2730; x_wconf 77' lang='lat' dir='ltr'><strong>est</strong></span> <span class='ocrx_word' id='word_1_310' title='bbox 399 2670 531 2745; x_wconf 82' lang='lat'><strong>(65),</strong></span> <span class='ocrx_word' id='word_1_311' title='bbox 566 2674 621 2728; x_wconf 93' lang='lat' dir='ltr'><strong>in</strong></span> <span class='ocrx_word' id='word_1_312' title='bbox 649 2684 883 2745; x_wconf 90' lang='lat' dir='ltr'><strong>utroque</strong></span> <span class='ocrx_word' id='word_1_313' title='bbox 911 2677 1099 2732; x_wconf 86' lang='lat' dir='ltr'><strong>eadem</strong></span> <span class='ocrx_word' id='word_1_314' title='bbox 1131 2677 1322 2733; x_wconf 86' lang='lat' dir='ltr'><strong>suasit.</strong></span> 
     </span>
    </p>
   </div>
   <div class='ocr_carea' id='block_1_41' title="bbox 361 2761 1861 2836">
    <p class='ocr_par' dir='ltr' id='par_1_41' title="bbox 361 2761 1861 2836">
     <span class='ocr_line' id='line_1_41' title="bbox 361 2761 1861 2836; baseline 0.006 -19"><span class='ocrx_word' id='word_1_315' title='bbox 361 2761 415 2817; x_wconf 65' lang='lat'><strong>4.</strong></span> <span class='ocrx_word' id='word_1_316' title='bbox 478 2761 649 2829; x_wconf 88' lang='lat' dir='ltr'><strong>Quem</strong></span> <span class='ocrx_word' id='word_1_317' title='bbox 674 2773 855 2819; x_wconf 90' lang='lat' dir='ltr'><strong>autem</strong></span> <span class='ocrx_word' id='word_1_318' title='bbox 884 2782 989 2820; x_wconf 89' lang='lat' dir='ltr'><strong>non</strong></span> <span class='ocrx_word' id='word_1_319' title='bbox 1030 2766 1330 2821; x_wconf 90' lang='lat' dir='ltr'><strong>confundat</strong></span> <span class='ocrx_word' id='word_1_320' title='bbox 1361 2766 1619 2825; x_wconf 89' lang='lat' dir='ltr'><strong>Dominus</strong></span> <span class='ocrx_word' id='word_1_321' title='bbox 1639 2810 1655 2836; x_wconf 97' lang='lat'><strong>,</strong></span> <span class='ocrx_word' id='word_1_322' title='bbox 1678 2784 1861 2826; x_wconf 65' lang='lat' dir='ltr'><strong>ostena</strong></span> 
     </span>
    </p>
   </div>
   <div class='ocr_carea' id='block_1_42' title="bbox 282 2852 1860 2930">
    <p class='ocr_par' dir='ltr' id='par_1_42' title="bbox 282 2852 1860 2930">
     <span class='ocr_line' id='line_1_42' title="bbox 282 2852 1860 2930; baseline 0.005 -21"><span class='ocrx_word' id='word_1_323' title='bbox 282 2854 419 2910; x_wconf 89' lang='lat' dir='ltr'><strong>dens</strong></span> <span class='ocrx_word' id='word_1_324' title='bbox 441 2870 548 2911; x_wconf 90' lang='lat' dir='ltr'><strong>non</strong></span> <span class='ocrx_word' id='word_1_325' title='bbox 585 2855 653 2911; x_wconf 87' lang='lat' dir='ltr'><strong>ab</strong></span> <span class='ocrx_word' id='word_1_326' title='bbox 681 2854 857 2912; x_wconf 88' lang='lat' dir='ltr'><strong>altero</strong></span> <span class='ocrx_word' id='word_1_327' title='bbox 898 2857 1009 2917; x_wconf 88' lang='lat' dir='ltr'><strong>Deo</strong></span> <span class='ocrx_word' id='word_1_328' title='bbox 1061 2872 1182 2914; x_wconf 90' lang='lat' dir='ltr'><strong>esse</strong></span> <span class='ocrx_word' id='word_1_329' title='bbox 1210 2852 1385 2930; x_wconf 84' lang='lat' dir='ltr'><strong>legem</strong></span> <span class='ocrx_word' id='word_1_330' title='bbox 1408 2899 1424 2927; x_wconf 96' lang='lat'><strong>,</strong></span> <span class='ocrx_word' id='word_1_331' title='bbox 1464 2861 1542 2916; x_wconf 88' lang='lat' dir='ltr'><strong>sic</strong></span> <span class='ocrx_word' id='word_1_332' title='bbox 1566 2862 1753 2918; x_wconf 87' lang='lat' dir='ltr'><strong>dicens</strong></span> <span class='ocrx_word' id='word_1_333' title='bbox 1778 2862 1860 2917; x_wconf 90' lang='lat' dir='ltr'><strong>eis</strong></span> 
     </span>
    </p>
   </div>
   <div class='ocr_carea' id='block_1_43' title="bbox 280 2946 1860 3023">
    <p class='ocr_par' dir='ltr' id='par_1_43' title="bbox 280 2946 1860 3023">
     <span class='ocr_line' id='line_1_43' title="bbox 280 2946 1860 3023; baseline 0.006 -24"><span class='ocrx_word' id='word_1_334' title='bbox 280 2946 376 3017; x_wconf 87' lang='lat' dir='ltr'><strong>qui</strong></span> <span class='ocrx_word' id='word_1_335' title='bbox 411 2960 442 3000; x_wconf 91' lang='lat' dir='ltr'><strong>a</strong></span> <span class='ocrx_word' id='word_1_336' title='bbox 473 2960 534 3003; x_wconf 88' lang='lat' dir='ltr'><strong>se</strong></span> <span class='ocrx_word' id='word_1_337' title='bbox 560 2947 899 3004; x_wconf 87' lang='lat' dir='ltr'><strong>docebantur</strong></span> <span class='ocrx_word' id='word_1_338' title='bbox 922 2990 938 3017; x_wconf 93' lang='lat'><strong>,</strong></span> <span class='ocrx_word' id='word_1_339' title='bbox 986 2948 1163 3005; x_wconf 60' lang='lat' dir='ltr'><strong>turba:</strong></span> <span class='ocrx_word' id='word_1_340' title='bbox 1194 2961 1247 3005; x_wconf 92' lang='lat' dir='ltr'><strong>et</strong></span> <span class='ocrx_word' id='word_1_341' title='bbox 1273 2952 1553 3022; x_wconf 84' lang='lat' dir='ltr'><strong>discipulis</strong></span> <span class='ocrx_word' id='word_1_342' title='bbox 1590 2970 1605 3007; x_wconf 87' lang='lat'><strong>:</strong></span> <span class='ocrx_word' id='word_1_343' title='bbox 1653 2952 1860 3023; x_wconf 89' lang='lat' dir='ltr'><strong>«Super</strong></span> 
     </span>
    </p>
   </div>
   <div class='ocr_carea' id='block_1_44' title="bbox 282 3039 1857 3112">
    <p class='ocr_par' dir='ltr' id='par_1_44' title="bbox 282 3039 1857 3112">
     <span class='ocr_line' id='line_1_44' title="bbox 282 3039 1857 3112; baseline 0.006 -21"><span class='ocrx_word' id='word_1_344' title='bbox 282 3039 608 3094; x_wconf 75' lang='lat' dir='ltr'><strong>cathedram</strong></span> <span class='ocrx_word' id='word_1_345' title='bbox 654 3039 823 3112; x_wconf 77' lang='lat' dir='ltr'><strong>Moysi</strong></span> <span class='ocrx_word' id='word_1_346' title='bbox 880 3042 1143 3098; x_wconf 85' lang='lat' dir='ltr'><strong>sederunt</strong></span> <span class='ocrx_word' id='word_1_347' title='bbox 1199 3041 1408 3099; x_wconf 69' lang='lat' dir='ltr'><strong>Scriba:</strong></span> <span class='ocrx_word' id='word_1_348' title='bbox 1468 3054 1521 3100; x_wconf 93' lang='lat' dir='ltr'><strong>et</strong></span> <span class='ocrx_word' id='word_1_349' title='bbox 1577 3042 1857 3105; x_wconf 65' lang='lat' dir='ltr'><strong>Pharisaei.</strong></span> 
     </span>
    </p>
   </div>
   <div class='ocr_carea' id='block_1_45' title="bbox 278 3124 1855 3204">
    <p class='ocr_par' dir='ltr' id='par_1_45' title="bbox 278 3124 1855 3204">
     <span class='ocr_line' id='line_1_45' title="bbox 278 3124 1855 3204; baseline 0.004 -20"><span class='ocrx_word' id='word_1_350' title='bbox 278 3124 478 3184; x_wconf 85' lang='lat' dir='ltr'><strong>Omnia</strong></span> <span class='ocrx_word' id='word_1_351' title='bbox 512 3130 695 3200; x_wconf 87' lang='lat' dir='ltr'><strong>itaque</strong></span> <span class='ocrx_word' id='word_1_352' title='bbox 720 3147 1061 3204; x_wconf 58' lang='lat' dir='ltr'><strong>quascunque</strong></span> <span class='ocrx_word' id='word_1_353' title='bbox 1088 3133 1326 3189; x_wconf 81' lang='lat' dir='ltr'><strong>dixerint</strong></span> <span class='ocrx_word' id='word_1_354' title='bbox 1352 3130 1506 3189; x_wconf 84' lang='lat' dir='ltr'><strong>vobis</strong></span> <span class='ocrx_word' id='word_1_355' title='bbox 1525 3174 1540 3198; x_wconf 92' lang='lat'><strong>,</strong></span> <span class='ocrx_word' id='word_1_356' title='bbox 1566 3136 1855 3200; x_wconf 88' lang='lat' dir='ltr'><strong>custodite,</strong></span> 
     </span>
    </p>
   </div>
   <div class='ocr_carea' id='block_1_46' title="bbox 279 3221 1856 3295">
    <p class='ocr_par' dir='ltr' id='par_1_46' title="bbox 279 3221 1856 3295">
     <span class='ocr_line' id='line_1_46' title="bbox 279 3221 1856 3295; baseline 0.005 -20"><span class='ocrx_word' id='word_1_357' title='bbox 279 3230 341 3275; x_wconf 88' lang='lat' dir='ltr'><strong>et</strong></span> <span class='ocrx_word' id='word_1_358' title='bbox 380 3221 588 3287; x_wconf 87' lang='lat' dir='ltr'><strong>facite;</strong></span> <span class='ocrx_word' id='word_1_359' title='bbox 639 3224 944 3279; x_wconf 85' lang='lat' dir='ltr'><strong>secundum</strong></span> <span class='ocrx_word' id='word_1_360' title='bbox 994 3237 1179 3279; x_wconf 88' lang='lat' dir='ltr'><strong>autem</strong></span> <span class='ocrx_word' id='word_1_361' title='bbox 1222 3237 1385 3295; x_wconf 85' lang='lat' dir='ltr'><strong>opera</strong></span> <span class='ocrx_word' id='word_1_362' title='bbox 1446 3242 1631 3281; x_wconf 88' lang='lat' dir='ltr'><strong>eorum</strong></span> <span class='ocrx_word' id='word_1_363' title='bbox 1689 3228 1856 3283; x_wconf 90' lang='lat' dir='ltr'><strong>nolite</strong></span> 
     </span>
    </p>
   </div>
   <div class='ocr_carea' id='block_1_47' title="bbox 280 3291 1928 3388">
    <p class='ocr_par' dir='ltr' id='par_1_47' title="bbox 280 3291 1928 3388">
     <span class='ocr_line' id='line_1_47' title="bbox 280 3291 1928 3388; baseline 0.004 -21"><span class='ocrx_word' id='word_1_364' title='bbox 280 3311 511 3369; x_wconf 75' lang='lat' dir='ltr'><strong>facere:</strong></span> <span class='ocrx_word' id='word_1_365' title='bbox 548 3317 741 3371; x_wconf 89' lang='lat' dir='ltr'><strong>dicunt</strong></span> <span class='ocrx_word' id='word_1_366' title='bbox 766 3315 912 3372; x_wconf 90' lang='lat' dir='ltr'><strong>enim</strong></span> <span class='ocrx_word' id='word_1_367' title='bbox 944 3327 1129 3372; x_wconf 89' lang='lat' dir='ltr'><strong>etnon</strong></span> <span class='ocrx_word' id='word_1_368' title='bbox 1172 3291 1399 3372; x_wconf 84' lang='lat' dir='ltr'><strong>faciunt.</strong></span> <span class='ocrx_word' id='word_1_369' title='bbox 1453 3314 1855 3388; x_wconf 80' lang='lat' dir='ltr'><strong>Alligantenim</strong></span> <span class='ocrx_word' id='word_1_370' title='bbox 1884 3291 1928 3351; x_wconf 63' lang='grc' dir='ltr'><strong>θ</strong></span> 
     </span>
    </p>
   </div>
   <div class='ocr_carea' id='block_1_48' title="bbox 280 3406 1857 3481">
    <p class='ocr_par' dir='ltr' id='par_1_48' title="bbox 280 3406 1857 3481">
     <span class='ocr_line' id='line_1_48' title="bbox 280 3406 1857 3481; baseline 0.004 -22"><span class='ocrx_word' id='word_1_371' title='bbox 280 3406 533 3462; x_wconf 89' lang='lat' dir='ltr'><strong>sarcinas</strong></span> <span class='ocrx_word' id='word_1_372' title='bbox 566 3420 767 3475; x_wconf 82' lang='lat' dir='ltr'><strong>graves</strong></span> <span class='ocrx_word' id='word_1_373' title='bbox 789 3446 804 3473; x_wconf 93' lang='lat'><strong>,</strong></span> <span class='ocrx_word' id='word_1_374' title='bbox 842 3418 898 3463; x_wconf 92' lang='lat' dir='ltr'><strong>et</strong></span> <span class='ocrx_word' id='word_1_375' title='bbox 929 3408 1216 3479; x_wconf 90' lang='lat' dir='ltr'><strong>imponunt</strong></span> <span class='ocrx_word' id='word_1_376' title='bbox 1249 3424 1415 3481; x_wconf 89' lang='lat' dir='ltr'><strong>super</strong></span> <span class='ocrx_word' id='word_1_377' title='bbox 1456 3412 1712 3465; x_wconf 88' lang='lat' dir='ltr'><strong>humeros</strong></span> <span class='ocrx_word' id='word_1_378' title='bbox 1753 3411 1857 3466; x_wconf 84' lang='lat' dir='ltr'><strong>ho-</strong></span> 
     </span>
    </p>
   </div>
   <div class='ocr_carea' id='block_1_49' title="bbox 282 3500 1855 3573">
    <p class='ocr_par' dir='ltr' id='par_1_49' title="bbox 282 3500 1855 3573">
     <span class='ocr_line' id='line_1_49' title="bbox 282 3500 1855 3573; baseline 0.003 -18"><span class='ocrx_word' id='word_1_379' title='bbox 282 3500 529 3566; x_wconf 89' lang='lat' dir='ltr'><strong>minum;</strong></span> <span class='ocrx_word' id='word_1_380' title='bbox 587 3500 689 3570; x_wconf 87' lang='lat' dir='ltr'><strong>ipsi</strong></span> <span class='ocrx_word' id='word_1_381' title='bbox 740 3511 919 3557; x_wconf 90' lang='lat' dir='ltr'><strong>autem</strong></span> <span class='ocrx_word' id='word_1_382' title='bbox 959 3518 1062 3559; x_wconf 91' lang='lat' dir='ltr'><strong>nec</strong></span> <span class='ocrx_word' id='word_1_383' title='bbox 1089 3503 1257 3573; x_wconf 88' lang='lat' dir='ltr'><strong>digito</strong></span> <span class='ocrx_word' id='word_1_384' title='bbox 1291 3504 1508 3573; x_wconf 86' lang='lat' dir='ltr'><strong>quidem</strong></span> <span class='ocrx_word' id='word_1_385' title='bbox 1541 3505 1725 3559; x_wconf 86' lang='lat' dir='ltr'><strong>volunt</strong></span> <span class='ocrx_word' id='word_1_386' title='bbox 1761 3519 1855 3559; x_wconf 90' lang='lat' dir='ltr'><strong>eas</strong></span> 
     </span>
    </p>
   </div>
   <div class='ocr_carea' id='block_1_50' title="bbox 282 3590 1855 3666">
    <p class='ocr_par' dir='ltr' id='par_1_50' title="bbox 282 3590 1855 3666">
     <span class='ocr_line' id='line_1_50' title="bbox 282 3590 1855 3666; baseline 0.006 -21"><span class='ocrx_word' id='word_1_387' title='bbox 282 3605 509 3646; x_wconf 86' lang='lat' dir='ltr'><strong>movere</strong></span> <span class='ocrx_word' id='word_1_388' title='bbox 532 3592 601 3645; x_wconf 83' lang='lat'><strong>&quot;.</strong></span> <span class='ocrx_word' id='word_1_389' title='bbox 631 3609 651 3643; x_wconf 78' lang='grc' dir='ltr'><strong>ι</strong></span> <span class='ocrx_word' id='word_1_390' title='bbox 736 3590 855 3646; x_wconf 83' lang='grc' dir='ltr'>Νοιι</span> <span class='ocrx_word' id='word_1_391' title='bbox 888 3607 1018 3662; x_wconf 89' lang='lat' dir='ltr'><strong>ergo</strong></span> <span class='ocrx_word' id='word_1_392' title='bbox 1054 3608 1174 3648; x_wconf 89' lang='lat' dir='ltr'><strong>eam</strong></span> <span class='ocrx_word' id='word_1_393' title='bbox 1202 3592 1411 3666; x_wconf 86' lang='lat' dir='ltr'><strong>legem,</strong></span> <span class='ocrx_word' id='word_1_394' title='bbox 1460 3611 1579 3665; x_wconf 75' lang='lat' dir='ltr'><strong>qua:</strong></span> <span class='ocrx_word' id='word_1_395' title='bbox 1622 3606 1706 3651; x_wconf 88' lang='lat' dir='ltr'><strong>est</strong></span> <span class='ocrx_word' id='word_1_396' title='bbox 1758 3612 1855 3666; x_wconf 91' lang='lat' dir='ltr'><strong>per</strong></span> 
     </span>
    </p>
   </div>
   <div class='ocr_carea' id='block_1_51' title="bbox 280 3678 1854 3754">
    <p class='ocr_par' dir='ltr' id='par_1_51' title="bbox 280 3678 1854 3754">
     <span class='ocr_line' id='line_1_51' title="bbox 280 3678 1854 3754; baseline 0.003 -18"><span class='ocrx_word' id='word_1_397' title='bbox 280 3678 524 3752; x_wconf 70' lang='lat' dir='ltr'><strong>Moysen)</strong></span> <span class='ocrx_word' id='word_1_398' title='bbox 554 3680 679 3736; x_wconf 91' lang='lat' dir='ltr'><strong>data</strong></span> <span class='ocrx_word' id='word_1_399' title='bbox 707 3719 722 3747; x_wconf 95' lang='lat'><strong>,</strong></span> <span class='ocrx_word' id='word_1_400' title='bbox 756 3679 1077 3749; x_wconf 80' lang='lat' dir='ltr'><strong>incusabat,</strong></span> <span class='ocrx_word' id='word_1_401' title='bbox 1111 3698 1270 3754; x_wconf 89' lang='lat' dir='ltr'><strong>quam</strong></span> <span class='ocrx_word' id='word_1_402' title='bbox 1310 3685 1488 3740; x_wconf 88' lang='lat' dir='ltr'><strong>adhuc</strong></span> <span class='ocrx_word' id='word_1_403' title='bbox 1527 3685 1694 3741; x_wconf 86' lang='lat' dir='ltr'><strong>salvis</strong></span> <span class='ocrx_word' id='word_1_404' title='bbox 1727 3686 1854 3742; x_wconf 86' lang='lat' dir='ltr'><strong>Hie-</strong></span> 
     </span>
    </p>
   </div>
   <div class='ocr_carea' id='block_1_52' title="bbox 280 3770 1849 3849">
    <p class='ocr_par' dir='ltr' id='par_1_52' title="bbox 280 3770 1849 3849">
     <span class='ocr_line' id='line_1_52' title="bbox 280 3770 1849 3849; baseline 0.002 -20"><span class='ocrx_word' id='word_1_405' title='bbox 280 3770 577 3842; x_wconf 84' lang='lat' dir='ltr'><strong>rosolymis</strong></span> <span class='ocrx_word' id='word_1_406' title='bbox 627 3771 893 3827; x_wconf 88' lang='lat' dir='ltr'><strong>suadebat</strong></span> <span class='ocrx_word' id='word_1_407' title='bbox 929 3772 1085 3840; x_wconf 77' lang='lat' dir='ltr'><strong>lteri;</strong></span> <span class='ocrx_word' id='word_1_408' title='bbox 1154 3775 1249 3829; x_wconf 90' lang='lat' dir='ltr'><strong>sed</strong></span> <span class='ocrx_word' id='word_1_409' title='bbox 1302 3773 1422 3831; x_wconf 90' lang='lat' dir='ltr'><strong>illos</strong></span> <span class='ocrx_word' id='word_1_410' title='bbox 1468 3776 1849 3849; x_wconf 83' lang='lat' dir='ltr'><strong>redarguebat,</strong></span> 
     </span>
    </p>
   </div>
   <div class='ocr_carea' id='block_1_53' title="bbox 274 3862 1848 3935">
    <p class='ocr_par' dir='ltr' id='par_1_53' title="bbox 274 3862 1848 3935">
     <span class='ocr_line' id='line_1_53' title="bbox 274 3862 1848 3935; baseline 0.003 -19"><span class='ocrx_word' id='word_1_411' title='bbox 274 3863 425 3933; x_wconf 87' lang='lat' dir='ltr'><strong>quod</strong></span> <span class='ocrx_word' id='word_1_412' title='bbox 449 3862 614 3917; x_wconf 88' lang='lat' dir='ltr'><strong>verba</strong></span> <span class='ocrx_word' id='word_1_413' title='bbox 648 3862 866 3933; x_wconf 89' lang='lat' dir='ltr'><strong>quidem</strong></span> <span class='ocrx_word' id='word_1_414' title='bbox 894 3862 1035 3935; x_wconf 88' lang='lat' dir='ltr'><strong>legis</strong></span> <span class='ocrx_word' id='word_1_415' title='bbox 1060 3864 1429 3933; x_wconf 91' lang='lat' dir='ltr'><strong>enuntiarent,</strong></span> <span class='ocrx_word' id='word_1_416' title='bbox 1462 3875 1647 3922; x_wconf 87' lang='lat' dir='ltr'><strong>essent</strong></span> <span class='ocrx_word' id='word_1_417' title='bbox 1667 3875 1848 3923; x_wconf 85' lang='lat' dir='ltr'><strong>autem</strong></span> 
     </span>
    </p>
   </div>
   <div class='ocr_carea' id='block_1_54' title="bbox 272 3955 1848 4028">
    <p class='ocr_par' dir='ltr' id='par_1_54' title="bbox 272 3955 1848 4028">
     <span class='ocr_line' id='line_1_54' title="bbox 272 3955 1848 4028; baseline 0.001 -15"><span class='ocrx_word' id='word_1_418' title='bbox 272 3958 399 4013; x_wconf 84' lang='lat' dir='ltr'><strong>sine</strong></span> <span class='ocrx_word' id='word_1_419' title='bbox 437 3955 777 4012; x_wconf 88' lang='lat' dir='ltr'><strong>dilectione:</strong></span> <span class='ocrx_word' id='word_1_420' title='bbox 828 3966 884 4011; x_wconf 90' lang='lat' dir='ltr'><strong>et</strong></span> <span class='ocrx_word' id='word_1_421' title='bbox 920 3966 1145 4028; x_wconf 88' lang='lat' dir='ltr'><strong>propter</strong></span> <span class='ocrx_word' id='word_1_422' title='bbox 1194 3958 1297 4012; x_wconf 90' lang='lat' dir='ltr'><strong>hoc</strong></span> <span class='ocrx_word' id='word_1_423' title='bbox 1338 3957 1521 4026; x_wconf 88' lang='lat' dir='ltr'><strong>injusti</strong></span> <span class='ocrx_word' id='word_1_424' title='bbox 1572 3958 1623 4012; x_wconf 91' lang='lat' dir='ltr'><strong>in</strong></span> <span class='ocrx_word' id='word_1_425' title='bbox 1679 3957 1848 4014; x_wconf 91' lang='lat' dir='ltr'><strong>Deum</strong></span> 
     </span>
    </p>
   </div>
   <div class='ocr_carea' id='block_1_55' title="bbox 273 4047 1851 4117">
    <p class='ocr_par' dir='ltr' id='par_1_55' title="bbox 273 4047 1851 4117">
     <span class='ocr_line' id='line_1_55' title="bbox 273 4047 1851 4117; baseline 0.001 -14"><span class='ocrx_word' id='word_1_426' title='bbox 273 4054 335 4103; x_wconf 83' lang='lat' dir='ltr'><strong>et</strong></span> <span class='ocrx_word' id='word_1_427' title='bbox 388 4047 442 4101; x_wconf 93' lang='lat' dir='ltr'><strong>in</strong></span> <span class='ocrx_word' id='word_1_428' title='bbox 507 4050 785 4117; x_wconf 83' lang='lat' dir='ltr'><strong>proximos</strong></span> <span class='ocrx_word' id='word_1_429' title='bbox 846 4049 1196 4103; x_wconf 87' lang='lat' dir='ltr'><strong>exstiterunt.</strong></span> <span class='ocrx_word' id='word_1_430' title='bbox 1272 4047 1740 4115; x_wconf 87' lang='lat' dir='ltr'><strong>Quemadmodum</strong></span> <span class='ocrx_word' id='word_1_431' title='bbox 1794 4062 1851 4105; x_wconf 90' lang='lat' dir='ltr'><strong>et</strong></span> 
     </span>
    </p>
   </div>
   <div class='ocr_carea' id='block_1_56' title="bbox 274 4138 1849 4208">
    <p class='ocr_par' dir='ltr' id='par_1_56' title="bbox 274 4138 1849 4208">
     <span class='ocr_line' id='line_1_56' title="bbox 274 4138 1849 4208; baseline 0.003 -16"><span class='ocrx_word' id='word_1_432' title='bbox 274 4138 448 4193; x_wconf 81' lang='lat' dir='ltr'><strong>Isaias</strong></span> <span class='ocrx_word' id='word_1_433' title='bbox 489 4140 562 4192; x_wconf 91' lang='lat' dir='ltr'><strong>ait</strong></span> <span class='ocrx_word' id='word_1_434' title='bbox 598 4162 610 4195; x_wconf 88' lang='lat'><strong>:</strong></span> <span class='ocrx_word' id='word_1_435' title='bbox 653 4138 920 4208; x_wconf 90' lang='lat' dir='ltr'><strong>«Populus</strong></span> <span class='ocrx_word' id='word_1_436' title='bbox 962 4140 1050 4194; x_wconf 90' lang='lat' dir='ltr'><strong>hic</strong></span> <span class='ocrx_word' id='word_1_437' title='bbox 1092 4138 1249 4193; x_wconf 89' lang='lat' dir='ltr'><strong>labiis</strong></span> <span class='ocrx_word' id='word_1_438' title='bbox 1295 4156 1381 4195; x_wconf 90' lang='lat' dir='ltr'><strong>me</strong></span> <span class='ocrx_word' id='word_1_439' title='bbox 1435 4142 1700 4207; x_wconf 87' lang='lat' dir='ltr'><strong>honorat,</strong></span> <span class='ocrx_word' id='word_1_440' title='bbox 1752 4156 1849 4197; x_wconf 87' lang='lat' dir='ltr'><strong>cor</strong></span> 
     </span>
    </p>
   </div>
   <div class='ocr_carea' id='block_1_57' title="bbox 277 4231 1847 4302">
    <p class='ocr_par' dir='ltr' id='par_1_57' title="bbox 277 4231 1847 4302">
     <span class='ocr_line' id='line_1_57' title="bbox 277 4231 1847 4302; baseline 0.001 -17"><span class='ocrx_word' id='word_1_441' title='bbox 277 4241 462 4285; x_wconf 83' lang='lat' dir='ltr'><strong>autem</strong></span> <span class='ocrx_word' id='word_1_442' title='bbox 501 4247 693 4287; x_wconf 88' lang='lat' dir='ltr'><strong>eorum</strong></span> <span class='ocrx_word' id='word_1_443' title='bbox 745 4231 906 4302; x_wconf 85' lang='lat' dir='ltr'><strong>longe</strong></span> <span class='ocrx_word' id='word_1_444' title='bbox 958 4241 1042 4286; x_wconf 81' lang='lat' dir='ltr'><strong>est</strong></span> <span class='ocrx_word' id='word_1_445' title='bbox 1104 4247 1133 4285; x_wconf 91' lang='lat' dir='ltr'><strong>a</strong></span> <span class='ocrx_word' id='word_1_446' title='bbox 1196 4248 1298 4287; x_wconf 87' lang='lat' dir='ltr'><strong>me.</strong></span> <span class='ocrx_word' id='word_1_447' title='bbox 1384 4232 1608 4288; x_wconf 80' lang='lat' dir='ltr'><strong>Frustra</strong></span> <span class='ocrx_word' id='word_1_448' title='bbox 1664 4244 1847 4288; x_wconf 84' lang='lat' dir='ltr'><strong>autem</strong></span> 
     </span>
    </p>
   </div>
   <div class='ocr_carea' id='block_1_58' title="bbox 272 4322 1848 4395">
    <p class='ocr_par' dir='ltr' id='par_1_58' title="bbox 272 4322 1848 4395">
     <span class='ocr_line' id='line_1_58' title="bbox 272 4322 1848 4395; baseline 0.001 -18"><span class='ocrx_word' id='word_1_449' title='bbox 272 4322 467 4379; x_wconf 87' lang='lat' dir='ltr'><strong>colunt</strong></span> <span class='ocrx_word' id='word_1_450' title='bbox 502 4338 609 4390; x_wconf 90' lang='lat' dir='ltr'><strong>me,</strong></span> <span class='ocrx_word' id='word_1_451' title='bbox 659 4324 922 4379; x_wconf 86' lang='lat' dir='ltr'><strong>docentes</strong></span> <span class='ocrx_word' id='word_1_452' title='bbox 964 4324 1242 4380; x_wconf 87' lang='lat' dir='ltr'><strong>doctrinas</strong></span> <span class='ocrx_word' id='word_1_453' title='bbox 1278 4335 1331 4378; x_wconf 92' lang='lat' dir='ltr'><strong>et</strong></span> <span class='ocrx_word' id='word_1_454' title='bbox 1364 4336 1627 4395; x_wconf 65' lang='lat' dir='ltr'><strong>praecepta</strong></span> <span class='ocrx_word' id='word_1_455' title='bbox 1669 4324 1848 4379; x_wconf 84' lang='lat' dir='ltr'><strong>homi-</strong></span> 
     </span>
    </p>
   </div>
   <div class='ocr_carea' id='block_1_59' title="bbox 274 4415 1848 4487">
    <p class='ocr_par' dir='ltr' id='par_1_59' title="bbox 274 4415 1848 4487">
     <span class='ocr_line' id='line_1_59' title="bbox 274 4415 1848 4487; baseline 0 -15"><span class='ocrx_word' id='word_1_456' title='bbox 274 4432 407 4473; x_wconf 88' lang='lat' dir='ltr'><strong>nttm</strong></span> <span class='ocrx_word' id='word_1_457' title='bbox 422 4417 526 4469; x_wconf 73' lang='lat' dir='ltr'><strong>“.t</strong></span> <span class='ocrx_word' id='word_1_458' title='bbox 554 4415 672 4470; x_wconf 78' lang='lat' dir='ltr'><strong>Non</strong></span> <span class='ocrx_word' id='word_1_459' title='bbox 702 4421 799 4486; x_wconf 78' lang='lat' dir='ltr'><strong>per</strong></span> <span class='ocrx_word' id='word_1_460' title='bbox 823 4417 1059 4487; x_wconf 67' lang='lat' dir='ltr'><strong>Moysen]</strong></span> <span class='ocrx_word' id='word_1_461' title='bbox 1086 4418 1266 4471; x_wconf 85' lang='lat' dir='ltr'><strong>datam</strong></span> <span class='ocrx_word' id='word_1_462' title='bbox 1298 4416 1468 4485; x_wconf 88' lang='lat' dir='ltr'><strong>legem</strong></span> <span class='ocrx_word' id='word_1_463' title='bbox 1502 4418 1689 4472; x_wconf 87' lang='lat' dir='ltr'><strong>dicens</strong></span> <span class='ocrx_word' id='word_1_464' title='bbox 1712 4433 1848 4487; x_wconf 75' lang='lat' dir='ltr'><strong>prte-</strong></span> 
     </span>
    </p>
   </div>
   <div class='ocr_carea' id='block_1_60' title="bbox 276 4509 1842 4580">
    <p class='ocr_par' dir='ltr' id='par_1_60' title="bbox 276 4509 1842 4580">
     <span class='ocr_line' id='line_1_60' title="bbox 276 4509 1842 4580; baseline 0 -16"><span class='ocrx_word' id='word_1_465' title='bbox 276 4518 437 4578; x_wconf 84' lang='lat' dir='ltr'><strong>cepta</strong></span> <span class='ocrx_word' id='word_1_466' title='bbox 500 4509 820 4573; x_wconf 90' lang='lat' dir='ltr'><strong>hominum,</strong></span> <span class='ocrx_word' id='word_1_467' title='bbox 874 4509 969 4563; x_wconf 90' lang='lat' dir='ltr'><strong>sed</strong></span> <span class='ocrx_word' id='word_1_468' title='bbox 1030 4510 1348 4564; x_wconf 89' lang='lat' dir='ltr'><strong>traditiones</strong></span> <span class='ocrx_word' id='word_1_469' title='bbox 1398 4510 1842 4580; x_wconf 79' lang='lat' dir='ltr'><strong>presbyterorum</strong></span> 
     </span>
    </p>
   </div>
   <div class='ocr_carea' id='block_1_61' title="bbox 275 4590 1841 4667">
    <p class='ocr_par' dir='ltr' id='par_1_61' title="bbox 275 4590 1841 4667">
     <span class='ocr_line' id='line_1_61' title="bbox 275 4590 1841 4667; baseline 0.001 -13"><span class='ocrx_word' id='word_1_470' title='bbox 275 4598 542 4667; x_wconf 86' lang='lat' dir='ltr'><strong>ipsorum,</strong></span> <span class='ocrx_word' id='word_1_471' title='bbox 575 4613 717 4667; x_wconf 89' lang='lat' dir='ltr'><strong>quas</strong></span> <span class='ocrx_word' id='word_1_472' title='bbox 744 4598 1040 4663; x_wconf 74' lang='lat' dir='ltr'><strong>tinxerant,</strong></span> <span class='ocrx_word' id='word_1_473' title='bbox 1065 4615 1199 4667; x_wconf 85' lang='lat' dir='ltr'><strong>quas</strong></span> <span class='ocrx_word' id='word_1_474' title='bbox 1234 4590 1576 4655; x_wconf 65' lang='lat' dir='ltr'><strong>iindicantes</strong></span> <span class='ocrx_word' id='word_1_475' title='bbox 1608 4601 1841 4655; x_wconf 86' lang='lat' dir='ltr'><strong>frustra-</strong></span> 
     </span>
    </p>
   </div>
   <div class='ocr_carea' id='block_1_62' title="bbox 270 4688 1847 4760">
    <p class='ocr_par' dir='ltr' id='par_1_62' title="bbox 270 4688 1847 4760">
     <span class='ocr_line' id='line_1_62' title="bbox 270 4688 1847 4760; baseline 0.001 -17"><span class='ocrx_word' id='word_1_476' title='bbox 270 4688 479 4743; x_wconf 80' lang='lat' dir='ltr'><strong>bantur</strong></span> <span class='ocrx_word' id='word_1_477' title='bbox 516 4689 685 4758; x_wconf 85' lang='lat' dir='ltr'><strong>legem</strong></span> <span class='ocrx_word' id='word_1_478' title='bbox 724 4688 855 4753; x_wconf 89' lang='lat' dir='ltr'><strong>Dei,</strong></span> <span class='ocrx_word' id='word_1_479' title='bbox 897 4701 952 4743; x_wconf 90' lang='lat' dir='ltr'><strong>et</strong></span> <span class='ocrx_word' id='word_1_480' title='bbox 988 4702 1210 4760; x_wconf 88' lang='lat' dir='ltr'><strong>propter</strong></span> <span class='ocrx_word' id='word_1_481' title='bbox 1242 4690 1346 4744; x_wconf 88' lang='lat' dir='ltr'><strong>hoc</strong></span> <span class='ocrx_word' id='word_1_482' title='bbox 1390 4705 1489 4744; x_wconf 90' lang='lat' dir='ltr'><strong>nec</strong></span> <span class='ocrx_word' id='word_1_483' title='bbox 1528 4691 1701 4744; x_wconf 85' lang='lat' dir='ltr'><strong>Verbo</strong></span> <span class='ocrx_word' id='word_1_484' title='bbox 1729 4691 1847 4757; x_wconf 86' lang='lat' dir='ltr'><strong>ejus</strong></span> 
     </span>
    </p>
   </div>
   <div class='ocr_carea' id='block_1_63' title="bbox 268 4779 1845 4851">
    <p class='ocr_par' dir='ltr' id='par_1_63' title="bbox 268 4779 1845 4851">
     <span class='ocr_line' id='line_1_63' title="bbox 268 4779 1845 4851; baseline 0.001 -16"><span class='ocrx_word' id='word_1_485' title='bbox 268 4779 499 4849; x_wconf 69' lang='lat' dir='ltr'><strong>eubjt-cti</strong></span> <span class='ocrx_word' id='word_1_486' title='bbox 524 4788 667 4834; x_wconf 85' lang='lat' dir='ltr'><strong>sunt.</strong></span> <span class='ocrx_word' id='word_1_487' title='bbox 706 4779 818 4836; x_wconf 83' lang='lat' dir='ltr'><strong>Hoc</strong></span> <span class='ocrx_word' id='word_1_488' title='bbox 840 4781 985 4835; x_wconf 91' lang='lat' dir='ltr'><strong>enim</strong></span> <span class='ocrx_word' id='word_1_489' title='bbox 1018 4791 1106 4837; x_wconf 91' lang='lat' dir='ltr'><strong>est</strong></span> <span class='ocrx_word' id='word_1_490' title='bbox 1132 4781 1272 4851; x_wconf 91' lang='lat' dir='ltr'><strong>quod</strong></span> <span class='ocrx_word' id='word_1_491' title='bbox 1298 4791 1352 4836; x_wconf 91' lang='lat' dir='ltr'><strong>et</strong></span> <span class='ocrx_word' id='word_1_492' title='bbox 1378 4795 1408 4834; x_wconf 89' lang='lat' dir='ltr'><strong>a</strong></span> <span class='ocrx_word' id='word_1_493' title='bbox 1444 4781 1615 4836; x_wconf 89' lang='lat' dir='ltr'><strong>Paulo</strong></span> <span class='ocrx_word' id='word_1_494' title='bbox 1641 4781 1845 4838; x_wconf 89' lang='lat' dir='ltr'><strong>dicitur</strong></span> 
     </span>
    </p>
   </div>
   <div class='ocr_carea' id='block_1_64' title="bbox 266 4870 1843 4943">
    <p class='ocr_par' dir='ltr' id='par_1_64' title="bbox 266 4870 1843 4943">
     <span class='ocr_line' id='line_1_64' title="bbox 266 4870 1843 4943; baseline 0.002 -18"><span class='ocrx_word' id='word_1_495' title='bbox 266 4872 342 4927; x_wconf 85' lang='lat' dir='ltr'><strong>de</strong></span> <span class='ocrx_word' id='word_1_496' title='bbox 371 4872 489 4925; x_wconf 81' lang='lat' dir='ltr'><strong>istis</strong></span> <span class='ocrx_word' id='word_1_497' title='bbox 522 4888 535 4924; x_wconf 93' lang='lat'><strong>:</strong></span> <span class='ocrx_word' id='word_1_498' title='bbox 587 4889 606 4922; x_wconf 91' lang='lat'><strong>«</strong></span> <span class='ocrx_word' id='word_1_499' title='bbox 632 4870 956 4943; x_wconf 85' lang='lat' dir='ltr'><strong>ignorantes</strong></span> <span class='ocrx_word' id='word_1_500' title='bbox 983 4874 1129 4927; x_wconf 89' lang='lat' dir='ltr'><strong>enim</strong></span> <span class='ocrx_word' id='word_1_501' title='bbox 1152 4873 1421 4940; x_wconf 88' lang='lat' dir='ltr'><strong>justitiam</strong></span> <span class='ocrx_word' id='word_1_502' title='bbox 1454 4872 1573 4938; x_wconf 89' lang='lat' dir='ltr'><strong>Dei,</strong></span> <span class='ocrx_word' id='word_1_503' title='bbox 1609 4882 1665 4928; x_wconf 90' lang='lat' dir='ltr'><strong>et</strong></span> <span class='ocrx_word' id='word_1_504' title='bbox 1691 4888 1843 4928; x_wconf 89' lang='lat' dir='ltr'><strong>suam</strong></span> 
     </span>
    </p>
   </div>
   <div class='ocr_carea' id='block_1_65' title="bbox 1970 2025 3550 2091">
    <p class='ocr_par' dir='ltr' id='par_1_65' title="bbox 1970 2025 3550 2091">
     <span class='ocr_line' id='line_1_65' title="bbox 1970 2025 3550 2091; baseline 0.002 -10"><span class='ocrx_word' id='word_1_505' title='bbox 1970 2027 2227 2091; x_wconf 91' lang='lat' dir='ltr'><strong>occides,</strong></span> <span class='ocrx_word' id='word_1_506' title='bbox 2278 2040 2385 2081; x_wconf 92' lang='lat' dir='ltr'><strong>non</strong></span> <span class='ocrx_word' id='word_1_507' title='bbox 2433 2025 2747 2089; x_wconf 86' lang='lat' dir='ltr'><strong>furaberis,</strong></span> <span class='ocrx_word' id='word_1_508' title='bbox 2793 2040 2901 2081; x_wconf 93' lang='lat' dir='ltr'><strong>non</strong></span> <span class='ocrx_word' id='word_1_509' title='bbox 2946 2026 3145 2082; x_wconf 89' lang='lat' dir='ltr'><strong>falsum</strong></span> <span class='ocrx_word' id='word_1_510' title='bbox 3174 2029 3550 2084; x_wconf 89' lang='lat' dir='ltr'><strong>testimonium</strong></span> 
     </span>
    </p>
   </div>
   <div class='ocr_carea' id='block_1_66' title="bbox 1972 2108 3549 2192">
    <p class='ocr_par' dir='ltr' id='par_1_66' title="bbox 1972 2108 3549 2192">
     <span class='ocr_line' id='line_1_66' title="bbox 1972 2108 3549 2192; baseline 0.005 -23"><span class='ocrx_word' id='word_1_511' title='bbox 1972 2108 2193 2181; x_wconf 85' lang='lat' dir='ltr'><strong>reddes,</strong></span> <span class='ocrx_word' id='word_1_512' title='bbox 2226 2116 2436 2172; x_wconf 88' lang='lat' dir='ltr'><strong>honora</strong></span> <span class='ocrx_word' id='word_1_513' title='bbox 2466 2124 2681 2185; x_wconf 84' lang='lat' dir='ltr'><strong>patrem</strong></span> <span class='ocrx_word' id='word_1_514' title='bbox 2710 2125 2765 2171; x_wconf 92' lang='lat' dir='ltr'><strong>et</strong></span> <span class='ocrx_word' id='word_1_515' title='bbox 2794 2128 3051 2184; x_wconf 85' lang='lat' dir='ltr'><strong>matrem,</strong></span> <span class='ocrx_word' id='word_1_516' title='bbox 3078 2127 3136 2173; x_wconf 90' lang='lat' dir='ltr'><strong>et</strong></span> <span class='ocrx_word' id='word_1_517' title='bbox 3162 2118 3324 2192; x_wconf 64' lang='grc'><strong>242</strong></span> <span class='ocrx_word' id='word_1_518' title='bbox 3354 2120 3549 2191; x_wconf 85' lang='lat' dir='ltr'><strong>diliges</strong></span> 
     </span>
    </p>
   </div>
   <div class='ocr_carea' id='block_1_67' title="bbox 1969 2206 3551 2281">
    <p class='ocr_par' dir='ltr' id='par_1_67' title="bbox 1969 2206 3551 2281">
     <span class='ocr_line' id='line_1_67' title="bbox 1969 2206 3551 2281; baseline 0.003 -20"><span class='ocrx_word' id='word_1_519' title='bbox 1969 2212 2280 2278; x_wconf 88' lang='lat' dir='ltr'><strong>proximum</strong></span> <span class='ocrx_word' id='word_1_520' title='bbox 2330 2217 2591 2277; x_wconf 89' lang='lat' dir='ltr'><strong>tanquam</strong></span> <span class='ocrx_word' id='word_1_521' title='bbox 2648 2206 2994 2277; x_wconf 76' lang='lat' dir='ltr'><strong>teipsum&quot;;</strong></span> <span class='ocrx_word' id='word_1_522' title='bbox 3054 2229 3075 2264; x_wconf 81' lang='grc' dir='ltr'><strong>ι</strong></span> <span class='ocrx_word' id='word_1_523' title='bbox 3136 2212 3286 2265; x_wconf 89' lang='lat' dir='ltr'><strong>velut</strong></span> <span class='ocrx_word' id='word_1_524' title='bbox 3346 2211 3551 2281; x_wconf 82' lang='lat' dir='ltr'><strong>gradus</strong></span> 
     </span>
    </p>
   </div>
   <div class='ocr_carea' id='block_1_68' title="bbox 1970 2297 3552 2371">
    <p class='ocr_par' dir='ltr' id='par_1_68' title="bbox 1970 2297 3552 2371">
     <span class='ocr_line' id='line_1_68' title="bbox 1970 2297 3552 2371; baseline 0.003 -19"><span class='ocrx_word' id='word_1_525' title='bbox 1970 2314 2281 2371; x_wconf 87' lang='lat' dir='ltr'><strong>proponens</strong></span> <span class='ocrx_word' id='word_1_526' title='bbox 2318 2307 2590 2369; x_wconf 64' lang='lat' dir='ltr'><strong>praecepta</strong></span> <span class='ocrx_word' id='word_1_527' title='bbox 2635 2298 2771 2369; x_wconf 89' lang='lat' dir='ltr'><strong>legis</strong></span> <span class='ocrx_word' id='word_1_528' title='bbox 2806 2297 3067 2356; x_wconf 90' lang='lat' dir='ltr'><strong>introitus</strong></span> <span class='ocrx_word' id='word_1_529' title='bbox 3113 2300 3168 2356; x_wconf 90' lang='lat' dir='ltr'><strong>in</strong></span> <span class='ocrx_word' id='word_1_530' title='bbox 3204 2300 3409 2366; x_wconf 83' lang='lat' dir='ltr'><strong>vitam,</strong></span> <span class='ocrx_word' id='word_1_531' title='bbox 3456 2316 3552 2356; x_wconf 89' lang='lat' dir='ltr'><strong>vo-</strong></span> 
     </span>
    </p>
   </div>
   <div class='ocr_carea' id='block_1_69' title="bbox 1971 2386 3551 2459">
    <p class='ocr_par' dir='ltr' id='par_1_69' title="bbox 1971 2386 3551 2459">
     <span class='ocr_line' id='line_1_69' title="bbox 1971 2386 3551 2459; baseline 0.006 -18"><span class='ocrx_word' id='word_1_532' title='bbox 1971 2386 2207 2442; x_wconf 86' lang='lat' dir='ltr'><strong>lentibus</strong></span> <span class='ocrx_word' id='word_1_533' title='bbox 2236 2387 2389 2457; x_wconf 87' lang='lat' dir='ltr'><strong>sequi</strong></span> <span class='ocrx_word' id='word_1_534' title='bbox 2424 2402 2549 2443; x_wconf 90' lang='lat' dir='ltr'><strong>eum</strong></span> <span class='ocrx_word' id='word_1_535' title='bbox 2578 2402 2594 2443; x_wconf 93' lang='lat'><strong>:</strong></span> <span class='ocrx_word' id='word_1_536' title='bbox 2645 2403 2766 2459; x_wconf 73' lang='lat' dir='ltr'><strong>qua:</strong></span> <span class='ocrx_word' id='word_1_537' title='bbox 2790 2390 2882 2443; x_wconf 91' lang='lat' dir='ltr'><strong>uni</strong></span> <span class='ocrx_word' id='word_1_538' title='bbox 2908 2400 3022 2446; x_wconf 91' lang='lat' dir='ltr'><strong>tum</strong></span> <span class='ocrx_word' id='word_1_539' title='bbox 3056 2391 3265 2457; x_wconf 90' lang='lat' dir='ltr'><strong>dicens,</strong></span> <span class='ocrx_word' id='word_1_540' title='bbox 3294 2392 3551 2450; x_wconf 85' lang='lat' dir='ltr'><strong>omnibus</strong></span> 
     </span>
    </p>
   </div>
   <div class='ocr_carea' id='block_1_70' title="bbox 1972 2479 3548 2557">
    <p class='ocr_par' dir='ltr' id='par_1_70' title="bbox 1972 2479 3548 2557">
     <span class='ocr_line' id='line_1_70' title="bbox 1972 2479 3548 2557; baseline 0.004 -25"><span class='ocrx_word' id='word_1_541' title='bbox 1972 2479 2207 2534; x_wconf 89' lang='lat' dir='ltr'><strong>dicebat.</strong></span> <span class='ocrx_word' id='word_1_542' title='bbox 2242 2479 2338 2534; x_wconf 86' lang='lat' dir='ltr'><strong>Ille</strong></span> <span class='ocrx_word' id='word_1_543' title='bbox 2359 2489 2539 2535; x_wconf 90' lang='lat' dir='ltr'><strong>autem</strong></span> <span class='ocrx_word' id='word_1_544' title='bbox 2565 2494 2687 2535; x_wconf 92' lang='lat' dir='ltr'><strong>cum</strong></span> <span class='ocrx_word' id='word_1_545' title='bbox 2718 2480 2987 2537; x_wconf 82' lang='lat' dir='ltr'><strong>dixisset:</strong></span> <span class='ocrx_word' id='word_1_546' title='bbox 3020 2500 3039 2535; x_wconf 72' lang='lat' dir='ltr'><strong>t</strong></span> <span class='ocrx_word' id='word_1_547' title='bbox 3064 2481 3257 2539; x_wconf 87' lang='lat' dir='ltr'><strong>Omnia</strong></span> <span class='ocrx_word' id='word_1_548' title='bbox 3284 2484 3385 2540; x_wconf 91' lang='lat' dir='ltr'><strong>feci</strong></span> <span class='ocrx_word' id='word_1_549' title='bbox 3416 2502 3435 2537; x_wconf 82' lang='grc' dir='ltr'><strong>ι</strong></span> <span class='ocrx_word' id='word_1_550' title='bbox 3466 2485 3548 2557; x_wconf 90' lang='lat' dir='ltr'><strong>(et</strong></span> 
     </span>
    </p>
   </div>
   <div class='ocr_carea' id='block_1_71' title="bbox 1972 2569 3549 2643">
    <p class='ocr_par' dir='ltr' id='par_1_71' title="bbox 1972 2569 3549 2643">
     <span class='ocr_line' id='line_1_71' title="bbox 1972 2569 3549 2643; baseline 0.004 -18"><span class='ocrx_word' id='word_1_551' title='bbox 1972 2572 2111 2625; x_wconf 90' lang='lat' dir='ltr'><strong>forte</strong></span> <span class='ocrx_word' id='word_1_552' title='bbox 2158 2585 2266 2625; x_wconf 89' lang='lat' dir='ltr'><strong>non</strong></span> <span class='ocrx_word' id='word_1_553' title='bbox 2296 2569 2504 2626; x_wconf 76' lang='lat' dir='ltr'><strong>fecerat</strong></span> <span class='ocrx_word' id='word_1_554' title='bbox 2544 2570 2659 2642; x_wconf 86' lang='lat'><strong>(68)</strong></span> <span class='ocrx_word' id='word_1_555' title='bbox 2698 2611 2714 2639; x_wconf 96' lang='lat'><strong>,</strong></span> <span class='ocrx_word' id='word_1_556' title='bbox 2750 2586 2875 2626; x_wconf 87' lang='lat' dir='ltr'><strong>nam</strong></span> <span class='ocrx_word' id='word_1_557' title='bbox 2912 2572 3099 2643; x_wconf 87' lang='lat' dir='ltr'><strong>utique</strong></span> <span class='ocrx_word' id='word_1_558' title='bbox 3136 2590 3243 2630; x_wconf 90' lang='lat' dir='ltr'><strong>non</strong></span> <span class='ocrx_word' id='word_1_559' title='bbox 3272 2576 3549 2632; x_wconf 79' lang='lat' dir='ltr'><strong>diceretur</strong></span> 
     </span>
    </p>
   </div>
   <div class='ocr_carea' id='block_1_72' title="bbox 1968 2664 3549 2740">
    <p class='ocr_par' dir='ltr' id='par_1_72' title="bbox 1968 2664 3549 2740">
     <span class='ocr_line' id='line_1_72' title="bbox 1968 2664 3549 2740; baseline 0.002 -19"><span class='ocrx_word' id='word_1_560' title='bbox 1968 2666 2053 2721; x_wconf 89' lang='lat' dir='ltr'><strong>ei:</strong></span> <span class='ocrx_word' id='word_1_561' title='bbox 2084 2664 2337 2723; x_wconf 78' lang='lat' dir='ltr'><strong>«Custodi</strong></span> <span class='ocrx_word' id='word_1_562' title='bbox 2376 2675 2644 2736; x_wconf 66' lang='lat' dir='ltr'><strong>princepta</strong></span> <span class='ocrx_word' id='word_1_563' title='bbox 2673 2665 2751 2736; x_wconf 83' lang='grc' dir='ltr'><strong>ι),</strong></span> <span class='ocrx_word' id='word_1_564' title='bbox 2780 2680 3018 2737; x_wconf 88' lang='lat' dir='ltr'><strong>arguens</strong></span> <span class='ocrx_word' id='word_1_565' title='bbox 3043 2667 3307 2724; x_wconf 89' lang='lat' dir='ltr'><strong>Dominus</strong></span> <span class='ocrx_word' id='word_1_566' title='bbox 3331 2669 3549 2740; x_wconf 89' lang='lat' dir='ltr'><strong>cupidi-</strong></span> 
     </span>
    </p>
   </div>
   <div class='ocr_carea' id='block_1_73' title="bbox 1969 2757 3546 2830">
    <p class='ocr_par' dir='ltr' id='par_1_73' title="bbox 1969 2757 3546 2830">
     <span class='ocr_line' id='line_1_73' title="bbox 1969 2757 3546 2830; baseline 0.005 -17"><span class='ocrx_word' id='word_1_567' title='bbox 1969 2768 2133 2815; x_wconf 81' lang='lat' dir='ltr'><strong>tatem</strong></span> <span class='ocrx_word' id='word_1_568' title='bbox 2164 2759 2307 2829; x_wconf 86' lang='lat' dir='ltr'><strong>ejus,</strong></span> <span class='ocrx_word' id='word_1_569' title='bbox 2337 2759 2477 2814; x_wconf 81' lang='lat' dir='ltr'><strong>dixit</strong></span> <span class='ocrx_word' id='word_1_570' title='bbox 2499 2759 2547 2814; x_wconf 89' lang='lat' dir='ltr'><strong>ei</strong></span> <span class='ocrx_word' id='word_1_571' title='bbox 2577 2771 2595 2813; x_wconf 89' lang='lat'><strong>:</strong></span> <span class='ocrx_word' id='word_1_572' title='bbox 2652 2757 2743 2815; x_wconf 91' lang='lat' dir='ltr'><strong>«Si</strong></span> <span class='ocrx_word' id='word_1_573' title='bbox 2772 2759 2857 2815; x_wconf 91' lang='lat' dir='ltr'><strong>vis</strong></span> <span class='ocrx_word' id='word_1_574' title='bbox 2889 2760 3164 2829; x_wconf 88' lang='lat' dir='ltr'><strong>perfectus</strong></span> <span class='ocrx_word' id='word_1_575' title='bbox 3190 2776 3349 2830; x_wconf 82' lang='lat' dir='ltr'><strong>esse,</strong></span> <span class='ocrx_word' id='word_1_576' title='bbox 3381 2764 3546 2829; x_wconf 87' lang='lat' dir='ltr'><strong>vade,</strong></span> 
     </span>
    </p>
   </div>
   <div class='ocr_carea' id='block_1_74' title="bbox 1966 2850 3549 2924">
    <p class='ocr_par' dir='ltr' id='par_1_74' title="bbox 1966 2850 3549 2924">
     <span class='ocr_line' id='line_1_74' title="bbox 1966 2850 3549 2924; baseline 0.005 -19"><span class='ocrx_word' id='word_1_577' title='bbox 1966 2852 2139 2907; x_wconf 87' lang='lat' dir='ltr'><strong>vende</strong></span> <span class='ocrx_word' id='word_1_578' title='bbox 2164 2851 2349 2906; x_wconf 91' lang='lat' dir='ltr'><strong>omnia</strong></span> <span class='ocrx_word' id='word_1_579' title='bbox 2389 2866 2508 2922; x_wconf 69' lang='lat' dir='ltr'><strong>quae</strong></span> <span class='ocrx_word' id='word_1_580' title='bbox 2534 2850 2741 2917; x_wconf 83' lang='lat' dir='ltr'><strong>babes,</strong></span> <span class='ocrx_word' id='word_1_581' title='bbox 2771 2860 2828 2907; x_wconf 92' lang='lat' dir='ltr'><strong>et</strong></span> <span class='ocrx_word' id='word_1_582' title='bbox 2862 2850 3042 2909; x_wconf 90' lang='lat' dir='ltr'><strong>divide</strong></span> <span class='ocrx_word' id='word_1_583' title='bbox 3072 2856 3443 2924; x_wconf 87' lang='lat' dir='ltr'><strong>pauperibus,</strong></span> <span class='ocrx_word' id='word_1_584' title='bbox 3490 2868 3549 2915; x_wconf 81' lang='lat' dir='ltr'><strong>et</strong></span> 
     </span>
    </p>
   </div>
   <div class='ocr_carea' id='block_1_75' title="bbox 1966 2942 3545 3019">
    <p class='ocr_par' dir='ltr' id='par_1_75' title="bbox 1966 2942 3545 3019">
     <span class='ocr_line' id='line_1_75' title="bbox 1966 2942 3545 3019; baseline 0.004 -22"><span class='ocrx_word' id='word_1_585' title='bbox 1966 2942 2126 3006; x_wconf 89' lang='lat' dir='ltr'><strong>veni,</strong></span> <span class='ocrx_word' id='word_1_586' title='bbox 2170 2957 2401 3014; x_wconf 88' lang='lat' dir='ltr'><strong>sequere</strong></span> <span class='ocrx_word' id='word_1_587' title='bbox 2430 2956 2517 2998; x_wconf 92' lang='lat' dir='ltr'><strong>me</strong></span> <span class='ocrx_word' id='word_1_588' title='bbox 2545 2943 2592 2976; x_wconf 82' lang='lat'><strong>&quot;</strong></span> <span class='ocrx_word' id='word_1_589' title='bbox 2628 2959 2644 3009; x_wconf 89' lang='lat'><strong>;</strong></span> <span class='ocrx_word' id='word_1_590' title='bbox 2685 2961 2706 2997; x_wconf 77' lang='grc' dir='ltr'><strong>ι</strong></span> <span class='ocrx_word' id='word_1_591' title='bbox 2741 2943 3117 3014; x_wconf 90' lang='lat' dir='ltr'><strong>apostolorum</strong></span> <span class='ocrx_word' id='word_1_592' title='bbox 3159 2955 3371 3013; x_wconf 89' lang='lat' dir='ltr'><strong>partem</strong></span> <span class='ocrx_word' id='word_1_593' title='bbox 3413 2962 3545 3019; x_wconf 89' lang='lat' dir='ltr'><strong>pro-</strong></span> 
     </span>
    </p>
   </div>
   <div class='ocr_carea' id='block_1_76' title="bbox 1966 3020 3543 3105">
    <p class='ocr_par' dir='ltr' id='par_1_76' title="bbox 1966 3020 3543 3105">
     <span class='ocr_line' id='line_1_76' title="bbox 1966 3020 3543 3105; baseline 0.003 -15"><span class='ocrx_word' id='word_1_594' title='bbox 1966 3036 2190 3091; x_wconf 91' lang='lat' dir='ltr'><strong>mittens</strong></span> <span class='ocrx_word' id='word_1_595' title='bbox 2225 3020 2308 3091; x_wconf 85' lang='lat' dir='ltr'><strong>eis</strong></span> <span class='ocrx_word' id='word_1_596' title='bbox 2350 3036 2439 3105; x_wconf 90' lang='lat' dir='ltr'><strong>qui</strong></span> <span class='ocrx_word' id='word_1_597' title='bbox 2474 3035 2555 3091; x_wconf 90' lang='lat' dir='ltr'><strong>sic</strong></span> <span class='ocrx_word' id='word_1_598' title='bbox 2581 3034 2850 3091; x_wconf 81' lang='lat' dir='ltr'><strong>fecerint:</strong></span> <span class='ocrx_word' id='word_1_599' title='bbox 2885 3043 2943 3091; x_wconf 92' lang='lat' dir='ltr'><strong>et</strong></span> <span class='ocrx_word' id='word_1_600' title='bbox 2966 3052 3071 3091; x_wconf 87' lang='lat' dir='ltr'><strong>non</strong></span> <span class='ocrx_word' id='word_1_601' title='bbox 3100 3036 3330 3093; x_wconf 91' lang='lat' dir='ltr'><strong>alterum</strong></span> <span class='ocrx_word' id='word_1_602' title='bbox 3375 3039 3543 3097; x_wconf 86' lang='lat' dir='ltr'><strong>Deum</strong></span> 
     </span>
    </p>
   </div>
   <div class='ocr_carea' id='block_1_77' title="bbox 1967 3116 3543 3199">
    <p class='ocr_par' dir='ltr' id='par_1_77' title="bbox 1967 3116 3543 3199">
     <span class='ocr_line' id='line_1_77' title="bbox 1967 3116 3543 3199; baseline 0.005 -19"><span class='ocrx_word' id='word_1_603' title='bbox 1967 3125 2185 3181; x_wconf 80' lang='lat' dir='ltr'><strong>Patrem</strong></span> <span class='ocrx_word' id='word_1_604' title='bbox 2220 3125 2586 3183; x_wconf 86' lang='lat' dir='ltr'><strong>annuntiabat</strong></span> <span class='ocrx_word' id='word_1_605' title='bbox 2628 3116 2749 3193; x_wconf 88' lang='lat' dir='ltr'><strong>eis,</strong></span> <span class='ocrx_word' id='word_1_606' title='bbox 2810 3126 2904 3197; x_wconf 90' lang='lat' dir='ltr'><strong>qui</strong></span> <span class='ocrx_word' id='word_1_607' title='bbox 2966 3128 3334 3198; x_wconf 86' lang='lat' dir='ltr'><strong>sequebantur</strong></span> <span class='ocrx_word' id='word_1_608' title='bbox 3391 3146 3543 3199; x_wconf 91' lang='lat' dir='ltr'><strong>eum,</strong></span> 
     </span>
    </p>
   </div>
   <div class='ocr_carea' id='block_1_78' title="bbox 1967 3219 3539 3292">
    <p class='ocr_par' dir='ltr' id='par_1_78' title="bbox 1967 3219 3539 3292">
     <span class='ocr_line' id='line_1_78' title="bbox 1967 3219 3539 3292; baseline 0.003 -19"><span class='ocrx_word' id='word_1_609' title='bbox 1967 3229 2166 3288; x_wconf 68' lang='lat' dir='ltr'><strong>praeter</strong></span> <span class='ocrx_word' id='word_1_610' title='bbox 2202 3232 2327 3274; x_wconf 93' lang='lat' dir='ltr'><strong>eum</strong></span> <span class='ocrx_word' id='word_1_611' title='bbox 2374 3219 2465 3288; x_wconf 92' lang='lat' dir='ltr'><strong>qui</strong></span> <span class='ocrx_word' id='word_1_612' title='bbox 2491 3219 2561 3275; x_wconf 91' lang='lat' dir='ltr'><strong>ab</strong></span> <span class='ocrx_word' id='word_1_613' title='bbox 2595 3219 2754 3274; x_wconf 89' lang='lat' dir='ltr'><strong>initio</strong></span> <span class='ocrx_word' id='word_1_614' title='bbox 2804 3235 2835 3275; x_wconf 89' lang='lat' dir='ltr'><strong>a</strong></span> <span class='ocrx_word' id='word_1_615' title='bbox 2864 3220 2987 3289; x_wconf 86' lang='lat' dir='ltr'><strong>lege</strong></span> <span class='ocrx_word' id='word_1_616' title='bbox 3029 3221 3386 3277; x_wconf 85' lang='lat' dir='ltr'><strong>snnuntiatus</strong></span> <span class='ocrx_word' id='word_1_617' title='bbox 3414 3233 3539 3292; x_wconf 88' lang='lat' dir='ltr'><strong>est;</strong></span> 
     </span>
    </p>
   </div>
   <div class='ocr_carea' id='block_1_79' title="bbox 1964 3309 3544 3383">
    <p class='ocr_par' dir='ltr' id='par_1_79' title="bbox 1964 3309 3544 3383">
     <span class='ocr_line' id='line_1_79' title="bbox 1964 3309 3544 3383; baseline 0.005 -18"><span class='ocrx_word' id='word_1_618' title='bbox 1964 3325 2063 3365; x_wconf 83' lang='lat' dir='ltr'><strong>nec</strong></span> <span class='ocrx_word' id='word_1_619' title='bbox 2090 3311 2256 3364; x_wconf 91' lang='lat' dir='ltr'><strong>alium</strong></span> <span class='ocrx_word' id='word_1_620' title='bbox 2285 3309 2481 3364; x_wconf 83' lang='lat' dir='ltr'><strong>Filium</strong></span> <span class='ocrx_word' id='word_1_621' title='bbox 2502 3349 2518 3375; x_wconf 95' lang='lat'><strong>,</strong></span> <span class='ocrx_word' id='word_1_622' title='bbox 2551 3324 2652 3365; x_wconf 89' lang='lat' dir='ltr'><strong>nec</strong></span> <span class='ocrx_word' id='word_1_623' title='bbox 2676 3309 2931 3376; x_wconf 81' lang='lat' dir='ltr'><strong>Matrem,</strong></span> <span class='ocrx_word' id='word_1_624' title='bbox 2970 3313 3314 3383; x_wconf 82' lang='lat' dir='ltr'><strong>enthymesin</strong></span> <span class='ocrx_word' id='word_1_625' title='bbox 3348 3314 3544 3373; x_wconf 57' lang='lat' dir='ltr'><strong>[Eonis</strong></span> 
     </span>
    </p>
   </div>
   <div class='ocr_carea' id='block_1_80' title="bbox 1962 3400 3541 3477">
    <p class='ocr_par' dir='ltr' id='par_1_80' title="bbox 1962 3400 3541 3477">
     <span class='ocr_line' id='line_1_80' title="bbox 1962 3400 3541 3477; baseline 0.006 -23"><span class='ocrx_word' id='word_1_626' title='bbox 1962 3401 2055 3471; x_wconf 92' lang='lat' dir='ltr'><strong>qui</strong></span> <span class='ocrx_word' id='word_1_627' title='bbox 2096 3400 2201 3454; x_wconf 88' lang='lat' dir='ltr'><strong>fuit</strong></span> <span class='ocrx_word' id='word_1_628' title='bbox 2236 3401 2291 3456; x_wconf 93' lang='lat' dir='ltr'><strong>in</strong></span> <span class='ocrx_word' id='word_1_629' title='bbox 2323 3402 2602 3469; x_wconf 85' lang='lat' dir='ltr'><strong>passione,</strong></span> <span class='ocrx_word' id='word_1_630' title='bbox 2632 3410 2688 3455; x_wconf 91' lang='lat' dir='ltr'><strong>et</strong></span> <span class='ocrx_word' id='word_1_631' title='bbox 2718 3400 2773 3455; x_wconf 91' lang='lat' dir='ltr'><strong>in</strong></span> <span class='ocrx_word' id='word_1_632' title='bbox 2804 3400 3152 3470; x_wconf 80' lang='lat' dir='ltr'><strong>defectione;</strong></span> <span class='ocrx_word' id='word_1_633' title='bbox 3184 3419 3287 3460; x_wconf 90' lang='lat' dir='ltr'><strong>nec</strong></span> <span class='ocrx_word' id='word_1_634' title='bbox 3320 3408 3541 3477; x_wconf 82' lang='lat' dir='ltr'><strong>triginta</strong></span> 
     </span>
    </p>
   </div>
   <div class='ocr_carea' id='block_1_81' title="bbox 1962 3491 3544 3564">
    <p class='ocr_par' dir='ltr' id='par_1_81' title="bbox 1962 3491 3544 3564">
     <span class='ocr_line' id='line_1_81' title="bbox 1962 3491 3544 3564; baseline 0.006 -17"><span class='ocrx_word' id='word_1_635' title='bbox 1962 3491 2203 3548; x_wconf 65' lang='lat' dir='ltr'><strong>Eonum</strong></span> <span class='ocrx_word' id='word_1_636' title='bbox 2249 3492 2679 3564; x_wconf 86' lang='lat' dir='ltr'><strong>plenitudinem,</strong></span> <span class='ocrx_word' id='word_1_637' title='bbox 2724 3506 2845 3562; x_wconf 65' lang='lat' dir='ltr'><strong>qua</strong></span> <span class='ocrx_word' id='word_1_638' title='bbox 2891 3508 3061 3550; x_wconf 85' lang='lat' dir='ltr'><strong>vacua</strong></span> <span class='ocrx_word' id='word_1_639' title='bbox 3125 3504 3182 3552; x_wconf 91' lang='lat' dir='ltr'><strong>et</strong></span> <span class='ocrx_word' id='word_1_640' title='bbox 3225 3498 3544 3557; x_wconf 81' lang='lat' dir='ltr'><strong>inconstans</strong></span> 
     </span>
    </p>
   </div>
   <div class='ocr_carea' id='block_1_82' title="bbox 1962 3587 3544 3662">
    <p class='ocr_par' dir='ltr' id='par_1_82' title="bbox 1962 3587 3544 3662">
     <span class='ocr_line' id='line_1_82' title="bbox 1962 3587 3544 3662; baseline 0.004 -18"><span class='ocrx_word' id='word_1_641' title='bbox 1962 3599 2180 3645; x_wconf 84' lang='lat' dir='ltr'><strong>ostensa</strong></span> <span class='ocrx_word' id='word_1_642' title='bbox 2217 3598 2335 3655; x_wconf 84' lang='lat' dir='ltr'><strong>est;</strong></span> <span class='ocrx_word' id='word_1_643' title='bbox 2379 3603 2480 3644; x_wconf 91' lang='lat' dir='ltr'><strong>nec</strong></span> <span class='ocrx_word' id='word_1_644' title='bbox 2516 3603 2634 3644; x_wconf 91' lang='lat' dir='ltr'><strong>eam</strong></span> <span class='ocrx_word' id='word_1_645' title='bbox 2680 3587 2915 3643; x_wconf 88' lang='lat' dir='ltr'><strong>fabulam</strong></span> <span class='ocrx_word' id='word_1_646' title='bbox 2956 3603 3078 3659; x_wconf 75' lang='lat' dir='ltr'><strong>qua:</strong></span> <span class='ocrx_word' id='word_1_647' title='bbox 3104 3604 3135 3645; x_wconf 89' lang='lat' dir='ltr'><strong>a</strong></span> <span class='ocrx_word' id='word_1_648' title='bbox 3168 3591 3395 3662; x_wconf 85' lang='lat' dir='ltr'><strong>reliquis</strong></span> <span class='ocrx_word' id='word_1_649' title='bbox 3428 3594 3544 3650; x_wconf 76' lang='lat' dir='ltr'><strong>bte-</strong></span> 
     </span>
    </p>
   </div>
   <div class='ocr_carea' id='block_1_83' title="bbox 1962 3679 3537 3757">
    <p class='ocr_par' dir='ltr' id='par_1_83' title="bbox 1962 3679 3537 3757">
     <span class='ocr_line' id='line_1_83' title="bbox 1962 3679 3537 3757; baseline 0.004 -22"><span class='ocrx_word' id='word_1_650' title='bbox 1962 3681 2148 3736; x_wconf 87' lang='lat' dir='ltr'><strong>reticis</strong></span> <span class='ocrx_word' id='word_1_651' title='bbox 2180 3680 2305 3736; x_wconf 81' lang='lat' dir='ltr'><strong>ﬁcta</strong></span> <span class='ocrx_word' id='word_1_652' title='bbox 2332 3692 2415 3737; x_wconf 88' lang='lat' dir='ltr'><strong>est</strong></span> <span class='ocrx_word' id='word_1_653' title='bbox 2444 3694 2458 3731; x_wconf 90' lang='lat'><strong>:</strong></span> <span class='ocrx_word' id='word_1_654' title='bbox 2514 3680 2607 3735; x_wconf 88' lang='lat' dir='ltr'><strong>sed</strong></span> <span class='ocrx_word' id='word_1_655' title='bbox 2631 3679 2861 3735; x_wconf 86' lang='lat' dir='ltr'><strong>docebat</strong></span> <span class='ocrx_word' id='word_1_656' title='bbox 2889 3691 2950 3735; x_wconf 89' lang='lat' dir='ltr'><strong>ut</strong></span> <span class='ocrx_word' id='word_1_657' title='bbox 2975 3682 3218 3739; x_wconf 89' lang='lat' dir='ltr'><strong>facerent</strong></span> <span class='ocrx_word' id='word_1_658' title='bbox 3240 3696 3537 3757; x_wconf 61' lang='lat' dir='ltr'><strong>precepts,</strong></span> 
     </span>
    </p>
   </div>
   <div class='ocr_carea' id='block_1_84' title="bbox 1960 3773 3539 3848">
    <p class='ocr_par' dir='ltr' id='par_1_84' title="bbox 1960 3773 3539 3848">
     <span class='ocr_line' id='line_1_84' title="bbox 1960 3773 3539 3848; baseline 0.004 -22"><span class='ocrx_word' id='word_1_659' title='bbox 1960 3786 2079 3841; x_wconf 67' lang='lat' dir='ltr'><strong>qua:</strong></span> <span class='ocrx_word' id='word_1_660' title='bbox 2102 3773 2169 3829; x_wconf 90' lang='lat' dir='ltr'><strong>ab</strong></span> <span class='ocrx_word' id='word_1_661' title='bbox 2192 3774 2347 3829; x_wconf 90' lang='lat' dir='ltr'><strong>initio</strong></span> <span class='ocrx_word' id='word_1_662' title='bbox 2372 3773 2631 3842; x_wconf 62' lang='lat' dir='ltr'><strong>praecepit</strong></span> <span class='ocrx_word' id='word_1_663' title='bbox 2661 3773 2826 3836; x_wconf 89' lang='lat' dir='ltr'><strong>Deus,</strong></span> <span class='ocrx_word' id='word_1_664' title='bbox 2855 3783 2912 3826; x_wconf 91' lang='lat' dir='ltr'><strong>et</strong></span> <span class='ocrx_word' id='word_1_665' title='bbox 2950 3780 3009 3827; x_wconf 89' lang='lat' dir='ltr'><strong>ut</strong></span> <span class='ocrx_word' id='word_1_666' title='bbox 3049 3782 3295 3833; x_wconf 82' lang='lat' dir='ltr'><strong>veterem</strong></span> <span class='ocrx_word' id='word_1_667' title='bbox 3327 3778 3539 3848; x_wconf 84' lang='lat' dir='ltr'><strong>cupidi-</strong></span> 
     </span>
    </p>
   </div>
   <div class='ocr_carea' id='block_1_85' title="bbox 1959 3864 3539 3938">
    <p class='ocr_par' dir='ltr' id='par_1_85' title="bbox 1959 3864 3539 3938">
     <span class='ocr_line' id='line_1_85' title="bbox 1959 3864 3539 3938; baseline 0.004 -19"><span class='ocrx_word' id='word_1_668' title='bbox 1959 3873 2125 3921; x_wconf 87' lang='lat' dir='ltr'><strong>tatem</strong></span> <span class='ocrx_word' id='word_1_669' title='bbox 2173 3880 2271 3933; x_wconf 89' lang='lat' dir='ltr'><strong>per</strong></span> <span class='ocrx_word' id='word_1_670' title='bbox 2314 3879 2478 3934; x_wconf 89' lang='lat' dir='ltr'><strong>opera</strong></span> <span class='ocrx_word' id='word_1_671' title='bbox 2524 3864 2663 3920; x_wconf 90' lang='lat' dir='ltr'><strong>bona</strong></span> <span class='ocrx_word' id='word_1_672' title='bbox 2706 3865 3024 3931; x_wconf 87' lang='lat' dir='ltr'><strong>solverent,</strong></span> <span class='ocrx_word' id='word_1_673' title='bbox 3076 3876 3133 3921; x_wconf 87' lang='lat' dir='ltr'><strong>et</strong></span> <span class='ocrx_word' id='word_1_674' title='bbox 3177 3880 3539 3938; x_wconf 87' lang='lat' dir='ltr'><strong>sequerentur</strong></span> 
     </span>
    </p>
   </div>
   <div class='ocr_carea' id='block_1_86' title="bbox 1958 3955 3535 4033">
    <p class='ocr_par' dir='ltr' id='par_1_86' title="bbox 1958 3955 3535 4033">
     <span class='ocr_line' id='line_1_86' title="bbox 1958 3955 3535 4033; baseline 0.004 -23"><span class='ocrx_word' id='word_1_675' title='bbox 1958 3956 2251 4010; x_wconf 84' lang='lat' dir='ltr'><strong>Christum.</strong></span> <span class='ocrx_word' id='word_1_676' title='bbox 2285 3955 2550 4022; x_wconf 86' lang='lat' dir='ltr'><strong>Quoniam</strong></span> <span class='ocrx_word' id='word_1_677' title='bbox 2575 3966 2752 4011; x_wconf 89' lang='lat' dir='ltr'><strong>autem</strong></span> <span class='ocrx_word' id='word_1_678' title='bbox 2776 3971 2838 4011; x_wconf 89' lang='lat' dir='ltr'><strong>ea</strong></span> <span class='ocrx_word' id='word_1_679' title='bbox 2863 3973 2981 4025; x_wconf 75' lang='lat' dir='ltr'><strong>qua:</strong></span> <span class='ocrx_word' id='word_1_680' title='bbox 3002 3960 3372 4028; x_wconf 87' lang='lat' dir='ltr'><strong>possidentur,</strong></span> <span class='ocrx_word' id='word_1_681' title='bbox 3396 3977 3535 4033; x_wconf 88' lang='lat' dir='ltr'><strong>pau-</strong></span> 
     </span>
    </p>
   </div>
   <div class='ocr_carea' id='block_1_87' title="bbox 1956 4048 3538 4123">
    <p class='ocr_par' dir='ltr' id='par_1_87' title="bbox 1956 4048 3538 4123">
     <span class='ocr_line' id='line_1_87' title="bbox 1956 4048 3538 4123; baseline 0.002 -18"><span class='ocrx_word' id='word_1_682' title='bbox 1956 4050 2176 4119; x_wconf 87' lang='lat' dir='ltr'><strong>peribus</strong></span> <span class='ocrx_word' id='word_1_683' title='bbox 2196 4049 2389 4112; x_wconf 89' lang='lat' dir='ltr'><strong>divisa,</strong></span> <span class='ocrx_word' id='word_1_684' title='bbox 2423 4048 2747 4103; x_wconf 84' lang='lat' dir='ltr'><strong>solutionem</strong></span> <span class='ocrx_word' id='word_1_685' title='bbox 2777 4049 2983 4106; x_wconf 87' lang='lat' dir='ltr'><strong>faciunt</strong></span> <span class='ocrx_word' id='word_1_686' title='bbox 3014 4053 3300 4121; x_wconf 68' lang='lat' dir='ltr'><strong>praeterita:</strong></span> <span class='ocrx_word' id='word_1_687' title='bbox 3327 4054 3538 4123; x_wconf 80' lang='lat' dir='ltr'><strong>cupidi-</strong></span> 
     </span>
    </p>
   </div>
   <div class='ocr_carea' id='block_1_88' title="bbox 1959 4138 3534 4210">
    <p class='ocr_par' dir='ltr' id='par_1_88' title="bbox 1959 4138 3534 4210">
     <span class='ocr_line' id='line_1_88' title="bbox 1959 4138 3534 4210; baseline 0.003 -17"><span class='ocrx_word' id='word_1_688' title='bbox 1959 4141 2105 4203; x_wconf 81' lang='lat' dir='ltr'><strong>tatis.</strong></span> <span class='ocrx_word' id='word_1_689' title='bbox 2132 4139 2420 4195; x_wconf 83' lang='lat' dir='ltr'><strong>Zaccbaeus</strong></span> <span class='ocrx_word' id='word_1_690' title='bbox 2447 4139 2578 4193; x_wconf 87' lang='lat' dir='ltr'><strong>fecit</strong></span> <span class='ocrx_word' id='word_1_691' title='bbox 2605 4138 2955 4195; x_wconf 86' lang='lat' dir='ltr'><strong>manifestum</strong></span> <span class='ocrx_word' id='word_1_692' title='bbox 2984 4163 2995 4197; x_wconf 96' lang='lat'><strong>:</strong></span> <span class='ocrx_word' id='word_1_693' title='bbox 3030 4160 3049 4193; x_wconf 95' lang='lat'><strong>«</strong></span> <span class='ocrx_word' id='word_1_694' title='bbox 3086 4142 3246 4209; x_wconf 87' lang='lat' dir='ltr'><strong>Ecce,</strong></span> <span class='ocrx_word' id='word_1_695' title='bbox 3284 4162 3304 4200; x_wconf 74' lang='grc' dir='ltr'><strong>ι</strong></span> <span class='ocrx_word' id='word_1_696' title='bbox 3326 4143 3534 4210; x_wconf 86' lang='lat' dir='ltr'><strong>dicens,</strong></span> 
     </span>
    </p>
   </div>
   <div class='ocr_carea' id='block_1_89' title="bbox 1962 4227 3538 4301">
    <p class='ocr_par' dir='ltr' id='par_1_89' title="bbox 1962 4227 3538 4301">
     <span class='ocr_line' id='line_1_89' title="bbox 1962 4227 3538 4301; baseline 0.005 -21"><span class='ocrx_word' id='word_1_697' title='bbox 1962 4246 1980 4280; x_wconf 91' lang='lat'><strong>«</strong></span> <span class='ocrx_word' id='word_1_698' title='bbox 2016 4229 2294 4283; x_wconf 87' lang='lat' dir='ltr'><strong>dimidium</strong></span> <span class='ocrx_word' id='word_1_699' title='bbox 2319 4243 2384 4282; x_wconf 86' lang='lat' dir='ltr'><strong>ex</strong></span> <span class='ocrx_word' id='word_1_700' title='bbox 2409 4227 2565 4282; x_wconf 90' lang='lat' dir='ltr'><strong>bonis</strong></span> <span class='ocrx_word' id='word_1_701' title='bbox 2600 4230 2733 4284; x_wconf 90' lang='lat' dir='ltr'><strong>meis</strong></span> <span class='ocrx_word' id='word_1_702' title='bbox 2754 4230 2824 4286; x_wconf 89' lang='lat' dir='ltr'><strong>do</strong></span> <span class='ocrx_word' id='word_1_703' title='bbox 2854 4232 3206 4301; x_wconf 82' lang='lat' dir='ltr'><strong>pauperibus,</strong></span> <span class='ocrx_word' id='word_1_704' title='bbox 3238 4240 3293 4285; x_wconf 90' lang='lat' dir='ltr'><strong>et</strong></span> <span class='ocrx_word' id='word_1_705' title='bbox 3314 4233 3359 4286; x_wconf 90' lang='lat' dir='ltr'><strong>si</strong></span> <span class='ocrx_word' id='word_1_706' title='bbox 3380 4230 3538 4301; x_wconf 78' lang='lat' dir='ltr'><strong>cujus</strong></span> 
     </span>
    </p>
   </div>
   <div class='ocr_carea' id='block_1_90' title="bbox 1954 4318 3256 4392">
    <p class='ocr_par' dir='ltr' id='par_1_90' title="bbox 1954 4318 3256 4392">
     <span class='ocr_line' id='line_1_90' title="bbox 1954 4318 3256 4392; baseline -0.001 -18"><span class='ocrx_word' id='word_1_707' title='bbox 1954 4322 2081 4392; x_wconf 88' lang='lat' dir='ltr'><strong>quid</strong></span> <span class='ocrx_word' id='word_1_708' title='bbox 2110 4320 2353 4375; x_wconf 87' lang='lat' dir='ltr'><strong>fraudavi</strong></span> <span class='ocrx_word' id='word_1_709' title='bbox 2384 4318 2518 4391; x_wconf 87' lang='lat'><strong>(69),</strong></span> <span class='ocrx_word' id='word_1_710' title='bbox 2560 4321 2721 4374; x_wconf 87' lang='lat' dir='ltr'><strong>reddo</strong></span> <span class='ocrx_word' id='word_1_711' title='bbox 2753 4319 3110 4391; x_wconf 77' lang='lat' dir='ltr'><strong>quadruplum</strong></span> <span class='ocrx_word' id='word_1_712' title='bbox 3135 4320 3203 4376; x_wconf 73' lang='grc'><strong>⁸⁷.</strong></span> <span class='ocrx_word' id='word_1_713' title='bbox 3235 4338 3256 4373; x_wconf 78' lang='grc' dir='ltr'><strong>ι</strong></span> 
     </span>
    </p>
   </div>
   <div class='ocr_carea' id='block_1_91' title="bbox 2482 4405 2963 4465">
    <p class='ocr_par' dir='ltr' id='par_1_91' title="bbox 2482 4405 2963 4465">
     <span class='ocr_line' id='line_1_91' title="bbox 2482 4405 2963 4465; baseline 0.004 -2"><span class='ocrx_word' id='word_1_714' title='bbox 2482 4405 2711 4463; x_wconf 69' lang='lat' dir='ltr'><strong>CAPUT</strong></span> <span class='ocrx_word' id='word_1_715' title='bbox 2736 4408 2851 4464; x_wconf 78' lang='lat' dir='ltr'><strong>Xlll</strong></span> <span class='ocrx_word' id='word_1_716' title='bbox 2895 4412 2963 4465; x_wconf 74' lang='grc'><strong>³⁸.</strong></span> 
     </span>
    </p>
   </div>
   <div class='ocr_carea' id='block_1_92' title="bbox 1955 4498 3528 4583">
    <p class='ocr_par' dir='ltr' id='par_1_92' title="bbox 1955 4498 3528 4583">
     <span class='ocr_line' id='line_1_92' title="bbox 1955 4498 3528 4583; baseline 0.003 -27"><span class='ocrx_word' id='word_1_717' title='bbox 1955 4498 2222 4583; x_wconf 72' lang='lat' dir='ltr'><strong>Christum</strong></span> <span class='ocrx_word' id='word_1_718' title='bbox 2255 4499 2536 4583; x_wconf 53' lang='lat' dir='ltr'><strong>naturalia</strong></span> <span class='ocrx_word' id='word_1_719' title='bbox 2561 4499 2705 4582; x_wconf 40' lang='lat' dir='ltr'><strong>.legis</strong></span> <span class='ocrx_word' id='word_1_720' title='bbox 2743 4514 3004 4583; x_wconf 67' lang='lat' dir='ltr'><strong>prazcepta</strong></span> <span class='ocrx_word' id='word_1_721' title='bbox 3048 4520 3151 4558; x_wconf 81' lang='lat' dir='ltr'><strong>non</strong></span> <span class='ocrx_word' id='word_1_722' title='bbox 3184 4505 3528 4583; x_wconf 64' lang='lat' dir='ltr'><strong>dissoluisse:</strong></span> 
     </span>
    </p>
   </div>
   <div class='ocr_carea' id='block_1_93' title="bbox 2027 4570 3527 4646">
    <p class='ocr_par' dir='ltr' id='par_1_93' title="bbox 2027 4570 3527 4646">
     <span class='ocr_line' id='line_1_93' title="bbox 2027 4570 3527 4646; baseline 0.003 -22"><span class='ocrx_word' id='word_1_723' title='bbox 2027 4575 2130 4625; x_wconf 88' lang='lat' dir='ltr'><strong>imo</strong></span> <span class='ocrx_word' id='word_1_724' title='bbox 2158 4574 2332 4646; x_wconf 80' lang='lat' dir='ltr'><strong>potius</strong></span> <span class='ocrx_word' id='word_1_725' title='bbox 2361 4570 2675 4646; x_wconf 71' lang='lat' dir='ltr'><strong>implevisse,</strong></span> <span class='ocrx_word' id='word_1_726' title='bbox 2702 4570 3003 4646; x_wconf 70' lang='lat' dir='ltr'><strong>extendisse</strong></span> <span class='ocrx_word' id='word_1_727' title='bbox 3017 4583 3069 4629; x_wconf 81' lang='lat' dir='ltr'><strong>et</strong></span> <span class='ocrx_word' id='word_1_728' title='bbox 3087 4578 3371 4646; x_wconf 81' lang='lat' dir='ltr'><strong>ampliasse</strong></span> <span class='ocrx_word' id='word_1_729' title='bbox 3393 4591 3413 4630; x_wconf 83' lang='lat'><strong>.&#39;</strong></span> <span class='ocrx_word' id='word_1_730' title='bbox 3436 4579 3527 4646; x_wconf 81' lang='lat' dir='ltr'><strong>qui</strong></span> 
     </span>
    </p>
   </div>
   <div class='ocr_carea' id='block_1_94' title="bbox 1876 4641 3528 4711">
    <p class='ocr_par' dir='ltr' id='par_1_94' title="bbox 1876 4641 3528 4711">
     <span class='ocr_line' id='line_1_94' title="bbox 1876 4641 3528 4711; baseline 0.003 -17"><span class='ocrx_word' id='word_1_731' title='bbox 1876 4650 1921 4703; x_wconf 88' lang='lat' dir='ltr'><strong>D</strong></span> <span class='ocrx_word' id='word_1_732' title='bbox 2021 4646 2205 4695; x_wconf 80' lang='lat' dir='ltr'><strong>ueteris</strong></span> <span class='ocrx_word' id='word_1_733' title='bbox 2222 4643 2347 4711; x_wconf 86' lang='lat' dir='ltr'><strong>legis</strong></span> <span class='ocrx_word' id='word_1_734' title='bbox 2365 4641 2552 4711; x_wconf 84' lang='lat' dir='ltr'><strong>jugum</strong></span> <span class='ocrx_word' id='word_1_735' title='bbox 2574 4654 2635 4692; x_wconf 83' lang='lat' dir='ltr'><strong>ac</strong></span> <span class='ocrx_word' id='word_1_736' title='bbox 2664 4642 2871 4696; x_wconf 81' lang='lat' dir='ltr'><strong>vincula</strong></span> <span class='ocrx_word' id='word_1_737' title='bbox 2890 4645 3009 4698; x_wconf 87' lang='lat' dir='ltr'><strong>ideo</strong></span> <span class='ocrx_word' id='word_1_738' title='bbox 3025 4644 3345 4710; x_wconf 34' lang='lat' dir='ltr'><strong>abstulit,‘ut</strong></span> <span class='ocrx_word' id='word_1_739' title='bbox 3372 4641 3528 4699; x_wconf 72' lang='lat' dir='ltr'><strong>hoino</strong></span> 
     </span>
    </p>
   </div>
   <div class='ocr_carea' id='block_1_95' title="bbox 2026 4710 3523 4783">
    <p class='ocr_par' dir='ltr' id='par_1_95' title="bbox 2026 4710 3523 4783">
     <span class='ocr_line' id='line_1_95' title="bbox 2026 4710 3523 4783; baseline 0.003 -18"><span class='ocrx_word' id='word_1_740' title='bbox 2026 4713 2134 4783; x_wconf 78' lang='lat' dir='ltr'><strong>iam</strong></span> <span class='ocrx_word' id='word_1_741' title='bbox 2160 4710 2290 4766; x_wconf 83' lang='lat' dir='ltr'><strong>liber</strong></span> <span class='ocrx_word' id='word_1_742' title='bbox 2317 4727 2381 4765; x_wconf 83' lang='lat' dir='ltr'><strong>ea</strong></span> <span class='ocrx_word' id='word_1_743' title='bbox 2416 4710 2612 4776; x_wconf 65' lang='lat' dir='ltr'><strong>ﬁducia</strong></span> <span class='ocrx_word' id='word_1_744' title='bbox 2660 4727 2723 4765; x_wconf 81' lang='lat' dir='ltr'><strong>ac</strong></span> <span class='ocrx_word' id='word_1_745' title='bbox 2743 4714 2958 4781; x_wconf 73' lang='lat' dir='ltr'><strong>pietate,</strong></span> <span class='ocrx_word' id='word_1_746' title='bbox 2997 4730 3115 4783; x_wconf 68' lang='lat' dir='ltr'><strong>qua</strong></span> <span class='ocrx_word' id='word_1_747' title='bbox 3162 4716 3303 4782; x_wconf 81' lang='lat' dir='ltr'><strong>ﬁlios</strong></span> <span class='ocrx_word' id='word_1_748' title='bbox 3354 4717 3523 4783; x_wconf 83' lang='lat' dir='ltr'><strong>decet,</strong></span> 
     </span>
    </p>
   </div>
   <div class='ocr_carea' id='block_1_96' title="bbox 2026 4781 2401 4851">
    <p class='ocr_par' dir='ltr' id='par_1_96' title="bbox 2026 4781 2401 4851">
     <span class='ocr_line' id='line_1_96' title="bbox 2026 4781 2401 4851; baseline 0.005 -17"><span class='ocrx_word' id='word_1_749' title='bbox 2026 4781 2135 4835; x_wconf 82' lang='lat' dir='ltr'><strong>Deo</strong></span> <span class='ocrx_word' id='word_1_750' title='bbox 2156 4790 2401 4851; x_wconf 52' lang='lat' dir='ltr'><strong>parerem,</strong></span> 
     </span>
    </p>
   </div>
   <div class='ocr_carea' id='block_1_97' title="bbox 1992 4874 3525 4951">
    <p class='ocr_par' dir='ltr' id='par_1_97' title="bbox 1992 4874 3525 4951">
     <span class='ocr_line' id='line_1_97' title="bbox 1992 4874 3525 4951; baseline 0.002 -19"><span class='ocrx_word' id='word_1_751' title='bbox 1992 4874 2265 4944; x_wconf 72' lang='lat' dir='ltr'><strong>Lthuia</strong></span> <span class='ocrx_word' id='word_1_752' title='bbox 2298 4875 2560 4932; x_wconf 90' lang='lat' dir='ltr'><strong>Dominus</strong></span> <span class='ocrx_word' id='word_1_753' title='bbox 2605 4878 2876 4933; x_wconf 83' lang='lat' dir='ltr'><strong>naturalia</strong></span> <span class='ocrx_word' id='word_1_754' title='bbox 2931 4877 3065 4949; x_wconf 89' lang='lat' dir='ltr'><strong>legis</strong></span> <span class='ocrx_word' id='word_1_755' title='bbox 3098 4877 3214 4948; x_wconf 83' lang='lat'><strong>(70)</strong></span> <span class='ocrx_word' id='word_1_756' title='bbox 3236 4919 3252 4942; x_wconf 92' lang='lat'><strong>,</strong></span> <span class='ocrx_word' id='word_1_757' title='bbox 3278 4894 3375 4949; x_wconf 90' lang='lat' dir='ltr'><strong>per</strong></span> <span class='ocrx_word' id='word_1_758' title='bbox 3402 4895 3525 4951; x_wconf 78' lang='lat' dir='ltr'><strong>quae</strong></span> 
     </span>
    </p>
   </div>
   <div class='ocr_carea' id='block_1_98' title="bbox 375 4993 3521 5071">
    <p class='ocr_par' dir='ltr' id='par_1_98' title="bbox 375 4993 3521 5071">
     <span class='ocr_line' id='line_1_98' title="bbox 375 4993 3521 5071; baseline 0.003 -26"><span class='ocrx_word' id='word_1_759' title='bbox 375 4994 421 5026; x_wconf 83' lang='lat'><strong>&quot;</strong></span> <span class='ocrx_word' id='word_1_760' title='bbox 452 4993 761 5071; x_wconf 48' lang='lat' dir='ltr'><strong>li_otn.§t1t,</strong></span> <span class='ocrx_word' id='word_1_761' title='bbox 785 4994 873 5049; x_wconf 76' lang='grc'><strong>10.</strong></span> <span class='ocrx_word' id='word_1_762' title='bbox 946 4994 1037 5071; x_wconf 56' lang='grc' dir='ltr'>ιξι</span> <span class='ocrx_word' id='word_1_763' title='bbox 1073 4994 1366 5071; x_wconf 30' lang='grc' dir='ltr'><strong>ῼοτε-ῃιι,</strong></span> <span class='ocrx_word' id='word_1_764' title='bbox 1398 4996 1504 5071; x_wconf 77' lang='lat' dir='ltr'><strong>_l3.</strong></span> <span class='ocrx_word' id='word_1_765' title='bbox 1580 4996 1625 5071; x_wconf 59' lang='lat'><strong>“_&#39;</strong></span> <span class='ocrx_word' id='word_1_766' title='bbox 1656 4994 1828 5071; x_wconf 42' lang='grc' dir='ltr'><strong>ιιιίᾶεἈ</strong></span> <span class='ocrx_word' id='word_1_767' title='bbox 1861 4995 1918 5071; x_wconf 54' lang='grc' dir='ltr'><strong>ἓ.</strong></span> <span class='ocrx_word' id='word_1_768' title='bbox 1992 4997 2039 5071; x_wconf 85' lang='lat'><strong>_&#39;°</strong></span> <span class='ocrx_word' id='word_1_769' title='bbox 2074 4998 2205 5065; x_wconf 84' lang='lat' dir='ltr'><strong>Cap.</strong></span> <span class='ocrx_word' id='word_1_770' title='bbox 2249 4995 2438 5071; x_wconf 60' lang='grc' dir='ltr'><strong>Χξῐγι.</strong></span> <span class='ocrx_word' id='word_1_771' title='bbox 2512 4999 2553 5031; x_wconf 74' lang='grc'><strong>’⁸</strong></span> <span class='ocrx_word' id='word_1_772' title='bbox 2586 4998 2786 5071; x_wconf 66' lang='lat' dir='ltr'><strong>Matth.</strong></span> <span class='ocrx_word' id='word_1_773' title='bbox 2836 5014 2973 5071; x_wconf 76' lang='lat' dir='ltr'><strong>xxttt</strong></span> <span class='ocrx_word' id='word_1_774' title='bbox 2998 5040 3012 5063; x_wconf 87' lang='lat'><strong>,</strong></span> <span class='ocrx_word' id='word_1_775' title='bbox 3054 5000 3091 5071; x_wconf 67' lang='lat'><strong><em>2</em></strong></span> <span class='ocrx_word' id='word_1_776' title='bbox 3114 5014 3271 5071; x_wconf 82' lang='lat' dir='ltr'><strong>seqq.</strong></span> <span class='ocrx_word' id='word_1_777' title='bbox 3344 5001 3391 5033; x_wconf 73' lang='grc' dir='ltr'>η</span> <span class='ocrx_word' id='word_1_778' title='bbox 3417 5000 3521 5071; x_wconf 84' lang='lat' dir='ltr'><strong>lsa.</strong></span> 
     </span>
    </p>
   </div>
   <div class='ocr_carea' id='block_1_99' title="bbox 266 5062 1928 5139">
    <p class='ocr_par' dir='ltr' id='par_1_99' title="bbox 266 5062 1928 5139">
     <span class='ocr_line' id='line_1_99' title="bbox 266 5062 1928 5139; baseline 0.002 -22"><span class='ocrx_word' id='word_1_779' title='bbox 266 5077 422 5139; x_wconf 37' lang='grc' dir='ltr'><strong>δἐι),</strong></span> <span class='ocrx_word' id='word_1_780' title='bbox 450 5062 847 5139; x_wconf 15' lang='lat' dir='ltr'><strong>l3.___&#39;:&#39;_7_Rom.</strong></span> <span class='ocrx_word' id='word_1_781' title='bbox 881 5084 947 5133; x_wconf 89' lang='lat' dir='ltr'><strong>x,</strong></span> <span class='ocrx_word' id='word_1_782' title='bbox 977 5067 1029 5131; x_wconf 85' lang='grc'><strong>5,</strong></span> <span class='ocrx_word' id='word_1_783' title='bbox 1080 5068 1127 5120; x_wconf 69' lang='grc' dir='ltr'>ι.</span> <span class='ocrx_word' id='word_1_784' title='bbox 1194 5067 1241 5099; x_wconf 69' lang='grc'>³⁸</span> <span class='ocrx_word' id='word_1_785' title='bbox 1261 5066 1434 5121; x_wconf 72' lang='lat' dir='ltr'><strong>Exod.</strong></span> <span class='ocrx_word' id='word_1_786' title='bbox 1475 5081 1555 5132; x_wconf 84' lang='lat' dir='ltr'><strong>Ill,</strong></span> <span class='ocrx_word' id='word_1_787' title='bbox 1590 5067 1640 5130; x_wconf 57' lang='lat'><strong>7,</strong></span> <span class='ocrx_word' id='word_1_788' title='bbox 1670 5068 1724 5121; x_wconf 90' lang='lat'><strong>8.</strong></span> <span class='ocrx_word' id='word_1_789' title='bbox 1782 5067 1829 5099; x_wconf 70' lang='grc'><strong>⁸⁸</strong></span> <span class='ocrx_word' id='word_1_790' title='bbox 1860 5068 1928 5121; x_wconf 77' lang='lat' dir='ltr'><strong>Ms</strong></span> 
     </span>
    </p>
   </div>
   <div class='ocr_carea' id='block_1_100' title="bbox 1947 5062 3520 5139">
    <p class='ocr_par' dir='ltr' id='par_1_100' title="bbox 1950 5062 3520 5139">
     <span class='ocr_line' id='line_1_100' title="bbox 1950 5062 3520 5139; baseline 0.003 -19"><span class='ocrx_word' id='word_1_791' title='bbox 1950 5068 2049 5121; x_wconf 89' lang='lat' dir='ltr'><strong>tth.</strong></span> <span class='ocrx_word' id='word_1_792' title='bbox 2098 5062 2211 5132; x_wconf 67' lang='lat' dir='ltr'><strong>xix,</strong></span> <span class='ocrx_word' id='word_1_793' title='bbox 2261 5067 2326 5121; x_wconf 78' lang='grc'><strong>17</strong></span> <span class='ocrx_word' id='word_1_794' title='bbox 2361 5082 2515 5139; x_wconf 88' lang='lat' dir='ltr'><strong>seqq.</strong></span> <span class='ocrx_word' id='word_1_795' title='bbox 2599 5070 2645 5102; x_wconf 81' lang='lat'><strong>”</strong></span> <span class='ocrx_word' id='word_1_796' title='bbox 2678 5069 2836 5135; x_wconf 90' lang='lat' dir='ltr'><strong>lbid.,</strong></span> <span class='ocrx_word' id='word_1_797' title='bbox 2878 5062 3006 5124; x_wconf 43' lang='grc'><strong>21(</strong></span> <span class='ocrx_word' id='word_1_798' title='bbox 3052 5070 3097 5101; x_wconf 78' lang='grc'><strong>⁸⁷</strong></span> <span class='ocrx_word' id='word_1_799' title='bbox 3128 5062 3262 5128; x_wconf 68' lang='lat' dir='ltr'><strong>Luc.</strong></span> <span class='ocrx_word' id='word_1_800' title='bbox 3309 5083 3435 5135; x_wconf 80' lang='lat' dir='ltr'><strong>xtx,</strong></span> <span class='ocrx_word' id='word_1_801' title='bbox 3465 5070 3520 5125; x_wconf 87' lang='lat'><strong>8.</strong></span> 
     </span>
    </p>
   </div>
   <div class='ocr_carea' id='block_1_101' title="bbox 264 5132 724 5203">
    <p class='ocr_par' dir='ltr' id='par_1_101' title="bbox 264 5132 724 5203">
     <span class='ocr_line' id='line_1_101' title="bbox 264 5132 724 5203; baseline -0.007 -13"><span class='ocrx_word' id='word_1_802' title='bbox 264 5133 316 5166; x_wconf 81' lang='lat'><strong>&quot;</strong></span> <span class='ocrx_word' id='word_1_803' title='bbox 345 5133 476 5203; x_wconf 86' lang='lat' dir='ltr'><strong>Cap.</strong></span> <span class='ocrx_word' id='word_1_804' title='bbox 517 5132 724 5189; x_wconf 79' lang='lat' dir='ltr'><strong>XXVI].</strong></span> 
     </span>
    </p>
   </div>
   <div class='ocr_carea' id='block_1_102' title="bbox 338 5255 1199 5326">
    <p class='ocr_par' dir='ltr' id='par_1_102' title="bbox 338 5255 1199 5326">
     <span class='ocr_line' id='line_1_102' title="bbox 338 5255 1199 5326; baseline 0 -16"><span class='ocrx_word' id='word_1_805' title='bbox 338 5256 449 5326; x_wconf 80' lang='grc'>(65)</span> <span class='ocrx_word' id='word_1_806' title='bbox 476 5255 727 5312; x_wconf 81' lang='lat' dir='ltr'><strong>Frustra.</strong></span> <span class='ocrx_word' id='word_1_807' title='bbox 759 5257 887 5319; x_wconf 80' lang='lat' dir='ltr'><strong>Alii,</strong></span> <span class='ocrx_word' id='word_1_808' title='bbox 919 5256 1199 5325; x_wconf 78' lang='lat' dir='ltr'><strong>frustrata.</strong></span> 
     </span>
    </p>
   </div>
   <div class='ocr_carea' id='block_1_103' title="bbox 346 5327 1199 5395">
    <p class='ocr_par' dir='ltr' id='par_1_103' title="bbox 346 5327 1199 5395">
     <span class='ocr_line' id='line_1_103' title="bbox 346 5327 1199 5395; baseline -0.001 -15"><span class='ocrx_word' id='word_1_809' title='bbox 346 5327 459 5395; x_wconf 72' lang='grc'>(64)</span> <span class='ocrx_word' id='word_1_810' title='bbox 493 5327 762 5395; x_wconf 84' lang='lat' dir='ltr'><strong>Seipsum.</strong></span> <span class='ocrx_word' id='word_1_811' title='bbox 797 5327 924 5390; x_wconf 68' lang='lat' dir='ltr'><strong>Alii,</strong></span> <span class='ocrx_word' id='word_1_812' title='bbox 953 5328 1199 5394; x_wconf 87' lang='lat' dir='ltr'><strong>teipsum.</strong></span> 
     </span>
    </p>
   </div>
   <div class='ocr_carea' id='block_1_104' title="bbox 338 5394 1835 5468">
    <p class='ocr_par' dir='ltr' id='par_1_104' title="bbox 338 5394 1835 5468">
     <span class='ocr_line' id='line_1_104' title="bbox 338 5394 1835 5468; baseline 0 -19"><span class='ocrx_word' id='word_1_813' title='bbox 338 5394 452 5468; x_wconf 50' lang='grc'>(⁷65)</span> <span class='ocrx_word' id='word_1_814' title='bbox 484 5394 606 5449; x_wconf 84' lang='lat' dir='ltr'><strong>Non</strong></span> <span class='ocrx_word' id='word_1_815' title='bbox 630 5408 727 5450; x_wconf 84' lang='lat' dir='ltr'><strong>est.</strong></span> <span class='ocrx_word' id='word_1_816' title='bbox 756 5397 1066 5468; x_wconf 74' lang='lat' dir='ltr'><strong>Graecorum</strong></span> <span class='ocrx_word' id='word_1_817' title='bbox 1112 5411 1261 5451; x_wconf 89' lang='lat' dir='ltr'><strong>more</strong></span> <span class='ocrx_word' id='word_1_818' title='bbox 1286 5437 1300 5456; x_wconf 94' lang='lat'><strong>.</strong></span> <span class='ocrx_word' id='word_1_819' title='bbox 1328 5413 1428 5467; x_wconf 87' lang='lat' dir='ltr'><strong>pro</strong></span> <span class='ocrx_word' id='word_1_820' title='bbox 1458 5397 1703 5467; x_wconf 70' lang='lat' dir='ltr'><strong>possibile</strong></span> <span class='ocrx_word' id='word_1_821' title='bbox 1734 5414 1835 5450; x_wconf 79' lang='lat' dir='ltr'><strong>non</strong></span> 
     </span>
    </p>
   </div>
   <div class='ocr_carea' id='block_1_105' title="bbox 264 5466 1505 5536">
    <p class='ocr_par' dir='ltr' id='par_1_105' title="bbox 264 5466 1505 5536">
     <span class='ocr_line' id='line_1_105' title="bbox 264 5466 1505 5536; baseline -0.003 -14"><span class='ocrx_word' id='word_1_822' title='bbox 264 5466 368 5522; x_wconf 78' lang='lat' dir='ltr'><strong>est.</strong></span> <span class='ocrx_word' id='word_1_823' title='bbox 397 5466 487 5521; x_wconf 86' lang='lat' dir='ltr'><strong>Sic</strong></span> <span class='ocrx_word' id='word_1_824' title='bbox 503 5480 696 5536; x_wconf 86' lang='lat' dir='ltr'><strong>omnes</strong></span> <span class='ocrx_word' id='word_1_825' title='bbox 720 5482 849 5522; x_wconf 89' lang='lat' dir='ltr'><strong>mss.</strong></span> <span class='ocrx_word' id='word_1_826' title='bbox 884 5466 938 5520; x_wconf 93' lang='lat' dir='ltr'><strong>ln</strong></span> <span class='ocrx_word' id='word_1_827' title='bbox 969 5469 1149 5525; x_wconf 87' lang='lat' dir='ltr'><strong>cditt..</strong></span> <span class='ocrx_word' id='word_1_828' title='bbox 1188 5482 1291 5519; x_wconf 86' lang='lat' dir='ltr'><strong>non</strong></span> <span class='ocrx_word' id='word_1_829' title='bbox 1320 5466 1505 5536; x_wconf 72' lang='lat' dir='ltr'><strong>potest.</strong></span> 
     </span>
    </p>
   </div>
   <div class='ocr_carea' id='block_1_106' title="bbox 337 5535 1832 5608">
    <p class='ocr_par' dir='ltr' id='par_1_106' title="bbox 337 5535 1832 5608">
     <span class='ocr_line' id='line_1_106' title="bbox 337 5535 1832 5608; baseline 0.001 -18"><span class='ocrx_word' id='word_1_830' title='bbox 337 5536 449 5608; x_wconf 86' lang='lat'><strong>(66)</strong></span> <span class='ocrx_word' id='word_1_831' title='bbox 477 5535 774 5608; x_wconf 77' lang='lat' dir='ltr'><strong>Justitiam.</strong></span> <span class='ocrx_word' id='word_1_832' title='bbox 824 5539 985 5592; x_wconf 84' lang='lat' dir='ltr'><strong>Deest</strong></span> <span class='ocrx_word' id='word_1_833' title='bbox 1012 5539 1064 5590; x_wconf 92' lang='lat' dir='ltr'><strong>in</strong></span> <span class='ocrx_word' id='word_1_834' title='bbox 1107 5536 1263 5592; x_wconf 82' lang='lat' dir='ltr'><strong>Eras.</strong></span> <span class='ocrx_word' id='word_1_835' title='bbox 1294 5547 1349 5591; x_wconf 88' lang='lat' dir='ltr'><strong>et</strong></span> <span class='ocrx_word' id='word_1_836' title='bbox 1378 5536 1582 5592; x_wconf 74' lang='lat' dir='ltr'><strong>Gallae.</strong></span> <span class='ocrx_word' id='word_1_837' title='bbox 1614 5548 1749 5591; x_wconf 88' lang='lat' dir='ltr'><strong>utet</strong></span> <span class='ocrx_word' id='word_1_838' title='bbox 1780 5539 1832 5591; x_wconf 91' lang='lat' dir='ltr'><strong>in</strong></span> 
     </span>
    </p>
   </div>
   <div class='ocr_carea' id='block_1_107' title="bbox 260 5607 681 5664">
    <p class='ocr_par' dir='ltr' id='par_1_107' title="bbox 260 5607 681 5664">
     <span class='ocr_line' id='line_1_107' title="bbox 260 5607 681 5664; baseline -0.012 0"><span class='ocrx_word' id='word_1_839' title='bbox 260 5609 385 5664; x_wconf 81' lang='lat' dir='ltr'><strong>cod.</strong></span> <span class='ocrx_word' id='word_1_840' title='bbox 418 5607 681 5661; x_wconf 81' lang='lat' dir='ltr'><strong>Alexand.</strong></span> 
     </span>
    </p>
   </div>
   <div class='ocr_carea' id='block_1_108' title="bbox 336 5675 1559 5747">
    <p class='ocr_par' dir='ltr' id='par_1_108' title="bbox 336 5675 1559 5747">
     <span class='ocr_line' id='line_1_108' title="bbox 336 5675 1559 5747; baseline 0.002 -18"><span class='ocrx_word' id='word_1_841' title='bbox 336 5676 453 5747; x_wconf 82' lang='grc'>(67)</span> <span class='ocrx_word' id='word_1_842' title='bbox 481 5676 865 5747; x_wconf 78' lang='lat' dir='ltr'><strong>Adjustitiam.</strong></span> <span class='ocrx_word' id='word_1_843' title='bbox 894 5675 1157 5747; x_wconf 88' lang='lat' dir='ltr'><strong>Clarom.,</strong></span> <span class='ocrx_word' id='word_1_844' title='bbox 1186 5676 1239 5729; x_wconf 85' lang='lat' dir='ltr'><strong>in</strong></span> <span class='ocrx_word' id='word_1_845' title='bbox 1262 5677 1559 5747; x_wconf 76' lang='lat' dir='ltr'><strong>justitiam.</strong></span> 
     </span>
    </p>
   </div>
   <div class='ocr_carea' id='block_1_109' title="bbox 337 5746 1833 5817">
    <p class='ocr_par' dir='ltr' id='par_1_109' title="bbox 337 5746 1833 5817">
     <span class='ocr_line' id='line_1_109' title="bbox 337 5746 1833 5817; baseline 0.001 -18"><span class='ocrx_word' id='word_1_846' title='bbox 337 5746 449 5817; x_wconf 86' lang='lat'><strong>(68)</strong></span> <span class='ocrx_word' id='word_1_847' title='bbox 490 5746 559 5800; x_wconf 80' lang='lat' dir='ltr'><strong>Et</strong></span> <span class='ocrx_word' id='word_1_848' title='bbox 590 5747 728 5814; x_wconf 76' lang='lat' dir='ltr'><strong>forte</strong></span> <span class='ocrx_word' id='word_1_849' title='bbox 766 5763 870 5801; x_wconf 85' lang='lat' dir='ltr'><strong>non</strong></span> <span class='ocrx_word' id='word_1_850' title='bbox 908 5746 1121 5813; x_wconf 83' lang='lat' dir='ltr'><strong>fecerat.</strong></span> <span class='ocrx_word' id='word_1_851' title='bbox 1155 5747 1229 5799; x_wconf 84' lang='lat' dir='ltr'><strong>Ea</strong></span> <span class='ocrx_word' id='word_1_852' title='bbox 1264 5746 1456 5803; x_wconf 78' lang='lat' dir='ltr'><strong>Saltem</strong></span> <span class='ocrx_word' id='word_1_853' title='bbox 1505 5748 1833 5802; x_wconf 89' lang='lat' dir='ltr'><strong>intentionis</strong></span> 
     </span>
    </p>
   </div>
   <div class='ocr_carea' id='block_1_110' title="bbox 262 5818 1830 5889">
    <p class='ocr_par' dir='ltr' id='par_1_110' title="bbox 262 5818 1830 5889">
     <span class='ocr_line' id='line_1_110' title="bbox 262 5818 1830 5889; baseline 0 -18"><span class='ocrx_word' id='word_1_854' title='bbox 262 5824 501 5889; x_wconf 83' lang='lat' dir='ltr'><strong>puritate</strong></span> <span class='ocrx_word' id='word_1_855' title='bbox 523 5856 537 5879; x_wconf 93' lang='lat'><strong>,</strong></span> <span class='ocrx_word' id='word_1_856' title='bbox 569 5825 622 5869; x_wconf 88' lang='lat' dir='ltr'><strong>et</strong></span> <span class='ocrx_word' id='word_1_857' title='bbox 662 5818 879 5872; x_wconf 83' lang='lat' dir='ltr'><strong>interno</strong></span> <span class='ocrx_word' id='word_1_858' title='bbox 907 5818 1099 5872; x_wconf 73' lang='lat' dir='ltr'><strong>affectu</strong></span> <span class='ocrx_word' id='word_1_859' title='bbox 1126 5855 1142 5882; x_wconf 92' lang='lat'><strong>,</strong></span> <span class='ocrx_word' id='word_1_860' title='bbox 1187 5833 1348 5886; x_wconf 86' lang='lat' dir='ltr'><strong>quem</strong></span> <span class='ocrx_word' id='word_1_861' title='bbox 1380 5820 1466 5873; x_wconf 76' lang='lat' dir='ltr'><strong>lex</strong></span> <span class='ocrx_word' id='word_1_862' title='bbox 1518 5819 1830 5888; x_wconf 81' lang='lat' dir='ltr'><strong>evangelica</strong></span> 
     </span>
    </p>
   </div>
   <div class='ocr_carea' id='block_1_111' title="bbox 261 5888 512 5956">
    <p class='ocr_par' dir='ltr' id='par_1_111' title="bbox 261 5888 512 5956">
     <span class='ocr_line' id='line_1_111' title="bbox 261 5888 512 5956; baseline -0.008 -15"><span class='ocrx_word' id='word_1_863' title='bbox 261 5888 512 5956; x_wconf 61' lang='lat' dir='ltr'><strong>requirit.</strong></span> 
     </span>
    </p>
   </div>
   <div class='ocr_carea' id='block_1_112' title="bbox 2018 5258 3519 5331">
    <p class='ocr_par' dir='ltr' id='par_1_112' title="bbox 2018 5258 3519 5331">
     <span class='ocr_line' id='line_1_112' title="bbox 2018 5258 3519 5331; baseline 0.001 -20"><span class='ocrx_word' id='word_1_864' title='bbox 2018 5258 2128 5331; x_wconf 88' lang='grc'>(69)</span> <span class='ocrx_word' id='word_1_865' title='bbox 2177 5259 2260 5311; x_wconf 63' lang='lat' dir='ltr'><strong>Est</strong></span> <span class='ocrx_word' id='word_1_866' title='bbox 2309 5260 2457 5314; x_wconf 82' lang='lat' dir='ltr'><strong>bonis</strong></span> <span class='ocrx_word' id='word_1_867' title='bbox 2512 5262 2732 5317; x_wconf 83' lang='lat' dir='ltr'><strong>meis...</strong></span> <span class='ocrx_word' id='word_1_868' title='bbox 2789 5262 3059 5329; x_wconf 73' lang='lat' dir='ltr'><strong>fraudavi.</strong></span> <span class='ocrx_word' id='word_1_869' title='bbox 3108 5260 3200 5316; x_wconf 91' lang='lat' dir='ltr'><strong>Sic</strong></span> <span class='ocrx_word' id='word_1_870' title='bbox 3247 5260 3519 5327; x_wconf 85' lang='lat' dir='ltr'><strong>Clarom.,</strong></span> 
     </span>
    </p>
   </div>
   <div class='ocr_carea' id='block_1_113' title="bbox 1944 5329 3515 5395">
    <p class='ocr_par' dir='ltr' id='par_1_113' title="bbox 1944 5329 3515 5395">
     <span class='ocr_line' id='line_1_113' title="bbox 1944 5329 3515 5395; baseline 0.003 -16"><span class='ocrx_word' id='word_1_871' title='bbox 1944 5329 2153 5383; x_wconf 79' lang='lat' dir='ltr'><strong>Arnnd.</strong></span> <span class='ocrx_word' id='word_1_872' title='bbox 2184 5340 2240 5382; x_wconf 86' lang='lat' dir='ltr'><strong>et</strong></span> <span class='ocrx_word' id='word_1_873' title='bbox 2284 5332 2438 5386; x_wconf 83' lang='lat' dir='ltr'><strong>Voss.</strong></span> <span class='ocrx_word' id='word_1_874' title='bbox 2494 5331 2687 5386; x_wconf 69' lang='lat' dir='ltr'><strong>Cazteri</strong></span> <span class='ocrx_word' id='word_1_875' title='bbox 2713 5371 2727 5395; x_wconf 94' lang='lat'><strong>,</strong></span> <span class='ocrx_word' id='word_1_876' title='bbox 2762 5331 3017 5385; x_wconf 80' lang='lat' dir='ltr'><strong>bonorum</strong></span> <span class='ocrx_word' id='word_1_877' title='bbox 3066 5348 3299 5385; x_wconf 82' lang='lat' dir='ltr'><strong>mearum</strong></span> <span class='ocrx_word' id='word_1_878' title='bbox 3325 5368 3391 5387; x_wconf 88' lang='lat'><strong>...</strong></span> <span class='ocrx_word' id='word_1_879' title='bbox 3427 5332 3515 5384; x_wconf 82' lang='lat' dir='ltr'><strong>de-</strong></span> 
     </span>
    </p>
   </div>
   <div class='ocr_carea' id='block_1_114' title="bbox 1973 5400 2215 5453">
    <p class='ocr_par' dir='ltr' id='par_1_114' title="bbox 1973 5400 2215 5453">
     <span class='ocr_line' id='line_1_114' title="bbox 1973 5400 2215 5453; baseline 0.029 -8"><span class='ocrx_word' id='word_1_880' title='bbox 1973 5400 2215 5453; x_wconf 72' lang='lat' dir='ltr'><strong>rattdavi.</strong></span> 
     </span>
    </p>
   </div>
   <div class='ocr_carea' id='block_1_115' title="bbox 1944 5400 3517 5541">
    <p class='ocr_par' dir='ltr' id='par_1_115' title="bbox 1944 5400 3517 5541">
     <span class='ocr_line' id='line_1_115' title="bbox 1944 5400 3517 5541; baseline 0 -19"><span class='ocrx_word' id='word_1_881' title='bbox 1944 5400 2439 5541; x_wconf 39' lang='lat' dir='ltr'><strong>(rligfiiilaturalia</strong></span> <span class='ocrx_word' id='word_1_882' title='bbox 2468 5469 2618 5541; x_wconf 83' lang='lat' dir='ltr'><strong>legis.</strong></span> <span class='ocrx_word' id='word_1_883' title='bbox 2652 5469 2849 5541; x_wconf 84' lang='lat' dir='ltr'><strong>Legem</strong></span> <span class='ocrx_word' id='word_1_884' title='bbox 2878 5472 3183 5525; x_wconf 88' lang='lat' dir='ltr'><strong>naturalem</strong></span> <span class='ocrx_word' id='word_1_885' title='bbox 3228 5470 3517 5539; x_wconf 86' lang='lat' dir='ltr'><strong>intelligit,</strong></span> 
     </span>
    </p>
   </div>
   <div class='ocr_carea' id='block_1_116' title="bbox 1945 5537 3515 5610">
    <p class='ocr_par' dir='ltr' id='par_1_116' title="bbox 1945 5537 3515 5610">
     <span class='ocr_line' id='line_1_116' title="bbox 1945 5537 3515 5610; baseline 0.001 -19"><span class='ocrx_word' id='word_1_886' title='bbox 1945 5537 2225 5610; x_wconf 84' lang='lat' dir='ltr'><strong>bom_inum</strong></span> <span class='ocrx_word' id='word_1_887' title='bbox 2250 5537 2563 5610; x_wconf 15' lang='lat' dir='ltr'><strong>icordibus&#39;a</strong></span> <span class='ocrx_word' id='word_1_888' title='bbox 2590 5541 2700 5595; x_wconf 89' lang='lat' dir='ltr'><strong>Deo</strong></span> <span class='ocrx_word' id='word_1_889' title='bbox 2726 5537 3071 5610; x_wconf 67' lang='lat' dir='ltr'><strong>iitsculptam,</strong></span> <span class='ocrx_word' id='word_1_890' title='bbox 3102 5556 3223 5605; x_wconf 86' lang='lat' dir='ltr'><strong>seu,</strong></span> <span class='ocrx_word' id='word_1_891' title='bbox 3258 5537 3515 5610; x_wconf 70' lang='lat' dir='ltr'><strong>unequi-</strong></span> 
     </span>
    </p>
   </div>
   <div class='ocr_carea' id='block_1_117' title="bbox 1947 5605 3521 5680">
    <p class='ocr_par' dir='ltr' id='par_1_117' title="bbox 1947 5605 3521 5680">
     <span class='ocr_line' id='line_1_117' title="bbox 1947 5605 3521 5680; baseline 0.005 -21"><span class='ocrx_word' id='word_1_892' title='bbox 1947 5617 2032 5659; x_wconf 92' lang='lat' dir='ltr'><strong>Iur</strong></span> <span class='ocrx_word' id='word_1_893' title='bbox 2058 5605 2284 5680; x_wconf 83' lang='lat' dir='ltr'><strong>Tertull.</strong></span> <span class='ocrx_word' id='word_1_894' title='bbox 2319 5610 2411 5665; x_wconf 86' lang='lat' dir='ltr'><strong>lib.</strong></span> <span class='ocrx_word' id='word_1_895' title='bbox 2434 5611 2574 5680; x_wconf 79' lang='lat' dir='ltr'><strong>Adv.</strong></span> <span class='ocrx_word' id='word_1_896' title='bbox 2598 5610 2757 5671; x_wconf 82' lang='lat' dir='ltr'><strong>Jud.,</strong></span> <span class='ocrx_word' id='word_1_897' title='bbox 2785 5605 2945 5680; x_wconf 64' lang='lat' dir='ltr'><strong>legent</strong></span> <span class='ocrx_word' id='word_1_898' title='bbox 2978 5627 3083 5665; x_wconf 84' lang='lat' dir='ltr'><strong>non</strong></span> <span class='ocrx_word' id='word_1_899' title='bbox 3099 5612 3374 5678; x_wconf 83' lang='lat' dir='ltr'><strong>scriptam,</strong></span> 
     </span>
    </p>
   </div>
   <div class='ocr_carea' id='block_1_118' title="bbox 1945 5678 3519 5751">
    <p class='ocr_par' dir='ltr' id='par_1_118' title="bbox 1945 5678 3519 5751">
     <span class='ocr_line' id='line_1_118' title="bbox 1945 5678 3519 5751; baseline 0.003 -22"><span class='ocrx_word' id='word_1_900' title='bbox 1945 5678 2272 5751; x_wconf 66' lang='lat' dir='ltr'><strong>naturaliter</strong></span> <span class='ocrx_word' id='word_1_901' title='bbox 2293 5679 2704 5748; x_wconf 79' lang='lat' dir='ltr'><strong>intelligebatur,</strong></span> <span class='ocrx_word' id='word_1_902' title='bbox 2737 5678 2853 5751; x_wconf 15' lang='lat' dir='ltr'><strong>etra</strong></span> <span class='ocrx_word' id='word_1_903' title='bbox 2892 5678 3143 5751; x_wconf 64' lang='lat' dir='ltr'><strong>Pultibus</strong></span> <span class='ocrx_word' id='word_1_904' title='bbox 3174 5682 3319 5751; x_wconf 85' lang='lat' dir='ltr'><strong>(ante</strong></span> <span class='ocrx_word' id='word_1_905' title='bbox 3348 5678 3519 5750; x_wconf 76' lang='lat' dir='ltr'><strong>legens</strong></span> 
     </span>
    </p>
   </div>
   <div class='ocr_carea' id='block_1_119' title="bbox 1944 5745 3516 5821">
    <p class='ocr_par' dir='ltr' id='par_1_119' title="bbox 1944 5745 3516 5821">
     <span class='ocr_line' id='line_1_119' title="bbox 1944 5745 3516 5821; baseline 0.001 -22"><span class='ocrx_word' id='word_1_906' title='bbox 1944 5745 2116 5817; x_wconf 70' lang='lat' dir='ltr'><strong>Moysi</strong></span> <span class='ocrx_word' id='word_1_907' title='bbox 2171 5745 2515 5821; x_wconf 12' lang='lat' dir='ltr'><strong>scriptamiin</strong></span> <span class='ocrx_word' id='word_1_908' title='bbox 2554 5752 2750 5803; x_wconf 86' lang='lat' dir='ltr'><strong>tabulis</strong></span> <span class='ocrx_word' id='word_1_909' title='bbox 2788 5749 3035 5821; x_wconf 77' lang='lat' dir='ltr'><strong>lapideis)</strong></span> <span class='ocrx_word' id='word_1_910' title='bbox 3078 5745 3516 5821; x_wconf 56' lang='lat' dir='ltr'><strong>cusiodiebat&#39;ur;</strong></span> 
     </span>
    </p>
   </div>
   <div class='ocr_carea' id='block_1_120' title="bbox 1941 5818 3515 5890">
    <p class='ocr_par' dir='ltr' id='par_1_120' title="bbox 1941 5818 3515 5890">
     <span class='ocr_line' id='line_1_120' title="bbox 1941 5818 3515 5890; baseline 0.004 -22"><span class='ocrx_word' id='word_1_911' title='bbox 1941 5832 2169 5885; x_wconf 70' lang='lat' dir='ltr'><strong>quaeque</strong></span> <span class='ocrx_word' id='word_1_912' title='bbox 2200 5818 2445 5889; x_wconf 85' lang='lat' dir='ltr'><strong>Decalogi</strong></span> <span class='ocrx_word' id='word_1_913' title='bbox 2479 5823 2787 5889; x_wconf 75' lang='lat' dir='ltr'><strong>prteeeptis,</strong></span> <span class='ocrx_word' id='word_1_914' title='bbox 2808 5835 2930 5889; x_wconf 67' lang='lat' dir='ltr'><strong>quae</strong></span> <span class='ocrx_word' id='word_1_915' title='bbox 2960 5818 3143 5890; x_wconf 83' lang='lat' dir='ltr'><strong>postea</strong></span> <span class='ocrx_word' id='word_1_916' title='bbox 3174 5822 3313 5875; x_wconf 89' lang='lat' dir='ltr'><strong>Deus</strong></span> <span class='ocrx_word' id='word_1_917' title='bbox 3340 5819 3515 5889; x_wconf 74' lang='lat' dir='ltr'><strong>Moysi</strong></span> 
     </span>
    </p>
   </div>
   <div class='ocr_carea' id='block_1_121' title="bbox 1944 5890 3439 5960">
    <p class='ocr_par' dir='ltr' id='par_1_121' title="bbox 1944 5890 3439 5960">
     <span class='ocr_line' id='line_1_121' title="bbox 1944 5890 3439 5960; baseline 0.002 -21"><span class='ocrx_word' id='word_1_918' title='bbox 1944 5890 2183 5951; x_wconf 83' lang='lat' dir='ltr'><strong>tradidit,</strong></span> <span class='ocrx_word' id='word_1_919' title='bbox 2217 5890 2695 5959; x_wconf 75' lang='lat' dir='ltr'><strong>conﬁrmavitque,</strong></span> <span class='ocrx_word' id='word_1_920' title='bbox 2722 5891 3063 5960; x_wconf 67' lang='lat' dir='ltr'><strong>potissimum</strong></span> <span class='ocrx_word' id='word_1_921' title='bbox 3102 5890 3439 5950; x_wconf 84' lang='lat' dir='ltr'><strong>continetur.</strong></span> 
     </span>
    </p>
   </div>
  </div>
