4222 6320
789 385 889 445 991

1542 377 1599 436 S.
1635 369 1894 434 ΙΒΕΝᾹΞΞ
1927 371 2237 432 EPISCOPI
2274 364 2759 428 LCGDUNENSIS
2795 362 2883 418 ΕΤ
2923 359 3277 418 MARTYRIS

3934 352 4034 411 993

790 509 882 578 qui
934 503 1063 560 fecit
1089 503 1285 558 coelum
1315 511 1369 556 et
1395 508 1595 556 terram
1617 541 1636 568 ,
1665 501 1812 556 hunc
1848 499 2014 554 Deum
2060 496 2360 552 couﬁteba-
2387 503 2434 560 Λ
2461 490 2665 561 ligione
2685 486 2984 578 extrahens
3016 498 3135 548 nos,
3170 492 3224 578 et
3253 497 3282 536 a
3317 478 3470 534 duris
3492 475 3603 550 (76)
3630 473 4033 578 etninfru-c-tuo-

791 606 884 651 tur
916 593 1028 668 (67)
1063 611 1078 649 :
1107 602 1162 650 et
1185 594 1374 647 doctus
1410 593 1893 660 repraesentatione
1926 588 2061 660 (68),
2088 587 2231 658 quod
2269 587 2355 638 in-

791 695 880 741 ter
904 686 1153 740 homines
1176 685 1339 738 homo
1372 680 1482 754 (69)
1516 681 1730 736 futurus
1753 689 1898 735 esset
1931 679 2100 734 Filius
2121 676 2240 744 Dei,
2263 693 2361 746 per

792 773 949 844 cuius
1006 777 1297 830 adventum
1348 787 1532 827 semen
1576 772 1696 840 eius
1744 781 1864 826 erat
1907 771 2147 824 futurum
2202 767 2355 838 quasi

790 867 962 922 stellae
989 865 1136 929 caeli,
1166 863 1476 934 concupivit
1505 877 1627 919 eam
1657 863 1796 917 diem
1834 861 2038 926 videre,
2066 860 2140 914 uti
2170 867 2222 914 et
2247 859 2360 929 ipse

788 956 1248 1024 complecteretur
1278 955 1556 1012 Christum
1592 973 1604 1007 :
1641 961 1697 1007 et
1729 969 1824 1023 per
1853 954 2105 1024 spiritum
2127 951 2360 1020 prophe-

790 1049 878 1103 tia:
899 1063 1018 1101 eam
1042 1048 1232 1104 videns
1264 1047 1579 1103 exsultavit.
1609 1046 1839 1118 Propter
1873 1047 2016 1116 quod
2047 1054 2104 1100 et
2136 1043 2358 1099 Simeon

790 1153 857 1193 ex
888 1140 1095 1194 semine
1125 1138 1241 1208 ejus
1279 1153 1335 1193 re
1375 1139 1635 1209 implebat
1668 1138 2086 1209 gratulationem
2120 1138 2359 1207 patriar-

789 1229 925 1298 chae,
962 1240 1016 1284 et
1039 1231 1254 1285 dicebat
1279 1247 1294 1283 :
1327 1249 1344 1282 ι
1372 1228 1526 1286 Nunc
1555 1229 1786 1285 remittis
1809 1227 1919 1300 (70)
1945 1244 2158 1283 servum
2182 1237 2358 1291 tuum,

790 1317 1053 1387 Domine,
1090 1320 1141 1374 in
1183 1334 1350 1390 pare;
1383 1320 1636 1388 quoniam
1666 1319 1923 1374 viderunt
1950 1318 2094 1372 oculi
2131 1318 2236 1371 mei
2270 1333 2360 1372 sa-

791 1408 970 1464 lutare
1029 1421 1180 1464 tuum
1206 1452 1221 1476 ,
1274 1411 1419 1480 quod
1460 1411 1666 1480 parasti
1712 1409 1765 1463 in
1799 1409 1938 1464 facie
1970 1407 2080 1481 (7i)
2114 1407 2356 1463 omnium

785 1499 1106 1570 populorum
1139 1516 1154 1555 :
1188 1500 1368 1556 lumen
1396 1503 1460 1556 ad
1499 1502 1885 1556 revelationem
1936 1501 2180 1571 gentium
2220 1498 2355 1571 (72),

787 1599 844 1645 et
874 1588 1098 1660 gloriam
1127 1593 1311 1661 p0puli
1348 1592 1511 1647 Israel
1547 1592 1613 1648 “.
1651 1613 1669 1647 ι
1709 1591 1775 1647 Ει
1807 1592 1984 1662 angeli
2015 1603 2198 1646 autem
2231 1605 2356 1660 gra-

789 1682 1114 1738 tulationem
1163 1700 1415 1756 magnam
1447 1685 1795 1756 vigilantibus
1843 1694 2004 1738 nocte
2049 1682 2359 1752 pastoribus

785 1773 1212 1830 enuntiaverun‘.
1264 1777 1328 1829 ".
1375 1776 1478 1831 Sed
1525 1784 1580 1832 et
1612 1774 1778 1830 Maria
1811 1776 1890 1830 ait
1928 1789 1944 1829 :
1981 1793 2000 1826 ι
2050 1773 2358 1842 Μειςιιὶῐιυιιι

788 1864 967 1919 anima
998 1881 1115 1921 mea
1153 1867 1484 1931 Dominum,
1517 1877 1571 1922 et
1598 1868 1891 1924 exsultavit
1936 1867 2158 1938 spiritus
2206 1881 2358 1921 meus

787 1953 842 2007 in
883 1954 992 2010 Deo
1018 1957 1243 2011 salutari
1277 1973 1401 2012 meo
1432 1957 1478 1989 "
1511 1974 1525 2010 :
1562 1976 1581 2009 ι
1621 1959 1982 2012 descendente
2011 1957 2230 2026 quidem
2256 1971 2353 2012 ex.-

787 2042 1082 2101 sultatione
1118 2047 1343 2102 Abraha:
1373 2047 1426 2101 in
1454 2061 1544 2102 eos
1573 2049 1666 2118 qui
1700 2057 1943 2102 erantex
1977 2049 2186 2103 semine
2216 2047 2356 2116 ejus,

785 2135 1082 2204 vigilantes
1114 2138 1224 2210 (75)
1263 2148 1316 2193 et
1347 2140 1595 2194 videntes
1626 2139 1902 2194 Christmn
1927 2179 1942 2202 ,
1985 2149 2040 2193 et
2072 2141 2358 2196 credentes

785 2225 873 2289 ei;
909 2227 1188 2295 reciproca
1227 2239 1407 2283 autem
1448 2244 1638 2283 rursus
1666 2239 1721 2282 et
1751 2229 2088 2299 regrediente
2118 2229 2360 2284 exsulta—

786 2315 936 2371 tione
966 2332 996 2372 a
1034 2318 1161 2373 ﬁliis
1190 2318 1242 2372 iu
1275 2320 1572 2384 Abraham,
1614 2321 1704 2391 qui
1736 2330 1793 2375 et
1826 2321 2178 2390 concupierat
2208 2320 2351 2374 diem

787 2407 1055 2463 adventus
1079 2408 1287 2465 Christi
1319 2412 1523 2468 videre.
1568 2412 1712 2466 Bene
1743 2412 1909 2482 igitur
1951 2411 2212 2468 Dominus
2261 2427 2357 2466 no.

787 2507 901 2554 ater
939 2501 1312 2556 testimonium
1340 2502 1603 2558 reddebat
1632 2503 1721 2568 ei,
1765 2503 1991 2558 dicens:
2026 2521 2044 2553 ι
2081 2502 2354 2557 Abraham

786 2601 948 2663 pater
978 2603 1161 2648 vester
1187 2595 1518 2659 exsultavit,
1548 2604 1605 2650 ut
1636 2597 1847 2652 videret
1881 2597 2023 2652 diem
2065 2611 2275 2660 meum,
2305 2603 2360 2651 et

785 2685 942 2745 vidit.
972 2694 1025 2738 et
1048 2685 1266 2756 gavisus
1291 2697 1376 2741 est.
1399 2687 1468 2741 ".
1506 2706 1524 2738 ι

854 2773 910 2827 2.
956 2773 1002 2806 "
1037 2774 1154 2830 Non
1205 2775 1351 2830 enim
1399 2785 1610 2830 tantum
1656 2786 1878 2848 propter
1919 2776 2196 2832 Abraham
2244 2777 2358 2832 haec

787 2863 928 2918 dixit
958 2882 971 2918 :
1001 2867 1094 2920 sed
1126 2873 1181 2920 et
1206 2877 1265 2920 ut
1290 2868 1621 2930 ostenderet,
1655 2869 1918 2938 quoniam
1950 2883 2141 2923 omnes
2169 2868 2261 2937 qui
2289 2868 2358 2922 ab

787 2957 944 3012 initio
972 2962 1252 3028 cognitum
1279 2959 1588 3014 habuerunt
1623 2960 1790 3015 Deum
1820 2958 1954 3031 (74),
1983 2969 2038 3015 et
2063 2961 2357 3014 adventum

787 3053 992 3109 Christi
1039 3054 1537 3123 prophetavernnt,
1594 3051 1976 3108 revelat'ionem
2023 3059 2359 3121 acceperunt

2461 581 2540 635 sis
2560 577 2988 649 cogitationibus
3015 573 3352 629 transferens
3379 585 3499 638 nos,
3521 577 3579 624 et
3598 567 3833 624 similem
3861 565 4034 619 Abra-

2467 672 2551 726 hae
2600 670 2758 722 ﬁdem
2806 669 2860 722 in
2909 665 3065 720 nobis
3096 663 3453 718 constituens.
3486 655 3953 725 Quemadmodum
3980 664 4036 708 et

2461 758 2662 814 Paulus
2692 757 3047 820 testiﬁcatur,
3082 755 3305 816 dicens,
3339 766 3438 805 nos
3479 763 3596 804 esse
3628 747 3769 802 ﬁlios
3803 744 4033 799 Abl-aha

2460 849 2758 905 secundum
2795 846 3209 904 similitudinem
3253 842 3415 906 ﬁdei,
3461 847 3516 895 et
3557 836 4031 909 repromissionem

2463 939 2804 994 haereditatis
2833 937 2901 992 ³⁸.

2531 1049 2586 1103 5.
2614 1047 2767 1105 Unus
2796 1048 2961 1118 igitur
2994 1056 3045 1103 et
3076 1047 3219 1102 idem
3246 1046 3408 1112 Deus,
3438 1044 3526 1114 qui
3554 1042 3838 1098 advocavit
3858 1041 4030 1097 Abra-

2461 1141 2614 1203 ham,
2636 1149 2691 1195 et
2723 1139 3200 1209 repromissionem
3229 1139 3278 1193 ei
3311 1139 3476 1192 dedit.
3513 1134 3610 1190 Hie
3632 1144 3715 1190 est
3743 1145 3927 1189 autem
3953 1133 4032 1188 {a-

2460 1231 2738 1294 bricator,
2775 1231 2868 1300 qui
2909 1239 2964 1284 et
3002 1245 3100 1300 per
3139 1228 3416 1285 Christum
3449 1232 3714 1297 praeparat
3743 1222 4028 1279 luminaria

2460 1317 2513 1373 in
2563 1319 2798 1384 mundo,
2844 1332 2938 1375 eos
2971 1319 3062 1390 qui
3105 1333 3169 1373 ex
3210 1319 3460 1389 gentibus
3503 1315 3751 1370 credunt.
3793 1332 3816 1366 ι
3863 1311 3970 1369 Vos
4005 1333 4028 1368 ι

2461 1419 2640 1466 autem
2663 1450 2679 1478 ,
2713 1410 2922 1480 inquit,
2959 1427 2978 1461 ι
3012 1411 3145 1466 estis
3171 1409 3355 1465 lumen
3385 1407 3565 1463 mundi
3601 1407 3667 1473 ",
3717 1424 3736 1458 ι
3775 1405 3882 1460 hoc
3910 1413 4028 1470 est,

2460 1501 2613 1570 quasi
2663 1502 2833 1557 stellae
2881 1501 3024 1556 cali.
3069 1500 3220 1556 linnc
3261 1515 3394 1570 ergo
3438 1507 3587 1553 recte
3625 1497 3964 1553 Ostendimus
3998 1510 4030 1550 a

2460 1592 2678 1648 nemine
2708 1593 2988 1664 cognosci,
3023 1593 3128 1647 nisi
3157 1607 3186 1645 a
3219 1590 3391 1656 Filio,
3424 1599 3483 1644 et
3506 1590 3920 1659 quibuscunque
3942 1587 4030 1643 Fi-

2460 1686 2566 1740 lius
2608 1684 2946 1741 revelaverit.
3000 1683 3224 1740 Revelat
3285 1695 3464 1739 autem
3513 1683 3768 1739 omnibus
3818 1681 4031 1772 Filius,

2463 1777 2665 1847 quibus
2696 1777 2824 1832 velit
2853 1778 3130 1847 cognosci,
3171 1775 3387 1831 Patrem
3423 1774 3568 1848 (77),
3612 1785 3668 1830 et
3703 1789 3884 1845 neque
3913 1775 4031 1831 sine

2460 1868 2601 1921 bona
2635 1867 2920 1922 voluntate
2947 1868 3158 1934 Patris,
3207 1883 3386 1937 neque
3412 1868 3529 1924 sine
3560 1866 4034 1921 administratione

2459 1954 2581 2010 Filii
2605 1964 2898 2025 cognoscet
2923 1957 3210 2025 quisquam
3239 1954 3430 2010 Deum.
3468 1954 3534 2008 Et
3565 1965 3787 2024 propter
3816 1955 3919 2008 hoc
3948 1954 4029 2008 di-

2459 2046 2618 2100 cebat
2642 2045 2919 2116 discipulis
2958 2045 3218 2099 Dominus
3245 2063 3259 2099 :
3292 2063 3310 2097 ι
3342 2046 3453 2117 Ego
3482 2061 3600 2100 sum
3631 2045 3716 2099 via
3742 2083 3760 2107 ,
3792 2046 3995 2099 veritas
4015 2082 4034 2108 ,

2460 2146 2516 2192 et.
2550 2137 2682 2190 vita.
2709 2135 2774 2190 Et
2810 2152 2970 2192 nemo
3005 2137 3152 2191 venit
3186 2137 3253 2190 ad
3283 2135 3499 2192 Patrem
3521 2176 3535 2202 ,
3568 2137 3668 2190 nisi
3709 2152 3808 2205 per
3835 2151 3944 2191 me.
3977 2135 4034 2190 Si

2463 2233 2860 2302 cognovissctis
2884 2246 2971 2295 me
2999 2229 3141 2302 (78),
3173 2239 3230 2284 et
3270 2228 3492 2283 Patrem
3521 2226 3685 2298 333
3712 2239 3892 2281 meum
3926 2227 4031 2280 uti-

2462 2337 2568 2391 que
2596 2320 3026 2393 cognovissetis,
3068 2328 3124 2375 et
3169 2318 3367 2373 amodo
3409 2316 3739 2389 cognovistis
3779 2331 3943 2383 eum,
3981 2326 4036 2370 et

2459 2413 2676 2468 vidistis
2704 2413 2773 2470 ³³.
2818 2431 2838 2466 ι
2873 2410 2948 2465 Ex
2980 2411 3178 2482 quibus
3212 2409 3558 2465 manifestum
3596 2417 3681 2466 est
3705 2448 3720 2471 ,
3767 2409 4034 2479 quoniam

2460 2518 2558 2575 per
2581 2504 2797 2570 Filium,
2830 2503 2882 2557 id
2905 2513 2989 2557 est
3009 2517 3107 2571 per
3131 2499 3386 2567 Verbum,
3418 2501 3785 2571 cognoscitur.

2529 2595 2587 2649 4.
2631 2595 2675 2627 ⁸⁸
2701 2595 2935 2665 Pr0pter
2964 2595 3066 2649 hoc
3091 2592 3264 2649 Judzei
3295 2601 3647 2648 excesserunt
3676 2606 3706 2644 a
3740 2591 3876 2654 Deo,
3902 2588 4035 2644 Ver-

2459 2680 2588 2736 bum
2631 2682 2749 2754 ejus
2794 2682 2906 2754 (79)
2952 2699 3056 2738 non
3101 2683 3454 2754 recipientes,
3498 2682 3594 2738 sed
3641 2690 3897 2751 putantes
3940 2695 4039 2750 per

2459 2773 2700 2842 seipsum
2731 2772 2842 2845 (80)
2868 2773 3085 2828 Patrem
3124 2774 3242 2829 sine
3282 2773 3492 2838 Verbo,
3526 2773 3579 2826 id
3612 2781 3696 2827 est
3723 2774 3841 2827 sine
3869 2771 4034 2837 Filio,

2457 2878 2619 2934 posse
2671 2879 3038 2937 cognoscere;
3085 2865 3248 2920 Deum
3303 2866 3610 2920 nescientes
3656 2880 3778 2920 eum
3832 2866 3925 2936 qui
3981 2867 4033 2920 iu

2462 2957 2630 3030 ﬁgura
2669 2959 2878 3014 loculus
2899 2969 2985 3016 est
3012 2960 3248 3016 humana
3281 2964 3347 3016 ad
3381 2962 3654 3017 Abraham
3687 2961 3821 3035 (8i),
3846 2973 3903 3019 et
3929 2962 4031 3019 ite-

2460 3067 2581 3106 rum
2608 3051 2674 3106 ad
2716 3051 2976 3124 Moysen],
3016 3049 3283 3109 dicentem
3317 3072 3333 3110 :
3363 3073 3382 3107 ‹
3423 3054 3624 3112 Videas
3652 3057 3758 3110 vidi
3789 3058 4034 3112 vexatio-

787 3143 857 3199 ab
891 3145 1007 3213 ipso
1033 3143 1191 3208 Filio,
1221 3145 1311 3212 qui
1342 3153 1394 3198 et
1423 3144 1475 3198 in
1509 3144 1822 3199 novissimis
1854 3145 2188 3213 temporibus
2220 3143 2354 3197 visi-
2386 3162 2426 3220 ο
2462 3158 2584 3198 nem
2615 3145 2795 3213 populi
2829 3145 2930 3199 mei
2979 3145 3031 3198 in
3079 3143 3318 3216 Egypto
3339 3188 3354 3213 ,
3394 3154 3447 3200 et
3487 3148 3742 3201 descendi
3795 3147 4032 3204 liberare

785 3233 914 3288 bilis
943 3242 998 3288 et
1031 3235 1304 3304 passibilis
1338 3234 1515 3289 factus
1542 3244 1647 3298 est,
1674 3243 1728 3290 et
1754 3251 1875 3289 cum
1901 3236 2138 3289 humano
2162 3247 2361 3304 genere

784 3323 997 3379 locutus
1023 3334 1126 3391 est,
1159 3326 1235 3379 uti
1264 3342 1329 3380 ex
1355 3325 1622 3395 lapidibus
1645 3327 1914 3381 excitaret
1941 3325 2080 3381 ﬁlios
2103 3326 2357 3386 Abrahae,

786 3425 843 3468 et
890 3415 1213 3487 adimpleret
1261 3417 1768 3486 repromissiouem,
1820 3433 1979 3486 quam
2029 3417 2360 3488 promiserat

787 3506 863 3563 illi
889 3506 1054 3573 Deus,
1083 3517 1136 3562 et
1166 3506 1366 3562 faceret
1395 3508 1505 3580 (75)
1531 3524 1717 3563 semen
1745 3508 1862 3576 ejus
1887 3518 2141 3576 tanquam
2175 3507 2358 3562 stellas

787 3598 910 3653 cmli
933 3638 947 3662 ,
983 3599 1438 3666 quemadmodum
1475 3599 1550 3652 ait
1583 3595 1821 3651 Joannes
1854 3597 2093 3666 Baptista
2130 3611 2146 3650 :
2177 3614 2197 3648 ς
2252 3596 2357 3650 Po-

791 3701 909 3748 tens
942 3702 1028 3747 est
1056 3692 1199 3745 enim
1229 3693 1367 3745 Dens
1390 3707 1453 3744 ex
1483 3689 1749 3758 lapidibus
1777 3689 1893 3743 istis
1924 3690 2191 3743 suscitare
2217 3689 2356 3745 ﬁlios

784 3782 1018 3837 Abraha:
1040 3784 1107 3835 '9.
1145 3800 1167 3836 ι
1200 3781 1312 3836 lloc
1344 3791 1525 3835 autem
1561 3779 1689 3835 fecit
1716 3778 1895 3843 Iesus,
1928 3795 1957 3832 a
1988 3779 2224 3848 lapidum
2264 3796 2354 3836 re-

2463 3250 2559 3291 eos
2590 3235 2655 3290 ".
2695 3255 2715 3288 ι
2753 3235 2876 3291 llaec
2897 3237 3040 3290 enim
3075 3235 3183 3308 (82)
3206 3237 3394 3302 Filius,
3423 3239 3513 3308 qui
3542 3251 3625 3293 est
3651 3239 3889 3295 Verbum
3915 3240 4032 3306 Dei,

2465 3331 2534 3386 ab
2569 3329 2726 3385 initio
2751 3331 3109 3401 praestruebat
3142 3329 3275 3403 (83),
3308 3348 3412 3385 non
3439 3334 3710 3403 indigente
3742 3336 3905 3390 Patre
3936 3351 4028 3390 an-

2462 3420 2617 3490 gelis,
2653 3422 2731 3475 uti
2763 3420 2970 3476 faceret
3017 3423 3381 3476 conditionem
3405 3461 3419 3487 ,
3454 3432 3508 3477 et
3544 3424 3808 3478 formaret
3854 3427 4024 3480 homi-

2463 3527 2610 3578 nem,
2645 3522 2865 3583 propter
2898 3528 3057 3582 quem
3089 3523 3145 3568 et
3173 3514 3414 3568 conditio
3454 3513 3617 3567 [iebat
3647 3528 3662 3566 :
3701 3529 3881 3584 neque
3909 3531 4027 3571 rur-

2460 3619 2556 3660 sus
2589 3604 2863 3674 indigente
2903 3605 3206 3659 ministerio
3237 3605 3302 3658 ad
3341 3605 3756 3660 fabricationem
3803 3620 4026 3671 eorum,

2462 3710 2584 3764 quae
2622 3693 2768 3748 facta
2803 3704 2925 3748 sunt
2953 3735 2969 3762 ,
3015 3697 3081 3751 ad
3110 3696 3518 3764 dispositionem
3563 3711 3748 3751 eorum
3784 3702 4026 3769 negotio-

2464 3800 2584 3840 rum
2605 3826 2620 3852 ,
2649 3802 2769 3856 quae
2799 3790 3099 3843 secundum
3145 3789 3417 3844 hominem
3456 3796 3642 3853 erant;
3674 3791 3766 3845 sed
3796 3791 4025 3848 habente

859 3924 1055 3979 “Luc.
1078 3940 1137 3987 ιι.
1161 3923 1231 3979 29
1267 3939 1418 3993 seqq.
1495 3925 1539 3958 "
1566 3922 1725 3993 lbid..
1754 3919 1985 3993 85eqq._
2037 3921 2082 3954 ’⁸
2117 3920 2250 3974 Luc.
2291 3923 2451 3993 1,746.

2352 3923 2451 3993 746.
2528 3924 2570 3955 “
2598 3921 2756 3981 Joan.
2787 3939 2913 3992 vm,
2957 3923 3057 3993 56.,
3124 3924 3168 3954 “
3201 3923 3330 3990 Cap.
3354 3919 3493 3993 XVI.
3555 3924 3598 3956 ²⁹
3627 3923 3813 3979 Matth.
3855 3942 3936 3980 ιιι.
3973 3927 4019 3983 9.

786 3996 831 4063 ἕο
857 3995 1013 4048 Rom.
1071 4010 1141 4060 IV,
1189 3994 1257 4048 ii
1335 3990 1513 4063 seqq;
1561 4008 1638 4058 ιι,
1707 3991 1761 4050 8.
1803 4003 1857 4046 et
1893 3990 2011 4045 Gal.
2049 4007 2125 4056 tv,
2177 3993 2268 4047 ‘28.
2343 3992 2384 4024 ³¹
2419 3994 2453 4045 Μ

1222 3994 1257 4047 2
1335 3990 1513 4063 seqq;
1561 4008 1638 4058 ιι,
1707 3991 1761 4050 8.
1803 4003 1857 4046 et
1893 3990 2011 4045 Gal.
2049 4007 2125 4056 tv,
2177 3993 2268 4047 ‘28.
2343 3992 2384 4024 ³¹
2419 3994 2607 4050 Matth.
2665 4011 2732 4060 γ,
2803 3995 2886 4051 Η.

785 4062 832 4097 ⁸⁸
858 4065 1029 4119 Exod.
1054 4081 1136 4130 Ill,
1171 4066 1222 4129 7,
1247 4065 1301 4119 8.

2965 3994 3006 4024 ³²
3037 3992 3193 4049 Joau.
3247 4008 3373 4058 Juv,
3408 3991 3459 4058 6,
3490 3995 3542 4050 7.
3621 3994 3665 4024 ³³
3695 3997 3830 4066 Cap.
3864 3995 4020 4054 XVII.

857 4184 965 4276 (φ.)
997 4184 1149 4276 Quae
1176 4185 1737 4276 Pantaleon/italiam:
1770 4184 1963 4276 Verbis
1983 4200 2144 4254 supra
2171 4185 2223 4240 in
2251 4187 2357 4240 ﬁne
2385 4217 2433 4276 ο
2461 4185 2783 4276 θάιξιειὶοὲὶιι,
2810 4185 2842 4238 8
2872 4192 2930 4276 et

786 4258 981 4323 capitis
1007 4256 1060 4318 5,
1087 4275 1142 4311 ιι.
1172 4255 1225 4318 5,
1259 4272 1324 4308 ex
1352 4256 1486 4310 Gen.
1513 4270 1623 4319 xtv,
1649 4255 1738 4320 ‘22,
1765 4256 1965 4309 citatis.

860 4323 971 4396 (68)
1008 4325 1074 4380 Et
1104 4326 1290 4379 doctus
1323 4326 1800 4396 reprwrentatione.
1841 4324 1912 4377 De
1945 4325 2103 4377 trium
2135 4323 2349 4378 illorum

787 4393 1128 4464 apparitione
1180 4396 1458 4464 loquitur,
1515 4395 1591 4447 ait
1639 4393 2069 4458 Feuardcutius,
2123 4409 2352 4461 quarunt

787 4463 955 4518 unum
989 4466 1181 4519 Filium
1218 4464 1309 4519 Dei
1339 4463 1529 4526 fuisse,
1563 4480 1722 4534 quem
1765 4465 2010 4517 adorarit
2033 4504 2047 4525 ,
2080 4476 2133 4518 et
2166 4464 2350 4528 Domi-

789 4549 917 4603 num
956 4534 1120 4588 Deum
1151 4551 1306 4588 suum
1342 4536 1578 4600 vocarit,
1611 4549 1804 4603 magna
1838 4535 2130 4588 concordia
2167 4534 2354 4592 dicunt

787 4602 1030 4659 Justinus
1065 4604 1132 4656 M.
1167 4604 1219 4657 in
1255 4603 1480 4672 Dialogo
1505 4622 1523 4668 ;
1550 4602 1915 4658 Tertullianus
1944 4604 2038 4656 lib.
2089 4603 2161 4657 De
2198 4620 2354 4657 carne

790 4672 1012 4738 Christi,
1045 4684 1098 4728 et
1127 4675 1221 4728 lib.
1257 4689 1312 4727 Ill
1341 4682 1523 4727 contra
1566 4673 1828 4727 Marcion.
1860 4690 1879 4737 ;
1913 4673 2174 4727 Eusebius
2213 4673 2305 4727 lih.
2337 4689 2352 4726 ι

790 4740 956 4812 lim"
987 4759 1107 4812 cap.
1160 4744 1224 4808 1,
1271 4744 1594 4812 Athanasius
1632 4759 1794 4797 scrin.
1828 4743 1860 4795 5
1889 4755 2068 4812 contra
2096 4745 2352 4805 Ariauos;

792 4811 1032 4868 Hilarius
1056 4811 1176 4868 ιιι).
1209 4830 1260 4866 tv
1291 4814 1363 4865 De
1397 4811 1626 4877 Triuit.;
1679 4814 1910 4883 (lyrillus
1952 4811 2217 4883 Hierosol.
2259 4828 2352 4866 ca-

791 4885 936 4937 tech.
979 4884 1036 4938 Η
1093 4896 1148 4938 et
1194 4884 1292 4948 ης
1338 4884 1650 4936 Ambrosius
1703 4882 1796 4938 lib.
1856 4900 1890 4938 ιι
1942 4882 2018 4934 De
2065 4883 2350 4944 Abraham,

791 4955 1034 5077 εῗιῖἒῦς
1087 4954 1420 5025 Augustinus
1477 4952 1567 5007 tib.
1618 4969 1656 5007 ιι
1706 4955 1782 5006 De
1839 4951 2057 5016 Triuit.,
2103 4969 2225 5022 cap.
2285 4954 2347 5007 11

791 5037 820 5074 e
947 5065 960 5076 .

790 5031 845 5074 et
879 5029 960 5077 t2.

871 5094 982 5164 (69)
1011 5092 1202 5164 ﬂama.
1235 5093 1398 5164 Deest
1429 5090 1480 5143 in
1511 5089 1733 5164 Met-gf).
1760 5101 1812 5144 et
1845 5090 1998 5164 Voss.

887 5161 974 5216 70l
1009 5162 1267 5216 Remittir.
1303 5163 1540 5216 Clarum.
1573 5170 1625 5211 ct
1653 5161 1801 5215 Voss.
1831 5163 2070 5216 dimittis.

887 5165 951 5216 70
1009 5165 1267 5216 Remittix.
1303 5165 1540 5216 Clarum.
1573 5170 1625 5211 ct
1653 5165 1801 5215 Voss.
1831 5165 2070 5216 dimittis.

863 5165 974 5308 (7i)
1013 5232 1230 5308 Paros-ti
1260 5234 1312 5308 in
1361 5229 1515 5308 [acia
1565 5230 1655 5284 Sic
1702 5230 1954 5308 ιθριιιιι-ᾷ.Δ
1987 5245 2184 5308 marg.,
2231 5229 2354 5287 Cla-

793 5298 911 5360 rum
956 5298 1010 5358 et
1038 5303 1244 5357 Arund.
1285 5302 1338 5355 lu
1375 5298 1529 5353 Voss.
1553 5341 1567 5360 ,
1599 5302 1800 5372 parasti
1832 5302 1897 5372 ad
1926 5302 2139 5372 faciem.
2166 5303 2221 5356 lu
2250 5319 2352 5357 ca:-

798 5377 930 5429 teris
957 5388 1085 5442 cum
1109 5371 1361 5442 Vulgata,
1390 5373 1588 5439 parasti
1614 5379 1735 5422 ante
1766 5370 1972 5438 faciem.

867 5442 976 5516 (72)
1007 5440 1087 5494 Ad
1113 5440 1850 5516 reuelationemgentiumalta
1886 5456 1948 5494 ex
1979 5449 2085 5496 vel.
2115 5441 2347 5497 Fenard.

796 5506 919 5569 coit.
960 5506 1276 5566 "clitendavi.
1305 5511 1498 5565 Czeteri
1543 5526 1730 5562 (uuucs
1765 5506 2020 5577 corrupte
2042 5552 2056 5575 ,
2092 5522 2146 5566 et
2194 5527 2349 5565 sacro

797 5593 948 5639 textu
984 5592 1341 5648 repugnante.
1371 5580 1439 5631 ad
1469 5579 1851 5648 reuelationem,
1886 5581 1968 5633 vel
1997 5584 2048 5634 iu
2072 5583 2349 5635 revelatio-

792 5658 935 5705 uem.
972 5652 1141 5702 autin
1183 5669 1189 5679 ί
1217 5651 1493 5704 etclatioue
1519 5647 1809 5703 oculorum.
1847 5648 1957 5702 Vox
2002 5657 2143 5704 enim
2171 5651 2350 5704 oculo-

797 5728 936 5788 τηυξ.
967 5720 1266 5788 scribarum
1297 5718 1537 5788 sphalzm
1561 5728 1664 5778 est,
1692 5733 1787 5786 pro
1812 5721 2142 5782 populorum.

867 5785 979 5859 (73)
1020 5785 1342 5859 γὲςὶιαηιειξ
1377 5791 1485 5858 AL,
1531 5785 1849 5858 ειτὲῃιίςιςςερι.
1891 5789 2131 5863 Respicit
2167 5798 2353 5847 auctor

2532 4255 2643 4324 (74)
2681 4253 2870 4307 Deum.
2899 4253 3047 4324 Alii,
3067 4251 3363 4324 Dominum.

2525 4322 2636 4395 (75)
2674 4325 2734 4395 Et
2763 4324 2980 4395 faceret.
3014 4323 3175 4395 lj_diti,
3207 4333 3261 4374 ut
3296 4322 3510 4390 (liceret.

2530 4393 2741 4466 (76)__Et
2767 4406 2798 4445 a
2827 4393 3252 4466 τιυεξωιτευειτιι.
3285 4407 3347 4445 ex
3382 4393 3648 4466 v_et.‘cod.
3672 4396 3762 4448 cui
3795 4410 4017 4452 consen-

2459 4462 2595 4520 liuitt
2623 4462 2788 4517 Voss.
2814 4473 2867 4516 et
2895 4462 3084 4524 Grab.,
3111 4471 3157 4514 et
3190 4479 3221 4513 a
3254 4463 3449 4515 nostris
3479 4463 3648 4518 duris.

2526 4535 2638 4616 (77)
2669 4532 2944 4602 Cognosci,
2984 4530 3322 4616 Patrem._lta
3347 4532 3588 4616 Clarum;
3623 4533 3818 4616 melius
3856 4547 4015 4604 quam

2455 4601 2636 4661 caueri
2664 4601 2869 4663 οιιιιιίιε,
2899 4604 3131 4670 agnosci,
3162 4601 3242 4654 vel
3274 4604 3512 4669 cognosci
3547 4601 3724 4657 Pater.

2530 4673 2641 4744 ('78)
2684 4670 2742 4727 Si
2786 4673 3147 4744 cognovissetis
3180 4688 3294 4736 me,
3334 4681 3443 4725 etc.
3482 4672 3635 4726 Erus.
3674 4685 3728 4727 et
3767 4673 3934 4732 Gal|..
3977 4675 4018 4727 si

2457 4739 2766 4815 cognouisti;
2808 4758 2906 4815 me,
2940 4753 2984 4795 et
3017 4739 3227 4815 Patrem
3257 4758 3426 4794 meum
3459 4744 3791 4811 cognoscitis,
3973 4754 4018 4798 et

2457 4813 2704 4878 vidistis,
2750 4814 3117 4866 omissurum.
3163 4813 3334 4877 Quam
3381 4827 3567 4882 vocem
3597 4815 3756 4866 omisi
3805 4825 3860 4868 et
3908 4813 4018 4882 ipse

2456 4901 2582 4940 cum
2629 4884 2820 4937 iisdem
2857 4893 2925 4952 et
2973 4883 3212 4935 Clarom.
3270 4897 3332 4952 ac
3384 4881 3551 4935 Merc.
3593 4885 3660 4949 2,
3691 4884 3814 4952 quia
3853 4881 4014 4952 Supra

2455 4956 2552 5008 lib.
2589 4969 2672 5014 ιιι.
2700 4967 2818 5020 cap.
2845 4951 2936 5015 15,
2969 4967 3113 5004 ιιιιιιι.
3142 4953 3196 5011 ‘2,
3224 4951 3494 5005 omittitur
3523 4953 3574 5004 in
3601 4951 3855 5007 omnibus
3889 4951 4010 5007 mss.

2444 5023 2636 5078 Addidi
2666 5037 2881 5093 veroex
2911 5022 3148 5075 Claram.
3176 5023 3374 5091 utique,
3394 5031 3512 5092 post
3539 5039 3742 5086 meatu;
3768 5039 3892 5093 qua:
3919 5039 4013 5078 vox

2455 5093 2651 5163 legitur
2680 5092 2731 5163 in
2771 5091 3018 5162 Vulgata.

2530 5161 2639 5234 (79)
2671 5160 2823 5234 Ejus.
2854 5159 3043 5226 Edim,
3072 5159 3184 5234 Dei.

2527 5230 2638 5299 ('80)
2669 5230 2774 5284 Per
2811 5233 3061 5296 seipsum.
3104 5230 3416 5286 Graecorum
3457 5247 3605 5286 more
3635 5245 3732 5302 pro
3872 5248 4012 5288 sear-

2456 5304 2575 5366 sim,
2604 5304 2910 5366 separatim.

2527 5371 2636 5442 (8i)
2669 5373 2747 5422 Ad
2773 5373 3058 5424 Abraham.
3092 5369 3385 5438 Perperam
3421 5373 3622 5425 addunt
3653 5373 3806 5427 cditt.
3837 5381 3890 5428 et
3921 5374 4010 5426 Δα-

2455 5441 2575 5505 ron,
2606 5446 2746 5509 quod
2771 5442 3005 5508 expunxi
3027 5441 3349 5496 auctoritate
3375 5446 3572 5496 veteris
3597 5443 3831 5497 Feuard.
3867 5449 4005 5507 cod.,

2455 5513 2688 5566 Clarum.
2721 5524 2774 5565 et
2801 5509 2952 5564 Voss.

2458 5581 2643 5704 hi8?)
2675 5580 2800 5635 Hau:
2828 5584 2988 5636 enim.
3037 5581 3220 5648 Eras.,
3265 5581 3404 5639 Call.
3456 5591 3506 5638 et
3547 5582 3780 5639 Feuard.
3840 5583 4006 5647 male,

2495 5670 2540 5704 ιε
2562 5667 2716 5704 enim.

2495 5670 2540 5706 ιε
2562 5667 2716 5704 enim.

2532 5722 2645 5796 (85)
2693 5720 3064 5796 Pro-struebm.
3113 5720 3346 5796 Fcuaril.
3383 5723 3433 5780 in
3471 5740 3642 5796 marg.
3670 5763 3685 5790 ,
3733 5725 4004 5788 Cianum,

2462 5794 2665 5849 Arund.
2701 5803 2752 5847 et
2779 5792 2954 5859 Voss.,
2982 5791 3326 5862 νεηιηκὺαι.
