4222 6320
879 310 986 368 D95

1636 316 1693 375 S.
1734 317 1987 375 ΙΠΕΝᾸ-Ζι
2023 318 2836 383 ΞΡῙΞΟῙῚΜΣΕΟΗΝΕΝΞΙΞ
2873 327 2962 384 ET
2996 328 3346 387 MARTYltlS

3974 337 4059 394 896

880 430 1174 527 admodum
1208 432 1455 489 introivit
1490 434 1542 527 in
1576 434 1797 493 domum
1828 438 1961 507 Dei,
2022 451 2077 499 et
2122 457 2292 512 panes
2320 459 2444 515 pro-
2473 453 2518 508 Α
2546 448 2643 502 sed
2696 447 2975 506 Dominica
3024 453 3379 521 perﬁciebaut
3419 450 3757 517 ministeria,
3802 453 3955 523 legem
3994 455 4058 527 (6)

880 521 1167 589 positionis
1216 526 1603 593 manducavit,
1650 539 1707 585 et
1755 531 1901 585 dedit
1955 532 2164 602 eis-qui
2212 548 2334 589 cum
2378 550 2445 591 eo

877 626 1036 666 erant
1060 652 1075 677 ,
1106 629 1242 685 quos
1275 632 1378 670 non
1407 620 1605 673 licebat
1646 622 2006 687 manducare,
2051 625 2153 679 nisi
2198 626 2329 680 solis
2355 643 2443 681 sa-

875 704 1183 759 cerdotibus
1219 704 1304 758 “2
1344 726 1361 758 ι
1403 722 1497 775 per
1528 709 1661 779 legis
1687 715 1847 763 verba
1876 726 2003 767 suos
2032 713 2323 782 discipulos
2347 730 2440 769 es-

873 806 1110 857 cusnns,
1168 805 1223 847 et
1273 796 1595 864 signiﬁcans
1638 798 1803 855 licere
1851 805 2224 856 sacerdotibus
2272 803 2440 859 libere

873 894 1060 947 agere.
1129 881 1401 938 Sacerdos
1459 897 1639 939 autem
1689 890 1858 942 scitus
1906 891 2082 961 iuerat
2141 894 2301 948 David
2361 893 2436 964 (ί)

871 974 1014 1038 apud
1050 974 1213 1028 Deum
1240 974 1338 1046 (2),
1365 978 1619 1045 quamvis
1649 979 1776 1034 Saul
1821 985 2258 1051 persecutionem
2291 986 2439 1041 face-

869 1072 953 1114 ret
977 1063 1048 1117 ei.

866 1152 983 1217 ne;
1008 1152 1259 1225 βασιλεὺς
1290 1157 1517 1230 δεδιιιιιος⁸
1535 1161 1613 1213 ie-
1686 1161 1887 1217 Omnes
1912 1164 2053 1218 enim
2082 1163 2216 1232 justi
2245 1180 2430 1221 sacer-

866 1246 1095 1319 ρατικὴν
1121 1246 1435 1317 εχειτάξιν.
1686 1252 1922 1306 dotalem
1998 1254 2203 1310 habent
2274 1257 2432 1311 ordi—

1686 1356 1809 1397 nem
1843 1343 1941 1416 (3).

866 1427 1193 1486 Sacerdotes
1219 1442 1402 1487 autem
1432 1442 1563 1488 sunt
1586 1448 1775 1489 omnes
1803 1434 2014 1489 Domini
2045 1438 2301 1503 apostoli,
2334 1439 2427 1509 qui

862 1536 1037 1590 neque
1064 1537 1246 1591 agros,
1267 1538 1448 1592 neque
1472 1524 1663 1579 domos
1686 1525 2011 1580 liatreditant
2035 1525 2140 1589 hic.
2168 1529 2261 1583 sed
2285 1544 2429 1584 seut-

860 1627 959 1681 per
981 1613 1142 1667 altari
1196 1623 1253 1667 et
1283 1613 1391 1668 Deo
1418 1615 1682 1670 serviunt.
1714 1617 1790 1672 De
1818 1617 2016 1683 quibus
2043 1627 2096 1671 et
2124 1616 2337 1689 Moyses
2371 1621 2422 1675 in

861 1700 1306 1765 Deuterouomio,
1335 1706 1388 1757 in
1420 1703 1803 1763 benedictione
1842 1706 1971 1763 Levi
2002 1710 2121 1764 ait:
2160 1729 2177 1759 ι
2218 1711 2316 1779 Qui
2349 1715 2423 1767 di-

2542 540 2927 611 adimpleutes,
2950 560 3057 598 non
3079 557 3257 600 autem
3283 556 3670 615 prsetereuntes
3689 547 3857 618 legem
3877 562 4057 614 mnem-

2544 632 2835 687 admodum
2884 636 2930 688 is
2961 636 3051 703 qui
3100 650 3126 688 a
3185 638 3477 707 seetipso
3519 638 3672 692 arida
3723 638 3861 708 ligna
3909 640 4061 693 attulit

2543 721 2595 774 in
2645 732 2825 777 castra
2881 724 3113 786 Domini,
3166 725 3361 793 qui-et
3402 730 3546 796 juste
3579 726 3653 798 (7)
3686 728 3941 795 lapidatus
3965 738 4059 786 est.

2544 831 2562 862 s
2595 812 2782 868 Omnis
2829 817 2972 868 enim
3021 817 3205 881 arbor,
3248 831 3367 885 qua:
3415 833 3523 872 non
3573 817 3705 871 facit
3739 820 4066 874 fructumho-

2540 920 2688 969 num,
2724 904 3092 967 abscindatur,
3140 917 3196 962 et
3229 906 3285 960 in
3319 907 3496 976 ignem
3542 910 3788 963 mittetur
3820 909 3882 966 “.
3916 928 3932 961 ι
3964 911 4061 967 Et:

2542 1014 2560 1044 s
2600 995 2922 1063 Quicunque
2945 997 3200 1069 templum
3230 997 3322 1051 Dei
3350 998 3655 1063 violaverit,
3685 1000 3903 1055 violabit
3932 1001 4063 1057 illum

2538 1081 2678 1136 Deus
2710 1084 2773 1135 ⁸⁸.
2823 1102 2842 1135 ι

3093 1174 3323 1233 CAPUT
3355 1175 3426 1231 IX
3468 1179 3533 1233 ".

2535 1258 2812 1331 Utriusque
2856 1266 3153 1319 testamenti
3204 1284 3361 1319 mrum
3413 1284 3523 1349 esse
3564 1278 3867 1335 auctorem,
3906 1270 4067 1337 ﬁnem,

2987 1350 3302 1405 scopumque
3324 1353 3667 1406 praecipuum.

2597 1420 2649 1475 l.
2688 1420 2857 1477 Unius
2888 1422 3052 1494 igitur
3080 1434 3135 1478 et
3167 1425 3412 1492 ejusdem
3442 1426 3763 1483 substantia:
3802 1439 3921 1485 sunt
3958 1447 4066 1487 om-

2528 1511 2639 1577 nia,
2669 1514 2769 1567 hoc
2798 1523 2903 1577 est,
2929 1515 2999 1569 ab
3026 1530 3134 1571 uno
3163 1531 3216 1572 et
3245 1518 3434 1573 eodem
3468 1517 3598 1585 Deo,
3624 1523 4067 1589 quemadmodum

2524 1614 2578 1659 et
2608 1605 2866 1659 Dominus
2886 1606 2961 1660 ait
2984 1607 3299 1677 discipulis:
3336 1628 3354 1659 ι
3387 1608 3679 1679 Propterea
3711 1615 3889 1669 omnis
3906 1616 4068 1671 scriba

2525 1697 2718 1750 doctus
2744 1698 2795 1749 in
2832 1711 3002 1768 regno
3028 1699 3287 1755 caelorum
3323 1700 3517 1755 similis
3545 1711 3629 1757 est
3663 1702 3866 1757 homini
3911 1710 4072 1777 patri-

858 1790 936 1847 elt
969 1792 1109 1863 patri
1139 1808 1237 1848 suo
1263 1806 1320 1849 et
1375 1792 1539 1849 matri
1586 1810 1699 1852 ευω
1727 1814 1743 1852 ε
1772 1796 1887 1854 Non
1922 1802 2045 1854 nov;
2084 1810 2173 1865 te;
2209 1812 2265 1858 ει
2314 1802 2421 1856 τη-
2452 1780 2493 1834 Β
2525 1786 2782 1851 familias,
2816 1789 2907 1858 qui
2954 1790 3161 1858 profert
3188 1790 3254 1845 de
3300 1792 3556 1847 thesauro
3598 1808 3698 1849 suo
3729 1810 3863 1850 nova
3908 1809 3961 1853 et
3985 1816 4074 1855 ve-

856 1893 967 1939 tres
1015 1899 1143 1938 suos
1195 1899 1300 1939 nou
1352 1888 1595 1955 agnovit,
1646 1897 1699 1943 et
1752 1888 1890 1946 lilios
1930 1906 2059 1947 suos
2103 1893 2417 1950 abdicavit:

854 1977 1145 2055 eustodivit
1172 1987 1441 2045 precepts
1477 1988 1595 2040 tua,
1625 1990 1682 2035 et
1716 1989 2096 2038 testamentum
2127 1996 2275 2038 tuum
2300 1999 2419 2040 ser-

853 2064 1073 2119 vavit“.
1099 2081 1120 2114 ι
1150 2066 1250 2131 Qui
1281 2078 1464 2123 autem
1483 2077 1631 2135 sunt,
1658 2072 1746 2135 qui
1780 2072 2183 2143 dereliqueruut
2210 2086 2416 2143 patrem

851 2166 908 2210 et
935 2166 1195 2224 matrem,
1237 2168 1294 2212 et
1340 2159 1592 2215 omnibus
1639 2164 1901 2232 proximis
1944 2166 2414 2229 renuntiaverunt,

849 2258 1074 2319 prepter
1126 2251 1351 2305 verbum
1421 2252 1513 2306 Dei
1576 2262 1630 2308 et
1687 2262 2068 2308 testamentum
2124 2256 2267 2325 ejus,
2310 2258 2412 2310 nisi

849 2338 1099 2408 discipuli
1130 2341 1389 2397 Domini?
1421 2344 1493 2397 De
1519 2344 1715 2413 quibus
1741 2346 1934 2399 iterum
1960 2344 2208 2416 Moyses:
2242 2364 2261 2397 ι
2292 2344 2413 2400 Βω-

848 2428 1051 2485 reditas
1102 2443 1315 2496 autem,
1356 2450 1375 2485 ι
1424 2434 1637 2504 inquit,
1678 2452 1697 2484 ι
1741 2449 1847 2489 non
1875 2435 1980 2491 erit
2013 2436 2112 2490 eis.
2152 2437 2413 2491 Dominus

843 2518 990 2574 enim
1040 2521 1152 2591 ipse
1201 2524 1490 2579 ltzereditas
1549 2523 1787 2593 ipsorum
1838 2527 1902 2579 ".
1963 2545 1982 2578 ι
2038 2524 2107 2580 Et
2167 2526 2409 2582 iterum:

849 2626 873 2665 s
911 2612 1027 2669 Non
1060 2616 1169 2669 erit
1220 2617 1597 2672 sacerdotibus
1642 2619 1818 2674 levitis
1862 2618 1915 2673 in
1966 2628 2074 2673 tota
2109 2621 2248 2675 tribu
2277 2620 2407 2694 Levi

842 2718 993 2774 pars,
1023 2720 1197 2773 neque
1224 2708 1530 2763 substantia
1563 2724 1684 2763 cum
1716 2707 1921 2763 lsrael:
1953 2708 2409 2766 fructificationes

844 2797 1055 2853 Domini
1131 2800 1449 2854 substantia:
1518 2814 1706 2855 eorum
1786 2799 1924 2874 (4);
2007 2802 2406 2858 manducahunt

838 2904 935 2943 ess
969 2889 1035 2943 “.
1077 2910 1096 2943 ι
1136 2890 1363 2961 Propter
1398 2893 1499 2946 hoc
1530 2903 1586 2947 et
1620 2892 1857 2967 Paulus:
1893 2912 1911 2945 ι
1956 2893 2072 2948 Non
2108 2895 2347 2964 inquiro,
2380 2915 2401 2949 ι

839 2980 1037 3050 inquit.
1076 3000 1095 3033 ι
1138 2984 1364 3048 datum;
1408 2983 1500 3037 sed
1540 2986 1755 3051 inquiro
1800 2984 2032 3038 fructum
2060 2987 2127 3040 δ’,
2163 3006 2185 3039 ›
2228 2987 2405 3043 Disci-

836 3072 999 3144 puiis,
1059 3073 1268 3141 inquit,
1334 3074 1543 3127 Domini
1593 3072 1666 3143 (5)
1739 3075 2004 3128 levitieam
2042 3077 2399 3132 substantiam
2428 3107 2471 3164 ε
2505 3069 2611 3122 duo
2664 3078 2988 3164 lesfaltlelllil
3040 3067 3169 3122 ἀίεῖῑ
3214 3086 3228 3120 ε
3272 3081 3346 3164 Vel

2505 3069 2611 3122 duo
2664 3078 2988 3122 testamenta
3040 3067 3169 3122 dicit
3214 3086 3228 3120 :

839 3163 1186 3229 habentibus,
1222 3164 1421 3219 licebat
1466 3166 1549 3219 eis
1580 3165 1975 3230 esurientibus,
2030 3182 2058 3219 a
2101 3166 2402 3224 seminibus

833 3256 1085 3323 accipere
1128 3271 1309 3311 escam
1339 3273 1355 3311 :
1392 3275 1411 3307 ι
1448 3256 1651 3325 Dignus
1680 3267 1761 3311 est
1793 3257 1936 3311 enim
1966 3258 2248 3326 operarius
2276 3273 2397 3313 esca

832 3360 928 3400 sua
954 3345 1018 3398 ⁵³.
1050 3363 1071 3396 ι
1116 3344 1182 3398 Ει
1216 3345 1530 3400 sacerdotes
1572 3347 1625 3398 in
1658 3346 1855 3415 templo
1886 3346 2185 3399 Sabbutum
2221 3348 2399 3415 profa-

832 3438 1057 3501 nabant,
1108 3449 1161 3492 et
1209 3439 1286 3492 rei
1337 3454 1441 3491 non
1498 3448 1677 3495 erant.
1727 3436 1908 3503 Quare
1960 3452 2088 3505 ergo
2156 3438 2231 3491 rei
2290 3454 2396 3493 non

830 3537 986 3581 crant
1007 3528 1031 3581 ἲ
1054 3527 1191 3594 Quia
1226 3542 1347 3582 cum
1382 3534 1564 3581 essent
1592 3528 1642 3579 in
1672 3527 1895 3593 templo,
1946 3540 2051 3579 non
2084 3525 2389 3591 smcularia,

900 3647 944 3679 “
982 3648 1115 3703 Luc.
1151 3663 1228 3711 Vl,
1273 3648 1327 3708 3,
1360 3646 1413 3701 ι.

827 3716 874 3785 Ψ
919 3717 1155 3785 Philipp.
1192 3733 1263 3778 tv,
1302 3718 1389 3770 l7.
1462 3716 1506 3747 ⁵⁸
1559 3716 1746 3767 Matth.
1799 3731 1852 3775 ι,
1902 3717 1985 3770 10-

825 3784 874 3819 ⁸³
905 3783 1113 3839 Μειιιιιζ
1148 3802 1265 3850 χιιι,
1307 3785 1397 3838 52.
1473 3786 1518 3815 ⁸³
1552 3785 1741 3837 Matth.
1797 3800 1951 3847 mu,
2008 3783 2097 3836 ⁸54.

898 3906 973 3975 (1)
1016 3906 1268 3959 Sacerdos
1308 3916 1479 3959 autent
1522 3908 1683 3959 scitus
1723 3906 1895 3975 [iterat
1935 3905 2121 3960 Dauid.
2159 3908 2390 3974 Aperius

828 3987 911 4031 est
942 3977 1228 4029 verborum
1262 3978 1487 4029 istorum
1520 3992 1731 4033 sensus.
1775 3992 1871 4029 nec.
1902 3978 1953 4029 in
2002 3975 2067 4028 iis
2095 3976 2391 4031 oﬂeuderet

824 4045 913 4115 vel
956 4060 1132 4099 caecus
1163 4047 1453 4115 quispiam.
1498 4047 1698 4114 Nempe
1732 4045 1984 4115 Datvidu‘m
2017 4056 2171 4099 vocnt
2214 4063 2390 4099 sacer-

822 4114 1000 4168 dotem
1048 4114 1255 4176 scitum,
1304 4115 1427 4182 quin
1484 4132 1659 4167 omnes
1702 4114 1839 4181 justi
1872 4115 2061 4173 (velut
2098 4115 2254 4168 habet
2284 4116 2386 4170 alia

828 4182 987 4237 lectio
1016 4200 1137 4237 mox
1168 4184 1477 4241 indimnula.
1511 4186 1676 4235 omnis
1715 4200 1805 4236 rea:
1821 4183 2042 4252 justus),
2087 4187 2390 4237 sacerdota-

824 4252 927 4322 lem
956 4254 1143 4306 habent
1175 4254 1431 4307 ordinem.
1464 4252 1696 4319 ldipsum
1750 4266 1831 4305 est
1871 4256 2013 4321 quod
2044 4254 2108 4306 de
2141 4254 2241 4322 piis
2268 4254 2391 4322 qui-

824 4321 1034 4391 busque
1083 4323 1408 4375 Christianis
1458 4322 1596 4374 dixit
1637 4323 1825 4375 Petrus
1878 4324 2041 4388 epist.
2088 4321 2148 4385 1,
2183 4321 2382 4390 aqua,

824 4389 1018 4457 Regule
1039 4394 1412 4455 sacerdotium,
1452 4404 1689 4443 sanctum
1734 4392 2081 4443 sacerdotium
2109 4389 2263 4455 esse,‘
2299 4394 2382 4445 vi-

822 4463 1039 4524 delicet,
1070 4472 1127 4512 ut
1152 4462 1333 4514 statim
1363 4463 1617 4529 esplieat.
1652 4463 1719 4512 ad
1760 4462 2049 4528 o/ferendns
2083 4460 2187 4515 Deo
2216 4464 2376 4527 spiri-

825 4530 957 4583 tales
981 4531 1199 4582 hostias.
1230 4530 1367 4583 Ecce
1400 4542 1603 4590 tamen,
1632 4530 1865 4582 Grnbius
1889 4534 2095 4596 primus
2118 4532 2376 4595 onmium,

820 4614 981 4667 quem
1036 4602 1223 4663 sciunt,
1272 4600 1337 4650 iis
1367 4600 1550 4651 lretnei
1587 4600 1765 4651 verbis
1807 4602 2004 4652 misere
2033 4601 2290 4661 abutitur,
2323 4612 2380 4653 ut

820 4669 1225 4722 sanctissimum
1272 4671 1571 4721 antistitem
1618 4684 1709 4735 per
1755 4670 1834 4720 fas
1880 4679 1931 4721 et
1982 4668 2150 4733 nefas,
2198 4680 2251 4722 et
2278 4670 2379 4723 ob-

822 4748 989 4801 torto,
1020 4750 1075 4789 ut
1104 4738 1278 4798 aiunt,
1307 4739 1471 4796 collo.
1504 4739 1768 4805 puritanis
1797 4739 1975 4791 tradat
2003 4756 2015 4789 :
2046 4740 2193 4805 quasi
2224 4738 2367 4793 illius

824 4811 1093 4861 sententia
1125 4806 1314 4873 fuerit,
1342 4807 1480 4875 quod
1511 4824 1683 4860 omnes
1718 4806 1897 4875 ﬁdeles
1930 4809 2030 4860 sint
2063 4812 2379 4861 sacerdotali

818 4878 1001 4929 ordine
1039 4895 1099 4930 ac
1133 4888 1385 4945 potestate
1427 4879 1635 4945 proditi
1653 4916 1668 4937 ,
1695 4879 1907 4945 ejusque
1927 4880 2231 4930 exercitium
2250 4917 2264 4937 ,
2289 4879 2377 4929 ubi

820 4948 1104 5000 necessitas
1140 4949 1354 5014 requirit
1380 4986 1394 5007 ,
1446 4948 1585 4997 obire
1628 4956 1839 5013 queant.
1876 4948 2042 5012 Quem
2086 4949 2374 5000 absurdum

818 5032 1038 5069 sensum
1078 5018 1225 5069 solus
1265 5016 1317 5069 in
1372 5016 1556 5068 lremei
1611 5018 1789 5068 verbis
1831 5017 2137 5083 cxpiscutns
2170 5016 2374 5080 fuerit;

818 5088 999 5139 nullus
1040 5098 1192 5141 certe
1241 5087 1378 5138 alius
1410 5101 1471 5136 ex
1510 5087 1847 5146 mortalibus,
1904 5089 1946 5138 si
1980 5101 2144 5137 sanus
2187 5086 2373 5149 fuerit,

816 5155 1255 5217 deprehenderit.
1292 5156 1395 5208 Sed
1420 5158 1483 5206 de
1506 5156 1555 5207 lii
1582 5194 1583 5199 η
1612 5155 1831 5207 consule
1856 5153 2079 5206 Dissm't.
2109 5156 2164 5211 '5.
2192 5165 2296 5209 art.
2320 5156 2374 5215 8,

818 5220 847 5291 §
880 5226 1003 5287 ίθυ,
1038 5227 1124 5280 ubi
1166 5227 1354 5277 frivola
1388 5226 1508 5277 novi
1538 5226 1760 5276 editoris
1789 5234 2105 5293 argumenta
2150 5224 2258 5277 late
2282 5239 2377 5275 ex-

815 5298 1102 5359 pendimus
1125 5296 1601 5360 dissolvimusque.

888 5369 963 5433 (Ξ)
996 5366 1147 5431 Apud
1189 5364 1371 5416 Deum.
1419 5365 1507 5415 Sic
1533 5364 1769 5415 illarum.
1816 5373 1869 5416 et
1906 5363 1937 5414 ι
1976 5363 2215 5432 Anglic.,
2266 5377 2373 5415 una

812 5448 933 5486 enm
980 5436 1110 5487 edit.
1162 5433 1337 5487 Oxon.
1403 5433 1457 5485 in
1514 5433 1637 5485 aliis
1703 5434 1928 5486 edition.
1980 5437 2157 5487 minus
2206 5445 2371 5499 recte,

812 5507 950 5567 apud
979 5520 1115 5557 eum.

883 5574 961 5641 (5)
1011 5572 1199 5627 Omnes
1240 5575 1372 5625 enim
1416 5572 1551 5640 justi
1595 5574 1969 5627 sacerdotalem
2014 5574 2199 5627 habent
2230 5574 2373 5627 ordi-

813 5660 946 5696 nent.
998 5641 1331 5696 Sententiuui
1378 5646 1514 5696 hunc
1545 5660 1606 5696 ex
1659 5646 1860 5696 It'cna-n
1894 5645 2233 5705 nominatim,
2275 5644 2370 5697 sed

812 5718 969 5780 paulo
1015 5714 1169 5764 aliter
1213 5718 1670 5779 trnnst‘tipsernnt
1719 5714 1956 5768 Joannes
2010 5715 2374 5768 [iantasccnus

2524 1888 2635 1930 tera
2669 1877 2736 1932 ⁸¹.
2772 1895 2792 1929 ι
2845 1876 2960 1932 Non
3008 1882 3239 1935 alterum
3304 1880 3524 1950 quidem
3570 1892 3750 1938 vetera
3780 1925 3797 1949 ,
3850 1886 4069 1942 alterum

2521 1984 2649 2021 vero
2675 1967 2748 2038 (8)
2794 1968 3159 2038 proferentem
3207 1986 3345 2025 nova
3395 1973 3618 2039 docuit;
3662 1978 3757 2030 sed
3809 1993 3969 2033 unum
4020 1990 4073 2032 et

2519 2060 2789 2113 euuulem.
2820 2057 3220 2116 Paterfamilias
3249 2063 3392 2117 enim
3426 2063 3685 2121 Dominus
3708 2078 3812 2132 est,
3841 2072 3926 2136 qui
3957 2075 4073 2125 uni-

2517 2164 2691 2203 versa:
2711 2150 2892 2205 domui
2919 2160 3160 2221 paternae
3180 2153 3530 2207 dominatur:
3566 2166 3619 2209 et
3644 2159 3816 2211 servis
3840 2160 4069 2229 quidem,

2515 2249 2570 2293 et
2602 2241 2780 2295 adhuc
2816 2242 3242 2311 indisciplinatis
3264 2244 3587 2313 condignam
3616 2246 3835 2301 tradens
3863 2248 4025 2317 legem
4050 2268 4069 2313 ;

2515 2332 2699 2385 liberis
2726 2343 2937 2393 autem.
2971 2343 3025 2388 et
3059 2334 3161 2389 fide
3202 2334 3518 2402 jnstilicatis
3549 2342 3906 2407 congruentia
3935 2341 4071 2395 dans

2515 2434 2804 2493 proice-pta,
2851 2432 2907 2479 et
2941 2425 3068 2479 (iliis
3118 2427 3446 2497 adaperiens
3492 2444 3645 2483 suam
3678 2431 4075 2492 haereditateni.

2514 2514 2735 2569 Scribas
2783 2524 2962 2569 autem
3008 2526 3063 2572 et
3107 2518 3364 2575 doctores
3402 2521 3553 2589 regni
3600 2522 3892 2589 caelorum,
3946 2540 4077 2579 suos

2510 2604 2727 2659 dicebat
2758 2605 3074 2676 discipulos,
3130 2606 3195 2662 de
3224 2609 3426 2677 quibus
3469 2620 3523 2665 et
3562 2611 3689 2667 alibi
3727 2614 3803 2669 ait
3832 2614 4028 2670 Judais
4052 2633 4074 2670 :

2514 2714 2531 2746 ι
2569 2695 2724 2759 Ecce,
2764 2697 2919 2750 mitto
2960 2698 3028 2751 ad
3062 2713 3157 2752 vos
3190 2700 3496 2769 sapientes,
3527 2711 3582 2757 et
3608 2707 3839 2770 scribas,
3886 2717 3943 2762 et
3977 2708 4075 2761 do-

2508 2800 2707 2854 ctores,
2740 2800 2795 2843 et
2828 2806 2893 2847 es
2924 2791 3004 2844 eis
3036 2792 3321 2859 occidetis,
3357 2803 3411 2847 et
3443 2794 3752 2866 emtgabitis
3780 2815 3809 2852 a
3851 2801 4077 2855 civitate

2510 2880 2560 2933 io
2588 2880 2863 2935 civitatem
2892 2882 2958 2935 ³³.
2994 2900 3013 2933 ι
3052 2881 3123 2937 Ea
3157 2895 3364 2947 autem,
3400 2898 3525 2953 qua:
3563 2886 3630 2943 de
3670 2888 3923 2945 thesauro
3948 2907 4079 2961 pro-

2507 2976 2760 3029 feruntur
2786 2975 2862 3049 (9)
2918 2992 3055 3031 nova
3100 2986 3153 3030 et
3191 2986 3411 3046 vetera,
3468 2980 3592 3035 sine
3643 2984 4077 3040 contradictione

3272 3080 3423 3124 vetus
3476 3071 3725 3140 quidem,
3777 3078 3918 3143 quod
3950 3087 4076 3131 ante

2506 3160 2703 3223 fuerat,
2735 3159 3020 3229 legisdatio
3048 3176 3063 3225 ;
3111 3176 3309 3213 novum
3332 3159 3444 3233 (l0)
3474 3177 3681 3228 autem,
3728 3181 3850 3233 qua:
3877 3182 4078 3221 secun-

2503 3253 2630 3305 dum
2672 3249 3020 3320 Evangeliqu
3053 3259 3137 3305 est
3165 3252 3543 3315 conversatio,
3575 3255 3834 3321 ostendit,
3875 3258 3942 3309 de
3967 3273 4077 3327 qua

2502 3342 2672 3396 David
2698 3344 2772 3396 ait
2800 3358 2815 3395 :
2846 3360 2864 3391 ι
2901 3340 3130 3394 Cantate
3163 3339 3391 3396 Domino
3415 3345 3689 3397 canticum
3719 3361 3918 3400 novum
3943 3347 4013 3400 κ.
4050 3366 4076 3399 ι

2498 3434 2565 3489 Ει
2595 3434 2763 3490 Isaias
2788 3454 2803 3489 :
2847 3453 2865 3485 ι
2893 3434 3121 3491 Cantate
3151 3432 3380 3487 Domino
3408 3432 3665 3502 hymnum
3708 3451 3929 3489 novum.
3967 3436 4080 3491 lni-

2499 3527 2631 3580 tium
2650 3522 2758 3597 (ll)
2782 3525 2918 3593 ejus,
2943 3522 3276 3593 gloriﬁcatur
3295 3522 3624 3593 (12)nomen
3652 3523 3770 3591 ejus
3796 3540 3827 3579 a
3858 3542 4085 3581 summa

1519 3646 1566 3677 ⁸³
1600 3647 1814 3701 Denter.
1854 3660 2046 3707 χχχιιι,
2077 3645 2134 3699 9.
2200 3643 2247 3677 ι’
2276 3644 2495 3699 Numer.
2547 3659 2701 3705 xvut,
2749 3641 2840 3705 Et),
2870 3651 2925 3694 et
2991 3642 3209 3694 Denter.
3260 3654 3346 3701 x,‘

2485 3684 2495 3696 .
2547 3659 2701 3705 xvm,
2749 3641 2840 3705 ιι),
2870 3651 2925 3694 et
2991 3642 3209 3694 Denter.
3260 3654 3314 3701 ι,
3345 3638 3398 3692 9.
3476 3638 3523 3669 "
3572 3639 3786 3693 Denter.
3822 3657 3981 3701 svnt,
4023 3645 4073 3693 l.

2075 3714 2118 3745 δ’
2167 3713 2359 3768 Matth.
2421 3730 2501 3778 ιιι,
2556 3715 2643 3772 ιιι,
2689 3722 2736 3765 et
2789 3726 2884 3771 vu,
2938 3710 3020 3767 l9.
3061 3710 3105 3741 ’⁸
3148 3709 3166 3762 l
3208 3708 3336 3763 Cor.
3396 3724 3479 3770 ιιι,
3514 3709 3595 3762 l7.

3674 3709 3719 3741 "
3750 3710 3882 3779 Cap.
3924 3710 4074 3769 XXI.

2182 3784 2230 3815 “
2265 3785 2405 3839 l'sal.
2444 3799 2566 3847 xcv,
2606 3786 2655 3846 l,
2684 3793 2738 3835 et
2776 3795 2943 3845 scvn,
2978 3781 3027 3833 l.

2497 3906 2551 3960 in
2583 3903 2863 3958 Parallelt's
2895 3904 2975 3961 lit.
3004 3904 3063 3957 ll.
3098 3904 3183 3957 tit.
3212 3902 3266 3967 Ξ,
3304 3913 3411 3955 tam
3443 3901 3497 3955 in
3533 3904 3651 3957 cod.
3685 3902 3927 3959 Claram.
3980 3908 4075 3965 (es

2494 3991 2605 4045 quo
2636 3976 2949 4045 eatniedidit
2982 3971 3510 4045 llaliois_ius_iu}’ita
3546 3971 3734 4045 lien,
3757 3990 3881 4045 pag.
3912 3973 4071 4043 498).

2494 4040 2657 4113 quam
2684 4044 2735 4097 in
2768 4043 3028 4098 Vaticano
3057 4045 3140 4113 lit.
3176 4041 3234 4096 Β.
3253 4041 3350 4113 _tit.
3373 4040 3430 4113 _9,
3461 4054 3514 4095 et
3541 4040 3811 4113 Antonius
3839 4040 4068 4098 Melissa

2495 4110 2745 4184 seruaui,
2796 4122 2934 4184 part.
2964 4123 3036 4169 Il:
3083 4112 3208 4184 Hd;
3245 4110 3497 4179 βασιλεὺς
3533 4111 3738 4175 δίκαιος
3782 4114 4080 4184 ἱερατικὴν

2495 4184 2609 4252 ἔχει
2634 4180 2806 4248 τάξινζ
2842 4180 3024 4235 Omnis
3058 4197 3158 4252 rea:_
3180 4182 3359 4252 justus
3388 4184 3765 4234 saterdotalent
3790 4180 3949 4235 habet
3981 4180 4078 4235 or-

2494 4249 2691 4306 tti'nem.
2722 4254 2849 4319 ρυω
2875 4252 3095 4319 quidem
3147 4249 3330 4313 lectio,
3366 4267 3482 4303 utra
3514 4251 3730 4317 quidem
3759 4254 4073 4313 sententia,

2497 4319 2738 4391 Vulgatu-
2768 4323 3102 4388 przelerenda
3137 4322 3381 4372 videtur:
3410 4322 3615 4391 aretius
3647 4324 3789 4373 enim
3818 4322 4078 4376 uolueret

2492 4390 2624 4444 cuni
2644 4408 2705 4445 ea
2735 4407 2856 4460 quae
2886 4393 3147 4460 praecedit
3164 4393 3228 4443 de
3261 4390 3459 4442 Davide
3483 4392 3778 4460 sententia.
3814 4394 3948 4444 tuam
3989 4402 4074 4445 ta-

2489 4476 2633 4523 men,
2666 4458 2808 4513 ntillo
2840 4460 3100 4513 hactenus
3130 4459 3345 4512 favente
3384 4460 3572 4513 codice
3616 4458 3833 4525 Latino,
3882 4465 4073 4515 tenui

2485 4528 2754 4594 inserere,
2787 4531 2977 4597 religio
3002 4538 3169 4582 esset.

2552 4599 2629 4667 (4)
2669 4595 2997 4652 Snbstatititt:
3033 4614 3235 4651 eorum.
3268 4595 3378 4658 ΑΙ..
3420 4601 3715 4651 substantia
3742 4618 3951 4653 eorum.

2555 4669 2632 4737 (5)
2670 4668 2899 4738 Domini.
2937 4669 3027 4722 Sit:
3074 4668 3305 4722 Feunrd.
3357 4669 3411 4719 in
3458 4686 3657 4738 marg.,
3706 4670 3958 4725 Ciarmn.
4013 4679 4071 4725 cl

2482 4736 2644 4792 γυςε.
2679 4740 2807 4800 Alii,
2835 4736 3111 4791 Dominus.

2552 4808 2629 4877 (ϐ)
2671 4806 2875 4877 Legem.
2909 4809 3111 4874 Aliqui,
3147 4808 3296 4876 legis.

2552 4879 2631 4944 (7t
2671 4878 2772 4937 Qui
2808 4890 2855 4929 et
2876 4878 3046 4945 jnste.
3095 4877 3198 4940 Qui
3232 4891 3280 4932 et
3324 4880 3501 4934 addidi
3531 4894 3595 4932 es
3637 4878 3875 4932 Claront.

2552 4947 2627 5017 (8)
2671 4945 2823 5000 Vero.
2856 4949 2965 5008 AL,
2991 4948 3223 5017 quidem.

2552 5014 2628 5083 (υ)
2665 5014 3037 5082 l’roferuntur.
3068 5014 3144 5069 ita
3177 5016 3406 5069 Feuard.
3448 5017 3500 5070 in
3534 5033 3710 5085 marg.
3734 5060 3746 5077 ,
3777 5017 3977 5071 Ottob.
4015 5030 4076 5073 et

2478 5086 2632 5141 Voss.
2665 5088 2731 5139 At
2761 5088 2997 5139 Clurom.
3050 5097 3104 5141 et
3146 5088 3379 5149 Arund.,
3431 5088 3812 5156 proferentur;
3843 5104 4071 5151 cacten,

2476 5160 2769 5224 proferunt.

2552 5226 2666 5296 (10)
2706 5224 2934 5281 Novum.
2970 5226 3044 5279 Ita
3081 5225 3291 5281 restitui
3325 5242 3423 5294 pro
3454 5244 3605 5289 nom,
3659 5228 3805 5281 nullo
3832 5228 4074 5296 quidem

2477 5299 2812 5373 stttlragaute
2857 5298 3089 5360 codice;
3141 5297 3234 5350 sed
3284 5297 3356 5373 id_
3386 5310 3573 5363 aperte
3616 5300 3888 5373 _cxigentc
3948 5310 4072 5351 tum

2480 5368 2905 5431 construcﬂonc,
2938 5377 3046 5418 tum
3080 5376 3189 5419 tota
3219 5368 3482 5418 orationis
3521 5368 3691 5421 serie.

2548 5434 2660 5503 (ll)
2690 5435 2927 5488 Initium.
2959 5434 3171 5500 Grazca,
3200 5436 3235 5505 ὴ
3270 5435 3414 5506 ἁρχὴ
3447 5435 3637 5503 αὑτοῦ,
3679 5439 3868 5491 melius
3934 5438 4073 5491 red-

2475 5504 2707 5557 didisset
2732 5506 3020 5574 interpres,
3048 5504 3373 5570 principatus
3403 5504 3545 5574 ejus.

2549 5577 2659 5642 (l2)
2711 5564 3120 5641 Uiuri/iculum”
3159 5564 3498 5628 adnuntiant.
3551 5564 3803 5629 llodierni
3852 5576 3980 5628 τῶν
4015 5577 4072 5622 (Ὺ

2474 5649 2633 5697 omni.
2672 5648 2886 5702 habent.
2917 5643 3231 5707 δῡξάξετε...
3261 5645 3618 5712 ἁναγγελςῦςι
3639 5686 3653 5702 .
3685 5648 4065 5712 ιιιοήρςωρ...

2474 5733 2539 5765 tm
2568 5716 2909 5774 λιιιιέἔιιιιιιιιις
2953 5735 3055 5766 non
3102 5714 3444 5778 δοξάζεται...
3488 5716 3902 5783 ἁναςσζιὲὶλουσι.
3949 5718 4067 5765 διά
