  <div class='ocr_page' id='page_1' title='image "/cluster/home/n/w/nwhite01/storage/ocr_20150623/7 pars.1/pst.000005711833/540.png"; bbox 0 0 4222 6320; ppageno 0'>
   <div class='ocr_carea' id='block_1_1' title="bbox 256 390 388 450">
    <p class='ocr_par' dir='ltr' id='par_1_1' title="bbox 256 390 388 450">
     <span class='ocr_line' id='line_1_1' title="bbox 256 390 388 450; baseline 0.008 -2"><span class='ocrx_word' id='word_1_1' title='bbox 256 390 388 450; x_wconf 74' lang='grc'><strong>1001</strong></span> 
     </span>
    </p>
   </div>
   <div class='ocr_carea' id='block_1_2' title="bbox 1371 379 2295 444">
    <p class='ocr_par' dir='ltr' id='par_1_2' title="bbox 1371 379 2295 444">
     <span class='ocr_line' id='line_1_2' title="bbox 1371 379 2295 444; baseline -0.005 0"><span class='ocrx_word' id='word_1_2' title='bbox 1371 385 1649 444; x_wconf 78' lang='lat' dir='ltr'><strong>CONTRA</strong></span> <span class='ocrx_word' id='word_1_3' title='bbox 1685 381 2023 442; x_wconf 61' lang='lat' dir='ltr'><strong>HERESES</strong></span> <span class='ocrx_word' id='word_1_4' title='bbox 2054 381 2181 438; x_wconf 84' lang='lat' dir='ltr'><strong>LIB.</strong></span> <span class='ocrx_word' id='word_1_5' title='bbox 2216 379 2295 439; x_wconf 68' lang='lat' dir='ltr'><strong>IV.</strong></span> 
     </span>
    </p>
   </div>
   <div class='ocr_carea' id='block_1_3' title="bbox 257 502 3492 589">
    <p class='ocr_par' dir='ltr' id='par_1_3' title="bbox 257 502 3492 589">
     <span class='ocr_line' id='line_1_3' title="bbox 257 502 3492 589; baseline -0.002 -20"><span class='ocrx_word' id='word_1_6' title='bbox 257 515 471 589; x_wconf 75' lang='lat' dir='ltr'><strong>pallium</strong></span> <span class='ocrx_word' id='word_1_7' title='bbox 499 524 687 579; x_wconf 89' lang='lat' dir='ltr'><strong>suum;</strong></span> <span class='ocrx_word' id='word_1_8' title='bbox 738 512 935 568; x_wconf 73' lang='lat' dir='ltr'><strong>itetiﬁci</strong></span> <span class='ocrx_word' id='word_1_9' title='bbox 986 510 1098 585; x_wconf 73' lang='lat'>(55)</span> <span class='ocrx_word' id='word_1_10' title='bbox 1122 510 1265 567; x_wconf 88' lang='lat' dir='ltr'><strong>oeuli</strong></span> <span class='ocrx_word' id='word_1_11' title='bbox 1317 508 1437 578; x_wconf 86' lang='lat' dir='ltr'><strong>ejus</strong></span> <span class='ocrx_word' id='word_1_12' title='bbox 1468 524 1499 565; x_wconf 84' lang='lat' dir='ltr'><strong>a</strong></span> <span class='ocrx_word' id='word_1_13' title='bbox 1529 510 1659 565; x_wconf 78' lang='lat' dir='ltr'><strong>vino</strong></span> <span class='ocrx_word' id='word_1_14' title='bbox 1688 506 1823 583; x_wconf 70' lang='lat'>(36),</span> <span class='ocrx_word' id='word_1_15' title='bbox 1853 508 1902 568; x_wconf 77' lang='grc' dir='ltr'><strong>Α</strong></span> <span class='ocrx_word' id='word_1_16' title='bbox 1930 514 2088 561; x_wconf 89' lang='lat' dir='ltr'><strong>rante</strong></span> <span class='ocrx_word' id='word_1_17' title='bbox 2113 519 2331 562; x_wconf 84' lang='lat' dir='ltr'><strong>servum</strong></span> <span class='ocrx_word' id='word_1_18' title='bbox 2360 502 2493 576; x_wconf 69' lang='lat'>(40),</span> <span class='ocrx_word' id='word_1_19' title='bbox 2538 510 2593 558; x_wconf 91' lang='lat' dir='ltr'><strong>et</strong></span> <span class='ocrx_word' id='word_1_20' title='bbox 2614 506 2904 574; x_wconf 85' lang='lat' dir='ltr'><strong>adoptante</strong></span> <span class='ocrx_word' id='word_1_21' title='bbox 2930 504 2986 559; x_wconf 91' lang='lat' dir='ltr'><strong>ln</strong></span> <span class='ocrx_word' id='word_1_22' title='bbox 3038 504 3229 569; x_wconf 87' lang='lat' dir='ltr'><strong>ﬁlium,</strong></span> <span class='ocrx_word' id='word_1_23' title='bbox 3286 517 3341 561; x_wconf 91' lang='lat' dir='ltr'><strong>et</strong></span> <span class='ocrx_word' id='word_1_24' title='bbox 3364 516 3492 576; x_wconf 80' lang='lat' dir='ltr'><strong>apto</strong></span> 
     </span>
    </p>
   </div>
   <div class='ocr_carea' id='block_1_4' title="bbox 250 598 1821 673">
    <p class='ocr_par' dir='ltr' id='par_1_4' title="bbox 250 598 1821 673">
     <span class='ocr_line' id='line_1_4' title="bbox 250 598 1821 673; baseline -0.005 -11"><span class='ocrx_word' id='word_1_25' title='bbox 250 614 310 664; x_wconf 86' lang='lat' dir='ltr'><strong>et</strong></span> <span class='ocrx_word' id='word_1_26' title='bbox 334 605 552 663; x_wconf 86' lang='lat' dir='ltr'><strong>candidi</strong></span> <span class='ocrx_word' id='word_1_27' title='bbox 577 605 773 659; x_wconf 89' lang='lat' dir='ltr'><strong>dentes</strong></span> <span class='ocrx_word' id='word_1_28' title='bbox 816 602 935 673; x_wconf 91' lang='lat' dir='ltr'><strong>ejus</strong></span> <span class='ocrx_word' id='word_1_29' title='bbox 993 615 1156 673; x_wconf 87' lang='lat' dir='ltr'><strong>quam</strong></span> <span class='ocrx_word' id='word_1_30' title='bbox 1192 600 1280 656; x_wconf 85' lang='lat' dir='ltr'><strong>lac</strong></span> <span class='ocrx_word' id='word_1_31' title='bbox 1306 599 1356 633; x_wconf 83' lang='lat'>&quot;</span> <span class='ocrx_word' id='word_1_32' title='bbox 1389 598 1523 673; x_wconf 78' lang='lat'>(37).</span> <span class='ocrx_word' id='word_1_33' title='bbox 1564 616 1585 652; x_wconf 82' lang='grc' dir='ltr'><strong>ι</strong></span> <span class='ocrx_word' id='word_1_34' title='bbox 1637 598 1821 669; x_wconf 79' lang='lat' dir='ltr'><strong>inqui-</strong></span> 
     </span>
    </p>
   </div>
   <div class='ocr_carea' id='block_1_5' title="bbox 252 688 1822 765">
    <p class='ocr_par' dir='ltr' id='par_1_5' title="bbox 252 688 1822 765">
     <span class='ocr_line' id='line_1_5' title="bbox 252 688 1822 765; baseline -0.006 -13"><span class='ocrx_word' id='word_1_35' title='bbox 252 706 378 753; x_wconf 84' lang='lat' dir='ltr'><strong>rant</strong></span> <span class='ocrx_word' id='word_1_36' title='bbox 405 696 553 751; x_wconf 92' lang='lat' dir='ltr'><strong>enim</strong></span> <span class='ocrx_word' id='word_1_37' title='bbox 588 694 669 761; x_wconf 87' lang='lat' dir='ltr'><strong>bi,</strong></span> <span class='ocrx_word' id='word_1_38' title='bbox 699 693 792 765; x_wconf 85' lang='lat' dir='ltr'><strong>qui</strong></span> <span class='ocrx_word' id='word_1_39' title='bbox 814 692 999 747; x_wconf 83' lang='lat' dir='ltr'><strong>omnia</strong></span> <span class='ocrx_word' id='word_1_40' title='bbox 1038 691 1269 747; x_wconf 88' lang='lat' dir='ltr'><strong>scrutari</strong></span> <span class='ocrx_word' id='word_1_41' title='bbox 1300 690 1577 753; x_wconf 90' lang='lat' dir='ltr'><strong>dicuntur,</strong></span> <span class='ocrx_word' id='word_1_42' title='bbox 1609 688 1661 744; x_wconf 91' lang='lat' dir='ltr'><strong>id</strong></span> <span class='ocrx_word' id='word_1_43' title='bbox 1689 699 1822 743; x_wconf 66' lang='lat' dir='ltr'><strong>term</strong></span> 
     </span>
    </p>
   </div>
   <div class='ocr_carea' id='block_1_6' title="bbox 251 780 1818 860">
    <p class='ocr_par' dir='ltr' id='par_1_6' title="bbox 251 780 1818 860">
     <span class='ocr_line' id='line_1_6' title="bbox 251 780 1818 860; baseline -0.006 -17"><span class='ocrx_word' id='word_1_44' title='bbox 251 802 353 858; x_wconf 87' lang='lat' dir='ltr'><strong>pus</strong></span> <span class='ocrx_word' id='word_1_45' title='bbox 376 788 427 843; x_wconf 90' lang='lat' dir='ltr'><strong>in</strong></span> <span class='ocrx_word' id='word_1_46' title='bbox 452 804 559 860; x_wconf 87' lang='lat' dir='ltr'><strong>quo</strong></span> <span class='ocrx_word' id='word_1_47' title='bbox 589 785 789 842; x_wconf 89' lang='lat' dir='ltr'><strong>defecit</strong></span> <span class='ocrx_word' id='word_1_48' title='bbox 819 784 1097 857; x_wconf 80' lang='lat' dir='ltr'><strong>princeps,</strong></span> <span class='ocrx_word' id='word_1_49' title='bbox 1127 791 1184 838; x_wconf 90' lang='lat' dir='ltr'><strong>et</strong></span> <span class='ocrx_word' id='word_1_50' title='bbox 1213 783 1320 837; x_wconf 70' lang='lat' dir='ltr'><strong>dux</strong></span> <span class='ocrx_word' id='word_1_51' title='bbox 1352 795 1421 838; x_wconf 79' lang='lat' dir='ltr'><strong>ex</strong></span> <span class='ocrx_word' id='word_1_52' title='bbox 1449 780 1611 847; x_wconf 79' lang='lat' dir='ltr'><strong>Juda,</strong></span> <span class='ocrx_word' id='word_1_53' title='bbox 1640 791 1693 835; x_wconf 88' lang='lat' dir='ltr'><strong>et</strong></span> <span class='ocrx_word' id='word_1_54' title='bbox 1726 781 1818 852; x_wconf 87' lang='lat' dir='ltr'><strong>qui</strong></span> 
     </span>
    </p>
   </div>
   <div class='ocr_carea' id='block_1_7' title="bbox 252 874 1822 950">
    <p class='ocr_par' dir='ltr' id='par_1_7' title="bbox 252 874 1822 950">
     <span class='ocr_line' id='line_1_7' title="bbox 252 874 1822 950; baseline -0.005 -15"><span class='ocrx_word' id='word_1_55' title='bbox 252 889 339 935; x_wconf 88' lang='lat' dir='ltr'><strong>est</strong></span> <span class='ocrx_word' id='word_1_56' title='bbox 364 880 603 950; x_wconf 81' lang='lat' dir='ltr'><strong>gentium</strong></span> <span class='ocrx_word' id='word_1_57' title='bbox 636 892 782 946; x_wconf 88' lang='lat' dir='ltr'><strong>spes,</strong></span> <span class='ocrx_word' id='word_1_58' title='bbox 806 885 863 931; x_wconf 90' lang='lat' dir='ltr'><strong>et</strong></span> <span class='ocrx_word' id='word_1_59' title='bbox 890 876 983 946; x_wconf 92' lang='lat' dir='ltr'><strong>qui</strong></span> <span class='ocrx_word' id='word_1_60' title='bbox 1010 875 1163 938; x_wconf 85' lang='lat' dir='ltr'><strong>vitis,</strong></span> <span class='ocrx_word' id='word_1_61' title='bbox 1182 883 1238 929; x_wconf 94' lang='lat' dir='ltr'><strong>et</strong></span> <span class='ocrx_word' id='word_1_62' title='bbox 1265 874 1356 944; x_wconf 91' lang='lat' dir='ltr'><strong>qui</strong></span> <span class='ocrx_word' id='word_1_63' title='bbox 1397 874 1577 944; x_wconf 86' lang='lat' dir='ltr'><strong>pullus</strong></span> <span class='ocrx_word' id='word_1_64' title='bbox 1598 874 1735 943; x_wconf 89' lang='lat' dir='ltr'><strong>ejus,</strong></span> <span class='ocrx_word' id='word_1_65' title='bbox 1766 882 1822 929; x_wconf 91' lang='lat' dir='ltr'><strong>et</strong></span> 
     </span>
    </p>
   </div>
   <div class='ocr_carea' id='block_1_8' title="bbox 250 966 1820 1045">
    <p class='ocr_par' dir='ltr' id='par_1_8' title="bbox 250 966 1820 1045">
     <span class='ocr_line' id='line_1_8' title="bbox 250 966 1820 1045; baseline -0.005 -19"><span class='ocrx_word' id='word_1_66' title='bbox 250 973 405 1045; x_wconf 88' lang='lat' dir='ltr'><strong>quod</strong></span> <span class='ocrx_word' id='word_1_67' title='bbox 430 971 829 1032; x_wconf 89' lang='lat' dir='ltr'><strong>indumentum,</strong></span> <span class='ocrx_word' id='word_1_68' title='bbox 861 978 915 1023; x_wconf 93' lang='lat' dir='ltr'><strong>et</strong></span> <span class='ocrx_word' id='word_1_69' title='bbox 941 969 1033 1039; x_wconf 91' lang='lat' dir='ltr'><strong>qui</strong></span> <span class='ocrx_word' id='word_1_70' title='bbox 1085 967 1253 1033; x_wconf 91' lang='lat' dir='ltr'><strong>oculi,</strong></span> <span class='ocrx_word' id='word_1_71' title='bbox 1283 976 1338 1022; x_wconf 86' lang='lat' dir='ltr'><strong>et</strong></span> <span class='ocrx_word' id='word_1_72' title='bbox 1365 966 1459 1035; x_wconf 88' lang='lat' dir='ltr'><strong>qui</strong></span> <span class='ocrx_word' id='word_1_73' title='bbox 1503 966 1718 1030; x_wconf 84' lang='lat' dir='ltr'><strong>dentes,</strong></span> <span class='ocrx_word' id='word_1_74' title='bbox 1762 973 1820 1019; x_wconf 91' lang='lat' dir='ltr'><strong>et</strong></span> 
     </span>
    </p>
   </div>
   <div class='ocr_carea' id='block_1_9' title="bbox 250 1055 1820 1134">
    <p class='ocr_par' dir='ltr' id='par_1_9' title="bbox 250 1055 1820 1134">
     <span class='ocr_line' id='line_1_9' title="bbox 250 1055 1820 1134; baseline -0.006 -14"><span class='ocrx_word' id='word_1_75' title='bbox 250 1063 393 1134; x_wconf 87' lang='lat' dir='ltr'><strong>quod</strong></span> <span class='ocrx_word' id='word_1_76' title='bbox 422 1062 630 1129; x_wconf 82' lang='lat' dir='ltr'><strong>vinum,</strong></span> <span class='ocrx_word' id='word_1_77' title='bbox 659 1069 717 1117; x_wconf 85' lang='lat' dir='ltr'><strong>et</strong></span> <span class='ocrx_word' id='word_1_78' title='bbox 738 1058 1162 1129; x_wconf 84' lang='lat' dir='ltr'><strong>unumquodque</strong></span> <span class='ocrx_word' id='word_1_79' title='bbox 1189 1073 1259 1115; x_wconf 79' lang='lat' dir='ltr'><strong>ex</strong></span> <span class='ocrx_word' id='word_1_80' title='bbox 1289 1058 1449 1115; x_wconf 82' lang='lat' dir='ltr'><strong>dictis</strong></span> <span class='ocrx_word' id='word_1_81' title='bbox 1478 1055 1591 1131; x_wconf 77' lang='lat'>(38)</span> <span class='ocrx_word' id='word_1_82' title='bbox 1621 1056 1820 1129; x_wconf 81' lang='lat' dir='ltr'><strong>exqui-</strong></span> 
     </span>
    </p>
   </div>
   <div class='ocr_carea' id='block_1_10' title="bbox 249 1144 1823 1222">
    <p class='ocr_par' dir='ltr' id='par_1_10' title="bbox 249 1144 1823 1222">
     <span class='ocr_line' id='line_1_10' title="bbox 249 1144 1823 1222; baseline -0.004 -12"><span class='ocrx_word' id='word_1_83' title='bbox 249 1162 411 1222; x_wconf 85' lang='lat' dir='ltr'><strong>rant;</strong></span> <span class='ocrx_word' id='word_1_84' title='bbox 440 1162 497 1210; x_wconf 91' lang='lat' dir='ltr'><strong>et</strong></span> <span class='ocrx_word' id='word_1_85' title='bbox 518 1154 799 1210; x_wconf 81' lang='lat' dir='ltr'><strong>invenient</strong></span> <span class='ocrx_word' id='word_1_86' title='bbox 850 1168 958 1210; x_wconf 93' lang='lat' dir='ltr'><strong>non</strong></span> <span class='ocrx_word' id='word_1_87' title='bbox 1001 1150 1193 1217; x_wconf 90' lang='lat' dir='ltr'><strong>alium,</strong></span> <span class='ocrx_word' id='word_1_88' title='bbox 1234 1150 1339 1207; x_wconf 92' lang='lat' dir='ltr'><strong>nisi</strong></span> <span class='ocrx_word' id='word_1_89' title='bbox 1400 1144 1691 1204; x_wconf 90' lang='lat' dir='ltr'><strong>Dominum</strong></span> <span class='ocrx_word' id='word_1_90' title='bbox 1725 1163 1823 1204; x_wconf 85' lang='lat' dir='ltr'><strong>no-</strong></span> 
     </span>
    </p>
   </div>
   <div class='ocr_carea' id='block_1_11' title="bbox 247 1238 1821 1311">
    <p class='ocr_par' dir='ltr' id='par_1_11' title="bbox 247 1238 1821 1311">
     <span class='ocr_line' id='line_1_11' title="bbox 247 1238 1821 1311; baseline -0.006 -9"><span class='ocrx_word' id='word_1_91' title='bbox 247 1256 426 1302; x_wconf 86' lang='lat' dir='ltr'><strong>strum</strong></span> <span class='ocrx_word' id='word_1_92' title='bbox 463 1244 647 1302; x_wconf 80' lang='lat' dir='ltr'><strong>Jesum</strong></span> <span class='ocrx_word' id='word_1_93' title='bbox 679 1244 984 1311; x_wconf 76' lang='lat' dir='ltr'><strong>Christum,</strong></span> <span class='ocrx_word' id='word_1_94' title='bbox 1042 1242 1444 1299; x_wconf 74' lang='lat' dir='ltr'><strong>snnuntiatum.</strong></span> <span class='ocrx_word' id='word_1_95' title='bbox 1473 1238 1821 1311; x_wconf 78' lang='lat' dir='ltr'><strong>Quapropter</strong></span> 
     </span>
    </p>
   </div>
   <div class='ocr_carea' id='block_1_12' title="bbox 247 1329 1821 1411">
    <p class='ocr_par' dir='ltr' id='par_1_12' title="bbox 247 1329 1821 1411">
     <span class='ocr_line' id='line_1_12' title="bbox 247 1329 1821 1411; baseline -0.005 -18"><span class='ocrx_word' id='word_1_96' title='bbox 247 1338 462 1411; x_wconf 69' lang='lat' dir='ltr'><strong>Moyses</strong></span> <span class='ocrx_word' id='word_1_97' title='bbox 486 1339 776 1408; x_wconf 82' lang='lat' dir='ltr'><strong>increpans</strong></span> <span class='ocrx_word' id='word_1_98' title='bbox 817 1333 1097 1407; x_wconf 84' lang='lat' dir='ltr'><strong>populum,</strong></span> <span class='ocrx_word' id='word_1_99' title='bbox 1126 1332 1269 1406; x_wconf 87' lang='lat' dir='ltr'><strong>quod</strong></span> <span class='ocrx_word' id='word_1_100' title='bbox 1320 1334 1561 1404; x_wconf 86' lang='lat' dir='ltr'><strong>ingratus</strong></span> <span class='ocrx_word' id='word_1_101' title='bbox 1589 1329 1821 1386; x_wconf 77' lang='lat' dir='ltr'><strong>exsiste-</strong></span> 
     </span>
    </p>
   </div>
   <div class='ocr_carea' id='block_1_13' title="bbox 249 1424 1819 1499">
    <p class='ocr_par' dir='ltr' id='par_1_13' title="bbox 249 1424 1819 1499">
     <span class='ocr_line' id='line_1_13' title="bbox 249 1424 1819 1499; baseline -0.003 -15"><span class='ocrx_word' id='word_1_102' title='bbox 249 1443 357 1498; x_wconf 82' lang='lat' dir='ltr'><strong>ret,</strong></span> <span class='ocrx_word' id='word_1_103' title='bbox 390 1432 507 1486; x_wconf 88' lang='lat' dir='ltr'><strong>ait:</strong></span> <span class='ocrx_word' id='word_1_104' title='bbox 540 1449 560 1482; x_wconf 80' lang='grc' dir='ltr'><strong>ι</strong></span> <span class='ocrx_word' id='word_1_105' title='bbox 597 1430 689 1487; x_wconf 85' lang='lat' dir='ltr'><strong>Sic</strong></span> <span class='ocrx_word' id='word_1_106' title='bbox 718 1429 949 1499; x_wconf 85' lang='lat' dir='ltr'><strong>populus</strong></span> <span class='ocrx_word' id='word_1_107' title='bbox 986 1427 1190 1492; x_wconf 85' lang='lat' dir='ltr'><strong>fatuus,</strong></span> <span class='ocrx_word' id='word_1_108' title='bbox 1218 1434 1276 1481; x_wconf 92' lang='lat' dir='ltr'><strong>et</strong></span> <span class='ocrx_word' id='word_1_109' title='bbox 1301 1441 1407 1481; x_wconf 93' lang='lat' dir='ltr'><strong>non</strong></span> <span class='ocrx_word' id='word_1_110' title='bbox 1433 1426 1675 1496; x_wconf 88' lang='lat' dir='ltr'><strong>sapiens,</strong></span> <span class='ocrx_word' id='word_1_111' title='bbox 1703 1424 1819 1480; x_wconf 73' lang='lat' dir='ltr'><strong>haec</strong></span> 
     </span>
    </p>
   </div>
   <div class='ocr_carea' id='block_1_14' title="bbox 250 1518 1820 1591">
    <p class='ocr_par' dir='ltr' id='par_1_14' title="bbox 250 1518 1820 1591">
     <span class='ocr_line' id='line_1_14' title="bbox 250 1518 1820 1591; baseline -0.005 -10"><span class='ocrx_word' id='word_1_112' title='bbox 250 1524 481 1581; x_wconf 86' lang='lat' dir='ltr'><strong>Domino</strong></span> <span class='ocrx_word' id='word_1_113' title='bbox 497 1521 828 1580; x_wconf 88' lang='lat' dir='ltr'><strong>retribuistis</strong></span> <span class='ocrx_word' id='word_1_114' title='bbox 854 1520 950 1576; x_wconf 73' lang='lat' dir='ltr'><strong>&quot;i</strong></span> <span class='ocrx_word' id='word_1_115' title='bbox 978 1539 997 1574; x_wconf 81' lang='grc' dir='ltr'><strong>ι</strong></span> <span class='ocrx_word' id='word_1_116' title='bbox 1030 1519 1097 1575; x_wconf 86' lang='lat' dir='ltr'><strong>Et</strong></span> <span class='ocrx_word' id='word_1_117' title='bbox 1118 1534 1309 1576; x_wconf 83' lang='lat' dir='ltr'><strong>rursus</strong></span> <span class='ocrx_word' id='word_1_118' title='bbox 1326 1518 1661 1591; x_wconf 92' lang='lat' dir='ltr'><strong>signiﬁcans,</strong></span> <span class='ocrx_word' id='word_1_119' title='bbox 1687 1530 1820 1586; x_wconf 88' lang='lat' dir='ltr'><strong>quo—</strong></span> 
     </span>
    </p>
   </div>
   <div class='ocr_carea' id='block_1_15' title="bbox 250 1607 1820 1683">
    <p class='ocr_par' dir='ltr' id='par_1_15' title="bbox 250 1607 1820 1683">
     <span class='ocr_line' id='line_1_15' title="bbox 250 1607 1820 1683; baseline -0.006 -14"><span class='ocrx_word' id='word_1_120' title='bbox 250 1616 396 1670; x_wconf 79' lang='lat' dir='ltr'><strong>niam</strong></span> <span class='ocrx_word' id='word_1_121' title='bbox 436 1614 528 1683; x_wconf 85' lang='lat' dir='ltr'><strong>qui</strong></span> <span class='ocrx_word' id='word_1_122' title='bbox 552 1615 621 1669; x_wconf 86' lang='lat' dir='ltr'><strong>ab</strong></span> <span class='ocrx_word' id='word_1_123' title='bbox 650 1613 806 1669; x_wconf 86' lang='lat' dir='ltr'><strong>initio</strong></span> <span class='ocrx_word' id='word_1_124' title='bbox 841 1611 1087 1669; x_wconf 87' lang='lat' dir='ltr'><strong>condidit</strong></span> <span class='ocrx_word' id='word_1_125' title='bbox 1113 1619 1169 1667; x_wconf 92' lang='lat' dir='ltr'><strong>et</strong></span> <span class='ocrx_word' id='word_1_126' title='bbox 1201 1611 1334 1666; x_wconf 89' lang='lat' dir='ltr'><strong>fecit</strong></span> <span class='ocrx_word' id='word_1_127' title='bbox 1365 1624 1459 1666; x_wconf 82' lang='lat' dir='ltr'><strong>eos</strong></span> <span class='ocrx_word' id='word_1_128' title='bbox 1481 1607 1737 1669; x_wconf 76' lang='lat' dir='ltr'><strong>Verbum,</strong></span> <span class='ocrx_word' id='word_1_129' title='bbox 1763 1614 1820 1661; x_wconf 91' lang='lat' dir='ltr'><strong>et</strong></span> 
     </span>
    </p>
   </div>
   <div class='ocr_carea' id='block_1_16' title="bbox 246 1697 1816 1775">
    <p class='ocr_par' dir='ltr' id='par_1_16' title="bbox 246 1697 1816 1775">
     <span class='ocr_line' id='line_1_16' title="bbox 246 1697 1816 1775; baseline -0.006 -14"><span class='ocrx_word' id='word_1_130' title='bbox 246 1706 302 1762; x_wconf 91' lang='lat' dir='ltr'><strong>in</strong></span> <span class='ocrx_word' id='word_1_131' title='bbox 334 1707 652 1763; x_wconf 76' lang='lat' dir='ltr'><strong>novissimis</strong></span> <span class='ocrx_word' id='word_1_132' title='bbox 692 1704 1039 1775; x_wconf 83' lang='lat' dir='ltr'><strong>temporibus</strong></span> <span class='ocrx_word' id='word_1_133' title='bbox 1083 1704 1355 1757; x_wconf 86' lang='lat' dir='ltr'><strong>redimens</strong></span> <span class='ocrx_word' id='word_1_134' title='bbox 1385 1715 1505 1768; x_wconf 92' lang='lat' dir='ltr'><strong>nos,</strong></span> <span class='ocrx_word' id='word_1_135' title='bbox 1559 1708 1614 1753; x_wconf 93' lang='lat' dir='ltr'><strong>et</strong></span> <span class='ocrx_word' id='word_1_136' title='bbox 1638 1697 1816 1753; x_wconf 79' lang='lat' dir='ltr'><strong>viviﬁ-</strong></span> 
     </span>
    </p>
   </div>
   <div class='ocr_carea' id='block_1_17' title="bbox 247 1788 1814 1866">
    <p class='ocr_par' dir='ltr' id='par_1_17' title="bbox 247 1788 1814 1866">
     <span class='ocr_line' id='line_1_17' title="bbox 247 1788 1814 1866; baseline -0.007 -14"><span class='ocrx_word' id='word_1_137' title='bbox 247 1812 401 1863; x_wconf 82' lang='lat' dir='ltr'><strong>cans,</strong></span> <span class='ocrx_word' id='word_1_138' title='bbox 426 1798 729 1852; x_wconf 85' lang='lat' dir='ltr'><strong>ostenditur</strong></span> <span class='ocrx_word' id='word_1_139' title='bbox 752 1797 993 1866; x_wconf 89' lang='lat' dir='ltr'><strong>pendens</strong></span> <span class='ocrx_word' id='word_1_140' title='bbox 1018 1796 1070 1850; x_wconf 93' lang='lat' dir='ltr'><strong>in</strong></span> <span class='ocrx_word' id='word_1_141' title='bbox 1094 1794 1259 1863; x_wconf 77' lang='lat' dir='ltr'><strong>ligno,</strong></span> <span class='ocrx_word' id='word_1_142' title='bbox 1282 1801 1335 1845; x_wconf 90' lang='lat' dir='ltr'><strong>et</strong></span> <span class='ocrx_word' id='word_1_143' title='bbox 1366 1807 1469 1847; x_wconf 93' lang='lat' dir='ltr'><strong>non</strong></span> <span class='ocrx_word' id='word_1_144' title='bbox 1496 1791 1720 1846; x_wconf 86' lang='lat' dir='ltr'><strong>credent</strong></span> <span class='ocrx_word' id='word_1_145' title='bbox 1742 1788 1814 1843; x_wconf 88' lang='lat' dir='ltr'><strong>ei.</strong></span> 
     </span>
    </p>
   </div>
   <div class='ocr_carea' id='block_1_18' title="bbox 245 1877 1820 1955">
    <p class='ocr_par' dir='ltr' id='par_1_18' title="bbox 245 1877 1820 1955">
     <span class='ocr_line' id='line_1_18' title="bbox 245 1877 1820 1955; baseline -0.008 -10"><span class='ocrx_word' id='word_1_146' title='bbox 245 1889 337 1945; x_wconf 80' lang='lat' dir='ltr'><strong>Ait</strong></span> <span class='ocrx_word' id='word_1_147' title='bbox 357 1892 539 1943; x_wconf 89' lang='lat' dir='ltr'><strong>enim:</strong></span> <span class='ocrx_word' id='word_1_148' title='bbox 583 1906 602 1940; x_wconf 79' lang='grc' dir='ltr'><strong>ι</strong></span> <span class='ocrx_word' id='word_1_149' title='bbox 634 1888 703 1943; x_wconf 86' lang='lat' dir='ltr'><strong>Et</strong></span> <span class='ocrx_word' id='word_1_150' title='bbox 750 1890 858 1943; x_wconf 89' lang='lat' dir='ltr'><strong>erit</strong></span> <span class='ocrx_word' id='word_1_151' title='bbox 893 1887 1005 1941; x_wconf 78' lang='lat' dir='ltr'><strong>vita</strong></span> <span class='ocrx_word' id='word_1_152' title='bbox 1059 1894 1147 1939; x_wconf 85' lang='lat' dir='ltr'><strong>tua</strong></span> <span class='ocrx_word' id='word_1_153' title='bbox 1176 1883 1421 1955; x_wconf 87' lang='lat' dir='ltr'><strong>pendens</strong></span> <span class='ocrx_word' id='word_1_154' title='bbox 1462 1888 1586 1935; x_wconf 90' lang='lat' dir='ltr'><strong>ante</strong></span> <span class='ocrx_word' id='word_1_155' title='bbox 1633 1877 1820 1935; x_wconf 85' lang='lat' dir='ltr'><strong>oculos</strong></span> 
     </span>
    </p>
   </div>
   <div class='ocr_carea' id='block_1_19' title="bbox 248 1970 1817 2041">
    <p class='ocr_par' dir='ltr' id='par_1_19' title="bbox 248 1970 1817 2041">
     <span class='ocr_line' id='line_1_19' title="bbox 248 1970 1817 2041; baseline -0.008 -7"><span class='ocrx_word' id='word_1_156' title='bbox 248 1990 389 2041; x_wconf 88' lang='lat' dir='ltr'><strong>tuos,</strong></span> <span class='ocrx_word' id='word_1_157' title='bbox 444 1989 501 2035; x_wconf 93' lang='lat' dir='ltr'><strong>et</strong></span> <span class='ocrx_word' id='word_1_158' title='bbox 543 1994 648 2033; x_wconf 93' lang='lat' dir='ltr'><strong>non</strong></span> <span class='ocrx_word' id='word_1_159' title='bbox 691 1978 885 2034; x_wconf 88' lang='lat' dir='ltr'><strong>credes</strong></span> <span class='ocrx_word' id='word_1_160' title='bbox 933 1978 1059 2033; x_wconf 62' lang='lat' dir='ltr'><strong>vita:</strong></span> <span class='ocrx_word' id='word_1_161' title='bbox 1116 1985 1221 2031; x_wconf 73' lang='lat' dir='ltr'><strong>tute</strong></span> <span class='ocrx_word' id='word_1_162' title='bbox 1252 1974 1324 2028; x_wconf 85' lang='grc'><strong>⁷⁸.</strong></span> <span class='ocrx_word' id='word_1_163' title='bbox 1389 1992 1407 2025; x_wconf 81' lang='grc' dir='ltr'><strong>ι</strong></span> <span class='ocrx_word' id='word_1_164' title='bbox 1466 1970 1533 2026; x_wconf 88' lang='lat' dir='ltr'><strong>Et</strong></span> <span class='ocrx_word' id='word_1_165' title='bbox 1578 1970 1817 2025; x_wconf 82' lang='lat' dir='ltr'><strong>iterum:</strong></span> 
     </span>
    </p>
   </div>
   <div class='ocr_carea' id='block_1_20' title="bbox 254 2061 1819 2138">
    <p class='ocr_par' dir='ltr' id='par_1_20' title="bbox 254 2061 1819 2138">
     <span class='ocr_line' id='line_1_20' title="bbox 254 2061 1819 2138; baseline -0.008 -11"><span class='ocrx_word' id='word_1_166' title='bbox 254 2090 277 2127; x_wconf 74' lang='grc' dir='ltr'><strong>ι</strong></span> <span class='ocrx_word' id='word_1_167' title='bbox 307 2071 503 2128; x_wconf 84' lang='lat' dir='ltr'><strong>Nonne</strong></span> <span class='ocrx_word' id='word_1_168' title='bbox 530 2071 619 2127; x_wconf 90' lang='lat' dir='ltr'><strong>hic</strong></span> <span class='ocrx_word' id='word_1_169' title='bbox 643 2071 786 2125; x_wconf 90' lang='lat' dir='ltr'><strong>idem</strong></span> <span class='ocrx_word' id='word_1_170' title='bbox 810 2070 974 2125; x_wconf 84' lang='lat' dir='ltr'><strong>Pater</strong></span> <span class='ocrx_word' id='word_1_171' title='bbox 997 2078 1120 2125; x_wconf 91' lang='lat' dir='ltr'><strong>tuus</strong></span> <span class='ocrx_word' id='word_1_172' title='bbox 1142 2065 1385 2138; x_wconf 86' lang='lat' dir='ltr'><strong>possedit</strong></span> <span class='ocrx_word' id='word_1_173' title='bbox 1406 2073 1479 2122; x_wconf 90' lang='lat' dir='ltr'><strong>te.</strong></span> <span class='ocrx_word' id='word_1_174' title='bbox 1511 2073 1567 2119; x_wconf 90' lang='lat' dir='ltr'><strong>et</strong></span> <span class='ocrx_word' id='word_1_175' title='bbox 1598 2061 1725 2117; x_wconf 82' lang='lat' dir='ltr'><strong>fecit</strong></span> <span class='ocrx_word' id='word_1_176' title='bbox 1747 2073 1819 2125; x_wconf 90' lang='lat' dir='ltr'><strong>te,</strong></span> 
     </span>
    </p>
   </div>
   <div class='ocr_carea' id='block_1_21' title="bbox 246 2163 771 2221">
    <p class='ocr_par' dir='ltr' id='par_1_21' title="bbox 246 2163 771 2221">
     <span class='ocr_line' id='line_1_21' title="bbox 246 2163 771 2221; baseline -0.006 -1"><span class='ocrx_word' id='word_1_177' title='bbox 246 2178 300 2220; x_wconf 88' lang='lat' dir='ltr'><strong>et</strong></span> <span class='ocrx_word' id='word_1_178' title='bbox 320 2165 530 2221; x_wconf 80' lang='lat' dir='ltr'><strong>creavit</strong></span> <span class='ocrx_word' id='word_1_179' title='bbox 562 2174 613 2218; x_wconf 89' lang='lat' dir='ltr'><strong>te</strong></span> <span class='ocrx_word' id='word_1_180' title='bbox 631 2164 679 2196; x_wconf 83' lang='lat'><em>&quot;</em></span> <span class='ocrx_word' id='word_1_181' title='bbox 700 2163 724 2220; x_wconf 65' lang='grc' dir='ltr'><em>ἲ</em></span> <span class='ocrx_word' id='word_1_182' title='bbox 749 2182 771 2217; x_wconf 78' lang='grc' dir='ltr'><strong>ι</strong></span> 
     </span>
    </p>
   </div>
   <div class='ocr_carea' id='block_1_22' title="bbox 826 2339 1243 2401">
    <p class='ocr_par' dir='ltr' id='par_1_22' title="bbox 826 2339 1243 2401">
     <span class='ocr_line' id='line_1_22' title="bbox 826 2339 1243 2401; baseline -0.005 0"><span class='ocrx_word' id='word_1_183' title='bbox 826 2343 1056 2401; x_wconf 80' lang='lat' dir='ltr'><strong>CAPUT</strong></span> <span class='ocrx_word' id='word_1_184' title='bbox 1079 2343 1149 2399; x_wconf 75' lang='lat' dir='ltr'><strong>XI</strong></span> <span class='ocrx_word' id='word_1_185' title='bbox 1173 2339 1243 2399; x_wconf 65' lang='grc' dir='ltr'><strong>τ’.</strong></span> 
     </span>
    </p>
   </div>
   <div class='ocr_carea' id='block_1_23' title="bbox 250 2474 1824 2552">
    <p class='ocr_par' dir='ltr' id='par_1_23' title="bbox 250 2474 1824 2552">
     <span class='ocr_line' id='line_1_23' title="bbox 250 2474 1824 2552; baseline -0.007 -15"><span class='ocrx_word' id='word_1_186' title='bbox 250 2482 462 2539; x_wconf 77' lang='lat' dir='ltr'><strong>Veteres</strong></span> <span class='ocrx_word' id='word_1_187' title='bbox 480 2483 755 2552; x_wconf 74' lang='lat' dir='ltr'><strong>prophetas</strong></span> <span class='ocrx_word' id='word_1_188' title='bbox 777 2491 822 2536; x_wconf 92' lang='lat' dir='ltr'><strong>et</strong></span> <span class='ocrx_word' id='word_1_189' title='bbox 838 2480 1015 2551; x_wconf 83' lang='lat' dir='ltr'><strong>justas</strong></span> <span class='ocrx_word' id='word_1_190' title='bbox 1039 2480 1350 2552; x_wconf 77' lang='lat' dir='ltr'><strong>prtenorisse</strong></span> <span class='ocrx_word' id='word_1_191' title='bbox 1374 2478 1650 2552; x_wconf 59' lang='lat' dir='ltr'><strong>aduentum</strong></span> <span class='ocrx_word' id='word_1_192' title='bbox 1668 2474 1824 2552; x_wconf 59' lang='lat' dir='ltr'><strong>Clari-</strong></span> 
     </span>
    </p>
   </div>
   <div class='ocr_carea' id='block_1_24' title="bbox 308 2547 1823 2618">
    <p class='ocr_par' dir='ltr' id='par_1_24' title="bbox 308 2547 1823 2618">
     <span class='ocr_line' id='line_1_24' title="bbox 308 2547 1823 2618; baseline -0.007 -9"><span class='ocrx_word' id='word_1_193' title='bbox 308 2554 398 2618; x_wconf 86' lang='lat' dir='ltr'><strong>sti,</strong></span> <span class='ocrx_word' id='word_1_194' title='bbox 428 2547 667 2618; x_wconf 74' lang='lat' dir='ltr'><strong>hunrqne</strong></span> <span class='ocrx_word' id='word_1_195' title='bbox 698 2547 873 2606; x_wconf 72' lang='lat' dir='ltr'><strong>ridere</strong></span> <span class='ocrx_word' id='word_1_196' title='bbox 905 2560 956 2605; x_wconf 90' lang='lat' dir='ltr'><strong>et</strong></span> <span class='ocrx_word' id='word_1_197' title='bbox 986 2547 1175 2604; x_wconf 80' lang='lat' dir='ltr'><strong>audire</strong></span> <span class='ocrx_word' id='word_1_198' title='bbox 1219 2549 1490 2618; x_wconf 70' lang='lat' dir='ltr'><strong>ardentius</strong></span> <span class='ocrx_word' id='word_1_199' title='bbox 1526 2547 1823 2618; x_wconf 74' lang='lat' dir='ltr'><strong>appetiisse,</strong></span> 
     </span>
    </p>
   </div>
   <div class='ocr_carea' id='block_1_25' title="bbox 315 2614 1821 2689">
    <p class='ocr_par' dir='ltr' id='par_1_25' title="bbox 315 2614 1821 2689">
     <span class='ocr_line' id='line_1_25' title="bbox 315 2614 1821 2689; baseline -0.008 -11"><span class='ocrx_word' id='word_1_200' title='bbox 315 2614 427 2689; x_wconf 83' lang='lat' dir='ltr'><strong>ipso</strong></span> <span class='ocrx_word' id='word_1_201' title='bbox 444 2638 535 2686; x_wconf 88' lang='lat' dir='ltr'><strong>per</strong></span> <span class='ocrx_word' id='word_1_202' title='bbox 550 2614 807 2688; x_wconf 73' lang='lat' dir='ltr'><strong>Spiritum</strong></span> <span class='ocrx_word' id='word_1_203' title='bbox 826 2631 1063 2675; x_wconf 75' lang='lat' dir='ltr'><strong>sanctum</strong></span> <span class='ocrx_word' id='word_1_204' title='bbox 1084 2636 1139 2674; x_wconf 86' lang='lat' dir='ltr'><strong>se</strong></span> <span class='ocrx_word' id='word_1_205' title='bbox 1155 2620 1208 2673; x_wconf 89' lang='lat' dir='ltr'><strong>in</strong></span> <span class='ocrx_word' id='word_1_206' title='bbox 1232 2614 1520 2689; x_wconf 78' lang='lat' dir='ltr'><strong>Scripturis</strong></span> <span class='ocrx_word' id='word_1_207' title='bbox 1541 2614 1821 2689; x_wconf 72' lang='lat' dir='ltr'><strong>revelante,</strong></span> 
     </span>
    </p>
   </div>
   <div class='ocr_carea' id='block_1_26' title="bbox 308 2686 1820 2761">
    <p class='ocr_par' dir='ltr' id='par_1_26' title="bbox 308 2686 1820 2761">
     <span class='ocr_line' id='line_1_26' title="bbox 308 2686 1820 2761; baseline -0.009 -12"><span class='ocrx_word' id='word_1_208' title='bbox 308 2686 359 2749; x_wconf 75' lang='lat' dir='ltr'><strong>et</strong></span> <span class='ocrx_word' id='word_1_209' title='bbox 382 2695 498 2749; x_wconf 81' lang='lat' dir='ltr'><strong>sine</strong></span> <span class='ocrx_word' id='word_1_210' title='bbox 531 2686 615 2747; x_wconf 79' lang='lat' dir='ltr'><strong>sui</strong></span> <span class='ocrx_word' id='word_1_211' title='bbox 638 2691 934 2747; x_wconf 84' lang='lat' dir='ltr'><strong>mutatione</strong></span> <span class='ocrx_word' id='word_1_212' title='bbox 957 2689 1099 2745; x_wconf 85' lang='lat' dir='ltr'><strong>noris</strong></span> <span class='ocrx_word' id='word_1_213' title='bbox 1121 2691 1179 2743; x_wconf 84' lang='lat' dir='ltr'><strong>in</strong></span> <span class='ocrx_word' id='word_1_214' title='bbox 1204 2690 1320 2743; x_wconf 87' lang='lat' dir='ltr'><strong>dies</strong></span> <span class='ocrx_word' id='word_1_215' title='bbox 1353 2687 1615 2761; x_wconf 65' lang='lat' dir='ltr'><strong>beneﬁciis</strong></span> <span class='ocrx_word' id='word_1_216' title='bbox 1649 2686 1820 2761; x_wconf 73' lang='lat' dir='ltr'><strong>homi-</strong></span> 
     </span>
    </p>
   </div>
   <div class='ocr_carea' id='block_1_27' title="bbox 312 2755 1825 2831">
    <p class='ocr_par' dir='ltr' id='par_1_27' title="bbox 312 2755 1825 2831">
     <span class='ocr_line' id='line_1_27' title="bbox 312 2755 1825 2831; baseline -0.005 -16"><span class='ocrx_word' id='word_1_217' title='bbox 312 2781 399 2818; x_wconf 82' lang='lat' dir='ltr'><strong>nes</strong></span> <span class='ocrx_word' id='word_1_218' title='bbox 443 2761 666 2828; x_wconf 85' lang='lat' dir='ltr'><strong>ditante,</strong></span> <span class='ocrx_word' id='word_1_219' title='bbox 722 2761 1037 2831; x_wconf 76' lang='lat' dir='ltr'><strong>posteriores</strong></span> <span class='ocrx_word' id='word_1_220' title='bbox 1091 2769 1265 2814; x_wconf 83' lang='lat' dir='ltr'><strong>tamen</strong></span> <span class='ocrx_word' id='word_1_221' title='bbox 1310 2755 1627 2814; x_wconf 71' lang='lat' dir='ltr'><strong>cumulatius</strong></span> <span class='ocrx_word' id='word_1_222' title='bbox 1668 2755 1825 2824; x_wconf 83' lang='lat' dir='ltr'><strong>prio-</strong></span> 
     </span>
    </p>
   </div>
   <div class='ocr_carea' id='block_1_28' title="bbox 310 2835 475 2889">
    <p class='ocr_par' dir='ltr' id='par_1_28' title="bbox 310 2835 475 2889">
     <span class='ocr_line' id='line_1_28' title="bbox 310 2835 475 2889; baseline -0.024 0"><span class='ocrx_word' id='word_1_223' title='bbox 310 2835 475 2889; x_wconf 72' lang='lat' dir='ltr'><strong>ribus.</strong></span> 
     </span>
    </p>
   </div>
   <div class='ocr_carea' id='block_1_29' title="bbox 312 2959 1821 3038">
    <p class='ocr_par' dir='ltr' id='par_1_29' title="bbox 312 2959 1821 3038">
     <span class='ocr_line' id='line_1_29' title="bbox 312 2959 1821 3038; baseline -0.008 -10"><span class='ocrx_word' id='word_1_224' title='bbox 312 2972 367 3029; x_wconf 69' lang='grc' dir='ltr'><strong>ί.</strong></span> <span class='ocrx_word' id='word_1_225' title='bbox 400 2969 671 3038; x_wconf 83' lang='lat' dir='ltr'><strong>Quoniam</strong></span> <span class='ocrx_word' id='word_1_226' title='bbox 698 2978 883 3023; x_wconf 83' lang='lat' dir='ltr'><strong>autem</strong></span> <span class='ocrx_word' id='word_1_227' title='bbox 920 2981 1027 3021; x_wconf 93' lang='lat' dir='ltr'><strong>non</strong></span> <span class='ocrx_word' id='word_1_228' title='bbox 1056 2964 1231 3021; x_wconf 86' lang='lat' dir='ltr'><strong>solum</strong></span> <span class='ocrx_word' id='word_1_229' title='bbox 1284 2962 1561 3034; x_wconf 67' lang='lat' dir='ltr'><strong>prophetae</strong></span> <span class='ocrx_word' id='word_1_230' title='bbox 1608 2974 1662 3018; x_wconf 89' lang='lat' dir='ltr'><strong>et</strong></span> <span class='ocrx_word' id='word_1_231' title='bbox 1688 2959 1821 3031; x_wconf 89' lang='lat' dir='ltr'><strong>justi</strong></span> 
     </span>
    </p>
   </div>
   <div class='ocr_carea' id='block_1_30' title="bbox 235 3050 1820 3131">
    <p class='ocr_par' dir='ltr' id='par_1_30' title="bbox 235 3050 1820 3131">
     <span class='ocr_line' id='line_1_30' title="bbox 235 3050 1820 3131; baseline -0.008 -12"><span class='ocrx_word' id='word_1_232' title='bbox 235 3061 419 3129; x_wconf 86' lang='lat' dir='ltr'><strong>multi,</strong></span> <span class='ocrx_word' id='word_1_233' title='bbox 441 3059 798 3131; x_wconf 70' lang='lat' dir='ltr'><strong>praescientes</strong></span> <span class='ocrx_word' id='word_1_234' title='bbox 817 3073 916 3128; x_wconf 87' lang='lat' dir='ltr'><strong>per</strong></span> <span class='ocrx_word' id='word_1_235' title='bbox 938 3056 1207 3127; x_wconf 89' lang='lat' dir='ltr'><strong>Spiritum</strong></span> <span class='ocrx_word' id='word_1_236' title='bbox 1228 3064 1476 3110; x_wconf 88' lang='lat' dir='ltr'><strong>sanctum</strong></span> <span class='ocrx_word' id='word_1_237' title='bbox 1494 3050 1605 3125; x_wconf 78' lang='lat'>(39)</span> <span class='ocrx_word' id='word_1_238' title='bbox 1620 3054 1820 3108; x_wconf 81' lang='lat' dir='ltr'><strong>adven-</strong></span> 
     </span>
    </p>
   </div>
   <div class='ocr_carea' id='block_1_31' title="bbox 236 3144 1819 3223">
    <p class='ocr_par' dir='ltr' id='par_1_31' title="bbox 236 3144 1819 3223">
     <span class='ocr_line' id='line_1_31' title="bbox 236 3144 1819 3223; baseline -0.008 -13"><span class='ocrx_word' id='word_1_239' title='bbox 236 3164 357 3210; x_wconf 86' lang='lat' dir='ltr'><strong>tum</strong></span> <span class='ocrx_word' id='word_1_240' title='bbox 378 3153 519 3223; x_wconf 88' lang='lat' dir='ltr'><strong>ejus,</strong></span> <span class='ocrx_word' id='word_1_241' title='bbox 549 3158 849 3208; x_wconf 83' lang='lat' dir='ltr'><strong>oraverunt</strong></span> <span class='ocrx_word' id='word_1_242' title='bbox 898 3149 954 3203; x_wconf 92' lang='lat' dir='ltr'><strong>in</strong></span> <span class='ocrx_word' id='word_1_243' title='bbox 984 3147 1114 3202; x_wconf 87' lang='lat' dir='ltr'><strong>illud</strong></span> <span class='ocrx_word' id='word_1_244' title='bbox 1144 3154 1360 3215; x_wconf 87' lang='lat' dir='ltr'><strong>tempus</strong></span> <span class='ocrx_word' id='word_1_245' title='bbox 1384 3146 1593 3209; x_wconf 81' lang='lat' dir='ltr'><strong>venire,</strong></span> <span class='ocrx_word' id='word_1_246' title='bbox 1624 3144 1677 3198; x_wconf 92' lang='lat' dir='ltr'><strong>in</strong></span> <span class='ocrx_word' id='word_1_247' title='bbox 1707 3157 1819 3214; x_wconf 92' lang='lat' dir='ltr'><strong>quo</strong></span> 
     </span>
    </p>
   </div>
   <div class='ocr_carea' id='block_1_32' title="bbox 236 3239 1814 3305">
    <p class='ocr_par' dir='ltr' id='par_1_32' title="bbox 236 3239 1814 3305">
     <span class='ocr_line' id='line_1_32' title="bbox 236 3239 1814 3305; baseline -0.01 0"><span class='ocrx_word' id='word_1_248' title='bbox 236 3249 382 3305; x_wconf 86' lang='lat' dir='ltr'><strong>facie</strong></span> <span class='ocrx_word' id='word_1_249' title='bbox 405 3249 471 3303; x_wconf 90' lang='lat' dir='ltr'><strong>ad</strong></span> <span class='ocrx_word' id='word_1_250' title='bbox 501 3245 696 3300; x_wconf 78' lang='lat' dir='ltr'><strong>faciem</strong></span> <span class='ocrx_word' id='word_1_251' title='bbox 730 3242 981 3297; x_wconf 76' lang='lat' dir='ltr'><strong>viderent</strong></span> <span class='ocrx_word' id='word_1_252' title='bbox 1028 3239 1319 3294; x_wconf 90' lang='lat' dir='ltr'><strong>Dominum</strong></span> <span class='ocrx_word' id='word_1_253' title='bbox 1346 3253 1501 3293; x_wconf 88' lang='lat' dir='ltr'><strong>suum</strong></span> <span class='ocrx_word' id='word_1_254' title='bbox 1522 3246 1578 3292; x_wconf 92' lang='lat' dir='ltr'><strong>et</strong></span> <span class='ocrx_word' id='word_1_255' title='bbox 1606 3251 1814 3293; x_wconf 88' lang='lat' dir='ltr'><strong>sermo-</strong></span> 
     </span>
    </p>
   </div>
   <div class='ocr_carea' id='block_1_33' title="bbox 233 3328 1810 3405">
    <p class='ocr_par' dir='ltr' id='par_1_33' title="bbox 233 3328 1810 3405">
     <span class='ocr_line' id='line_1_33' title="bbox 233 3328 1810 3405; baseline -0.006 -9"><span class='ocrx_word' id='word_1_256' title='bbox 233 3358 335 3398; x_wconf 85' lang='lat' dir='ltr'><strong>nes</strong></span> <span class='ocrx_word' id='word_1_257' title='bbox 352 3338 607 3394; x_wconf 83' lang='lat' dir='ltr'><strong>audirent</strong></span> <span class='ocrx_word' id='word_1_258' title='bbox 626 3335 768 3405; x_wconf 84' lang='lat' dir='ltr'><strong>ejus,</strong></span> <span class='ocrx_word' id='word_1_259' title='bbox 784 3333 1047 3389; x_wconf 88' lang='lat' dir='ltr'><strong>Dominus</strong></span> <span class='ocrx_word' id='word_1_260' title='bbox 1070 3330 1201 3388; x_wconf 89' lang='lat' dir='ltr'><strong>feeit</strong></span> <span class='ocrx_word' id='word_1_261' title='bbox 1222 3328 1593 3396; x_wconf 88' lang='lat' dir='ltr'><strong>manifestum,</strong></span> <span class='ocrx_word' id='word_1_262' title='bbox 1616 3331 1810 3387; x_wconf 88' lang='lat' dir='ltr'><strong>dicens</strong></span> 
     </span>
    </p>
   </div>
   <div class='ocr_carea' id='block_1_34' title="bbox 241 3422 1809 3501">
    <p class='ocr_par' dir='ltr' id='par_1_34' title="bbox 241 3422 1809 3501">
     <span class='ocr_line' id='line_1_34' title="bbox 241 3422 1809 3501; baseline -0.008 -10"><span class='ocrx_word' id='word_1_263' title='bbox 241 3430 555 3501; x_wconf 79' lang='lat' dir='ltr'><strong>discipulis:</strong></span> <span class='ocrx_word' id='word_1_264' title='bbox 593 3444 613 3477; x_wconf 76' lang='grc' dir='ltr'><strong>ι</strong></span> <span class='ocrx_word' id='word_1_265' title='bbox 651 3426 803 3481; x_wconf 78' lang='lat' dir='ltr'><strong>Multi</strong></span> <span class='ocrx_word' id='word_1_266' title='bbox 833 3426 1113 3496; x_wconf 76' lang='lat' dir='ltr'><strong>praphette</strong></span> <span class='ocrx_word' id='word_1_267' title='bbox 1134 3432 1191 3479; x_wconf 90' lang='lat' dir='ltr'><strong>et</strong></span> <span class='ocrx_word' id='word_1_268' title='bbox 1225 3422 1354 3490; x_wconf 89' lang='lat' dir='ltr'><strong>justi</strong></span> <span class='ocrx_word' id='word_1_269' title='bbox 1399 3423 1688 3493; x_wconf 78' lang='lat' dir='ltr'><strong>cupierunt</strong></span> <span class='ocrx_word' id='word_1_270' title='bbox 1724 3424 1809 3479; x_wconf 76' lang='lat' dir='ltr'><strong>vi-</strong></span> 
     </span>
    </p>
   </div>
   <div class='ocr_carea' id='block_1_35' title="bbox 235 3515 1813 3596">
    <p class='ocr_par' dir='ltr' id='par_1_35' title="bbox 235 3515 1813 3596">
     <span class='ocr_line' id='line_1_35' title="bbox 235 3515 1813 3596; baseline -0.007 -13"><span class='ocrx_word' id='word_1_271' title='bbox 235 3530 370 3583; x_wconf 89' lang='lat' dir='ltr'><strong>dere</strong></span> <span class='ocrx_word' id='word_1_272' title='bbox 404 3538 529 3596; x_wconf 63' lang='lat' dir='ltr'><strong>quae</strong></span> <span class='ocrx_word' id='word_1_273' title='bbox 562 3520 785 3586; x_wconf 81' lang='lat' dir='ltr'><strong>videtis,</strong></span> <span class='ocrx_word' id='word_1_274' title='bbox 818 3528 875 3572; x_wconf 89' lang='lat' dir='ltr'><strong>et</strong></span> <span class='ocrx_word' id='word_1_275' title='bbox 915 3532 1022 3571; x_wconf 85' lang='lat' dir='ltr'><strong>non</strong></span> <span class='ocrx_word' id='word_1_276' title='bbox 1069 3515 1346 3580; x_wconf 79' lang='lat' dir='ltr'><strong>viderunt,</strong></span> <span class='ocrx_word' id='word_1_277' title='bbox 1379 3525 1435 3571; x_wconf 89' lang='lat' dir='ltr'><strong>et</strong></span> <span class='ocrx_word' id='word_1_278' title='bbox 1459 3516 1650 3572; x_wconf 81' lang='lat' dir='ltr'><strong>audire</strong></span> <span class='ocrx_word' id='word_1_279' title='bbox 1691 3530 1813 3586; x_wconf 59' lang='lat' dir='ltr'><strong>qua</strong></span> 
     </span>
    </p>
   </div>
   <div class='ocr_carea' id='block_1_36' title="bbox 237 3603 1813 3681">
    <p class='ocr_par' dir='ltr' id='par_1_36' title="bbox 237 3603 1813 3681">
     <span class='ocr_line' id='line_1_36' title="bbox 237 3603 1813 3681; baseline -0.008 -9"><span class='ocrx_word' id='word_1_280' title='bbox 237 3615 458 3681; x_wconf 83' lang='lat' dir='ltr'><strong>auditis,</strong></span> <span class='ocrx_word' id='word_1_281' title='bbox 487 3624 541 3669; x_wconf 94' lang='lat' dir='ltr'><strong>et</strong></span> <span class='ocrx_word' id='word_1_282' title='bbox 563 3626 670 3666; x_wconf 92' lang='lat' dir='ltr'><strong>non</strong></span> <span class='ocrx_word' id='word_1_283' title='bbox 698 3608 987 3665; x_wconf 89' lang='lat' dir='ltr'><strong>audierunt</strong></span> <span class='ocrx_word' id='word_1_284' title='bbox 1007 3603 1076 3660; x_wconf 81' lang='grc'><strong>⁷⁸.</strong></span> <span class='ocrx_word' id='word_1_285' title='bbox 1100 3622 1118 3656; x_wconf 87' lang='grc' dir='ltr'><strong>ι</strong></span> <span class='ocrx_word' id='word_1_286' title='bbox 1148 3603 1618 3670; x_wconf 83' lang='lat' dir='ltr'><strong>Quemadmodum</strong></span> <span class='ocrx_word' id='word_1_287' title='bbox 1646 3606 1813 3677; x_wconf 87' lang='lat' dir='ltr'><strong>igitur</strong></span> 
     </span>
    </p>
   </div>
   <div class='ocr_carea' id='block_1_37' title="bbox 234 3694 1811 3774">
    <p class='ocr_par' dir='ltr' id='par_1_37' title="bbox 234 3694 1811 3774">
     <span class='ocr_line' id='line_1_37' title="bbox 234 3694 1811 3774; baseline -0.006 -15"><span class='ocrx_word' id='word_1_288' title='bbox 234 3705 634 3774; x_wconf 79' lang='lat' dir='ltr'><strong>concupierunt</strong></span> <span class='ocrx_word' id='word_1_289' title='bbox 661 3708 719 3756; x_wconf 91' lang='lat' dir='ltr'><strong>et</strong></span> <span class='ocrx_word' id='word_1_290' title='bbox 746 3698 958 3757; x_wconf 84' lang='lat' dir='ltr'><strong>audire.</strong></span> <span class='ocrx_word' id='word_1_291' title='bbox 990 3704 1044 3751; x_wconf 92' lang='lat' dir='ltr'><strong>et</strong></span> <span class='ocrx_word' id='word_1_292' title='bbox 1091 3695 1301 3759; x_wconf 81' lang='lat' dir='ltr'><strong>videre,</strong></span> <span class='ocrx_word' id='word_1_293' title='bbox 1334 3694 1437 3749; x_wconf 89' lang='lat' dir='ltr'><strong>nisi</strong></span> <span class='ocrx_word' id='word_1_294' title='bbox 1464 3695 1811 3765; x_wconf 68' lang='lat' dir='ltr'><strong>praescissent</strong></span> 
     </span>
    </p>
   </div>
   <div class='ocr_carea' id='block_1_38' title="bbox 232 3784 1806 3869">
    <p class='ocr_par' dir='ltr' id='par_1_38' title="bbox 232 3784 1806 3869">
     <span class='ocr_line' id='line_1_38' title="bbox 232 3784 1806 3869; baseline -0.005 -21"><span class='ocrx_word' id='word_1_295' title='bbox 232 3795 398 3869; x_wconf 55' lang='grc' dir='ltr'><strong>πω</strong></span> <span class='ocrx_word' id='word_1_296' title='bbox 447 3796 691 3849; x_wconf 90' lang='lat' dir='ltr'><strong>futurum</strong></span> <span class='ocrx_word' id='word_1_297' title='bbox 743 3790 861 3861; x_wconf 83' lang='lat' dir='ltr'><strong>ejus</strong></span> <span class='ocrx_word' id='word_1_298' title='bbox 919 3786 1251 3843; x_wconf 73' lang='lat' dir='ltr'><strong>adventum?</strong></span> <span class='ocrx_word' id='word_1_299' title='bbox 1287 3784 1573 3853; x_wconf 90' lang='lat' dir='ltr'><strong>Quomodo</strong></span> <span class='ocrx_word' id='word_1_300' title='bbox 1625 3795 1806 3841; x_wconf 87' lang='lat' dir='ltr'><strong>autem</strong></span> 
     </span>
    </p>
   </div>
   <div class='ocr_carea' id='block_1_39' title="bbox 232 3875 1809 3961">
    <p class='ocr_par' dir='ltr' id='par_1_39' title="bbox 232 3875 1809 3961">
     <span class='ocr_line' id='line_1_39' title="bbox 232 3875 1809 3961; baseline -0.009 -16"><span class='ocrx_word' id='word_1_301' title='bbox 232 3886 495 3961; x_wconf 65' lang='lat' dir='ltr'><strong>prcscire</strong></span> <span class='ocrx_word' id='word_1_302' title='bbox 519 3888 832 3955; x_wconf 88' lang='lat' dir='ltr'><strong>potuerunt,</strong></span> <span class='ocrx_word' id='word_1_303' title='bbox 865 3878 971 3936; x_wconf 88' lang='lat' dir='ltr'><strong>nisi</strong></span> <span class='ocrx_word' id='word_1_304' title='bbox 999 3876 1069 3934; x_wconf 86' lang='lat' dir='ltr'><strong>ab</strong></span> <span class='ocrx_word' id='word_1_305' title='bbox 1095 3876 1216 3946; x_wconf 89' lang='lat' dir='ltr'><strong>ipso</strong></span> <span class='ocrx_word' id='word_1_306' title='bbox 1257 3875 1658 3947; x_wconf 66' lang='lat' dir='ltr'><strong>prrscientiam</strong></span> <span class='ocrx_word' id='word_1_307' title='bbox 1682 3886 1809 3931; x_wconf 85' lang='lat' dir='ltr'><strong>ante</strong></span> 
     </span>
    </p>
   </div>
   <div class='ocr_carea' id='block_1_40' title="bbox 234 3969 1810 4051">
    <p class='ocr_par' dir='ltr' id='par_1_40' title="bbox 234 3969 1810 4051">
     <span class='ocr_line' id='line_1_40' title="bbox 234 3969 1810 4051; baseline -0.007 -16"><span class='ocrx_word' id='word_1_308' title='bbox 234 3978 615 4051; x_wconf 74' lang='lat' dir='ltr'><strong>accepissent?</strong></span> <span class='ocrx_word' id='word_1_309' title='bbox 638 3974 923 4044; x_wconf 84' lang='lat' dir='ltr'><strong>Quomodo</strong></span> <span class='ocrx_word' id='word_1_310' title='bbox 955 3981 1140 4028; x_wconf 88' lang='lat' dir='ltr'><strong>autem</strong></span> <span class='ocrx_word' id='word_1_311' title='bbox 1175 3970 1469 4040; x_wconf 71' lang='lat' dir='ltr'><strong>Scripturte</strong></span> <span class='ocrx_word' id='word_1_312' title='bbox 1511 3969 1810 4025; x_wconf 86' lang='lat' dir='ltr'><strong>testiﬁcan-</strong></span> 
     </span>
    </p>
   </div>
   <div class='ocr_carea' id='block_1_41' title="bbox 230 4061 1811 4139">
    <p class='ocr_par' dir='ltr' id='par_1_41' title="bbox 230 4061 1811 4139">
     <span class='ocr_line' id='line_1_41' title="bbox 230 4061 1811 4139; baseline -0.007 -11"><span class='ocrx_word' id='word_1_313' title='bbox 230 4083 325 4129; x_wconf 89' lang='lat' dir='ltr'><strong>tur</strong></span> <span class='ocrx_word' id='word_1_314' title='bbox 349 4072 417 4128; x_wconf 73' lang='lat' dir='ltr'><strong>d&#39;e</strong></span> <span class='ocrx_word' id='word_1_315' title='bbox 442 4085 529 4139; x_wconf 92' lang='lat' dir='ltr'><strong>eo,</strong></span> <span class='ocrx_word' id='word_1_316' title='bbox 567 4068 674 4125; x_wconf 83' lang='lat' dir='ltr'><strong>nisi</strong></span> <span class='ocrx_word' id='word_1_317' title='bbox 704 4067 775 4123; x_wconf 89' lang='lat' dir='ltr'><strong>ab</strong></span> <span class='ocrx_word' id='word_1_318' title='bbox 799 4080 909 4122; x_wconf 94' lang='lat' dir='ltr'><strong>uno</strong></span> <span class='ocrx_word' id='word_1_319' title='bbox 930 4073 987 4121; x_wconf 93' lang='lat' dir='ltr'><strong>et</strong></span> <span class='ocrx_word' id='word_1_320' title='bbox 1003 4064 1194 4121; x_wconf 90' lang='lat' dir='ltr'><strong>eodem</strong></span> <span class='ocrx_word' id='word_1_321' title='bbox 1229 4062 1338 4117; x_wconf 86' lang='lat' dir='ltr'><strong>Deo</strong></span> <span class='ocrx_word' id='word_1_322' title='bbox 1366 4061 1548 4117; x_wconf 88' lang='lat' dir='ltr'><strong>omnia</strong></span> <span class='ocrx_word' id='word_1_323' title='bbox 1592 4077 1811 4133; x_wconf 85' lang='lat' dir='ltr'><strong>semper</strong></span> 
     </span>
    </p>
   </div>
   <div class='ocr_carea' id='block_1_42' title="bbox 235 4152 1811 4235">
    <p class='ocr_par' dir='ltr' id='par_1_42' title="bbox 235 4152 1811 4235">
     <span class='ocr_line' id='line_1_42' title="bbox 235 4152 1811 4235; baseline -0.008 -14"><span class='ocrx_word' id='word_1_324' title='bbox 235 4181 333 4235; x_wconf 84' lang='lat' dir='ltr'><strong>per</strong></span> <span class='ocrx_word' id='word_1_325' title='bbox 360 4162 595 4219; x_wconf 81' lang='lat' dir='ltr'><strong>Verbum</strong></span> <span class='ocrx_word' id='word_1_326' title='bbox 617 4158 854 4216; x_wconf 82' lang='lat' dir='ltr'><strong>revelata</strong></span> <span class='ocrx_word' id='word_1_327' title='bbox 875 4166 929 4213; x_wconf 92' lang='lat' dir='ltr'><strong>et</strong></span> <span class='ocrx_word' id='word_1_328' title='bbox 955 4165 1171 4212; x_wconf 89' lang='lat' dir='ltr'><strong>ostensa</strong></span> <span class='ocrx_word' id='word_1_329' title='bbox 1197 4152 1428 4209; x_wconf 88' lang='lat' dir='ltr'><strong>fuissent</strong></span> <span class='ocrx_word' id='word_1_330' title='bbox 1444 4152 1811 4220; x_wconf 87' lang='lat' dir='ltr'><strong>credentibus;</strong></span> 
     </span>
    </p>
   </div>
   <div class='ocr_carea' id='block_1_43' title="bbox 236 4244 1808 4328">
    <p class='ocr_par' dir='ltr' id='par_1_43' title="bbox 236 4244 1808 4328">
     <span class='ocr_line' id='line_1_43' title="bbox 236 4244 1808 4328; baseline -0.007 -16"><span class='ocrx_word' id='word_1_331' title='bbox 236 4254 528 4328; x_wconf 82' lang='lat' dir='ltr'><strong>aliquando</strong></span> <span class='ocrx_word' id='word_1_332' title='bbox 553 4252 773 4323; x_wconf 85' lang='lat' dir='ltr'><strong>quidem</strong></span> <span class='ocrx_word' id='word_1_333' title='bbox 800 4248 1143 4319; x_wconf 86' lang='lat' dir='ltr'><strong>colloquente</strong></span> <span class='ocrx_word' id='word_1_334' title='bbox 1162 4258 1230 4301; x_wconf 89' lang='lat' dir='ltr'><strong>eo</strong></span> <span class='ocrx_word' id='word_1_335' title='bbox 1257 4260 1379 4301; x_wconf 90' lang='lat' dir='ltr'><strong>cum</strong></span> <span class='ocrx_word' id='word_1_336' title='bbox 1400 4260 1501 4301; x_wconf 84' lang='lat' dir='ltr'><strong>suo</strong></span> <span class='ocrx_word' id='word_1_337' title='bbox 1522 4244 1808 4314; x_wconf 85' lang='lat' dir='ltr'><strong>plasmate,</strong></span> 
     </span>
    </p>
   </div>
   <div class='ocr_carea' id='block_1_44' title="bbox 234 4338 1808 4420">
    <p class='ocr_par' dir='ltr' id='par_1_44' title="bbox 234 4338 1808 4420">
     <span class='ocr_line' id='line_1_44' title="bbox 234 4338 1808 4420; baseline -0.008 -15"><span class='ocrx_word' id='word_1_338' title='bbox 234 4347 529 4420; x_wconf 83' lang='lat' dir='ltr'><strong>aliquando</strong></span> <span class='ocrx_word' id='word_1_339' title='bbox 561 4354 743 4401; x_wconf 87' lang='lat' dir='ltr'><strong>autem</strong></span> <span class='ocrx_word' id='word_1_340' title='bbox 786 4345 954 4398; x_wconf 88' lang='lat' dir='ltr'><strong>dante</strong></span> <span class='ocrx_word' id='word_1_341' title='bbox 1002 4342 1199 4413; x_wconf 74' lang='lat' dir='ltr'><strong>legem.</strong></span> <span class='ocrx_word' id='word_1_342' title='bbox 1236 4338 1526 4408; x_wconf 83' lang='lat' dir='ltr'><strong>aliquando</strong></span> <span class='ocrx_word' id='word_1_343' title='bbox 1549 4353 1681 4394; x_wconf 82' lang='lat' dir='ltr'><strong>vero</strong></span> <span class='ocrx_word' id='word_1_344' title='bbox 1708 4352 1808 4394; x_wconf 80' lang='lat' dir='ltr'><strong>ex-</strong></span> 
     </span>
    </p>
   </div>
   <div class='ocr_carea' id='block_1_45' title="bbox 231 4428 1809 4511">
    <p class='ocr_par' dir='ltr' id='par_1_45' title="bbox 231 4428 1809 4511">
     <span class='ocr_line' id='line_1_45' title="bbox 231 4428 1809 4511; baseline -0.006 -16"><span class='ocrx_word' id='word_1_345' title='bbox 231 4441 554 4511; x_wconf 84' lang='lat' dir='ltr'><strong>probrante,</strong></span> <span class='ocrx_word' id='word_1_346' title='bbox 585 4433 877 4504; x_wconf 83' lang='lat' dir='ltr'><strong>aliquando</strong></span> <span class='ocrx_word' id='word_1_347' title='bbox 917 4429 1264 4495; x_wconf 79' lang='lat' dir='ltr'><strong>exhortante,</strong></span> <span class='ocrx_word' id='word_1_348' title='bbox 1296 4443 1361 4485; x_wconf 84' lang='lat' dir='ltr'><strong>ac</strong></span> <span class='ocrx_word' id='word_1_349' title='bbox 1392 4428 1648 4498; x_wconf 89' lang='lat' dir='ltr'><strong>deinceps</strong></span> <span class='ocrx_word' id='word_1_350' title='bbox 1674 4428 1809 4486; x_wconf 84' lang='lat' dir='ltr'><strong>libe-</strong></span> 
     </span>
    </p>
   </div>
   <div class='ocr_carea' id='block_1_46' title="bbox 292 4524 1644 4594">
    <p class='ocr_par' dir='ltr' id='par_1_46' title="bbox 292 4524 1644 4594">
     <span class='ocr_line' id='line_1_46' title="bbox 292 4524 1644 4594; baseline 0.002 -9"><span class='ocrx_word' id='word_1_351' title='bbox 292 4531 342 4565; x_wconf 80' lang='lat'><strong>&quot;</strong></span> <span class='ocrx_word' id='word_1_352' title='bbox 367 4531 501 4587; x_wconf 85' lang='lat' dir='ltr'><strong>Gen.</strong></span> <span class='ocrx_word' id='word_1_353' title='bbox 537 4542 684 4587; x_wconf 74' lang='grc' dir='ltr'><strong>ηις.</strong></span> <span class='ocrx_word' id='word_1_354' title='bbox 704 4526 773 4581; x_wconf 85' lang='lat' dir='ltr'><strong>l0</strong></span> <span class='ocrx_word' id='word_1_355' title='bbox 806 4535 859 4579; x_wconf 87' lang='lat' dir='ltr'><strong>et</strong></span> <span class='ocrx_word' id='word_1_356' title='bbox 882 4536 1035 4594; x_wconf 81' lang='lat' dir='ltr'><strong>seqq.</strong></span> <span class='ocrx_word' id='word_1_357' title='bbox 1136 4524 1185 4557; x_wconf 79' lang='lat'><strong>&quot;</strong></span> <span class='ocrx_word' id='word_1_358' title='bbox 1214 4525 1563 4594; x_wconf 2' lang='lat' dir='ltr'><strong>Delli-(XXXII.</strong></span> <span class='ocrx_word' id='word_1_359' title='bbox 1589 4524 1644 4579; x_wconf 80' lang='grc' dir='ltr'><strong>6ο</strong></span> 
     </span>
    </p>
   </div>
   <div class='ocr_carea' id='block_1_47' title="bbox 1754 4523 2298 4594">
    <p class='ocr_par' dir='ltr' id='par_1_47' title="bbox 1754 4523 2298 4594">
     <span class='ocr_line' id='line_1_47' title="bbox 1754 4523 2298 4594; baseline 0.013 -17"><span class='ocrx_word' id='word_1_360' title='bbox 1754 4524 1801 4557; x_wconf 85' lang='grc'><strong>⁷⁵</strong></span> <span class='ocrx_word' id='word_1_361' title='bbox 1820 4523 1976 4582; x_wconf 91' lang='lat' dir='ltr'><strong>Deut.</strong></span> <span class='ocrx_word' id='word_1_362' title='bbox 1996 4543 2186 4594; x_wconf 67' lang='lat' dir='ltr'><strong>smn,</strong></span> <span class='ocrx_word' id='word_1_363' title='bbox 2211 4528 2298 4583; x_wconf 87' lang='lat'><strong>66.</strong></span> 
     </span>
    </p>
   </div>
   <div class='ocr_carea' id='block_1_48' title="bbox 1923 591 3489 665">
    <p class='ocr_par' dir='ltr' id='par_1_48' title="bbox 1923 591 3489 665">
     <span class='ocr_line' id='line_1_48' title="bbox 1923 591 3489 665; baseline 0.002 -16"><span class='ocrx_word' id='word_1_364' title='bbox 1923 605 2164 662; x_wconf 89' lang='lat' dir='ltr'><strong>tempore</strong></span> <span class='ocrx_word' id='word_1_365' title='bbox 2197 591 2577 663; x_wconf 77' lang='lat' dir='ltr'><strong>incorruptelte</strong></span> <span class='ocrx_word' id='word_1_366' title='bbox 2608 591 2720 665; x_wconf 79' lang='grc'>(41)</span> <span class='ocrx_word' id='word_1_367' title='bbox 2763 594 3131 649; x_wconf 72' lang='lat' dir='ltr'><strong>baereditatem</strong></span> <span class='ocrx_word' id='word_1_368' title='bbox 3177 606 3489 665; x_wconf 64' lang='lat' dir='ltr'><strong>praestante,</strong></span> 
     </span>
    </p>
   </div>
   <div class='ocr_carea' id='block_1_49' title="bbox 1921 682 3489 757">
    <p class='ocr_par' dir='ltr' id='par_1_49' title="bbox 1921 682 3489 757">
     <span class='ocr_line' id='line_1_49' title="bbox 1921 682 3489 757; baseline 0 -15"><span class='ocrx_word' id='word_1_369' title='bbox 1921 687 1989 741; x_wconf 89' lang='lat' dir='ltr'><strong>ad</strong></span> <span class='ocrx_word' id='word_1_370' title='bbox 2018 683 2408 757; x_wconf 82' lang='lat' dir='ltr'><strong>perfectionem</strong></span> <span class='ocrx_word' id='word_1_371' title='bbox 2452 684 2738 740; x_wconf 86' lang='lat' dir='ltr'><strong>hominis?</strong></span> <span class='ocrx_word' id='word_1_372' title='bbox 2778 682 3073 739; x_wconf 75' lang='lat' dir='ltr'><strong>Plasmarit</strong></span> <span class='ocrx_word' id='word_1_373' title='bbox 3098 687 3242 741; x_wconf 86' lang='lat' dir='ltr'><strong>enim</strong></span> <span class='ocrx_word' id='word_1_374' title='bbox 3272 701 3393 741; x_wconf 90' lang='lat' dir='ltr'><strong>eum</strong></span> <span class='ocrx_word' id='word_1_375' title='bbox 3434 688 3489 742; x_wconf 87' lang='lat' dir='ltr'><strong>in</strong></span> 
     </span>
    </p>
   </div>
   <div class='ocr_carea' id='block_1_50' title="bbox 1923 776 3492 849">
    <p class='ocr_par' dir='ltr' id='par_1_50' title="bbox 1923 776 3492 849">
     <span class='ocr_line' id='line_1_50' title="bbox 1923 776 3492 849; baseline 0 -16"><span class='ocrx_word' id='word_1_376' title='bbox 1923 788 2272 849; x_wconf 76' lang='lat' dir='ltr'><strong>augmentum</strong></span> <span class='ocrx_word' id='word_1_377' title='bbox 2315 785 2370 833; x_wconf 94' lang='lat' dir='ltr'><strong>et</strong></span> <span class='ocrx_word' id='word_1_378' title='bbox 2399 776 2815 841; x_wconf 86' lang='lat' dir='ltr'><strong>incrementum,</strong></span> <span class='ocrx_word' id='word_1_379' title='bbox 2864 778 3310 845; x_wconf 86' lang='lat' dir='ltr'><strong>quemadmodum</strong></span> <span class='ocrx_word' id='word_1_380' title='bbox 3343 777 3492 835; x_wconf 85' lang='lat' dir='ltr'><strong>Scri-</strong></span> 
     </span>
    </p>
   </div>
   <div class='ocr_carea' id='block_1_51' title="bbox 1919 868 3341 942">
    <p class='ocr_par' dir='ltr' id='par_1_51' title="bbox 1919 868 3341 942">
     <span class='ocr_line' id='line_1_51' title="bbox 1919 868 3341 942; baseline -0.001 -16"><span class='ocrx_word' id='word_1_381' title='bbox 1919 880 2078 942; x_wconf 89' lang='lat' dir='ltr'><strong>ptura</strong></span> <span class='ocrx_word' id='word_1_382' title='bbox 2103 869 2240 924; x_wconf 91' lang='lat' dir='ltr'><strong>dicit</strong></span> <span class='ocrx_word' id='word_1_383' title='bbox 2271 889 2284 923; x_wconf 91' lang='lat'><strong>:</strong></span> <span class='ocrx_word' id='word_1_384' title='bbox 2328 888 2347 923; x_wconf 83' lang='grc'>‹</span> <span class='ocrx_word' id='word_1_385' title='bbox 2381 869 2628 926; x_wconf 76' lang='lat' dir='ltr'><strong>Crescite</strong></span> <span class='ocrx_word' id='word_1_386' title='bbox 2661 878 2717 924; x_wconf 93' lang='lat' dir='ltr'><strong>et</strong></span> <span class='ocrx_word' id='word_1_387' title='bbox 2746 868 3182 938; x_wconf 86' lang='lat' dir='ltr'><strong>multiplicamini</strong></span> <span class='ocrx_word' id='word_1_388' title='bbox 3216 871 3282 924; x_wconf 85' lang='lat'><strong>&quot;.</strong></span> <span class='ocrx_word' id='word_1_389' title='bbox 3322 890 3341 924; x_wconf 76' lang='grc' dir='ltr'><strong>ι</strong></span> 
     </span>
    </p>
   </div>
   <div class='ocr_carea' id='block_1_52' title="bbox 1993 958 3491 1032">
    <p class='ocr_par' dir='ltr' id='par_1_52' title="bbox 1993 958 3491 1032">
     <span class='ocr_line' id='line_1_52' title="bbox 1993 958 3491 1032; baseline 0.003 -17"><span class='ocrx_word' id='word_1_390' title='bbox 1993 959 2049 1015; x_wconf 73' lang='lat'><strong>2.</strong></span> <span class='ocrx_word' id='word_1_391' title='bbox 2072 960 2140 1015; x_wconf 86' lang='lat' dir='ltr'><strong>Et</strong></span> <span class='ocrx_word' id='word_1_392' title='bbox 2171 960 2276 1015; x_wconf 90' lang='lat' dir='ltr'><strong>hoc</strong></span> <span class='ocrx_word' id='word_1_393' title='bbox 2310 959 2449 1016; x_wconf 89' lang='lat' dir='ltr'><strong>Deus</strong></span> <span class='ocrx_word' id='word_1_394' title='bbox 2470 960 2538 1015; x_wconf 87' lang='lat' dir='ltr'><strong>ab</strong></span> <span class='ocrx_word' id='word_1_395' title='bbox 2587 958 2808 1015; x_wconf 86' lang='lat' dir='ltr'><strong>homine</strong></span> <span class='ocrx_word' id='word_1_396' title='bbox 2842 959 3039 1027; x_wconf 78' lang='lat' dir='ltr'><strong>diﬁert,</strong></span> <span class='ocrx_word' id='word_1_397' title='bbox 3072 962 3327 1032; x_wconf 89' lang='lat' dir='ltr'><strong>quoniam</strong></span> <span class='ocrx_word' id='word_1_398' title='bbox 3352 962 3491 1019; x_wconf 84' lang='lat' dir='ltr'><strong>Deus</strong></span> 
     </span>
    </p>
   </div>
   <div class='ocr_carea' id='block_1_53' title="bbox 1919 1051 3491 1125">
    <p class='ocr_par' dir='ltr' id='par_1_53' title="bbox 1919 1051 3491 1125">
     <span class='ocr_line' id='line_1_53' title="bbox 1919 1051 3491 1125; baseline 0.003 -20"><span class='ocrx_word' id='word_1_399' title='bbox 1919 1051 2138 1122; x_wconf 88' lang='lat' dir='ltr'><strong>quidem</strong></span> <span class='ocrx_word' id='word_1_400' title='bbox 2168 1051 2319 1119; x_wconf 81' lang='lat' dir='ltr'><strong>facit,</strong></span> <span class='ocrx_word' id='word_1_401' title='bbox 2352 1051 2513 1107; x_wconf 91' lang='lat' dir='ltr'><strong>homo</strong></span> <span class='ocrx_word' id='word_1_402' title='bbox 2536 1062 2719 1107; x_wconf 85' lang='lat' dir='ltr'><strong>autem</strong></span> <span class='ocrx_word' id='word_1_403' title='bbox 2771 1053 2859 1109; x_wconf 89' lang='lat' dir='ltr'><strong>ﬁt:</strong></span> <span class='ocrx_word' id='word_1_404' title='bbox 2888 1064 2943 1109; x_wconf 93' lang='lat' dir='ltr'><strong>et</strong></span> <span class='ocrx_word' id='word_1_405' title='bbox 2970 1054 3187 1124; x_wconf 91' lang='lat' dir='ltr'><strong>quidem</strong></span> <span class='ocrx_word' id='word_1_406' title='bbox 3216 1057 3306 1125; x_wconf 91' lang='lat' dir='ltr'><strong>qui</strong></span> <span class='ocrx_word' id='word_1_407' title='bbox 3338 1054 3491 1119; x_wconf 89' lang='lat' dir='ltr'><strong>facit,</strong></span> 
     </span>
    </p>
   </div>
   <div class='ocr_carea' id='block_1_54' title="bbox 1920 1144 3493 1216">
    <p class='ocr_par' dir='ltr' id='par_1_54' title="bbox 1920 1144 3493 1216">
     <span class='ocr_line' id='line_1_54' title="bbox 1920 1144 3493 1216; baseline 0.004 -18"><span class='ocrx_word' id='word_1_408' title='bbox 1920 1157 2136 1214; x_wconf 85' lang='lat' dir='ltr'><strong>semper</strong></span> <span class='ocrx_word' id='word_1_409' title='bbox 2154 1144 2297 1200; x_wconf 88' lang='lat' dir='ltr'><strong>idem</strong></span> <span class='ocrx_word' id='word_1_410' title='bbox 2320 1152 2433 1199; x_wconf 89' lang='lat' dir='ltr'><strong>est:</strong></span> <span class='ocrx_word' id='word_1_411' title='bbox 2462 1147 2606 1216; x_wconf 89' lang='lat' dir='ltr'><strong>quod</strong></span> <span class='ocrx_word' id='word_1_412' title='bbox 2634 1155 2815 1203; x_wconf 88' lang='lat' dir='ltr'><strong>autem</strong></span> <span class='ocrx_word' id='word_1_413' title='bbox 2844 1145 2934 1209; x_wconf 93' lang='lat' dir='ltr'><strong>ﬁt,</strong></span> <span class='ocrx_word' id='word_1_414' title='bbox 2961 1155 3017 1201; x_wconf 93' lang='lat' dir='ltr'><strong>et</strong></span> <span class='ocrx_word' id='word_1_415' title='bbox 3038 1146 3277 1213; x_wconf 91' lang='lat' dir='ltr'><strong>initium,</strong></span> <span class='ocrx_word' id='word_1_416' title='bbox 3303 1159 3357 1203; x_wconf 91' lang='lat' dir='ltr'><strong>et</strong></span> <span class='ocrx_word' id='word_1_417' title='bbox 3380 1163 3493 1204; x_wconf 83' lang='lat' dir='ltr'><strong>me-</strong></span> 
     </span>
    </p>
   </div>
   <div class='ocr_carea' id='block_1_55' title="bbox 1919 1235 3492 1313">
    <p class='ocr_par' dir='ltr' id='par_1_55' title="bbox 1919 1235 3492 1313">
     <span class='ocr_line' id='line_1_55' title="bbox 1919 1235 3492 1313; baseline 0.003 -22"><span class='ocrx_word' id='word_1_418' title='bbox 1919 1235 2202 1300; x_wconf 88' lang='lat' dir='ltr'><strong>dietatem,</strong></span> <span class='ocrx_word' id='word_1_419' title='bbox 2233 1246 2289 1292; x_wconf 89' lang='lat' dir='ltr'><strong>et</strong></span> <span class='ocrx_word' id='word_1_420' title='bbox 2349 1237 2732 1308; x_wconf 89' lang='lat' dir='ltr'><strong>adjectionem,</strong></span> <span class='ocrx_word' id='word_1_421' title='bbox 2759 1249 2813 1297; x_wconf 89' lang='lat' dir='ltr'><strong>et</strong></span> <span class='ocrx_word' id='word_1_422' title='bbox 2857 1248 3211 1309; x_wconf 79' lang='lat' dir='ltr'><strong>augmentum</strong></span> <span class='ocrx_word' id='word_1_423' title='bbox 3242 1241 3492 1313; x_wconf 85' lang='lat' dir='ltr'><strong>accipere</strong></span> 
     </span>
    </p>
   </div>
   <div class='ocr_carea' id='block_1_56' title="bbox 1921 1327 3493 1402">
    <p class='ocr_par' dir='ltr' id='par_1_56' title="bbox 1921 1327 3493 1402">
     <span class='ocr_line' id='line_1_56' title="bbox 1921 1327 3493 1402; baseline 0.004 -19"><span class='ocrx_word' id='word_1_424' title='bbox 1921 1327 2103 1385; x_wconf 89' lang='lat' dir='ltr'><strong>debet.</strong></span> <span class='ocrx_word' id='word_1_425' title='bbox 2130 1328 2199 1385; x_wconf 85' lang='lat' dir='ltr'><strong>Et</strong></span> <span class='ocrx_word' id='word_1_426' title='bbox 2231 1330 2375 1386; x_wconf 89' lang='lat' dir='ltr'><strong>Deus</strong></span> <span class='ocrx_word' id='word_1_427' title='bbox 2406 1332 2805 1402; x_wconf 62' lang='lat' dir='ltr'><strong>quidem,bene</strong></span> <span class='ocrx_word' id='word_1_428' title='bbox 2852 1332 3003 1396; x_wconf 82' lang='lat' dir='ltr'><strong>facit,</strong></span> <span class='ocrx_word' id='word_1_429' title='bbox 3031 1333 3170 1389; x_wconf 86' lang='lat' dir='ltr'><strong>bene</strong></span> <span class='ocrx_word' id='word_1_430' title='bbox 3197 1342 3381 1390; x_wconf 87' lang='lat' dir='ltr'><strong>autem</strong></span> <span class='ocrx_word' id='word_1_431' title='bbox 3433 1334 3493 1389; x_wconf 89' lang='lat' dir='ltr'><strong>ﬁt</strong></span> 
     </span>
    </p>
   </div>
   <div class='ocr_carea' id='block_1_57' title="bbox 1921 1419 3494 1494">
    <p class='ocr_par' dir='ltr' id='par_1_57' title="bbox 1921 1419 3494 1494">
     <span class='ocr_line' id='line_1_57' title="bbox 1921 1419 3494 1494; baseline 0.004 -20"><span class='ocrx_word' id='word_1_432' title='bbox 1921 1419 2147 1475; x_wconf 91' lang='lat' dir='ltr'><strong>homini.</strong></span> <span class='ocrx_word' id='word_1_433' title='bbox 2182 1419 2249 1476; x_wconf 84' lang='lat' dir='ltr'><strong>Et</strong></span> <span class='ocrx_word' id='word_1_434' title='bbox 2279 1421 2420 1478; x_wconf 86' lang='lat' dir='ltr'><strong>Deus</strong></span> <span class='ocrx_word' id='word_1_435' title='bbox 2442 1424 2660 1491; x_wconf 87' lang='lat' dir='ltr'><strong>quidem</strong></span> <span class='ocrx_word' id='word_1_436' title='bbox 2687 1421 2960 1494; x_wconf 90' lang='lat' dir='ltr'><strong>perfectus</strong></span> <span class='ocrx_word' id='word_1_437' title='bbox 2986 1424 3039 1477; x_wconf 93' lang='lat' dir='ltr'><strong>in</strong></span> <span class='ocrx_word' id='word_1_438' title='bbox 3074 1426 3345 1489; x_wconf 90' lang='lat' dir='ltr'><strong>omnibus,</strong></span> <span class='ocrx_word' id='word_1_439' title='bbox 3379 1425 3494 1492; x_wconf 80' lang='lat' dir='ltr'><strong>ipso</strong></span> 
     </span>
    </p>
   </div>
   <div class='ocr_carea' id='block_1_58' title="bbox 1921 1512 3496 1583">
    <p class='ocr_par' dir='ltr' id='par_1_58' title="bbox 1921 1512 3496 1583">
     <span class='ocr_line' id='line_1_58' title="bbox 1921 1512 3496 1583; baseline 0.004 -17"><span class='ocrx_word' id='word_1_440' title='bbox 1921 1512 2025 1566; x_wconf 88' lang='lat' dir='ltr'><strong>sibi</strong></span> <span class='ocrx_word' id='word_1_441' title='bbox 2055 1512 2280 1583; x_wconf 65' lang='lat' dir='ltr'><strong>aequalis</strong></span> <span class='ocrx_word' id='word_1_442' title='bbox 2304 1522 2360 1568; x_wconf 91' lang='lat' dir='ltr'><strong>et</strong></span> <span class='ocrx_word' id='word_1_443' title='bbox 2384 1514 2576 1569; x_wconf 88' lang='lat' dir='ltr'><strong>similis</strong></span> <span class='ocrx_word' id='word_1_444' title='bbox 2601 1529 2616 1579; x_wconf 89' lang='lat'><strong>;</strong></span> <span class='ocrx_word' id='word_1_445' title='bbox 2663 1522 2808 1569; x_wconf 92' lang='lat' dir='ltr'><strong>totus</strong></span> <span class='ocrx_word' id='word_1_446' title='bbox 2841 1529 2965 1570; x_wconf 88' lang='lat' dir='ltr'><strong>cum</strong></span> <span class='ocrx_word' id='word_1_447' title='bbox 2996 1514 3066 1571; x_wconf 91' lang='lat' dir='ltr'><strong>sit</strong></span> <span class='ocrx_word' id='word_1_448' title='bbox 3096 1514 3296 1581; x_wconf 90' lang='lat' dir='ltr'><strong>lumen,</strong></span> <span class='ocrx_word' id='word_1_449' title='bbox 3327 1526 3383 1572; x_wconf 92' lang='lat' dir='ltr'><strong>et</strong></span> <span class='ocrx_word' id='word_1_450' title='bbox 3411 1525 3496 1573; x_wconf 63' lang='lat' dir='ltr'><strong>too</strong></span> 
     </span>
    </p>
   </div>
   <div class='ocr_carea' id='block_1_59' title="bbox 1924 1605 3497 1672">
    <p class='ocr_par' dir='ltr' id='par_1_59' title="bbox 1924 1605 3497 1672">
     <span class='ocr_line' id='line_1_59' title="bbox 1924 1605 3497 1672; baseline 0.004 -16"><span class='ocrx_word' id='word_1_451' title='bbox 1924 1613 2010 1660; x_wconf 91' lang='lat' dir='ltr'><strong>tus</strong></span> <span class='ocrx_word' id='word_1_452' title='bbox 2036 1616 2207 1668; x_wconf 90' lang='lat' dir='ltr'><strong>mens,</strong></span> <span class='ocrx_word' id='word_1_453' title='bbox 2229 1612 2283 1658; x_wconf 90' lang='lat' dir='ltr'><strong>et</strong></span> <span class='ocrx_word' id='word_1_454' title='bbox 2316 1612 2466 1661; x_wconf 90' lang='lat' dir='ltr'><strong>totus</strong></span> <span class='ocrx_word' id='word_1_455' title='bbox 2512 1605 2838 1672; x_wconf 88' lang='lat' dir='ltr'><strong>substantia,</strong></span> <span class='ocrx_word' id='word_1_456' title='bbox 2871 1614 2927 1661; x_wconf 91' lang='lat' dir='ltr'><strong>et</strong></span> <span class='ocrx_word' id='word_1_457' title='bbox 2979 1606 3102 1662; x_wconf 91' lang='lat' dir='ltr'><strong>fons</strong></span> <span class='ocrx_word' id='word_1_458' title='bbox 3126 1607 3370 1663; x_wconf 89' lang='lat' dir='ltr'><strong>omnium</strong></span> <span class='ocrx_word' id='word_1_459' title='bbox 3397 1608 3497 1663; x_wconf 85' lang='lat' dir='ltr'><strong>bo-</strong></span> 
     </span>
    </p>
   </div>
   <div class='ocr_carea' id='block_1_60' title="bbox 1920 1693 3497 1768">
    <p class='ocr_par' dir='ltr' id='par_1_60' title="bbox 1920 1693 3497 1768">
     <span class='ocr_line' id='line_1_60' title="bbox 1920 1693 3497 1768; baseline 0.002 -20"><span class='ocrx_word' id='word_1_460' title='bbox 1920 1708 2137 1760; x_wconf 91' lang='lat' dir='ltr'><strong>norum;</strong></span> <span class='ocrx_word' id='word_1_461' title='bbox 2172 1693 2333 1748; x_wconf 88' lang='lat' dir='ltr'><strong>homo</strong></span> <span class='ocrx_word' id='word_1_462' title='bbox 2350 1708 2482 1749; x_wconf 82' lang='lat' dir='ltr'><strong>vero</strong></span> <span class='ocrx_word' id='word_1_463' title='bbox 2509 1694 2813 1763; x_wconf 86' lang='lat' dir='ltr'><strong>profectum</strong></span> <span class='ocrx_word' id='word_1_464' title='bbox 2834 1696 3141 1765; x_wconf 90' lang='lat' dir='ltr'><strong>percipiens</strong></span> <span class='ocrx_word' id='word_1_465' title='bbox 3160 1705 3215 1751; x_wconf 91' lang='lat' dir='ltr'><strong>et</strong></span> <span class='ocrx_word' id='word_1_466' title='bbox 3235 1713 3497 1768; x_wconf 84' lang='lat' dir='ltr'><strong>augmen-</strong></span> 
     </span>
    </p>
   </div>
   <div class='ocr_carea' id='block_1_61' title="bbox 1925 1786 3495 1861">
    <p class='ocr_par' dir='ltr' id='par_1_61' title="bbox 1925 1786 3495 1861">
     <span class='ocr_line' id='line_1_61' title="bbox 1925 1786 3495 1861; baseline 0.004 -22"><span class='ocrx_word' id='word_1_467' title='bbox 1925 1796 2037 1840; x_wconf 90' lang='lat' dir='ltr'><strong>tum</strong></span> <span class='ocrx_word' id='word_1_468' title='bbox 2086 1787 2154 1840; x_wconf 85' lang='lat' dir='ltr'><strong>ad</strong></span> <span class='ocrx_word' id='word_1_469' title='bbox 2204 1786 2372 1842; x_wconf 89' lang='lat' dir='ltr'><strong>Deum</strong></span> <span class='ocrx_word' id='word_1_470' title='bbox 2419 1786 2554 1861; x_wconf 66' lang='lat'>(42).</span> <span class='ocrx_word' id='word_1_471' title='bbox 2615 1787 3087 1856; x_wconf 83' lang='lat' dir='ltr'><strong>Quemadmodum</strong></span> <span class='ocrx_word' id='word_1_472' title='bbox 3149 1791 3293 1845; x_wconf 91' lang='lat' dir='ltr'><strong>enim</strong></span> <span class='ocrx_word' id='word_1_473' title='bbox 3352 1791 3495 1845; x_wconf 81' lang='lat' dir='ltr'><strong>Deus</strong></span> 
     </span>
    </p>
   </div>
   <div class='ocr_carea' id='block_1_62' title="bbox 1921 1876 3493 1952">
    <p class='ocr_par' dir='ltr' id='par_1_62' title="bbox 1921 1876 3493 1952">
     <span class='ocr_line' id='line_1_62' title="bbox 1921 1876 3493 1952; baseline 0.003 -21"><span class='ocrx_word' id='word_1_474' title='bbox 1921 1890 2138 1947; x_wconf 85' lang='lat' dir='ltr'><strong>semper</strong></span> <span class='ocrx_word' id='word_1_475' title='bbox 2167 1876 2307 1933; x_wconf 88' lang='lat' dir='ltr'><strong>idem</strong></span> <span class='ocrx_word' id='word_1_476' title='bbox 2338 1890 2452 1945; x_wconf 77' lang='lat' dir='ltr'><strong>eSt;</strong></span> <span class='ocrx_word' id='word_1_477' title='bbox 2490 1879 2570 1935; x_wconf 87' lang='lat' dir='ltr'><strong>sic</strong></span> <span class='ocrx_word' id='word_1_478' title='bbox 2593 1887 2649 1933; x_wconf 91' lang='lat' dir='ltr'><strong>et</strong></span> <span class='ocrx_word' id='word_1_479' title='bbox 2673 1878 2839 1934; x_wconf 87' lang='lat' dir='ltr'><strong>homo</strong></span> <span class='ocrx_word' id='word_1_480' title='bbox 2860 1878 2913 1934; x_wconf 92' lang='lat' dir='ltr'><strong>in</strong></span> <span class='ocrx_word' id='word_1_481' title='bbox 2938 1880 3049 1934; x_wconf 90' lang='lat' dir='ltr'><strong>Deo</strong></span> <span class='ocrx_word' id='word_1_482' title='bbox 3074 1879 3325 1935; x_wconf 85' lang='lat' dir='ltr'><strong>inventus</strong></span> <span class='ocrx_word' id='word_1_483' title='bbox 3357 1880 3493 1952; x_wconf 67' lang='grc'>(45),</span> 
     </span>
    </p>
   </div>
   <div class='ocr_carea' id='block_1_63' title="bbox 1921 1967 3495 2040">
    <p class='ocr_par' dir='ltr' id='par_1_63' title="bbox 1921 1967 3495 2040">
     <span class='ocr_line' id='line_1_63' title="bbox 1921 1967 3495 2040; baseline 0.003 -18"><span class='ocrx_word' id='word_1_484' title='bbox 1921 1982 2140 2039; x_wconf 89' lang='lat' dir='ltr'><strong>semper</strong></span> <span class='ocrx_word' id='word_1_485' title='bbox 2174 1967 2426 2039; x_wconf 89' lang='lat' dir='ltr'><strong>proﬁciet</strong></span> <span class='ocrx_word' id='word_1_486' title='bbox 2454 1970 2521 2024; x_wconf 90' lang='lat' dir='ltr'><strong>ad</strong></span> <span class='ocrx_word' id='word_1_487' title='bbox 2561 1969 2748 2024; x_wconf 89' lang='lat' dir='ltr'><strong>Deum.</strong></span> <span class='ocrx_word' id='word_1_488' title='bbox 2786 1967 2971 2040; x_wconf 84' lang='lat' dir='ltr'><strong>Neque</strong></span> <span class='ocrx_word' id='word_1_489' title='bbox 3022 1968 3166 2025; x_wconf 89' lang='lat' dir='ltr'><strong>enim</strong></span> <span class='ocrx_word' id='word_1_490' title='bbox 3206 1970 3345 2027; x_wconf 89' lang='lat' dir='ltr'><strong>Dens</strong></span> <span class='ocrx_word' id='word_1_491' title='bbox 3371 1985 3495 2027; x_wconf 87' lang='lat' dir='ltr'><strong>ces-</strong></span> 
     </span>
    </p>
   </div>
   <div class='ocr_carea' id='block_1_64' title="bbox 1922 2057 3495 2132">
    <p class='ocr_par' dir='ltr' id='par_1_64' title="bbox 1922 2057 3495 2132">
     <span class='ocr_line' id='line_1_64' title="bbox 1922 2057 3495 2132; baseline 0.004 -19"><span class='ocrx_word' id='word_1_492' title='bbox 1922 2066 2011 2113; x_wconf 89' lang='lat' dir='ltr'><strong>sat</strong></span> <span class='ocrx_word' id='word_1_493' title='bbox 2036 2059 2328 2128; x_wconf 87' lang='lat' dir='ltr'><strong>aliquando</strong></span> <span class='ocrx_word' id='word_1_494' title='bbox 2355 2061 2410 2115; x_wconf 89' lang='lat' dir='ltr'><strong>iu</strong></span> <span class='ocrx_word' id='word_1_495' title='bbox 2440 2057 2852 2123; x_wconf 87' lang='lat' dir='ltr'><strong>benefaciendo,</strong></span> <span class='ocrx_word' id='word_1_496' title='bbox 2906 2069 2961 2115; x_wconf 86' lang='lat' dir='ltr'><strong>et</strong></span> <span class='ocrx_word' id='word_1_497' title='bbox 2988 2060 3367 2132; x_wconf 82' lang='lat' dir='ltr'><strong>locupletando</strong></span> <span class='ocrx_word' id='word_1_498' title='bbox 3400 2064 3495 2119; x_wconf 87' lang='lat' dir='ltr'><strong>ho-</strong></span> 
     </span>
    </p>
   </div>
   <div class='ocr_carea' id='block_1_65' title="bbox 1924 2149 3494 2224">
    <p class='ocr_par' dir='ltr' id='par_1_65' title="bbox 1924 2149 3494 2224">
     <span class='ocr_line' id='line_1_65' title="bbox 1924 2149 3494 2224; baseline 0.004 -21"><span class='ocrx_word' id='word_1_499' title='bbox 1924 2151 2167 2204; x_wconf 75' lang='lat' dir='ltr'><strong>minem:</strong></span> <span class='ocrx_word' id='word_1_500' title='bbox 2201 2164 2376 2220; x_wconf 88' lang='lat' dir='ltr'><strong>neque</strong></span> <span class='ocrx_word' id='word_1_501' title='bbox 2416 2150 2577 2207; x_wconf 89' lang='lat' dir='ltr'><strong>homo</strong></span> <span class='ocrx_word' id='word_1_502' title='bbox 2623 2162 2805 2206; x_wconf 87' lang='lat' dir='ltr'><strong>cessat</strong></span> <span class='ocrx_word' id='word_1_503' title='bbox 2848 2149 3173 2207; x_wconf 88' lang='lat' dir='ltr'><strong>beneﬁcium</strong></span> <span class='ocrx_word' id='word_1_504' title='bbox 3223 2156 3494 2224; x_wconf 83' lang='lat' dir='ltr'><strong>accipere,</strong></span> 
     </span>
    </p>
   </div>
   <div class='ocr_carea' id='block_1_66' title="bbox 1923 2241 3497 2311">
    <p class='ocr_par' dir='ltr' id='par_1_66' title="bbox 1923 2241 3497 2311">
     <span class='ocr_line' id='line_1_66' title="bbox 1923 2241 3497 2311; baseline 0.006 -17"><span class='ocrx_word' id='word_1_505' title='bbox 1923 2250 1978 2294; x_wconf 85' lang='lat' dir='ltr'><strong>et</strong></span> <span class='ocrx_word' id='word_1_506' title='bbox 2001 2241 2158 2295; x_wconf 91' lang='lat' dir='ltr'><strong>ditari</strong></span> <span class='ocrx_word' id='word_1_507' title='bbox 2188 2257 2217 2295; x_wconf 92' lang='lat' dir='ltr'><strong>a</strong></span> <span class='ocrx_word' id='word_1_508' title='bbox 2252 2243 2380 2297; x_wconf 88' lang='lat' dir='ltr'><strong>Deo.</strong></span> <span class='ocrx_word' id='word_1_509' title='bbox 2410 2241 2789 2310; x_wconf 75' lang='lat' dir='ltr'><strong>Exceptorium</strong></span> <span class='ocrx_word' id='word_1_510' title='bbox 2822 2244 2969 2297; x_wconf 88' lang='lat' dir='ltr'><strong>enim</strong></span> <span class='ocrx_word' id='word_1_511' title='bbox 3016 2241 3291 2311; x_wconf 83' lang='lat' dir='ltr'><strong>bonitatis,</strong></span> <span class='ocrx_word' id='word_1_512' title='bbox 3325 2254 3380 2301; x_wconf 91' lang='lat' dir='ltr'><strong>et</strong></span> <span class='ocrx_word' id='word_1_513' title='bbox 3403 2263 3497 2303; x_wconf 80' lang='lat' dir='ltr'><strong>ur-</strong></span> 
     </span>
    </p>
   </div>
   <div class='ocr_carea' id='block_1_67' title="bbox 1922 2330 3498 2406">
    <p class='ocr_par' dir='ltr' id='par_1_67' title="bbox 1922 2330 3498 2406">
     <span class='ocr_line' id='line_1_67' title="bbox 1922 2330 3498 2406; baseline 0.006 -22"><span class='ocrx_word' id='word_1_514' title='bbox 1922 2346 2121 2400; x_wconf 90' lang='lat' dir='ltr'><strong>ganum</strong></span> <span class='ocrx_word' id='word_1_515' title='bbox 2152 2330 2565 2387; x_wconf 76' lang='lat' dir='ltr'><strong>clariﬁratiouis</strong></span> <span class='ocrx_word' id='word_1_516' title='bbox 2597 2332 2741 2402; x_wconf 86' lang='lat' dir='ltr'><strong>ejus,</strong></span> <span class='ocrx_word' id='word_1_517' title='bbox 2791 2333 2951 2389; x_wconf 89' lang='lat' dir='ltr'><strong>homo</strong></span> <span class='ocrx_word' id='word_1_518' title='bbox 2976 2343 3166 2403; x_wconf 86' lang='lat' dir='ltr'><strong>gratus</strong></span> <span class='ocrx_word' id='word_1_519' title='bbox 3191 2336 3241 2389; x_wconf 89' lang='lat' dir='ltr'><strong>ei</strong></span> <span class='ocrx_word' id='word_1_520' title='bbox 3290 2337 3383 2406; x_wconf 86' lang='lat' dir='ltr'><strong>qui</strong></span> <span class='ocrx_word' id='word_1_521' title='bbox 3431 2352 3498 2393; x_wconf 82' lang='lat' dir='ltr'><strong>se</strong></span> 
     </span>
    </p>
   </div>
   <div class='ocr_carea' id='block_1_68' title="bbox 1924 2421 3497 2498">
    <p class='ocr_par' dir='ltr' id='par_1_68' title="bbox 1924 2421 3497 2498">
     <span class='ocr_line' id='line_1_68' title="bbox 1924 2421 3497 2498; baseline 0.006 -22"><span class='ocrx_word' id='word_1_522' title='bbox 1924 2421 2051 2479; x_wconf 90' lang='lat' dir='ltr'><strong>fecit</strong></span> <span class='ocrx_word' id='word_1_523' title='bbox 2078 2439 2093 2477; x_wconf 91' lang='lat'><strong>:</strong></span> <span class='ocrx_word' id='word_1_524' title='bbox 2130 2431 2182 2479; x_wconf 87' lang='lat' dir='ltr'><strong>et</strong></span> <span class='ocrx_word' id='word_1_525' title='bbox 2211 2422 2407 2478; x_wconf 89' lang='lat' dir='ltr'><strong>iterum</strong></span> <span class='ocrx_word' id='word_1_526' title='bbox 2431 2424 2809 2493; x_wconf 83' lang='lat' dir='ltr'><strong>exceptorium</strong></span> <span class='ocrx_word' id='word_1_527' title='bbox 2826 2425 2960 2492; x_wconf 88' lang='lat' dir='ltr'><strong>justi</strong></span> <span class='ocrx_word' id='word_1_528' title='bbox 2980 2422 3170 2493; x_wconf 80' lang='lat' dir='ltr'><strong>judieii</strong></span> <span class='ocrx_word' id='word_1_529' title='bbox 3194 2427 3311 2498; x_wconf 92' lang='lat' dir='ltr'><strong>ejus</strong></span> <span class='ocrx_word' id='word_1_530' title='bbox 3330 2429 3497 2485; x_wconf 72' lang='lat' dir='ltr'><strong>humo</strong></span> 
     </span>
    </p>
   </div>
   <div class='ocr_carea' id='block_1_69' title="bbox 1924 2513 3498 2587">
    <p class='ocr_par' dir='ltr' id='par_1_69' title="bbox 1924 2513 3498 2587">
     <span class='ocr_line' id='line_1_69' title="bbox 1924 2513 3498 2587; baseline 0.006 -18"><span class='ocrx_word' id='word_1_531' title='bbox 1924 2513 2192 2587; x_wconf 85' lang='lat' dir='ltr'><strong>ingratus,</strong></span> <span class='ocrx_word' id='word_1_532' title='bbox 2223 2525 2281 2571; x_wconf 89' lang='lat' dir='ltr'><strong>et</strong></span> <span class='ocrx_word' id='word_1_533' title='bbox 2299 2531 2563 2585; x_wconf 86' lang='lat' dir='ltr'><strong>spernens</strong></span> <span class='ocrx_word' id='word_1_534' title='bbox 2585 2516 2996 2586; x_wconf 87' lang='lat' dir='ltr'><strong>plasmatorem,</strong></span> <span class='ocrx_word' id='word_1_535' title='bbox 3022 2529 3080 2573; x_wconf 92' lang='lat' dir='ltr'><strong>et</strong></span> <span class='ocrx_word' id='word_1_536' title='bbox 3102 2535 3206 2574; x_wconf 92' lang='lat' dir='ltr'><strong>non</strong></span> <span class='ocrx_word' id='word_1_537' title='bbox 3226 2518 3498 2587; x_wconf 58' lang='lat' dir='ltr'><strong>subjectus</strong></span> 
     </span>
    </p>
   </div>
   <div class='ocr_carea' id='block_1_70' title="bbox 1924 2603 3494 2682">
    <p class='ocr_par' dir='ltr' id='par_1_70' title="bbox 1924 2603 3494 2682">
     <span class='ocr_line' id='line_1_70' title="bbox 1924 2603 3494 2682; baseline 0.005 -21"><span class='ocrx_word' id='word_1_538' title='bbox 1924 2603 2105 2664; x_wconf 83' lang='lat' dir='ltr'><strong>Verbo</strong></span> <span class='ocrx_word' id='word_1_539' title='bbox 2134 2606 2280 2679; x_wconf 84' lang='lat' dir='ltr'><strong>ejus:</strong></span> <span class='ocrx_word' id='word_1_540' title='bbox 2316 2609 2411 2679; x_wconf 88' lang='lat' dir='ltr'><strong>qui</strong></span> <span class='ocrx_word' id='word_1_541' title='bbox 2442 2608 2740 2677; x_wconf 90' lang='lat' dir='ltr'><strong>plurimum</strong></span> <span class='ocrx_word' id='word_1_542' title='bbox 2772 2622 2985 2677; x_wconf 84' lang='lat' dir='ltr'><strong>semper</strong></span> <span class='ocrx_word' id='word_1_543' title='bbox 3019 2608 3494 2682; x_wconf 85' lang='lat' dir='ltr'><strong>fructiﬁcantibus,</strong></span> 
     </span>
    </p>
   </div>
   <div class='ocr_carea' id='block_1_71' title="bbox 1924 2697 3495 2772">
    <p class='ocr_par' dir='ltr' id='par_1_71' title="bbox 1924 2697 3495 2772">
     <span class='ocr_line' id='line_1_71' title="bbox 1924 2697 3495 2772; baseline 0.006 -20"><span class='ocrx_word' id='word_1_544' title='bbox 1924 2706 1981 2753; x_wconf 90' lang='lat' dir='ltr'><strong>et</strong></span> <span class='ocrx_word' id='word_1_545' title='bbox 2005 2697 2126 2769; x_wconf 91' lang='lat' dir='ltr'><strong>plus</strong></span> <span class='ocrx_word' id='word_1_546' title='bbox 2157 2699 2487 2755; x_wconf 84' lang='lat' dir='ltr'><strong>habentibus</strong></span> <span class='ocrx_word' id='word_1_547' title='bbox 2519 2699 2857 2757; x_wconf 85' lang='lat' dir='ltr'><strong>Dominicutn</strong></span> <span class='ocrx_word' id='word_1_548' title='bbox 2906 2712 3213 2772; x_wconf 76' lang='lat' dir='ltr'><strong>argentum,</strong></span> <span class='ocrx_word' id='word_1_549' title='bbox 3238 2705 3495 2761; x_wconf 91' lang='lat' dir='ltr'><strong>daturum</strong></span> 
     </span>
    </p>
   </div>
   <div class='ocr_carea' id='block_1_72' title="bbox 1922 2789 3497 2863">
    <p class='ocr_par' dir='ltr' id='par_1_72' title="bbox 1922 2789 3497 2863">
     <span class='ocr_line' id='line_1_72' title="bbox 1922 2789 3497 2863; baseline 0.005 -18"><span class='ocrx_word' id='word_1_550' title='bbox 1922 2805 1981 2846; x_wconf 89' lang='lat' dir='ltr'><strong>se</strong></span> <span class='ocrx_word' id='word_1_551' title='bbox 2011 2789 2285 2859; x_wconf 87' lang='lat' dir='ltr'><strong>pollicitus</strong></span> <span class='ocrx_word' id='word_1_552' title='bbox 2315 2800 2437 2846; x_wconf 90' lang='lat' dir='ltr'><strong>est:</strong></span> <span class='ocrx_word' id='word_1_553' title='bbox 2471 2808 2490 2842; x_wconf 71' lang='grc' dir='ltr'><strong>ε</strong></span> <span class='ocrx_word' id='word_1_554' title='bbox 2531 2790 2703 2862; x_wconf 84' lang='lat' dir='ltr'><strong>Euge,</strong></span> <span class='ocrx_word' id='word_1_555' title='bbox 2753 2811 2772 2846; x_wconf 79' lang='grc' dir='ltr'><strong>ι</strong></span> <span class='ocrx_word' id='word_1_556' title='bbox 2803 2792 2999 2863; x_wconf 86' lang='lat' dir='ltr'><strong>inquit,</strong></span> <span class='ocrx_word' id='word_1_557' title='bbox 3036 2812 3055 2845; x_wconf 75' lang='grc' dir='ltr'><strong>ι</strong></span> <span class='ocrx_word' id='word_1_558' title='bbox 3095 2810 3251 2851; x_wconf 79' lang='lat' dir='ltr'><strong>serve</strong></span> <span class='ocrx_word' id='word_1_559' title='bbox 3280 2795 3419 2853; x_wconf 85' lang='lat' dir='ltr'><strong>bone</strong></span> <span class='ocrx_word' id='word_1_560' title='bbox 3440 2810 3497 2853; x_wconf 89' lang='lat' dir='ltr'><strong>et</strong></span> 
     </span>
    </p>
   </div>
   <div class='ocr_carea' id='block_1_73' title="bbox 1925 2882 3498 2956">
    <p class='ocr_par' dir='ltr' id='par_1_73' title="bbox 1925 2882 3498 2956">
     <span class='ocr_line' id='line_1_73' title="bbox 1925 2882 3498 2956; baseline 0.006 -19"><span class='ocrx_word' id='word_1_561' title='bbox 1925 2882 2127 2946; x_wconf 88' lang='lat' dir='ltr'><strong>ﬁdelis,</strong></span> <span class='ocrx_word' id='word_1_562' title='bbox 2162 2883 2290 2952; x_wconf 87' lang='lat' dir='ltr'><strong>quia</strong></span> <span class='ocrx_word' id='word_1_563' title='bbox 2325 2883 2379 2938; x_wconf 94' lang='lat' dir='ltr'><strong>in</strong></span> <span class='ocrx_word' id='word_1_564' title='bbox 2412 2884 2626 2939; x_wconf 91' lang='lat' dir='ltr'><strong>modico</strong></span> <span class='ocrx_word' id='word_1_565' title='bbox 2641 2884 2820 2941; x_wconf 89' lang='lat' dir='ltr'><strong>ﬁdelis</strong></span> <span class='ocrx_word' id='word_1_566' title='bbox 2848 2885 3021 2949; x_wconf 86' lang='lat' dir='ltr'><strong>fuisti,</strong></span> <span class='ocrx_word' id='word_1_567' title='bbox 3051 2901 3216 2956; x_wconf 81' lang='lat' dir='ltr'><strong>super</strong></span> <span class='ocrx_word' id='word_1_568' title='bbox 3247 2890 3415 2945; x_wconf 82' lang='lat' dir='ltr'><strong>multa</strong></span> <span class='ocrx_word' id='word_1_569' title='bbox 3443 2903 3498 2947; x_wconf 82' lang='lat' dir='ltr'><strong>te</strong></span> 
     </span>
    </p>
   </div>
   <div class='ocr_carea' id='block_1_74' title="bbox 1922 2975 3498 3052">
    <p class='ocr_par' dir='ltr' id='par_1_74' title="bbox 1922 2975 3498 3052">
     <span class='ocr_line' id='line_1_74' title="bbox 1922 2975 3498 3052; baseline 0.008 -24"><span class='ocrx_word' id='word_1_570' title='bbox 1922 2975 2273 3040; x_wconf 88' lang='lat' dir='ltr'><strong>constituam;</strong></span> <span class='ocrx_word' id='word_1_571' title='bbox 2306 2975 2449 3029; x_wconf 85' lang='lat' dir='ltr'><strong>intra</strong></span> <span class='ocrx_word' id='word_1_572' title='bbox 2479 2976 2533 3031; x_wconf 90' lang='lat' dir='ltr'><strong>in</strong></span> <span class='ocrx_word' id='word_1_573' title='bbox 2559 2976 2815 3047; x_wconf 89' lang='lat' dir='ltr'><strong>gaudium</strong></span> <span class='ocrx_word' id='word_1_574' title='bbox 2858 2977 3075 3033; x_wconf 81' lang='lat' dir='ltr'><strong>Domini</strong></span> <span class='ocrx_word' id='word_1_575' title='bbox 3108 2981 3186 3035; x_wconf 90' lang='lat' dir='ltr'><strong>tui</strong></span> <span class='ocrx_word' id='word_1_576' title='bbox 3212 2979 3281 3047; x_wconf 85' lang='grc'><strong>⁶⁶;</strong></span> <span class='ocrx_word' id='word_1_577' title='bbox 3320 3001 3341 3035; x_wconf 76' lang='grc' dir='ltr'><strong>ι</strong></span> <span class='ocrx_word' id='word_1_578' title='bbox 3382 2983 3498 3052; x_wconf 77' lang='lat' dir='ltr'><strong>ipso</strong></span> 
     </span>
    </p>
   </div>
   <div class='ocr_carea' id='block_1_75' title="bbox 1923 3063 3031 3140">
    <p class='ocr_par' dir='ltr' id='par_1_75' title="bbox 1923 3063 3031 3140">
     <span class='ocr_line' id='line_1_75' title="bbox 1923 3063 3031 3140; baseline 0.004 -21"><span class='ocrx_word' id='word_1_579' title='bbox 1923 3063 2187 3120; x_wconf 88' lang='lat' dir='ltr'><strong>Dominus</strong></span> <span class='ocrx_word' id='word_1_580' title='bbox 2215 3064 2511 3135; x_wconf 91' lang='lat' dir='ltr'><strong>plurimum</strong></span> <span class='ocrx_word' id='word_1_581' title='bbox 2541 3068 2863 3135; x_wconf 87' lang='lat' dir='ltr'><strong>promittens</strong></span> <span class='ocrx_word' id='word_1_582' title='bbox 2898 3068 3031 3140; x_wconf 68' lang='grc' dir='ltr'><strong>(ιι).</strong></span> 
     </span>
    </p>
   </div>
   <div class='ocr_carea' id='block_1_76' title="bbox 1992 3153 3499 3233">
    <p class='ocr_par' dir='ltr' id='par_1_76' title="bbox 1992 3153 3499 3233">
     <span class='ocr_line' id='line_1_76' title="bbox 1992 3153 3499 3233; baseline 0.009 -24"><span class='ocrx_word' id='word_1_583' title='bbox 1992 3153 2050 3211; x_wconf 78' lang='lat'><strong>5.</strong></span> <span class='ocrx_word' id='word_1_584' title='bbox 2088 3156 2245 3213; x_wconf 87' lang='lat' dir='ltr'><strong>Sicut</strong></span> <span class='ocrx_word' id='word_1_585' title='bbox 2273 3172 2409 3227; x_wconf 83' lang='lat' dir='ltr'><strong>ergo</strong></span> <span class='ocrx_word' id='word_1_586' title='bbox 2440 3175 2580 3214; x_wconf 91' lang='lat' dir='ltr'><strong>nunc</strong></span> <span class='ocrx_word' id='word_1_587' title='bbox 2606 3160 3064 3219; x_wconf 88' lang='lat' dir='ltr'><strong>fructiﬁcantibus</strong></span> <span class='ocrx_word' id='word_1_588' title='bbox 3085 3162 3376 3233; x_wconf 87' lang='lat' dir='ltr'><strong>plurimum</strong></span> <span class='ocrx_word' id='word_1_589' title='bbox 3398 3168 3499 3224; x_wconf 84' lang='lat' dir='ltr'><strong>da-</strong></span> 
     </span>
    </p>
   </div>
   <div class='ocr_carea' id='block_1_77' title="bbox 1916 3250 3495 3321">
    <p class='ocr_par' dir='ltr' id='par_1_77' title="bbox 1916 3250 3495 3321">
     <span class='ocr_line' id='line_1_77' title="bbox 1916 3250 3495 3321; baseline 0.008 -19"><span class='ocrx_word' id='word_1_590' title='bbox 1916 3256 2184 3305; x_wconf 86' lang='lat' dir='ltr'><strong>turumse</strong></span> <span class='ocrx_word' id='word_1_591' title='bbox 2232 3250 2504 3321; x_wconf 87' lang='lat' dir='ltr'><strong>pollicitus</strong></span> <span class='ocrx_word' id='word_1_592' title='bbox 2552 3262 2656 3318; x_wconf 89' lang='lat' dir='ltr'><strong>est,</strong></span> <span class='ocrx_word' id='word_1_593' title='bbox 2707 3255 3003 3308; x_wconf 86' lang='lat' dir='ltr'><strong>secundum</strong></span> <span class='ocrx_word' id='word_1_594' title='bbox 3055 3257 3495 3314; x_wconf 85' lang='lat' dir='ltr'><strong>munerationem</strong></span> 
     </span>
    </p>
   </div>
   <div class='ocr_carea' id='block_1_78' title="bbox 1914 3340 3497 3422">
    <p class='ocr_par' dir='ltr' id='par_1_78' title="bbox 1914 3340 3497 3422">
     <span class='ocr_line' id='line_1_78' title="bbox 1914 3340 3497 3422; baseline 0.008 -30"><span class='ocrx_word' id='word_1_595' title='bbox 1914 3340 2107 3409; x_wconf 64' lang='lat' dir='ltr'><strong>gratiae</strong></span> <span class='ocrx_word' id='word_1_596' title='bbox 2128 3356 2262 3407; x_wconf 67' lang='lat' dir='ltr'><strong>suae,</strong></span> <span class='ocrx_word' id='word_1_597' title='bbox 2282 3342 2377 3397; x_wconf 88' lang='lat' dir='ltr'><strong>sed</strong></span> <span class='ocrx_word' id='word_1_598' title='bbox 2402 3357 2508 3397; x_wconf 92' lang='lat' dir='ltr'><strong>non</strong></span> <span class='ocrx_word' id='word_1_599' title='bbox 2525 3343 2817 3399; x_wconf 89' lang='lat' dir='ltr'><strong>secundum</strong></span> <span class='ocrx_word' id='word_1_600' title='bbox 2836 3349 3319 3404; x_wconf 85' lang='lat' dir='ltr'><strong>commutationem</strong></span> <span class='ocrx_word' id='word_1_601' title='bbox 3340 3351 3497 3422; x_wconf 83' lang='lat' dir='ltr'><strong>agni-</strong></span> 
     </span>
    </p>
   </div>
   <div class='ocr_carea' id='block_1_79' title="bbox 1915 3432 3495 3508">
    <p class='ocr_par' dir='ltr' id='par_1_79' title="bbox 1915 3432 3495 3508">
     <span class='ocr_line' id='line_1_79' title="bbox 1915 3432 3495 3508; baseline 0.008 -22"><span class='ocrx_word' id='word_1_602' title='bbox 1915 3433 2081 3490; x_wconf 90' lang='lat' dir='ltr'><strong>tionis</strong></span> <span class='ocrx_word' id='word_1_603' title='bbox 2107 3432 2127 3505; x_wconf 96' lang='lat'><strong>(</strong></span> <span class='ocrx_word' id='word_1_604' title='bbox 2150 3434 2265 3503; x_wconf 87' lang='lat' dir='ltr'><strong>ipse</strong></span> <span class='ocrx_word' id='word_1_605' title='bbox 2296 3433 2409 3508; x_wconf 67' lang='grc'>(45)</span> <span class='ocrx_word' id='word_1_606' title='bbox 2438 3436 2581 3491; x_wconf 91' lang='lat' dir='ltr'><strong>enim</strong></span> <span class='ocrx_word' id='word_1_607' title='bbox 2622 3436 2883 3494; x_wconf 90' lang='lat' dir='ltr'><strong>Dominus</strong></span> <span class='ocrx_word' id='word_1_608' title='bbox 2905 3450 3241 3508; x_wconf 83' lang='lat' dir='ltr'><strong>perseverat,</strong></span> <span class='ocrx_word' id='word_1_609' title='bbox 3272 3451 3326 3497; x_wconf 88' lang='lat' dir='ltr'><strong>et</strong></span> <span class='ocrx_word' id='word_1_610' title='bbox 3352 3444 3495 3499; x_wconf 83' lang='lat' dir='ltr'><strong>idem</strong></span> 
     </span>
    </p>
   </div>
   <div class='ocr_carea' id='block_1_80' title="bbox 1912 3522 3492 3604">
    <p class='ocr_par' dir='ltr' id='par_1_80' title="bbox 1912 3522 3492 3604">
     <span class='ocr_line' id='line_1_80' title="bbox 1912 3522 3492 3604; baseline 0.008 -26"><span class='ocrx_word' id='word_1_611' title='bbox 1912 3522 2079 3579; x_wconf 89' lang='lat' dir='ltr'><strong>Pater</strong></span> <span class='ocrx_word' id='word_1_612' title='bbox 2110 3524 2427 3599; x_wconf 83' lang='lat' dir='ltr'><strong>rerelatur);</strong></span> <span class='ocrx_word' id='word_1_613' title='bbox 2457 3528 2537 3583; x_wconf 91' lang='lat' dir='ltr'><strong>sic</strong></span> <span class='ocrx_word' id='word_1_614' title='bbox 2559 3537 2761 3599; x_wconf 77' lang='lat' dir='ltr'><strong>ergoet</strong></span> <span class='ocrx_word' id='word_1_615' title='bbox 2784 3531 3177 3600; x_wconf 89' lang='lat' dir='ltr'><strong>posterioribus</strong></span> <span class='ocrx_word' id='word_1_616' title='bbox 3208 3533 3492 3604; x_wconf 87' lang='lat' dir='ltr'><strong>majorem,</strong></span> 
     </span>
    </p>
   </div>
   <div class='ocr_carea' id='block_1_81' title="bbox 1915 3618 3494 3687">
    <p class='ocr_par' dir='ltr' id='par_1_81' title="bbox 1915 3618 3494 3687">
     <span class='ocr_line' id='line_1_81' title="bbox 1915 3618 3494 3687; baseline 0.009 -20"><span class='ocrx_word' id='word_1_617' title='bbox 1915 3631 2078 3687; x_wconf 88' lang='lat' dir='ltr'><strong>quam</strong></span> <span class='ocrx_word' id='word_1_618' title='bbox 2107 3632 2227 3687; x_wconf 67' lang='lat' dir='ltr'><strong>qua:</strong></span> <span class='ocrx_word' id='word_1_619' title='bbox 2251 3618 2353 3673; x_wconf 89' lang='lat' dir='ltr'><strong>fuit</strong></span> <span class='ocrx_word' id='word_1_620' title='bbox 2377 3619 2431 3673; x_wconf 91' lang='lat' dir='ltr'><strong>in</strong></span> <span class='ocrx_word' id='word_1_621' title='bbox 2453 3620 2622 3674; x_wconf 80' lang='lat' dir='ltr'><strong>reteri</strong></span> <span class='ocrx_word' id='word_1_622' title='bbox 2654 3630 3005 3684; x_wconf 88' lang='lat' dir='ltr'><strong>testamento.</strong></span> <span class='ocrx_word' id='word_1_623' title='bbox 3060 3626 3494 3681; x_wconf 88' lang='lat' dir='ltr'><strong>munerationem</strong></span> 
     </span>
    </p>
   </div>
   <div class='ocr_carea' id='block_1_82' title="bbox 1916 3706 3496 3782">
    <p class='ocr_par' dir='ltr' id='par_1_82' title="bbox 1916 3706 3496 3782">
     <span class='ocr_line' id='line_1_82' title="bbox 1916 3706 3496 3782; baseline 0.008 -23"><span class='ocrx_word' id='word_1_624' title='bbox 1916 3706 2106 3777; x_wconf 71' lang='lat' dir='ltr'><strong>gratia:</strong></span> <span class='ocrx_word' id='word_1_625' title='bbox 2132 3707 2382 3762; x_wconf 79' lang='lat' dir='ltr'><strong>attribuit</strong></span> <span class='ocrx_word' id='word_1_626' title='bbox 2401 3723 2540 3764; x_wconf 92' lang='lat' dir='ltr'><strong>unus</strong></span> <span class='ocrx_word' id='word_1_627' title='bbox 2560 3722 2614 3765; x_wconf 93' lang='lat' dir='ltr'><strong>et</strong></span> <span class='ocrx_word' id='word_1_628' title='bbox 2640 3711 2780 3766; x_wconf 91' lang='lat' dir='ltr'><strong>idem</strong></span> <span class='ocrx_word' id='word_1_629' title='bbox 2804 3711 3068 3768; x_wconf 89' lang='lat' dir='ltr'><strong>Dominus</strong></span> <span class='ocrx_word' id='word_1_630' title='bbox 3091 3729 3187 3782; x_wconf 82' lang='lat' dir='ltr'><strong>per</strong></span> <span class='ocrx_word' id='word_1_631' title='bbox 3216 3730 3374 3771; x_wconf 89' lang='lat' dir='ltr'><strong>suum</strong></span> <span class='ocrx_word' id='word_1_632' title='bbox 3397 3719 3496 3771; x_wconf 77' lang='lat' dir='ltr'><strong>ati-</strong></span> 
     </span>
    </p>
   </div>
   <div class='ocr_carea' id='block_1_83' title="bbox 1920 3796 3492 3869">
    <p class='ocr_par' dir='ltr' id='par_1_83' title="bbox 1920 3796 3492 3869">
     <span class='ocr_line' id='line_1_83' title="bbox 1920 3796 3492 3869; baseline 0.01 -22"><span class='ocrx_word' id='word_1_633' title='bbox 1920 3808 2169 3851; x_wconf 66' lang='lat' dir='ltr'><strong>ventum.</strong></span> <span class='ocrx_word' id='word_1_634' title='bbox 2203 3796 2269 3851; x_wconf 83' lang='lat' dir='ltr'><strong>Et</strong></span> <span class='ocrx_word' id='word_1_635' title='bbox 2291 3797 2370 3852; x_wconf 90' lang='lat' dir='ltr'><strong>illi</strong></span> <span class='ocrx_word' id='word_1_636' title='bbox 2418 3798 2561 3854; x_wconf 90' lang='lat' dir='ltr'><strong>enim</strong></span> <span class='ocrx_word' id='word_1_637' title='bbox 2589 3815 2688 3869; x_wconf 89' lang='lat' dir='ltr'><strong>per</strong></span> <span class='ocrx_word' id='word_1_638' title='bbox 2727 3801 2958 3858; x_wconf 82' lang='lat' dir='ltr'><strong>famulos</strong></span> <span class='ocrx_word' id='word_1_639' title='bbox 2980 3804 3273 3859; x_wconf 80' lang='lat' dir='ltr'><strong>audiebant</strong></span> <span class='ocrx_word' id='word_1_640' title='bbox 3295 3817 3492 3861; x_wconf 78' lang='lat' dir='ltr'><strong>ventu-</strong></span> 
     </span>
    </p>
   </div>
   <div class='ocr_carea' id='block_1_84' title="bbox 1918 3889 3497 3969">
    <p class='ocr_par' dir='ltr' id='par_1_84' title="bbox 1918 3889 3497 3969">
     <span class='ocr_line' id='line_1_84' title="bbox 1918 3889 3497 3969; baseline 0.008 -30"><span class='ocrx_word' id='word_1_641' title='bbox 1918 3901 2037 3940; x_wconf 91' lang='lat' dir='ltr'><strong>rum</strong></span> <span class='ocrx_word' id='word_1_642' title='bbox 2069 3901 2276 3957; x_wconf 82' lang='lat' dir='ltr'><strong>regem,</strong></span> <span class='ocrx_word' id='word_1_643' title='bbox 2314 3898 2371 3943; x_wconf 92' lang='lat' dir='ltr'><strong>et</strong></span> <span class='ocrx_word' id='word_1_644' title='bbox 2398 3889 2749 3947; x_wconf 86' lang='lat' dir='ltr'><strong>mediocriter</strong></span> <span class='ocrx_word' id='word_1_645' title='bbox 2775 3894 3085 3963; x_wconf 87' lang='lat' dir='ltr'><strong>gaudebant</strong></span> <span class='ocrx_word' id='word_1_646' title='bbox 3133 3894 3269 3969; x_wconf 73' lang='grc'>(46),</span> <span class='ocrx_word' id='word_1_647' title='bbox 3298 3912 3497 3953; x_wconf 83' lang='lat' dir='ltr'><strong>secun-</strong></span> 
     </span>
    </p>
   </div>
   <div class='ocr_carea' id='block_1_85' title="bbox 1915 3976 3493 4058">
    <p class='ocr_par' dir='ltr' id='par_1_85' title="bbox 1915 3976 3493 4058">
     <span class='ocr_line' id='line_1_85' title="bbox 1915 3976 3493 4058; baseline 0.009 -27"><span class='ocrx_word' id='word_1_648' title='bbox 1915 3976 2042 4031; x_wconf 90' lang='lat' dir='ltr'><strong>dum</strong></span> <span class='ocrx_word' id='word_1_649' title='bbox 2092 3976 2237 4047; x_wconf 92' lang='lat' dir='ltr'><strong>quod</strong></span> <span class='ocrx_word' id='word_1_650' title='bbox 2285 3978 2578 4043; x_wconf 85' lang='lat' dir='ltr'><strong>sperabant</strong></span> <span class='ocrx_word' id='word_1_651' title='bbox 2630 3990 2918 4037; x_wconf 76' lang='lat' dir='ltr'><strong>venturum</strong></span> <span class='ocrx_word' id='word_1_652' title='bbox 2968 3999 3131 4041; x_wconf 90' lang='lat' dir='ltr'><strong>eum:</strong></span> <span class='ocrx_word' id='word_1_653' title='bbox 3181 3989 3274 4058; x_wconf 80' lang='lat' dir='ltr'><strong>qui</strong></span> <span class='ocrx_word' id='word_1_654' title='bbox 3309 4000 3493 4047; x_wconf 89' lang='lat' dir='ltr'><strong>autem</strong></span> 
     </span>
    </p>
   </div>
   <div class='ocr_carea' id='block_1_86' title="bbox 1920 4067 3494 4150">
    <p class='ocr_par' dir='ltr' id='par_1_86' title="bbox 1920 4067 3494 4150">
     <span class='ocr_line' id='line_1_86' title="bbox 1920 4067 3494 4150; baseline 0.01 -31"><span class='ocrx_word' id='word_1_655' title='bbox 1920 4074 2244 4136; x_wconf 68' lang='lat' dir='ltr'><strong>praesentem</strong></span> <span class='ocrx_word' id='word_1_656' title='bbox 2277 4067 2552 4135; x_wconf 70' lang='lat' dir='ltr'><strong>viderunt,</strong></span> <span class='ocrx_word' id='word_1_657' title='bbox 2600 4080 2655 4125; x_wconf 89' lang='lat' dir='ltr'><strong>et</strong></span> <span class='ocrx_word' id='word_1_658' title='bbox 2687 4072 2995 4130; x_wconf 88' lang='lat' dir='ltr'><strong>libertatem</strong></span> <span class='ocrx_word' id='word_1_659' title='bbox 3028 4075 3209 4147; x_wconf 88' lang='lat' dir='ltr'><strong>adepti</strong></span> <span class='ocrx_word' id='word_1_660' title='bbox 3242 4087 3298 4133; x_wconf 76' lang='lat' dir='ltr'><strong>et</strong></span> <span class='ocrx_word' id='word_1_661' title='bbox 3334 4077 3494 4150; x_wconf 86' lang='lat' dir='ltr'><strong>potiti</strong></span> 
     </span>
    </p>
   </div>
   <div class='ocr_carea' id='block_1_87' title="bbox 1921 4158 3493 4239">
    <p class='ocr_par' dir='ltr' id='par_1_87' title="bbox 1921 4158 3493 4239">
     <span class='ocr_line' id='line_1_87' title="bbox 1921 4158 3493 4239; baseline 0.008 -25"><span class='ocrx_word' id='word_1_662' title='bbox 1921 4168 2052 4215; x_wconf 90' lang='lat' dir='ltr'><strong>sunt</strong></span> <span class='ocrx_word' id='word_1_663' title='bbox 2094 4158 2213 4227; x_wconf 90' lang='lat' dir='ltr'><strong>ejus</strong></span> <span class='ocrx_word' id='word_1_664' title='bbox 2242 4162 2675 4218; x_wconf 88' lang='lat' dir='ltr'><strong>munerationem</strong></span> <span class='ocrx_word' id='word_1_665' title='bbox 2709 4164 2841 4237; x_wconf 74' lang='grc'>(47),</span> <span class='ocrx_word' id='word_1_666' title='bbox 2875 4166 3134 4233; x_wconf 86' lang='lat' dir='ltr'><strong>majorem</strong></span> <span class='ocrx_word' id='word_1_667' title='bbox 3166 4172 3399 4239; x_wconf 82' lang='lat' dir='ltr'><strong>gratiam</strong></span> <span class='ocrx_word' id='word_1_668' title='bbox 3437 4184 3493 4229; x_wconf 90' lang='lat' dir='ltr'><strong>et</strong></span> 
     </span>
    </p>
   </div>
   <div class='ocr_carea' id='block_1_88' title="bbox 1924 4252 3494 4330">
    <p class='ocr_par' dir='ltr' id='par_1_88' title="bbox 1924 4252 3494 4330">
     <span class='ocr_line' id='line_1_88' title="bbox 1924 4252 3494 4330; baseline 0.01 -26"><span class='ocrx_word' id='word_1_669' title='bbox 1924 4252 2379 4309; x_wconf 84' lang='lat' dir='ltr'><strong>abundantiorem</strong></span> <span class='ocrx_word' id='word_1_670' title='bbox 2410 4255 2831 4311; x_wconf 80' lang='lat' dir='ltr'><strong>exsultationem</strong></span> <span class='ocrx_word' id='word_1_671' title='bbox 2875 4259 3076 4313; x_wconf 85' lang='lat' dir='ltr'><strong>habent</strong></span> <span class='ocrx_word' id='word_1_672' title='bbox 3098 4264 3393 4330; x_wconf 83' lang='lat' dir='ltr'><strong>gaudentes</strong></span> <span class='ocrx_word' id='word_1_673' title='bbox 3426 4267 3494 4319; x_wconf 83' lang='lat' dir='ltr'><strong>de</strong></span> 
     </span>
    </p>
   </div>
   <div class='ocr_carea' id='block_1_89' title="bbox 1915 4344 3488 4417">
    <p class='ocr_par' dir='ltr' id='par_1_89' title="bbox 1915 4344 3488 4417">
     <span class='ocr_line' id='line_1_89' title="bbox 1915 4344 3488 4417; baseline 0.009 -21"><span class='ocrx_word' id='word_1_674' title='bbox 1915 4344 2061 4414; x_wconf 87' lang='lat' dir='ltr'><strong>regis</strong></span> <span class='ocrx_word' id='word_1_675' title='bbox 2120 4345 2401 4411; x_wconf 76' lang='lat' dir='ltr'><strong>adventu,</strong></span> <span class='ocrx_word' id='word_1_676' title='bbox 2451 4347 2902 4417; x_wconf 86' lang='lat' dir='ltr'><strong>quemadmodum</strong></span> <span class='ocrx_word' id='word_1_677' title='bbox 2959 4360 3013 4404; x_wconf 93' lang='lat' dir='ltr'><strong>et</strong></span> <span class='ocrx_word' id='word_1_678' title='bbox 3079 4352 3244 4407; x_wconf 76' lang='lat' dir='ltr'><strong>David</strong></span> <span class='ocrx_word' id='word_1_679' title='bbox 3314 4354 3488 4410; x_wconf 89' lang='lat' dir='ltr'><strong>dicit:</strong></span> 
     </span>
    </p>
   </div>
   <div class='ocr_carea' id='block_1_90' title="bbox 1920 4432 3489 4507">
    <p class='ocr_par' dir='ltr' id='par_1_90' title="bbox 1920 4432 3489 4507">
     <span class='ocr_line' id='line_1_90' title="bbox 1920 4432 3489 4507; baseline 0.01 -23"><span class='ocrx_word' id='word_1_680' title='bbox 1920 4449 1940 4483; x_wconf 86' lang='lat' dir='ltr'><strong>t</strong></span> <span class='ocrx_word' id='word_1_681' title='bbox 1966 4432 2167 4487; x_wconf 73' lang='lat' dir='ltr'><strong>Anima</strong></span> <span class='ocrx_word' id='word_1_682' title='bbox 2193 4449 2313 4488; x_wconf 84' lang='lat' dir='ltr'><strong>mea</strong></span> <span class='ocrx_word' id='word_1_683' title='bbox 2346 4435 2641 4489; x_wconf 77' lang='lat' dir='ltr'><strong>exsultabit</strong></span> <span class='ocrx_word' id='word_1_684' title='bbox 2665 4436 2718 4488; x_wconf 89' lang='lat' dir='ltr'><strong>in</strong></span> <span class='ocrx_word' id='word_1_685' title='bbox 2749 4438 2996 4502; x_wconf 86' lang='lat' dir='ltr'><strong>Domino,</strong></span> <span class='ocrx_word' id='word_1_686' title='bbox 3016 4440 3404 4507; x_wconf 78' lang='lat' dir='ltr'><strong>jucuttdabitur</strong></span> <span class='ocrx_word' id='word_1_687' title='bbox 3433 4444 3489 4499; x_wconf 86' lang='lat' dir='ltr'><strong>in</strong></span> 
     </span>
    </p>
   </div>
   <div class='ocr_carea' id='block_1_91' title="bbox 2414 4526 3486 4606">
    <p class='ocr_par' dir='ltr' id='par_1_91' title="bbox 2414 4526 3486 4606">
     <span class='ocr_line' id='line_1_91' title="bbox 2414 4526 3486 4606; baseline 0.01 -22"><span class='ocrx_word' id='word_1_688' title='bbox 2414 4528 2463 4561; x_wconf 86' lang='lat'>&quot;</span> <span class='ocrx_word' id='word_1_689' title='bbox 2484 4526 2639 4586; x_wconf 87' lang='lat' dir='ltr'><strong>Deut.</strong></span> <span class='ocrx_word' id='word_1_690' title='bbox 2693 4548 2866 4597; x_wconf 67' lang='grc' dir='ltr'><strong>χχιιι,</strong></span> <span class='ocrx_word' id='word_1_691' title='bbox 2906 4535 2960 4587; x_wconf 82' lang='grc'><strong>6.</strong></span> <span class='ocrx_word' id='word_1_692' title='bbox 3038 4533 3085 4567; x_wconf 72' lang='grc' dir='ltr'><strong>τ’</strong></span> <span class='ocrx_word' id='word_1_693' title='bbox 3120 4535 3247 4606; x_wconf 85' lang='lat' dir='ltr'><strong>Cap.</strong></span> <span class='ocrx_word' id='word_1_694' title='bbox 3293 4537 3486 4595; x_wconf 79' lang='lat' dir='ltr'><strong>XXIV.</strong></span> 
     </span>
    </p>
   </div>
   <div class='ocr_carea' id='block_1_92' title="bbox 230 4592 2079 4663">
    <p class='ocr_par' dir='ltr' id='par_1_92' title="bbox 230 4592 2079 4663">
     <span class='ocr_line' id='line_1_92' title="bbox 230 4592 2079 4663; baseline -0.001 -9"><span class='ocrx_word' id='word_1_695' title='bbox 230 4600 281 4637; x_wconf 80' lang='lat'><strong>&quot;</strong></span> <span class='ocrx_word' id='word_1_696' title='bbox 308 4600 499 4657; x_wconf 73' lang='lat' dir='ltr'><strong>Matth.</strong></span> <span class='ocrx_word' id='word_1_697' title='bbox 535 4614 656 4663; x_wconf 82' lang='lat' dir='ltr'><strong>xm,</strong></span> <span class='ocrx_word' id='word_1_698' title='bbox 695 4599 783 4653; x_wconf 82' lang='lat' dir='ltr'><strong>i&#39;i.</strong></span> <span class='ocrx_word' id='word_1_699' title='bbox 857 4595 904 4629; x_wconf 83' lang='lat'><strong>&quot;</strong></span> <span class='ocrx_word' id='word_1_700' title='bbox 930 4592 1071 4651; x_wconf 77' lang='lat' dir='ltr'><strong>Gen.</strong></span> <span class='ocrx_word' id='word_1_701' title='bbox 1109 4607 1153 4661; x_wconf 85' lang='grc' dir='ltr'><strong>ι,</strong></span> <span class='ocrx_word' id='word_1_702' title='bbox 1184 4595 1277 4651; x_wconf 66' lang='lat'><strong>28.</strong></span> <span class='ocrx_word' id='word_1_703' title='bbox 1348 4592 1397 4627; x_wconf 77' lang='grc' dir='ltr'><strong>⁸ο</strong></span> <span class='ocrx_word' id='word_1_704' title='bbox 1447 4594 1640 4648; x_wconf 76' lang='lat' dir='ltr'><strong>Matth.</strong></span> <span class='ocrx_word' id='word_1_705' title='bbox 1690 4609 1818 4660; x_wconf 75' lang='lat' dir='ltr'><strong>xxv,</strong></span> <span class='ocrx_word' id='word_1_706' title='bbox 1869 4596 1962 4661; x_wconf 75' lang='lat' dir='ltr'><strong>2i,</strong></span> <span class='ocrx_word' id='word_1_707' title='bbox 1989 4598 2079 4652; x_wconf 73' lang='lat'><strong>25.</strong></span> 
     </span>
    </p>
   </div>
   <div class='ocr_carea' id='block_1_93' title="bbox 304 4709 1886 4791">
    <p class='ocr_par' dir='ltr' id='par_1_93' title="bbox 304 4709 1886 4791">
     <span class='ocr_line' id='line_1_93' title="bbox 304 4709 1886 4791; baseline -0.004 -18"><span class='ocrx_word' id='word_1_708' title='bbox 304 4714 448 4791; x_wconf 66' lang='grc' dir='ltr'><strong>(255)Δ</strong></span> <span class='ocrx_word' id='word_1_709' title='bbox 465 4714 706 4785; x_wconf 74' lang='lat' dir='ltr'><strong>l.:etiﬁci.</strong></span> <span class='ocrx_word' id='word_1_710' title='bbox 735 4714 812 4769; x_wconf 87' lang='lat' dir='ltr'><strong>ita</strong></span> <span class='ocrx_word' id='word_1_711' title='bbox 833 4712 1095 4791; x_wconf 42' lang='lat' dir='ltr'><strong>Claram”</strong></span> <span class='ocrx_word' id='word_1_712' title='bbox 1118 4709 1349 4791; x_wconf 45' lang='lat' dir='ltr'><strong>Arum},</strong></span> <span class='ocrx_word' id='word_1_713' title='bbox 1367 4709 1525 4791; x_wconf 58' lang='lat' dir='ltr'><strong>Xoss.</strong></span> <span class='ocrx_word' id='word_1_714' title='bbox 1561 4721 1616 4766; x_wconf 90' lang='lat' dir='ltr'><strong>et</strong></span> <span class='ocrx_word' id='word_1_715' title='bbox 1635 4711 1805 4768; x_wconf 84' lang='lat' dir='ltr'><strong>Grab.</strong></span> <span class='ocrx_word' id='word_1_716' title='bbox 1835 4716 1886 4777; x_wconf 85' lang='lat' dir='ltr'><strong>D</strong></span> 
     </span>
    </p>
   </div>
   <div class='ocr_carea' id='block_1_94' title="bbox 228 4780 1701 4860">
    <p class='ocr_par' dir='ltr' id='par_1_94' title="bbox 228 4780 1701 4860">
     <span class='ocr_line' id='line_1_94' title="bbox 228 4780 1701 4860; baseline -0.005 -18"><span class='ocrx_word' id='word_1_717' title='bbox 228 4780 657 4860; x_wconf 37' lang='lat' dir='ltr'><strong>jtiitafGrgecum</strong></span> <span class='ocrx_word' id='word_1_718' title='bbox 688 4782 1004 4860; x_wconf 54' lang='grc' dir='ltr'><strong>χοιρτρςκριοιζ</strong></span> <span class='ocrx_word' id='word_1_719' title='bbox 1023 4780 1701 4860; x_wconf 44' lang='grc' dir='ltr'><strong>(ἔξιθι-ἰηζωιὶιίςαριιπιιυς.</strong></span> 
     </span>
    </p>
   </div>
   <div class='ocr_carea' id='block_1_95' title="bbox 306 4849 1768 4930">
    <p class='ocr_par' dir='ltr' id='par_1_95' title="bbox 306 4849 1768 4930">
     <span class='ocr_line' id='line_1_95' title="bbox 306 4849 1768 4930; baseline -0.003 -20"><span class='ocrx_word' id='word_1_720' title='bbox 306 4855 418 4930; x_wconf 76' lang='lat'>(&#39;56)</span> <span class='ocrx_word' id='word_1_721' title='bbox 469 4855 514 4909; x_wconf 74' lang='grc' dir='ltr'><strong>Α</strong></span> <span class='ocrx_word' id='word_1_722' title='bbox 560 4849 890 4930; x_wconf 57' lang='lat' dir='ltr'><strong>rinol&#39;Editi</strong></span> <span class='ocrx_word' id='word_1_723' title='bbox 935 4852 1131 4930; x_wconf 69' lang='grc' dir='ltr'><strong>ςτῷνρ*</strong></span> <span class='ocrx_word' id='word_1_724' title='bbox 1164 4852 1381 4930; x_wconf 76' lang='lat' dir='ltr'><strong>codices</strong></span> <span class='ocrx_word' id='word_1_725' title='bbox 1426 4851 1625 4930; x_wconf 70' lang='lat' dir='ltr'><strong>habent</strong></span> <span class='ocrx_word' id='word_1_726' title='bbox 1665 4849 1768 4930; x_wconf 64' lang='lat' dir='ltr'><strong>une</strong></span> 
     </span>
    </p>
   </div>
   <div class='ocr_carea' id='block_1_96' title="bbox 232 4920 1777 4993">
    <p class='ocr_par' dir='ltr' id='par_1_96' title="bbox 232 4920 1777 4993">
     <span class='ocr_line' id='line_1_96' title="bbox 232 4920 1777 4993; baseline 0.034 -70"><span class='ocrx_word' id='word_1_727' title='bbox 232 4920 587 4993; x_wconf 43' lang='grc' dir='ltr'><strong>01ὼ⁹,⁸υρετ</strong></span> <span class='ocrx_word' id='word_1_728' title='bbox 607 4926 805 4978; x_wconf 54' lang='lat' dir='ltr'><strong>vinum.</strong></span> <span class='ocrx_word' id='word_1_729' title='bbox 842 4921 949 4977; x_wconf 66' lang='lat' dir='ltr'><strong>Sed</strong></span> <span class='ocrx_word' id='word_1_730' title='bbox 976 4923 1170 4993; x_wconf 70' lang='lat' dir='ltr'><strong>legisse</strong></span> <span class='ocrx_word' id='word_1_731' title='bbox 1188 4922 1411 4993; x_wconf 6' lang='lat' dir='ltr'><strong>(videtur</strong></span> <span class='ocrx_word' id='word_1_732' title='bbox 1432 4920 1667 4993; x_wconf 76' lang='lat' dir='ltr'><strong>irentens</strong></span> <span class='ocrx_word' id='word_1_733' title='bbox 1698 4920 1777 4976; x_wconf 70' lang='lat' dir='ltr'><strong>an:</strong></span> 
     </span>
    </p>
   </div>
   <div class='ocr_carea' id='block_1_97' title="bbox 230 4990 1544 5067">
    <p class='ocr_par' dir='ltr' id='par_1_97' title="bbox 230 4990 1544 5067">
     <span class='ocr_line' id='line_1_97' title="bbox 230 4990 1544 5067; baseline -0.004 -16"><span class='ocrx_word' id='word_1_734' title='bbox 230 4990 409 5067; x_wconf 62' lang='lat' dir='ltr'><strong>niveo,</strong></span> <span class='ocrx_word' id='word_1_735' title='bbox 431 4990 701 5067; x_wconf 73' lang='lat' dir='ltr'><strong>quomodo</strong></span> <span class='ocrx_word' id='word_1_736' title='bbox 725 4994 889 5067; x_wconf 67' lang='lat' dir='ltr'><strong>etiam</strong></span> <span class='ocrx_word' id='word_1_737' title='bbox 914 4990 1081 5067; x_wconf 61' lang='lat' dir='ltr'><strong>liabet</strong></span> <span class='ocrx_word' id='word_1_738' title='bbox 1103 4992 1225 5067; x_wconf 57' lang='lat' dir='ltr'><strong>cod.</strong></span> <span class='ocrx_word' id='word_1_739' title='bbox 1253 4990 1544 5067; x_wconf 78' lang='lat' dir='ltr'><strong>Alexandr.</strong></span> 
     </span>
    </p>
   </div>
   <div class='ocr_carea' id='block_1_98' title="bbox 305 5058 1804 5140">
    <p class='ocr_par' dir='ltr' id='par_1_98' title="bbox 305 5058 1804 5140">
     <span class='ocr_line' id='line_1_98' title="bbox 305 5058 1804 5140; baseline -0.007 -17"><span class='ocrx_word' id='word_1_740' title='bbox 305 5063 420 5140; x_wconf 77' lang='lat'>(37)</span> <span class='ocrx_word' id='word_1_741' title='bbox 451 5058 647 5140; x_wconf 65' lang='lat' dir='ltr'><strong>&#39;Quam</strong></span> <span class='ocrx_word' id='word_1_742' title='bbox 675 5062 904 5140; x_wconf 81' lang='lat' dir='ltr'><strong>lac._Slc</strong></span> <span class='ocrx_word' id='word_1_743' title='bbox 931 5061 1114 5126; x_wconf 84' lang='lat' dir='ltr'><strong>Voss.,</strong></span> <span class='ocrx_word' id='word_1_744' title='bbox 1148 5059 1386 5140; x_wconf 81' lang='lat' dir='ltr'><strong>Clarom.</strong></span> <span class='ocrx_word' id='word_1_745' title='bbox 1423 5058 1701 5140; x_wconf 63' lang='lat' dir='ltr'><strong>(quamvis</strong></span> <span class='ocrx_word' id='word_1_746' title='bbox 1737 5059 1804 5140; x_wconf 83' lang='lat' dir='ltr'><strong>_in</strong></span> 
     </span>
    </p>
   </div>
   <div class='ocr_carea' id='block_1_99' title="bbox 233 5129 1809 5201">
    <p class='ocr_par' dir='ltr' id='par_1_99' title="bbox 233 5129 1809 5201">
     <span class='ocr_line' id='line_1_99' title="bbox 233 5129 1809 5201; baseline -0.006 -8"><span class='ocrx_word' id='word_1_747' title='bbox 233 5129 339 5194; x_wconf 72' lang='lat' dir='ltr'><strong>hoc</strong></span> <span class='ocrx_word' id='word_1_748' title='bbox 367 5129 689 5192; x_wconf 74' lang='lat' dir='ltr'><strong>emendator</strong></span> <span class='ocrx_word' id='word_1_749' title='bbox 719 5132 987 5201; x_wconf 86' lang='lat' dir='ltr'><strong>quispiam</strong></span> <span class='ocrx_word' id='word_1_750' title='bbox 1032 5129 1483 5201; x_wconf 81' lang='lat' dir='ltr'><strong>superscripserit</strong></span> <span class='ocrx_word' id='word_1_751' title='bbox 1513 5141 1625 5194; x_wconf 87' lang='lat' dir='ltr'><strong>tan,</strong></span> <span class='ocrx_word' id='word_1_752' title='bbox 1651 5138 1708 5183; x_wconf 93' lang='lat' dir='ltr'><strong>ut</strong></span> <span class='ocrx_word' id='word_1_753' title='bbox 1737 5129 1809 5183; x_wconf 87' lang='lat' dir='ltr'><strong>le-</strong></span> 
     </span>
    </p>
   </div>
   <div class='ocr_carea' id='block_1_100' title="bbox 234 5200 1801 5276">
    <p class='ocr_par' dir='ltr' id='par_1_100' title="bbox 234 5200 1801 5276">
     <span class='ocr_line' id='line_1_100' title="bbox 234 5200 1801 5276; baseline -0.004 -16"><span class='ocrx_word' id='word_1_754' title='bbox 234 5217 396 5276; x_wconf 76' lang='lat' dir='ltr'><strong>gantr</strong></span> <span class='ocrx_word' id='word_1_755' title='bbox 420 5213 694 5273; x_wconf 76' lang='lat' dir='ltr'><strong>umquam,</strong></span> <span class='ocrx_word' id='word_1_756' title='bbox 726 5200 868 5276; x_wconf 81' lang='lat' dir='ltr'><strong>haud</strong></span> <span class='ocrx_word' id='word_1_757' title='bbox 892 5201 1179 5276; x_wconf 70' lang='lat' dir='ltr'><strong>advertens</strong></span> <span class='ocrx_word' id='word_1_758' title='bbox 1219 5200 1594 5276; x_wconf 71' lang='lat' dir='ltr'><strong>helleuismum</strong></span> <span class='ocrx_word' id='word_1_759' title='bbox 1642 5213 1765 5276; x_wconf 76' lang='lat' dir='ltr'><strong>esse</strong></span> <span class='ocrx_word' id='word_1_760' title='bbox 1785 5238 1801 5263; x_wconf 92' lang='lat'><strong>,</strong></span> 
     </span>
    </p>
   </div>
   <div class='ocr_carea' id='block_1_101' title="bbox 235 5268 1801 5346">
    <p class='ocr_par' dir='ltr' id='par_1_101' title="bbox 235 5268 1801 5346">
     <span class='ocr_line' id='line_1_101' title="bbox 235 5268 1801 5346; baseline -0.005 -16"><span class='ocrx_word' id='word_1_761' title='bbox 235 5268 336 5346; x_wconf 68' lang='lat' dir='ltr'><strong>pro</strong></span> <span class='ocrx_word' id='word_1_762' title='bbox 361 5268 537 5346; x_wconf 61' lang='lat' dir='ltr'><strong>magis</strong></span> <span class='ocrx_word' id='word_1_763' title='bbox 555 5268 719 5346; x_wconf 55' lang='lat' dir='ltr'><strong>quam</strong></span> <span class='ocrx_word' id='word_1_764' title='bbox 762 5272 888 5346; x_wconf 63' lang='lat' dir='ltr'><strong>(ac),</strong></span> <span class='ocrx_word' id='word_1_765' title='bbox 916 5268 1249 5346; x_wconf 71' lang='lat' dir='ltr'><strong>et_Gt&#39;abitts.</strong></span> <span class='ocrx_word' id='word_1_766' title='bbox 1281 5269 1385 5346; x_wconf 57' lang='lat' dir='ltr'><strong>Alii</strong></span> <span class='ocrx_word' id='word_1_767' title='bbox 1411 5268 1801 5346; x_wconf 44' lang='lat' dir='ltr'><strong>tanquanilac.</strong></span> 
     </span>
    </p>
   </div>
   <div class='ocr_carea' id='block_1_102' title="bbox 308 5338 1803 5429">
    <p class='ocr_par' dir='ltr' id='par_1_102' title="bbox 308 5338 1803 5429">
     <span class='ocr_line' id='line_1_102' title="bbox 308 5338 1803 5429; baseline -0.005 -29"><span class='ocrx_word' id='word_1_768' title='bbox 308 5346 428 5429; x_wconf 69' lang='lat'>(38)</span> <span class='ocrx_word' id='word_1_769' title='bbox 452 5338 643 5429; x_wconf 63' lang='lat' dir='ltr'><strong>Dictis.</strong></span> <span class='ocrx_word' id='word_1_770' title='bbox 667 5343 766 5429; x_wconf 79' lang='lat' dir='ltr'><strong>Sic</strong></span> <span class='ocrx_word' id='word_1_771' title='bbox 780 5342 1009 5429; x_wconf 38' lang='lat' dir='ltr'><strong>Feuugrd.</strong></span> <span class='ocrx_word' id='word_1_772' title='bbox 1036 5344 1087 5395; x_wconf 93' lang='lat' dir='ltr'><strong>in</strong></span> <span class='ocrx_word' id='word_1_773' title='bbox 1104 5340 1407 5409; x_wconf 83' lang='lat' dir='ltr'><strong>marg.,Cla</strong></span> <span class='ocrx_word' id='word_1_774' title='bbox 1418 5338 1552 5395; x_wconf 86' lang='lat' dir='ltr'><strong>rom.</strong></span> <span class='ocrx_word' id='word_1_775' title='bbox 1573 5350 1625 5393; x_wconf 90' lang='lat' dir='ltr'><strong>et</strong></span> <span class='ocrx_word' id='word_1_776' title='bbox 1646 5338 1803 5393; x_wconf 84' lang='lat' dir='ltr'><strong>Voss.</strong></span> 
     </span>
    </p>
   </div>
   <div class='ocr_carea' id='block_1_103' title="bbox 232 5411 980 5477">
    <p class='ocr_par' dir='ltr' id='par_1_103' title="bbox 232 5411 980 5477">
     <span class='ocr_line' id='line_1_103' title="bbox 232 5411 980 5477; baseline -0.013 -4"><span class='ocrx_word' id='word_1_777' title='bbox 232 5411 340 5473; x_wconf 72' lang='lat' dir='ltr'><strong>Alii</strong></span> <span class='ocrx_word' id='word_1_778' title='bbox 359 5411 539 5469; x_wconf 78' lang='lat' dir='ltr'><strong>minus</strong></span> <span class='ocrx_word' id='word_1_779' title='bbox 559 5415 718 5477; x_wconf 80' lang='lat' dir='ltr'><strong>bene,</strong></span> <span class='ocrx_word' id='word_1_780' title='bbox 744 5411 980 5465; x_wconf 79' lang='lat' dir='ltr'><strong>occultis.</strong></span> 
     </span>
    </p>
   </div>
   <div class='ocr_carea' id='block_1_104' title="bbox 306 5476 1808 5557">
    <p class='ocr_par' dir='ltr' id='par_1_104' title="bbox 306 5476 1808 5557">
     <span class='ocr_line' id='line_1_104' title="bbox 306 5476 1808 5557; baseline -0.005 -16"><span class='ocrx_word' id='word_1_781' title='bbox 306 5484 420 5557; x_wconf 71' lang='lat'>(39)</span> <span class='ocrx_word' id='word_1_782' title='bbox 454 5476 709 5553; x_wconf 75' lang='lat' dir='ltr'><strong>Spiritum</strong></span> <span class='ocrx_word' id='word_1_783' title='bbox 735 5491 995 5535; x_wconf 79' lang='lat' dir='ltr'><strong>sanctum.</strong></span> <span class='ocrx_word' id='word_1_784' title='bbox 1031 5478 1287 5535; x_wconf 79' lang='lat' dir='ltr'><strong>Sanctum</strong></span> <span class='ocrx_word' id='word_1_785' title='bbox 1337 5476 1518 5532; x_wconf 87' lang='lat' dir='ltr'><strong>addidi</strong></span> <span class='ocrx_word' id='word_1_786' title='bbox 1566 5492 1633 5533; x_wconf 79' lang='lat' dir='ltr'><strong>ex</strong></span> <span class='ocrx_word' id='word_1_787' title='bbox 1683 5476 1808 5533; x_wconf 86' lang='lat' dir='ltr'><strong>cod.</strong></span> 
     </span>
    </p>
   </div>
   <div class='ocr_carea' id='block_1_105' title="bbox 230 5554 475 5613">
    <p class='ocr_par' dir='ltr' id='par_1_105' title="bbox 230 5554 475 5613">
     <span class='ocr_line' id='line_1_105' title="bbox 230 5554 475 5613; baseline -0.029 -1"><span class='ocrx_word' id='word_1_788' title='bbox 230 5554 475 5613; x_wconf 75' lang='lat' dir='ltr'><strong>Clarum.</strong></span> 
     </span>
    </p>
   </div>
   <div class='ocr_carea' id='block_1_106' title="bbox 308 5617 1808 5700">
    <p class='ocr_par' dir='ltr' id='par_1_106' title="bbox 308 5617 1808 5700">
     <span class='ocr_line' id='line_1_106' title="bbox 308 5617 1808 5700; baseline -0.006 -20"><span class='ocrx_word' id='word_1_789' title='bbox 308 5623 420 5700; x_wconf 67' lang='lat' dir='ltr'>(t9)</span> <span class='ocrx_word' id='word_1_790' title='bbox 482 5621 719 5679; x_wconf 73' lang='lat' dir='ltr'><strong>Seruum.</strong></span> <span class='ocrx_word' id='word_1_791' title='bbox 748 5621 917 5677; x_wconf 81' lang='lat' dir='ltr'><strong>Suum</strong></span> <span class='ocrx_word' id='word_1_792' title='bbox 970 5619 1213 5676; x_wconf 86' lang='lat' dir='ltr'><strong>additum</strong></span> <span class='ocrx_word' id='word_1_793' title='bbox 1286 5618 1341 5673; x_wconf 90' lang='lat' dir='ltr'><strong>in</strong></span> <span class='ocrx_word' id='word_1_794' title='bbox 1364 5617 1518 5672; x_wconf 89' lang='lat' dir='ltr'><strong>editt.</strong></span> <span class='ocrx_word' id='word_1_795' title='bbox 1554 5618 1707 5674; x_wconf 87' lang='lat' dir='ltr'><strong>deest</strong></span> <span class='ocrx_word' id='word_1_796' title='bbox 1752 5617 1808 5673; x_wconf 90' lang='lat' dir='ltr'><strong>in</strong></span> 
     </span>
    </p>
   </div>
   <div class='ocr_carea' id='block_1_107' title="bbox 232 5696 651 5750">
    <p class='ocr_par' dir='ltr' id='par_1_107' title="bbox 232 5696 651 5750">
     <span class='ocr_line' id='line_1_107' title="bbox 232 5696 651 5750; baseline -0.002 0"><span class='ocrx_word' id='word_1_797' title='bbox 232 5696 487 5750; x_wconf 78' lang='lat' dir='ltr'><strong>omnibus</strong></span> <span class='ocrx_word' id='word_1_798' title='bbox 518 5708 651 5750; x_wconf 91' lang='lat' dir='ltr'><strong>mss.</strong></span> 
     </span>
    </p>
   </div>
   <div class='ocr_carea' id='block_1_108' title="bbox 230 5756 1519 5837">
    <p class='ocr_par' dir='ltr' id='par_1_108' title="bbox 230 5756 1519 5837">
     <span class='ocr_line' id='line_1_108' title="bbox 230 5756 1519 5837; baseline -0.007 -15"><span class='ocrx_word' id='word_1_799' title='bbox 230 5788 237 5789; x_wconf 48' lang='grc' dir='ltr'><em>ν</em></span> <span class='ocrx_word' id='word_1_800' title='bbox 305 5763 417 5837; x_wconf 76' lang='grc' dir='ltr'>(Η)</span> <span class='ocrx_word' id='word_1_801' title='bbox 472 5761 871 5831; x_wconf 73' lang='grc' dir='ltr'><strong>Ιηιοτηιριειιιι.</strong></span> <span class='ocrx_word' id='word_1_802' title='bbox 910 5760 1017 5825; x_wconf 75' lang='lat' dir='ltr'><strong>AL,</strong></span> <span class='ocrx_word' id='word_1_803' title='bbox 1052 5756 1519 5830; x_wconf 78' lang='lat' dir='ltr'><strong>incorruptibilent.</strong></span> 
     </span>
    </p>
   </div>
   <div class='ocr_carea' id='block_1_109' title="bbox 551 5855 1152 5919">
    <p class='ocr_par' dir='ltr' id='par_1_109' title="bbox 551 5855 1152 5919">
     <span class='ocr_line' id='line_1_109' title="bbox 551 5855 1152 5919; baseline -0.003 0"><span class='ocrx_word' id='word_1_804' title='bbox 551 5860 823 5919; x_wconf 71' lang='grc' dir='ltr'><strong>Ριτιιοι..</strong></span> <span class='ocrx_word' id='word_1_805' title='bbox 861 5858 980 5917; x_wconf 84' lang='lat' dir='ltr'><strong>Gtt.</strong></span> <span class='ocrx_word' id='word_1_806' title='bbox 1013 5855 1152 5918; x_wconf 81' lang='lat' dir='ltr'><strong>VII.</strong></span> 
     </span>
    </p>
   </div>
   <div class='ocr_carea' id='block_1_110' title="bbox 1982 4714 3485 4789">
    <p class='ocr_par' dir='ltr' id='par_1_110' title="bbox 1982 4714 3485 4789">
     <span class='ocr_line' id='line_1_110' title="bbox 1982 4714 3485 4789; baseline 0.01 -19"><span class='ocrx_word' id='word_1_807' title='bbox 1982 4714 2096 4789; x_wconf 65' lang='grc' dir='ltr'>(Β)</span> <span class='ocrx_word' id='word_1_808' title='bbox 2145 4718 2228 4772; x_wconf 75' lang='lat' dir='ltr'><strong>Ad</strong></span> <span class='ocrx_word' id='word_1_809' title='bbox 2259 4719 2447 4775; x_wconf 80' lang='lat' dir='ltr'><strong>Deum.</strong></span> <span class='ocrx_word' id='word_1_810' title='bbox 2482 4721 2648 4776; x_wconf 89' lang='lat' dir='ltr'><strong>Editt.</strong></span> <span class='ocrx_word' id='word_1_811' title='bbox 2676 4723 2860 4777; x_wconf 89' lang='lat' dir='ltr'><strong>minus</strong></span> <span class='ocrx_word' id='word_1_812' title='bbox 2904 4725 3058 4785; x_wconf 86' lang='lat' dir='ltr'><strong>bene,</strong></span> <span class='ocrx_word' id='word_1_813' title='bbox 3113 4743 3145 4780; x_wconf 79' lang='grc' dir='ltr'><strong>(ι</strong></span> <span class='ocrx_word' id='word_1_814' title='bbox 3173 4725 3317 4781; x_wconf 88' lang='lat' dir='ltr'><strong>Deo:</strong></span> <span class='ocrx_word' id='word_1_815' title='bbox 3356 4744 3485 4785; x_wconf 85' lang='lat' dir='ltr'><strong>nam</strong></span> 
     </span>
    </p>
   </div>
   <div class='ocr_carea' id='block_1_111' title="bbox 1914 4790 3130 4873">
    <p class='ocr_par' dir='ltr' id='par_1_111' title="bbox 1914 4790 3130 4873">
     <span class='ocr_line' id='line_1_111' title="bbox 1914 4790 3130 4873; baseline 0.007 -32"><span class='ocrx_word' id='word_1_816' title='bbox 1914 4790 2338 4873; x_wconf 49' lang='lat' dir='ltr'><strong>mea-sequitur,</strong></span> <span class='ocrx_word' id='word_1_817' title='bbox 2361 4806 2565 4873; x_wconf 62' lang='lat' dir='ltr'><strong>semper</strong></span> <span class='ocrx_word' id='word_1_818' title='bbox 2580 4792 2819 4873; x_wconf 73' lang='lat' dir='ltr'><strong>proﬁciet</strong></span> <span class='ocrx_word' id='word_1_819' title='bbox 2844 4793 2915 4846; x_wconf 86' lang='lat' dir='ltr'><strong>ad</strong></span> <span class='ocrx_word' id='word_1_820' title='bbox 2945 4794 3130 4849; x_wconf 82' lang='lat' dir='ltr'><strong>Deum.</strong></span> 
     </span>
    </p>
   </div>
   <div class='ocr_carea' id='block_1_112' title="bbox 1984 4854 2923 4998">
    <p class='ocr_par' dir='ltr' id='par_1_112' title="bbox 1984 4854 2923 4998">
     <span class='ocr_line' id='line_1_112' title="bbox 1984 4854 2923 4998; baseline 0.011 -89"><span class='ocrx_word' id='word_1_821' title='bbox 1984 4854 2098 4998; x_wconf 48' lang='grc'>(45)</span> <span class='ocrx_word' id='word_1_822' title='bbox 2142 4854 2415 4914; x_wconf 71' lang='lat' dir='ltr'><strong>Inventus.</strong></span> <span class='ocrx_word' id='word_1_823' title='bbox 2450 4854 2640 4925; x_wconf 78' lang='lat' dir='ltr'><strong>Editt.,</strong></span> <span class='ocrx_word' id='word_1_824' title='bbox 2668 4854 2923 4919; x_wconf 79' lang='lat' dir='ltr'><strong>intentus.</strong></span> 
     </span>
     <span class='ocr_line' id='line_1_113' title="bbox 2006 4927 2923 4998; baseline 0.007 -18"><span class='ocrx_word' id='word_1_825' title='bbox 2006 4928 2076 4998; x_wconf 63' lang='grc' dir='ltr'>Η</span> <span class='ocrx_word' id='word_1_826' title='bbox 2117 4927 2304 4994; x_wconf 81' lang='lat' dir='ltr'><strong>Ipsa...</strong></span> <span class='ocrx_word' id='word_1_827' title='bbox 2322 4929 2607 4998; x_wconf 85' lang='lat' dir='ltr'><strong>plurimum</strong></span> <span class='ocrx_word' id='word_1_828' title='bbox 2619 4932 2923 4998; x_wconf 77' lang='lat' dir='ltr'><strong>promittent</strong></span> 
     </span>
    </p>
   </div>
   <div class='ocr_carea' id='block_1_113' title="bbox 2008 4927 3462 4999">
    <p class='ocr_par' dir='ltr' id='par_1_113' title="bbox 2008 4927 3462 4999">
     <span class='ocr_line' id='line_1_114' title="bbox 2008 4927 3462 4999; baseline 0.01 -18"><span class='ocrx_word' id='word_1_829' title='bbox 2008 4927 2098 4999; x_wconf 62' lang='lat' dir='ltr'>M)</span> <span class='ocrx_word' id='word_1_830' title='bbox 2117 4927 2144 4999; x_wconf 86' lang='lat' dir='ltr'><strong>l</strong></span> <span class='ocrx_word' id='word_1_831' title='bbox 2150 4944 2304 4999; x_wconf 81' lang='lat' dir='ltr'><strong>pse...</strong></span> <span class='ocrx_word' id='word_1_832' title='bbox 2322 4929 2607 4999; x_wconf 85' lang='lat' dir='ltr'><strong>plurimum</strong></span> <span class='ocrx_word' id='word_1_833' title='bbox 2619 4932 2950 4998; x_wconf 81' lang='lat' dir='ltr'><strong>promittens.</strong></span> <span class='ocrx_word' id='word_1_834' title='bbox 2972 4932 3061 4989; x_wconf 91' lang='lat' dir='ltr'><strong>Sic</strong></span> <span class='ocrx_word' id='word_1_835' title='bbox 3079 4945 3233 4992; x_wconf 80' lang='lat' dir='ltr'><strong>vetus</strong></span> <span class='ocrx_word' id='word_1_836' title='bbox 3250 4935 3292 4990; x_wconf 88' lang='lat' dir='ltr'><strong>F</strong></span> <span class='ocrx_word' id='word_1_837' title='bbox 3295 4953 3391 4991; x_wconf 85' lang='lat' dir='ltr'><strong>eua</strong></span> <span class='ocrx_word' id='word_1_838' title='bbox 3401 4937 3462 4996; x_wconf 88' lang='lat' dir='ltr'><strong>rd</strong></span> 
     </span>
    </p>
   </div>
   <div class='ocr_carea' id='block_1_114' title="bbox 1913 4997 3482 5077">
    <p class='ocr_par' dir='ltr' id='par_1_114' title="bbox 1913 4997 3482 5077">
     <span class='ocr_line' id='line_1_115' title="bbox 1913 4997 3482 5077; baseline 0.009 -28"><span class='ocrx_word' id='word_1_839' title='bbox 1913 4997 2347 5077; x_wconf 46' lang='lat' dir='ltr'><strong>cod.,&#39;Clarom.</strong></span> <span class='ocrx_word' id='word_1_840' title='bbox 2381 5008 2446 5077; x_wconf 85' lang='lat' dir='ltr'><strong>_et</strong></span> <span class='ocrx_word' id='word_1_841' title='bbox 2512 4997 2666 5077; x_wconf 76' lang='lat' dir='ltr'><strong>Vo_s_s.</strong></span> <span class='ocrx_word' id='word_1_842' title='bbox 2724 5001 2829 5054; x_wconf 84' lang='lat' dir='ltr'><strong>Alii</strong></span> <span class='ocrx_word' id='word_1_843' title='bbox 2892 5019 3225 5077; x_wconf 74' lang='lat' dir='ltr'><strong>perpet&#39;nttt.</strong></span> <span class='ocrx_word' id='word_1_844' title='bbox 3280 5008 3482 5077; x_wconf 85' lang='lat' dir='ltr'><strong>ipse....</strong></span> 
     </span>
    </p>
   </div>
   <div class='ocr_carea' id='block_1_115' title="bbox 1911 5066 3483 5143">
    <p class='ocr_par' dir='ltr' id='par_1_115' title="bbox 1911 5066 3483 5143">
     <span class='ocr_line' id='line_1_116' title="bbox 1911 5066 3483 5143; baseline 0.011 -29"><span class='ocrx_word' id='word_1_845' title='bbox 1911 5066 2203 5131; x_wconf 82' lang='lat' dir='ltr'><strong>plurimum</strong></span> <span class='ocrx_word' id='word_1_846' title='bbox 2224 5068 2550 5143; x_wconf 71' lang='lat' dir='ltr'><strong>promittens.</strong></span> <span class='ocrx_word' id='word_1_847' title='bbox 2582 5070 2706 5143; x_wconf 63' lang='lat' dir='ltr'><strong>llaec</strong></span> <span class='ocrx_word' id='word_1_848' title='bbox 2732 5086 2858 5125; x_wconf 77' lang='lat' dir='ltr'><strong>vero</strong></span> <span class='ocrx_word' id='word_1_849' title='bbox 2881 5066 2947 5127; x_wconf 77' lang='lat' dir='ltr'><strong>ad</strong></span> <span class='ocrx_word' id='word_1_850' title='bbox 2978 5066 3359 5143; x_wconf 57' lang='lat' dir='ltr'><strong>praecedentia,</strong></span> <span class='ocrx_word' id='word_1_851' title='bbox 3381 5078 3483 5132; x_wconf 55' lang='lat' dir='ltr'><strong>dae</strong></span> 
     </span>
    </p>
   </div>
   <div class='ocr_carea' id='block_1_116' title="bbox 1914 5137 3485 5213">
    <p class='ocr_par' dir='ltr' id='par_1_116' title="bbox 1914 5137 3485 5213">
     <span class='ocr_line' id='line_1_117' title="bbox 1914 5137 3485 5213; baseline 0.01 -27"><span class='ocrx_word' id='word_1_852' title='bbox 1914 5145 2089 5188; x_wconf 85' lang='lat' dir='ltr'><strong>turum</strong></span> <span class='ocrx_word' id='word_1_853' title='bbox 2116 5154 2170 5191; x_wconf 87' lang='lat' dir='ltr'><strong>se</strong></span> <span class='ocrx_word' id='word_1_854' title='bbox 2197 5137 2465 5213; x_wconf 71' lang='lat' dir='ltr'><strong>pollicitus</strong></span> <span class='ocrx_word' id='word_1_855' title='bbox 2482 5149 2580 5199; x_wconf 87' lang='lat' dir='ltr'><strong>est.</strong></span> <span class='ocrx_word' id='word_1_856' title='bbox 2597 5140 2955 5213; x_wconf 86' lang='lat' dir='ltr'><strong>_rei&#39;eruntnr;</strong></span> <span class='ocrx_word' id='word_1_857' title='bbox 2979 5137 3085 5197; x_wconf 73' lang='lat' dir='ltr'><strong>nec</strong></span> <span class='ocrx_word' id='word_1_858' title='bbox 3116 5137 3485 5213; x_wconf 44' lang='lat' dir='ltr'><strong>proinde&#39;cure</strong></span> 
     </span>
    </p>
   </div>
   <div class='ocr_carea' id='block_1_117' title="bbox 1910 5208 3483 5286">
    <p class='ocr_par' dir='ltr' id='par_1_117' title="bbox 1910 5208 3483 5286">
     <span class='ocr_line' id='line_1_118' title="bbox 1910 5208 3483 5286; baseline 0.008 -29"><span class='ocrx_word' id='word_1_859' title='bbox 1910 5215 2103 5286; x_wconf 74' lang='lat' dir='ltr'><strong>ruptus</strong></span> <span class='ocrx_word' id='word_1_860' title='bbox 2150 5216 2236 5262; x_wconf 88' lang='lat' dir='ltr'><strong>est</strong></span> <span class='ocrx_word' id='word_1_861' title='bbox 2289 5208 2459 5273; x_wconf 84' lang='lat' dir='ltr'><strong>locus,</strong></span> <span class='ocrx_word' id='word_1_862' title='bbox 2507 5208 2791 5265; x_wconf 87' lang='lat' dir='ltr'><strong>utfrustra</strong></span> <span class='ocrx_word' id='word_1_863' title='bbox 2834 5208 3142 5283; x_wconf 81' lang='lat' dir='ltr'><strong>suspicatur</strong></span> <span class='ocrx_word' id='word_1_864' title='bbox 3171 5214 3483 5272; x_wconf 77' lang='lat' dir='ltr'><strong>Feuarden-</strong></span> 
     </span>
    </p>
   </div>
   <div class='ocr_carea' id='block_1_118' title="bbox 1910 5282 2038 5328">
    <p class='ocr_par' dir='ltr' id='par_1_118' title="bbox 1910 5282 2038 5328">
     <span class='ocr_line' id='line_1_119' title="bbox 1910 5282 2038 5328; baseline 0.008 -2"><span class='ocrx_word' id='word_1_865' title='bbox 1910 5282 2038 5328; x_wconf 90' lang='lat' dir='ltr'><strong>tius.</strong></span> 
     </span>
    </p>
   </div>
   <div class='ocr_carea' id='block_1_119' title="bbox 2004 5342 3478 5416">
    <p class='ocr_par' dir='ltr' id='par_1_119' title="bbox 2004 5342 3478 5416">
     <span class='ocr_line' id='line_1_120' title="bbox 2004 5342 3478 5416; baseline 0.008 -18"><span class='ocrx_word' id='word_1_866' title='bbox 2004 5342 2094 5416; x_wconf 69' lang='grc'><strong>45)</strong></span> <span class='ocrx_word' id='word_1_867' title='bbox 2139 5342 2284 5416; x_wconf 58' lang='lat' dir='ltr'><strong>ipse.</strong></span> <span class='ocrx_word' id='word_1_868' title='bbox 2314 5344 2506 5411; x_wconf 72' lang='grc' dir='ltr'><strong>Αὐτός,</strong></span> <span class='ocrx_word' id='word_1_869' title='bbox 2549 5348 2685 5400; x_wconf 85' lang='lat' dir='ltr'><strong>idem</strong></span> <span class='ocrx_word' id='word_1_870' title='bbox 2709 5348 2886 5416; x_wconf 90' lang='lat' dir='ltr'><strong>potius</strong></span> <span class='ocrx_word' id='word_1_871' title='bbox 2911 5350 3001 5405; x_wconf 88' lang='lat' dir='ltr'><strong>hic</strong></span> <span class='ocrx_word' id='word_1_872' title='bbox 3022 5354 3153 5407; x_wconf 74' lang='lat' dir='ltr'><strong>verti</strong></span> <span class='ocrx_word' id='word_1_873' title='bbox 3179 5354 3478 5409; x_wconf 88' lang='lat' dir='ltr'><strong>debuisset.</strong></span> 
     </span>
    </p>
   </div>
   <div class='ocr_carea' id='block_1_120' title="bbox 2005 5413 3484 5485">
    <p class='ocr_par' dir='ltr' id='par_1_120' title="bbox 2005 5413 3484 5485">
     <span class='ocr_line' id='line_1_121' title="bbox 2005 5413 3484 5485; baseline 0.006 -17"><span class='ocrx_word' id='word_1_874' title='bbox 2005 5413 2097 5485; x_wconf 72' lang='grc'><strong>46)</strong></span> <span class='ocrx_word' id='word_1_875' title='bbox 2136 5413 2230 5468; x_wconf 81' lang='lat' dir='ltr'><strong>Illi</strong></span> <span class='ocrx_word' id='word_1_876' title='bbox 2254 5416 2391 5469; x_wconf 81' lang='lat' dir='ltr'><strong>enim</strong></span> <span class='ocrx_word' id='word_1_877' title='bbox 2415 5433 2505 5485; x_wconf 77' lang='lat' dir='ltr'><strong>per</strong></span> <span class='ocrx_word' id='word_1_878' title='bbox 2534 5413 2765 5485; x_wconf 79' lang='lat' dir='ltr'><strong>famulos</strong></span> <span class='ocrx_word' id='word_1_879' title='bbox 2790 5420 3075 5475; x_wconf 80' lang='lat' dir='ltr'><strong>audiebant</strong></span> <span class='ocrx_word' id='word_1_880' title='bbox 3105 5432 3151 5475; x_wconf 91' lang='lat' dir='ltr'><strong>et</strong></span> <span class='ocrx_word' id='word_1_881' title='bbox 3199 5424 3484 5479; x_wconf 82' lang='lat' dir='ltr'><strong>mediocri-</strong></span> 
     </span>
    </p>
   </div>
   <div class='ocr_carea' id='block_1_121' title="bbox 1912 5487 3484 5559">
    <p class='ocr_par' dir='ltr' id='par_1_121' title="bbox 1912 5487 3484 5559">
     <span class='ocr_line' id='line_1_122' title="bbox 1912 5487 3484 5559; baseline 0.007 -20"><span class='ocrx_word' id='word_1_882' title='bbox 1912 5494 1991 5539; x_wconf 88' lang='lat' dir='ltr'><strong>ter</strong></span> <span class='ocrx_word' id='word_1_883' title='bbox 2016 5487 2335 5559; x_wconf 72' lang='lat' dir='ltr'><strong>gaudebant.</strong></span> <span class='ocrx_word' id='word_1_884' title='bbox 2362 5487 2449 5559; x_wconf 76' lang='lat' dir='ltr'><strong>Al.</strong></span> <span class='ocrx_word' id='word_1_885' title='bbox 2475 5487 2553 5559; x_wconf 72' lang='lat' dir='ltr'><strong>illi</strong></span> <span class='ocrx_word' id='word_1_886' title='bbox 2574 5488 2744 5559; x_wconf 75' lang='lat' dir='ltr'><strong>enim,</strong></span> <span class='ocrx_word' id='word_1_887' title='bbox 2768 5490 2856 5556; x_wconf 85' lang='lat' dir='ltr'><strong>qui</strong></span> <span class='ocrx_word' id='word_1_888' title='bbox 2898 5505 2990 5556; x_wconf 82' lang='lat' dir='ltr'><strong>per</strong></span> <span class='ocrx_word' id='word_1_889' title='bbox 3017 5491 3247 5559; x_wconf 82' lang='lat' dir='ltr'><strong>famulos</strong></span> <span class='ocrx_word' id='word_1_890' title='bbox 3295 5494 3484 5550; x_wconf 54' lang='lat' dir='ltr'><strong>audie‘</strong></span> 
     </span>
    </p>
   </div>
   <div class='ocr_carea' id='block_1_122' title="bbox 1914 5547 3101 5630">
    <p class='ocr_par' dir='ltr' id='par_1_122' title="bbox 1914 5547 3101 5630">
     <span class='ocr_line' id='line_1_123' title="bbox 1914 5547 3101 5630; baseline 0.005 -21"><span class='ocrx_word' id='word_1_891' title='bbox 1914 5547 2134 5630; x_wconf 38' lang='lat' dir='ltr'><strong>cani...</strong></span> <span class='ocrx_word' id='word_1_892' title='bbox 2157 5547 2497 5630; x_wconf 64' lang='lat' dir='ltr'><strong>mediocriter</strong></span> <span class='ocrx_word' id='word_1_893' title='bbox 2517 5556 2659 5630; x_wconf 85' lang='lat' dir='ltr'><strong>(sine</strong></span> <span class='ocrx_word' id='word_1_894' title='bbox 2683 5547 3101 5630; x_wconf 41' lang='lat' dir='ltr'><strong>et&#39;)_&#39;gaudeba&#39;ut.</strong></span> 
     </span>
    </p>
   </div>
   <div class='ocr_carea' id='block_1_123' title="bbox 1987 5624 3480 5696">
    <p class='ocr_par' dir='ltr' id='par_1_123' title="bbox 1987 5624 3480 5696">
     <span class='ocr_line' id='line_1_124' title="bbox 1987 5624 3480 5696; baseline 0.006 -18"><span class='ocrx_word' id='word_1_895' title='bbox 1987 5624 2098 5696; x_wconf 72' lang='grc'>(47)</span> <span class='ocrx_word' id='word_1_896' title='bbox 2146 5624 2583 5696; x_wconf 71' lang='grc' dir='ltr'><strong>Μαήιηιιίοηεήι.</strong></span> <span class='ocrx_word' id='word_1_897' title='bbox 2639 5624 2943 5693; x_wconf 68' lang='lat' dir='ltr'><strong>Sic&#39;Voss.,</strong></span> <span class='ocrx_word' id='word_1_898' title='bbox 2966 5629 3208 5685; x_wconf 87' lang='lat' dir='ltr'><strong>Clarom.</strong></span> <span class='ocrx_word' id='word_1_899' title='bbox 3236 5648 3480 5687; x_wconf 77' lang='lat' dir='ltr'><strong>remune-</strong></span> 
     </span>
    </p>
   </div>
   <div class='ocr_carea' id='block_1_124' title="bbox 1916 5695 2914 5764">
    <p class='ocr_par' dir='ltr' id='par_1_124' title="bbox 1916 5695 2914 5764">
     <span class='ocr_line' id='line_1_125' title="bbox 1916 5695 2914 5764; baseline 0.006 -18"><span class='ocrx_word' id='word_1_900' title='bbox 1916 5695 2170 5749; x_wconf 78' lang='lat' dir='ltr'><strong>rationem</strong></span> <span class='ocrx_word' id='word_1_901' title='bbox 2196 5710 2217 5759; x_wconf 65' lang='grc' dir='ltr'><em>δ</em></span> <span class='ocrx_word' id='word_1_902' title='bbox 2244 5695 2448 5764; x_wconf 61' lang='lat' dir='ltr'><strong>caeteri,</strong></span> <span class='ocrx_word' id='word_1_903' title='bbox 2479 5696 2914 5752; x_wconf 74' lang='lat' dir='ltr'><strong>munerationem.</strong></span> 
     </span>
    </p>
   </div>
   <div class='ocr_carea' id='block_1_125' title="bbox 3169 5860 3247 5916">
    <p class='ocr_par' dir='ltr' id='par_1_125' title="bbox 3169 5860 3247 5916">
     <span class='ocr_line' id='line_1_126' title="bbox 3169 5860 3247 5916; baseline -0.038 0"><span class='ocrx_word' id='word_1_904' title='bbox 3169 5860 3247 5916; x_wconf 65' lang='lat'><strong>39</strong></span> 
     </span>
    </p>
   </div>
  </div>
