4222 6320
785 396 885 456 991

1538 389 1596 448 S.
1631 387 1891 446 [RENEl
1922 383 2234 444 EPISCOPI
2270 376 2755 439 LCCDUNENSlS
2791 375 2879 431 ET
2919 370 3273 430 MARTYRIS

3924 365 4027 424 992

786 519 879 589 qui
931 514 1060 570 fecit
1086 514 1281 570 cceltun
1311 522 1365 568 et
1392 519 1592 567 terram
1613 553 1631 580 ,
1662 513 1808 567 hunc
1845 512 2010 566 Deum
2056 508 2355 564 conlitcha-
2383 515 2430 571 Α
2457 502 2661 573 ligione
2681 498 2980 556 extrahens
3012 511 3132 561 nos,
3166 504 3221 589 et
3249 509 3278 548 a
3313 490 3466 546 duris
3488 488 3599 562 (76)
3625 486 4026 589 net-infructuo-

789 617 880 661 tur
913 605 1025 679 (67)
1059 622 1075 660 :
1103 613 1158 661 et
1181 605 1370 659 doctus
1406 604 1889 670 repraesentatione
1922 600 2058 671 (68),
2084 599 2226 669 quod
2265 598 2352 650 ln—

787 705 876 752 ter
901 697 1149 751 homines
1172 695 1335 749 homo
1368 691 1478 764 (69)
1512 693 1725 747 futurus
1749 701 1894 747 esset
1927 691 2095 746 Filius
2117 688 2236 755 Dei,
2259 703 2356 758 per

789 784 945 854 cuius
1002 788 1293 841 adventum
1344 798 1529 838 semen
1573 783 1692 851 ejus
1741 792 1860 836 erat
1903 782 2143 836 futurum
2198 778 2352 848 quasi

786 878 958 932 stellae
985 876 1132 940 cteli,
1162 875 1472 945 concUpivit
1501 889 1623 930 eam
1653 873 1792 928 diem
1830 873 2034 937 videre,
2062 872 2136 926 uti
2165 879 2219 925 et
2243 871 2356 940 ipse

784 967 1244 1034 complecteretur
1274 965 1552 1022 Christum
1587 984 1599 1018 :
1637 973 1693 1018 et
1724 980 1820 1033 per
1849 965 2101 1035 spiritum
2123 963 2356 1032 prophe-

785 1059 875 1113 tiae
895 1073 1014 1112 eam
1038 1058 1228 1114 videns
1260 1058 1575 1114 exsultavit.
1603 1058 1835 1130 Propter
1869 1059 2012 1127 quod
2043 1065 2100 1112 et
2132 1055 2354 1111 Simeon

786 1164 853 1204 cx
884 1151 1091 1205 semine
1121 1149 1237 1219 ejus
1275 1164 1332 1204 re
1371 1150 1630 1221 implebat
1664 1149 2082 1221 gratulationem
2116 1149 2355 1218 patriar-

785 1240 921 1308 chae,
958 1251 1012 1295 et
1035 1241 1290 1296 dicebat:
1323 1261 1340 1293 ι
1367 1239 1523 1296 Nunc
1551 1241 1781 1296 remittis
1805 1239 1915 1312 (70)
1940 1255 2154 1294 servum
2178 1249 2354 1303 tuum,

786 1328 1049 1398 Domine,
1085 1331 1137 1385 in
1179 1345 1346 1400 pace;
1379 1331 1632 1400 quoniam
1661 1331 1918 1385 viderunt
1946 1329 2089 1384 oculi
2127 1330 2232 1383 mei
2265 1344 2355 1384 sa-

786 1419 967 1475 lutare
1025 1432 1217 1487 tuum,
1270 1423 1415 1491 quod
1455 1422 1662 1491 parasti
1707 1420 1760 1474 in
1794 1420 1934 1475 l‘acie
1965 1418 2076 1492 (7i)
2109 1419 2352 1474 omnium

781 1510 1101 1581 populorum
1134 1527 1150 1566 :
1185 1511 1364 1568 lumen
1391 1514 1456 1567 ad
1495 1513 1880 1568 revelationem
1932 1512 2176 1582 gentium
2215 1510 2351 1582 (72),

783 1610 841 1656 et
869 1599 1094 1670 gloriam
1121 1603 1306 1672 populi
1343 1603 1507 1658 Israel
1541 1603 1609 1659 “.
1646 1623 1664 1658 ι
1704 1602 1771 1658 Et
1803 1603 1980 1674 angeli
2011 1614 2194 1657 autem
2226 1617 2352 1672 gra-

783 1693 1110 1750 tulationem
1159 1711 1410 1766 magnam
1442 1695 1790 1767 vigilantibus
1838 1705 2000 1750 nocte
2045 1694 2355 1762 pastoribus

781 1785 1207 1842 cnuntiaverun‘.
1260 1787 1323 1840 ³⁸.
1370 1787 1474 1842 Sed
1520 1795 1575 1843 et
1607 1785 1774 1841 Maria
1806 1787 1885 1840 ait
1924 1801 1940 1840 :
1977 1803 1995 1837 ι
2045 1784 2353 1854 Magnificat

783 1875 962 1930 anima
993 1893 1110 1932 mea
1148 1878 1436 1934 Dominum
1464 1921 1479 1943 ,
1513 1888 1566 1933 et
1593 1880 1886 1935 exsultavit
1932 1879 2154 1950 spiritus
2202 1892 2354 1932 meus

782 1964 838 2018 in
877 1965 986 2022 Deo
1013 1968 1238 2022 salutari
1273 1984 1396 2023 meo
1427 1969 1473 2000 "
1506 1986 1520 2022 :
1557 1987 1576 2021 ι
1616 1970 1976 2024 descendente
2007 1968 2225 2038 quidem
2251 1983 2348 2024 ex.-

782 2053 1077 2112 sultatione
1113 2059 1338 2113 Abrahm
1369 2057 1421 2112 in
1449 2072 1539 2113 eos
1569 2060 1661 2129 qui
1695 2069 1938 2114 erantex
1971 2060 2180 2115 semine
2211 2059 2351 2127 ejus,

780 2147 1076 2216 vigilantes
1109 2148 1219 2221 (75)
1257 2159 1310 2205 et
1343 2151 1590 2205 videntes
1621 2150 1896 2205 Christum
1922 2191 1937 2214 ,
1979 2162 2035 2205 et
2067 2152 2354 2208 credentes

780 2235 868 2301 ei;
904 2238 1182 2306 reciproca
1223 2249 1402 2294 autem
1444 2255 1632 2294 rursus
1661 2249 1716 2294 et
1747 2241 2083 2310 regrediente
2113 2240 2354 2295 exsulta-

781 2326 930 2382 tione
960 2344 991 2384 a
1029 2329 1156 2384 ﬁliis
1185 2330 1236 2384 in
1270 2331 1567 2396 Abraham,
1609 2333 1699 2402 qui
1730 2342 1787 2386 et
1821 2332 2173 2401 concupierat
2203 2332 2346 2386 diem

783 2419 1049 2475 adventus
1074 2419 1281 2476 Christi
1313 2424 1517 2479 videre.
1563 2424 1707 2478 Bene
1738 2424 1904 2493 igitur
1945 2423 2207 2479 Dominus
2255 2439 2352 2478 no-

782 2518 896 2565 ster
934 2512 1306 2567 testimonium
1335 2514 1598 2569 reddebat
1627 2515 1676 2568 ei
1701 2555 1716 2580 ,
1760 2514 1986 2569 dicens:
2021 2532 2039 2565 ι
2076 2514 2350 2569 Abraham

781 2612 943 2674 pater
973 2614 1156 2659 vester
1182 2606 1512 2671 exsultavit,
1542 2616 1600 2662 ut
1630 2609 1842 2664 videret
1875 2609 2017 2663 diem
2059 2622 2270 2672 meum,
2300 2616 2355 2663 et

780 2694 936 2756 vidit,
967 2704 1020 2749 et
1043 2696 1260 2766 gavisus
1286 2707 1370 2752 est
1394 2699 1463 2752 ’⁷.
1501 2717 1520 2750 a

849 2783 905 2838 9..
951 2784 997 2817 ⁸⁸
1031 2785 1149 2840 Non
1200 2786 1345 2841 enim
1394 2797 1604 2842 tantum
1650 2797 1872 2859 prepter
1914 2787 2191 2844 Abraham
2239 2788 2354 2844 haec

782 2874 923 2930 dixit
953 2893 966 2929 :
997 2878 1088 2931 sed
1120 2885 1175 2930 et
1201 2889 1259 2932 ut
1284 2879 1616 2940 ostenderet,
1649 2880 1912 2950 quoniam
1944 2894 2136 2935 omnes
2164 2880 2255 2949 qui
2283 2880 2352 2934 ab

782 2968 938 3023 initio
967 2973 1246 3039 cognitum
1274 2970 1582 3025 habuerunt
1617 2971 1784 3026 Deum
1814 2970 1948 3043 (74),
1977 2981 2032 3027 et
2058 2972 2351 3026 adventum

782 3063 987 3120 Christi
1035 3065 1532 3134 prophetaverunt,
1588 3063 1970 3120 revelat'ionem
2017 3071 2354 3133 acceperunt

2458 593 2536 647 sis
2556 589 2985 661 cogitationibus
3011 586 3349 642 transferens
3375 598 3495 651 nos,
3517 590 3574 638 et
3594 580 3825 637 similem
3852 579 4028 632 Abra-

2463 684 2546 738 lize
2595 683 2753 734 Iidem
2801 680 2856 734 in
2905 677 3062 732 nobis
3092 675 3448 731 constituens.
3482 669 3945 738 Quemadmodum
3973 676 4030 721 et

2457 769 2658 826 Paulus
2687 769 3043 832 testiﬁcatur,
3078 766 3301 828 dicens,
3335 779 3434 817 nos
3475 776 3592 816 esse
3624 759 3764 815 lilios
3796 757 4028 812 Abraba

2455 861 2753 917 secundum
2791 858 3206 915 similitudinem
3249 855 3410 918 lidei,
3457 860 3512 908 et
3553 849 4028 921 repromissionem

2459 951 2800 1007 hereditatis
2829 949 2896 1004 ³⁸.

2527 1061 2582 1115 5.
2610 1059 2763 1116 Unus
2791 1060 2957 1130 igitur
2989 1068 3041 1115 et
3072 1059 3215 1114 idem
3242 1059 3404 1125 Deus,
3433 1056 3522 1127 qui
3549 1055 3832 1110 advocavit
3851 1054 4028 1110 Abra-

2457 1154 2610 1215 ham,
2631 1161 2687 1207 et
2718 1151 3196 1221 repromissionem
3224 1151 3274 1205 ei
3306 1151 3472 1204 dedit.
3508 1147 3606 1203 Hic
3628 1157 3710 1202 est
3737 1158 3920 1202 autem
3947 1146 4031 1201 fa-

2457 1242 2734 1306 bricator,
2771 1243 2864 1312 qui
2905 1251 2959 1296 et
2997 1256 3096 1312 per
3134 1240 3411 1297 Christum
3444 1245 3710 1310 praeparat
3738 1234 4026 1292 luminaria

2455 1329 2509 1385 in
2558 1331 2794 1396 mundo,
2839 1345 2934 1386 eos
2967 1331 3058 1402 qui
3100 1345 3165 1386 ex
3205 1332 3455 1402 gentibus
3499 1328 3746 1383 credunt.
3789 1345 3809 1380 ι
3857 1324 3966 1382 Vos
4002 1346 4027 1381 ι

2457 1431 2636 1478 autem
2659 1462 2675 1490 ,
2709 1422 2917 1492 inquit,
2955 1439 2974 1474 ι
3007 1423 3140 1478 estis
3167 1422 3350 1477 lumen
3379 1421 3560 1476 mundi
3597 1419 3662 1486 ³⁸,
3712 1437 3730 1470 ι
3769 1419 3876 1473 hoc
3904 1425 4030 1484 est,

2455 1512 2609 1581 quasi
2659 1513 2828 1569 stella:
2877 1512 3020 1568 ctBIi.
3064 1512 3216 1568 llunc
3257 1527 3390 1582 ergo
3433 1520 3583 1566 reete
3621 1511 3959 1566 ostendimus
3995 1523 4029 1563 a

2456 1603 2673 1660 nemine
2703 1604 2983 1676 cognosci,
3019 1605 3124 1659 nisi
3152 1619 3182 1658 a
3213 1603 3386 1669 Filio,
3419 1612 3478 1656 et
3501 1603 3913 1672 quibuscunque
3937 1600 4029 1657 Fi-

2455 1697 2561 1751 lius
2603 1696 2942 1753 revelaverit.
2995 1696 3220 1752 Rerelat
3279 1707 3460 1752 autem
3509 1695 3764 1752 omnibus
3811 1694 4031 1785 Filius,

2458 1789 2660 1858 quibus
2691 1789 2819 1844 vclit
2848 1789 3126 1860 cognosci,
3165 1787 3382 1843 Patrem
3418 1787 3564 1861 (77),
3607 1799 3663 1844 et
3699 1802 3877 1858 neque
3906 1789 4028 1845 sine

2455 1879 2596 1932 bona
2630 1879 2916 1934 voluntate
2944 1879 3153 1946 Patris,
3203 1895 3380 1949 neque
3407 1881 3524 1936 sine
3555 1879 4031 1934 administratione

2454 1966 2576 2021 Filii
2600 1975 2893 2037 cognoscet
2919 1968 3205 2037 quisquam
3233 1966 3425 2022 Deum.
3464 1966 3529 2021 Et
3561 1979 3781 2037 propter
3809 1967 3912 2022 hoc
3942 1967 4027 2022 di-

2454 2058 2613 2111 cebat
2637 2057 2914 2127 discipulis
2954 2057 3212 2112 Dominus
3240 2075 3253 2112 :
3287 2075 3305 2110 ι
3337 2059 3448 2129 Ego
3477 2073 3596 2113 sum
3627 2057 3711 2111 via
3737 2095 3754 2120 .
3785 2059 4031 2121 veritas,

2455 2158 2511 2203 et
2545 2148 2678 2202 vita.
2705 2147 2769 2202 Et
2805 2164 2966 2204 nemo
3000 2149 3147 2203 venit
3181 2149 3247 2202 ad
3278 2148 3494 2204 Patrem
3516 2189 3531 2215 ,
3563 2149 3665 2203 nisi
3705 2164 3802 2218 per
3827 2165 3936 2205 me.
3970 2149 4029 2203 Si

2457 2244 2855 2315 cognovissetis
2880 2258 2966 2298 me
2995 2242 3136 2314 (78),
3168 2251 3224 2297 et
3265 2240 3487 2296 Patrem
3517 2239 3680 2311 233
3706 2253 3885 2293 meum
3919 2239 4026 2293 uti—

2457 2348 2563 2403 que
2592 2332 3022 2404 cognovissetis,
3063 2340 3119 2388 et
3164 2331 3362 2386 amodo
3404 2329 3734 2402 cognovistis
3773 2344 3935 2397 eum,
3973 2340 4030 2384 et

2453 2425 2672 2480 vidistis
2699 2425 2769 2482 ⁸¹¹.
2813 2443 2834 2478 δ
2868 2422 2944 2478 Ex
2975 2424 3174 2494 quibus
3207 2422 3553 2478 manifestum
3591 2430 3714 2484 est,
3761 2421 4028 2491 quoniam

2455 2530 2553 2586 per
2577 2516 2792 2582 Filium,
2825 2515 2878 2569 id
2901 2525 2984 2569 est
3005 2528 3102 2583 per
3127 2512 3381 2579 Verbum,
3414 2514 3779 2584 cognoscitur.

2525 2606 2582 2661 4.
2627 2607 2670 2638 ³⁸
2696 2606 2930 2677 Pr0pter
2959 2607 3062 2662 hoc
3087 2604 3259 2662 Judaei
3290 2613 3640 2660 excesserunt
3670 2619 3700 2657 a
3734 2603 3868 2666 Deo.
3894 2601 4030 2657 Ver-

2454 2692 2583 2748 bum
2625 2694 2744 2766 ejus
2789 2694 2902 2766 (79)
2947 2711 3052 2750 non
3096 2695 3449 2766 recipientes,
3493 2694 3588 2750 sed
3635 2703 3890 2763 putantes
3932 2708 4033 2763 per

2454 2785 2694 2854 seipsum
2726 2784 2837 2858 (80)
2864 2785 3081 2841 Patrem
3119 2787 3236 2841 sine
3277 2785 3487 2850 Verbo,
3521 2785 3573 2839 id
3606 2794 3690 2839 est
3717 2786 3835 2839 sine
3861 2784 4029 2850 Filio,

2452 2891 2614 2946 posse
2666 2892 3033 2950 cognoscere;
3080 2878 3244 2932 Deum
3298 2878 3604 2933 nescientes
3649 2893 3773 2933 eum
3825 2879 3918 2948 qui
3974 2881 4028 2933 in

2457 2969 2625 3041 ﬁgura
2663 2971 2873 3026 locutus
2894 2982 2979 3028 est
3007 2973 3242 3028 humana
3276 2976 3341 3028 ad
3375 2974 3648 3028 Abraham
3681 2974 3814 3048 (8i),
3839 2986 3896 3032 et
3921 2975 4027 3032 ite-

2454 3080 2575 3118 rum
2603 3063 2668 3119 ad
2709 3063 2971 3136 Moysen),
3011 3061 3278 3121 dicentem
3311 3084 3327 3122 :
3358 3086 3377 3120 ι
3417 3066 3618 3124 Vidcns
3645 3069 3753 3123 vidi
3783 3071 4030 3125 vexatio-

783 3154 852 3210 ab
885 3155 1002 3223 ipso
1028 3154 1186 3219 Filio,
1216 3155 1306 3223 qui
1336 3164 1388 3209 et
1417 3155 1469 3209 in
1503 3155 1816 3210 novissimis
1848 3156 2182 3224 temporibus
2214 3155 2348 3209 visi-
2380 3174 2421 3232 ε
2456 3170 2578 3209 nem
2610 3157 2789 3225 populi
2823 3158 2924 3212 mei
2973 3158 3026 3211 in
3073 3155 3312 3227 λείψω
3334 3201 3348 3224 ,
3389 3166 3442 3213 et
3483 3160 3736 3215 descendi
3790 3161 4028 3216 liberare

780 3244 908 3299 bilis
938 3253 993 3299 et
1026 3246 1298 3316 passibilis
1333 3245 1509 3300 factus
1537 3255 1640 3310 est,
1669 3255 1722 3302 et
1748 3262 1869 3300 cum
1895 3247 2132 3301 humano
2156 3259 2356 3316 genere

779 3334 992 3390 locutns
1017 3345 1120 3402 est,
1153 3337 1229 3391 uti
1258 3353 1322 3391 ex
1350 3337 1616 3406 lapidibus
1640 3339 1908 3393 excitaret
1935 3337 2074 3392 ﬁlios
2097 3337 2351 3398 Abrahae,

781 3436 837 3479 et
885 3426 1207 3498 adimpleret
1255 3428 1762 3497 repromissionem,
1814 3445 1972 3498 quam
2023 3429 2354 3499 promiserat

782 3517 858 3574 illi
883 3517 1049 3584 Deus,
1077 3528 1130 3574 et
1160 3518 1361 3573 faceret.
1389 3519 1499 3591 (75)
1525 3534 1711 3574 semen
1738 3519 1856 3587 ejus
1881 3530 2135 3587 tanquam
2169 3518 2353 3574 stellas

781 3609 904 3664 cteii
927 3651 941 3672 ,
977 3611 1432 3678 quemadmodum
1469 3611 1544 3662 ait
1577 3607 1815 3663 Joannes
1847 3607 2086 3677 Baptista
2124 3623 2139 3662 :
2171 3625 2191 3659 ς
2245 3607 2350 3662 Ρο-

785 3712 902 3759 tens
935 3714 1021 3758 est
1050 3703 1193 3757 enim
1223 3705 1360 3756 Dens
1384 3718 1446 3755 ex
1476 3700 1743 3769 lapidibus
1771 3700 1886 3754 istis
1917 3701 2185 3755 suscitare
2209 3700 2350 3756 lilios

779 3793 1012 3848 Abrahae
1034 3796 1100 3846 ".
1139 3811 1160 3848 ι
1193 3793 1306 3847 lloc
1337 3802 1519 3846 autem
1554 3791 1682 3846 t'ecit
1711 3790 1888 3854 Iesus,
1922 3806 1951 3844 a
1981 3791 2217 3860 lapidum
2257 3808 2348 3847 re-

853 3935 1048 3990 “Luc.
1071 3951 1130 3999 ιι.
1155 3934 1224 3990 29
1260 3949 1412 4004 seqq.
1489 3936 1533 3968 "
1560 3933 1718 4004 ωειλ,
1748 3931 1780 3986 8
1801 3946 1953 4004 seqq.

781 4006 825 4074 _‘°
852 4005 1006 4058 Itoni.
1065 4021 1134 4070 tv,
1182 4005 1250 4058 l2
1328 4002 1506 4074 seqq;
1555 4020 1631 4068 ιι,
1700 4002 1755 4062 8,
1797 4013 1850 4057 et
1887 4002 2004 4056 Gal.
2043 4019 2119 4068 tv,
2171 4005 2261 4059 28.
2337 4004 2377 4036 "
2413 4005 2448 4058 Μ

1065 4021 1134 4070 ιν,
1182 4005 1250 4058 l2
1328 4002 1506 4074 seqq;
1555 4020 1631 4068 ιι,
1700 4002 1755 4062 8,
1797 4013 1850 4057 et
1887 4002 2004 4056 Gal.
2043 4019 2119 4068 tv,
2171 4005 2261 4059 28.
2337 4004 2377 4036 "
2413 4005 2600 4062 Matth.
2659 4023 2724 4072 γ,

780 4072 826 4107 ⁸⁸
852 4075 1023 4130 Exod.
1047 4091 1128 4140 Ill,
1164 4076 1215 4140 7,
1239 4076 1294 4130 8.

2458 3261 2554 3302 eos
2584 3247 2650 3301 “.
2689 3265 2710 3300 ι
2747 3247 2870 3303 llazc
2891 3249 3035 3302 enim
3069 3247 3177 3320 (82)
3200 3249 3388 3315 Filius,
3417 3251 3508 3320 qui
3536 3262 3618 3306 est
3645 3252 3882 3308 Verbum
3908 3253 4029 3320 Dei,

2459 3343 2528 3398 ab
2563 3341 2720 3397 initio
2746 3343 3103 3412 praestruebat
3136 3343 3270 3415 (83),
3303 3360 3407 3398 non
3433 3347 3704 3415 indigcnte
3736 3349 3898 3403 Patre
3929 3364 4026 3404 an-

2457 3431 2611 3502 gelis,
2647 3433 2725 3487 uti
2758 3432 2964 3488 laceret
3011 3435 3375 3489 conditionem
3399 3473 3414 3500 ,
3449 3445 3502 3489 et
3538 3437 3801 3491 l'ormaret
3847 3439 4022 3492 homio

2457 3539 2604 3589 nem,
2639 3534 2859 3594 propter
2892 3540 3052 3595 quem
3084 3535 3139 3581 et
3167 3527 3408 3580 conditio
3448 3525 3611 3579 ﬁebat
3641 3541 3655 3579 :
3695 3542 3874 3597 neque
3902 3544 4024 3584 rur-

2455 3631 2550 3671 sus
2584 3615 2857 3686 indigente
2897 3617 3200 3671 ministerio
3231 3617 3296 3670 ad
3335 3617 3750 3672 fabricationem
3797 3633 4024 3685 eorum,

2456 3721 2578 3775 quae
2616 3705 2763 3760 facta
2797 3716 2962 3774 sunt,
3009 3709 3075 3763 ad
3104 3708 3513 3777 dispositionem
3557 3724 3741 3764 eorum
3777 3714 4026 3782 negatio-

2457 3811 2578 3852 rum
2599 3837 2614 3863 ,
2643 3814 2763 3868 quae
2793 3802 3094 3855 secundum
3138 3801 3411 3857 hominem
3450 3808 3636 3866 erant;
3667 3803 3759 3858 sed
3789 3804 4025 3862 habente

2031 3933 2075 3965 "
2109 3932 2244 3986 Luc.
2284 3951 2322 3999 ι,
2354 3935 2444 3988 46.
2521 3937 2564 3966 "
2592 3933 2750 3993 Joan.
2781 3951 2907 4004 vm,
2950 3935 3040 3989 56.
3118 3936 3162 3967 ⁸⁸
3195 3935 3324 4003 Cap.
3348 3932 3487 3993 XVI.
3549 3937 3592 3968 "
3620 3935 3698 3989 Ma

2354 3935 2444 3988 46.
2521 3937 2564 3966 "
2592 3933 2750 3993 Joan.
2781 3951 2907 4004 vm,
2950 3935 3040 3989 56.
3118 3936 3162 3967 ³⁸
3195 3932 3487 4003 αψλνι.
3549 3937 3592 3968 ³⁸
3620 3935 3806 3992 Matth.
3848 3954 3929 3993 Ill.
3968 3940 4017 3997 9.

2797 4007 2881 4063 14.
2959 4006 3000 4037 ³³
3031 4004 3187 4061 Joan.
3241 4021 3330 4059 xxv
3354 4046 3366 4070 ,
3401 4004 3453 4070 6,
3485 4008 3536 4062 7.

3615 4007 3659 4037 ³³
3689 4011 3823 4078 Cap.
3856 4008 4018 4068 xvn.

851 4195 959 4288 (87.)
992 4195 1143 4288 (Pium
1169 4195 1731 4288 PeuinrcOiiﬁteliutgg.
1764 4195 1957 4288 Verbis
1977 4211 2138 4266 supra
2165 4197 2216 4251 in
2244 4199 2350 4252 line
2378 4229 2426 4288 υ
2453 4197 2777 4288 adiumnti,
2804 4197 2834 4250 8
2866 4204 2923 4288 et

780 4268 975 4334 capitis
1001 4267 1053 4329 5,
1081 4285 1135 4322 ιι.
1165 4266 1218 4329 5,
1251 4282 1317 4318 ex
1345 4267 1479 4321 Gen.
1507 4280 1616 4330 xtv,
1642 4266 1732 4331 ‘22,
1759 4268 1958 4320 citatis.

854 4334 964 4407 (68)
1002 4335 1068 4390 Et
1097 4337 1282 4390 doctus
1316 4337 1793 4407 reprwscntatjone.
1835 4336 1906 4388 De
1938 4336 2096 4388 trium
2129 4335 2342 4390 illorum

781 4404 1121 4475 apparitione
1173 4407 1451 4473 loquitur,
1507 4407 1584 4458 ait
1632 4404 2063 4470 Feuardcntins,
2117 4421 2344 4472 quorum

781 4491 948 4529 unum
981 4477 1174 4530 Filium
1211 4475 1302 4530 Dei
1331 4475 1522 4537 fuisse,
1556 4490 1716 4545 quem
1759 4476 2004 4528 adorarit
2026 4515 2041 4536 ,
2074 4486 2126 4529 et
2159 4476 2343 4539 Domi-

782 4560 911 4614 num
950 4544 1114 4599 Deum
1144 4561 1299 4599 suum
1336 4544 1580 4612 vocarit,
1605 4561 1797 4614 magna
1831 4545 2123 4599 concordia
2161 4545 2346 4600 dicunt

780 4613 1024 4684 lustinus
1058 4615 1126 4667 Μ.
1160 4615 1212 4668 in
1248 4615 1473 4684 Dialogo
1498 4633 1516 4679 ;
1543 4613 1908 4669 ΤετιιιίΙΙὶξιηιιε
1938 4615 2031 4667 lib.
2081 4615 2154 4668 De
2191 4631 2346 4668 came

783 4683 1005 4749 Christi,
1039 4695 1091 4738 et
1120 4685 1214 4738 lib.
1250 4700 1304 4738 ιιι
1334 4683 1516 4738 contra
1559 4684 1821 4738 Marcion.
1853 4701 1872 4749 ;
1906 4684 2167 4738 Eusebius
2206 4685 2298 4739 lib.
2330 4699 2345 4737 ι

784 4750 949 4816 ΗΜ..
981 4769 1100 4822 cap.
1152 4755 1217 4820 1,
1265 4755 1588 4807 Athanasius
1625 4755 1853 4808 seruuli
1882 4766 2062 4808 contra
2089 4757 2344 4816 Arimtos;

785 4822 1025 4895 Hilarius
1075 4824 1170 4879 lib.
1201 4841 1252 4877 tv
1283 4825 1356 4876 De
1390 4823 1619 4888 Trinit.;
1671 4825 1904 4895 Cyr-illus
1946 4822 2210 4895 liierosol.
2251 4839 2345 4878 cu-

784 4895 930 4948 tech.
973 4894 1030 4948 Η
1086 4907 1141 4948 et
1188 4895 1285 4959 ης
1330 4896 1642 4947 Ambrosius
1695 4893 1789 4950 lib.
1849 4911 1883 4949 ιι
1935 4893 2010 4945 De
2057 4895 2343 4957 Abraham,

784 4966 1027 5087 οῗιῖὲός
1079 4965 1412 5036 Augustinus
1469 4963 1561 5019 lib.
1611 4980 1650 5019 tt
1699 4966 1774 5017 De
1832 4963 2050 5026 Trinit.,
2096 4981 2218 5033 cap.
2279 4965 2340 5018 11

784 5047 814 5085 te
939 5075 953 5087 .

783 5041 838 5086 et
872 5039 953 5088 l2.

864 5105 975 5175 (69)
1004 5103 1195 5175 ﬂama.
1228 5105 1390 5175 Deest
1421 5102 1473 5155 in
1504 5100 1726 5175 Merc}!
1752 5113 1804 5156 et
1838 5102 1991 5175 Voss.

867 5173 967 5227 ‘70)
1002 5173 1260 5227 Remittis.
1297 5174 1532 5227 Clarum.
1566 5181 1616 5222 ct
1646 5173 1794 5226 Voss.
1823 5173 2062 5227 dimittis.

867 5175 944 5227 ’70
1002 5175 1260 5227 Remittis.
1297 5175 1532 5227 Clarum.
1566 5181 1616 5222 ct
1646 5175 1794 5226 Voss.
1823 5175 2062 5227 dimittis.

856 5175 967 5318 (Ἠ)
1006 5243 1223 5318 Βαναδιῇ
1253 5245 1305 5318 in
1354 5241 1508 5318 [ρεὶε.
1558 5241 1648 5296 Sic
1695 5241 1946 5318 Feuard._
1979 5256 2177 5318 ηψπ-3.,
2224 5241 2347 5298 Cla-

785 5309 903 5371 rom
949 5309 1003 5368 et
1031 5315 1237 5383 Aruntl.
1279 5314 1331 5366 In
1368 5309 1521 5364 Voss.
1545 5353 1559 5372 ,
1593 5313 1793 5383 parasti
1824 5314 1890 5383 ad
1918 5313 2132 5383 faciem,
2158 5314 2214 5368 ιιι
2243 5330 2345 5368 αις.

791 5387 922 5440 teris
949 5399 1072 5438 cunt
1102 5382 1353 5452 Vulgata,
1383 5385 1581 5450 parasti
1606 5390 1727 5434 ante
1758 5380 1964 5449 faciem.

859 5453 969 5527 (72)
999 5452 1079 5504 Ad
1105 5453 1842 5527 reuelationemAgentium..lta
1877 5467 1941 5505 ex
1972 5461 2078 5508 vel.
2107 5453 2340 5508 Feuard.

788 5518 911 5579 cod.
952 5518 1268 5576 emendavi.
1298 5522 1490 5576 Caneri
1535 5537 1722 5573 omnes
1757 5518 2012 5588 corrupte
2035 5564 2048 5587 ,
2084 5534 2139 5577 et
2186 5539 2340 5576 sacro

789 5603 940 5649 textu
976 5603 1334 5659 repugnante,
1364 5591 1431 5642 ad
1462 5589 1843 5659 reuelationem,
1877 5591 1960 5644 τιτι
1989 5595 2040 5645 in
2065 5594 2341 5647 revelatio-

785 5669 928 5715 ttem.
965 5668 1054 5713 aut.
1081 5657 1133 5713 in
1175 5680 1182 5689 ι
1209 5661 1486 5715 testatione
1511 5657 1802 5714 oculorum.
1839 5659 1950 5713 V'ox
1994 5668 2136 5716 enim
2163 5662 2343 5716 oculo-

790 5738 929 5798 ηυνξ.
959 5731 1259 5798 scribarum
1290 5729 1529 5798 aplustra
1554 5738 1656 5789 est,
1684 5744 1779 5796 pro
1805 5732 2134 5794 populorum.

860 5795 972 5867 (75)
1012 5795 1335 5868 Vigilantesi
1370 5801 1478 5867 AL,
1524 5799 1842 5868 (signantes.
1883 5799 2124 5873 Respicit
2159 5809 2345 5859 auctor

2525 4267 2636 4338 (74)
2674 4265 2863 4338 Deum.
2893 4265 3043 4338 Alii,_
3061 4263 3358 4338 Dominum.

2518 4335 2628 4406 (75)
2667 4337 2728 4406 Et
2756 4335 2973 4403 faceret.
3008 4335 3168 4406 Editi.
3201 4345 3254 4386 ut
3289 4335 3504 4403 faceret.

2523 4405 2734 4478 (76)__I€t
2761 4419 2792 4457 α
2821 4405 3246 4478 duris._["euard.
3279 4420 3340 4457 ex
3377 4406 3641 4478 vehenti.
3666 4409 3754 4461 cui
3787 4423 4013 4464 ςοιιεεη-

2452 4474 2588 4531 tinnt
2617 4474 2781 4528 'Vt-ss.
2807 4485 2860 4528 et
2888 4474 3077 4538 Graln,
3105 4484 3151 4526 et
3184 4491 3215 4525 a
3248 4475 3442 4527 nostris
3473 4475 3642 4530 duris.

2519 4547 2631 4628 (77)
2663 4544 2937 4614 Cognoui,
2977 4542 3315 4628 Putrent.‘lta
3341 4544 3582 4628 Clarum;
3617 4546 3809 4628 melius
3847 4561 4011 4616 quam

2449 4613 2630 4672 caeteri
2657 4613 2862 4682 ounies,
2892 4616 3125 4682 agnosci,
3155 4613 3235 4666 vel
3267 4616 3505 4681 cognosci
3541 4613 3718 4668 Pater.

2523 4685 2634 4756 (78)
2677 4681 2735 4738 Si
2779 4681 3141 4756 cognovissetis
3173 4700 3287 4747 me,
3328 4693 3435 4737 etc.
3476 4684 3629 4737 Erus.
3667 4697 3722 4738 et
3759 4685 3926 4744 Gall..
3971 4688 4014 4739 si

2449 4751 2759 4826 cognouisti;
2801 4769 2899 4826 me,
2933 4765 2978 4806 et
3010 4751 3220 4806 Patrem
3251 4769 3419 4806 meum
3453 4756 3784 4824 cognoscitis,
3966 4766 4016 4809 ct

2449 4825 2697 4889 vidistis,
2743 4825 2945 4877 omisso
2975 4839 3111 4876 cum.
3157 4825 3326 4889 Quam
3374 4839 3560 4894 vocem
3590 4827 3748 4879 omisi
3797 4837 3852 4879 et
3898 4825 4016 4894 ipse

2448 4913 2575 4951 cum
2621 4896 2813 4948 iisdem
2849 4904 2918 4964 et
2967 4894 3205 4947 Clarom.
3263 4909 3326 4964 ac
3378 4893 3544 4948 Merc.
3586 4897 3653 4961 2,
3684 4897 3807 4964 quia
3845 4893 4013 4964 supra

2449 4967 2544 5020 lib.
2581 4980 2664 5026 ιιι,
2693 4979 2810 5030 cap.
2838 4962 2928 5027 15,
2961 4979 3106 5015 num.
3136 4966 3189 5023 τὶ,
3217 4963 3487 5016 omittitur
3517 4965 3568 5017 in
3594 4962 3847 5018 omnibus
3881 4962 4011 5020 niss.

2437 5035 2628 5105 Addidi
2659 5049 2786 5105 vero
2808 5048 2874 5105 ex
2904 5034 3141 5087 Clarom.
3169 5035 3367 5102 utique,
3387 5043 3506 5103 post
3533 5051 3734 5098 meum;
3760 5051 3883 5105 qua:
3910 5051 4012 5091 vox

2447 5104 2643 5174 legitur
2673 5103 2724 5174 in
2764 5102 3012 5172 Vulgata.

2523 5172 2631 5246 (79)
2663 5171 2816 5246 Ejus.
2847 5171 3036 5237 Editt.,
3065 5171 3177 5246 Dei.

2520 5242 2630 5311 (⁷80)
2661 5242 2767 5296 Per
2804 5245 3055 5307 seipsum.
3097 5242 3410 5297 Graecorum
3451 5259 3599 5298 more
3628 5257 3725 5313 pro
3865 5260 4011 5300 seor-

2448 5315 2566 5376 sim,
2596 5315 2903 5378 separatim.

2519 5382 2627 5452 (8i)
2661 5385 2739 5435 Ad
2766 5384 3051 5436 Abraham.
3086 5381 3378 5451 Perperam
3415 5386 3615 5438 addunt
3645 5385 3799 5439 cditt.
3830 5393 3882 5440 et
3913 5387 4010 5439 Aa-

2448 5470 2567 5516 ron,
2599 5458 2738 5520 quod
2763 5453 2998 5519 expunxi
3020 5453 3342 5508 auctoritate
3367 5459 3565 5508 veteris
3590 5454 3824 5509 Feuard.
3859 5458 4004 5520 cod.,

2448 5525 2680 5578 Clarum.
2714 5536 2766 5577 et
2794 5521 2945 5576 Voss.

2451 5593 2636 5716 h_(82)
2668 5592 2792 5646 ch
2821 5595 2980 5649 enim.
3029 5593 3213 5659 liras,
3257 5593 3397 5652 Gall.
3449 5604 3500 5650 et
3540 5595 3772 5651 Fcuard.
3833 5595 4004 5658 male,

2488 5681 2532 5716 ιε
2554 5679 2708 5716 enim.

2488 5681 2532 5716 ιε
2554 5679 2708 5716 enim.

2525 5734 2637 5808 (85)
2685 5732 3056 5808 Prn‘struebat.
3106 5732 3340 5808 Fcuard.
3377 5735 3427 5792 iu
3465 5753 3635 5808 marg.
3663 5776 3677 5803 ,
3725 5738 3961 5793 Clarum.
3984 5774 4001 5802 ,

2454 5805 2658 5860 Arund.
2693 5815 2744 5859 ct
2771 5803 2947 5872 Vuss.,
2975 5803 3319 5874 perstruebat.
