4222 6320
339 372 445 431 997

1467 371 1747 430 CONTRA
1776 373 2128 431 HERESES
2168 375 2297 431 LIB.
2334 374 2423 430 Π.

3478 381 3585 439 098

344 499 541 546 terras:
576 490 805 547 virtutes
843 488 964 556 eius
1006 490 1059 545 in
1088 490 1284 545 insulis
1322 493 1647 548 annuntiant
1673 495 1742 550 ".
1786 515 1805 549 ι
1840 495 1910 550 Ει
1935 501 1981 557 Α
2010 495 2078 550 de
2113 495 2246 569 (lli),
2296 498 2552 567 quoniam
2582 497 2684 567 ipsi
2712 497 2879 553 Deum
2920 498 3179 555 videbunt
3202 500 3245 533 ⁶¹
3281 500 3368 574 ›);
3408 515 3586 571 neque

338 574 608 633 Jeremias
643 578 756 633 ait:
791 596 812 635 ι
847 577 990 634 Ecce
1020 578 1330 648 disponam.
1362 598 1383 633 ι
1437 581 1633 650 inquit,
1690 600 1711 633 ι
1750 591 1911 639 tests-

342 676 585 723 mentum
622 684 839 735 novum,
877 685 982 725 non
1028 674 1486 740 quemadmodum
1520 672 1759 740 disposui
1816 693 1911 746 pa-

342 761 519 821 tribus
543 762 740 817 vestris
766 763 814 795 ⁸⁸
853 782 874 815 s
922 764 974 818 i-n
1024 773 1210 820 monte
1248 764 1413 821 Oreb.
1455 764 1694 836 Utraque
1726 779 1902 823 autem

340 862 664 909 testamenta
705 870 846 910 unus
891 865 945 910 et
996 857 1137 912 idem
1192 857 1584 928 paterfamilias
1620 863 1905 933 produxit,

338 941 577 1000 Verbum
616 945 727 1013 Dei,
784 944 1045 1005 Dominus
1072 958 1263 1003 noster
1286 946 1444 1003 Jesus
1490 950 1766 1014 Christus,
1812 950 1905 1021 qui

339 1046 396 1090 et
424 1035 677 1099 Abralite,
728 1047 783 1091 et
812 1036 981 1111 Moysi
1013 1037 1318 1094 collocutus
1364 1050 1471 1106 est,
1516 1050 1573 1097 et
1609 1042 1763 1098 nobis
1794 1040 1903 1113 (l5)

339 1131 395 1184 in
447 1131 687 1186 novitate
739 1131 979 1187 restituit
1030 1132 1358 1207 libertatem.
1421 1143 1475 1190 et
1524 1134 1907 1205 multiplicavit

337 1236 478 1288 eam,
508 1238 628 1291 qua:
654 1223 721 1277 ab
754 1221 873 1291 ipso
902 1230 1009 1287 est,
1038 1222 1295 1293 gratiam.

406 1316 465 1372 2.
494 1315 539 1348 ⁸⁷
574 1333 595 1367 ι
625 1315 751 1371 Plus
777 1325 861 1371 est
881 1316 1051 1381 enim,
1085 1334 1105 1369 ι
1144 1316 1347 1387 inquit,
1378 1334 1399 1368 ι
1437 1318 1637 1389 templo
1667 1320 1756 1374 hic
1774 1320 1842 1378 ⁸³.
1879 1338 1898 1372 ι

336 1404 466 1461 Plus
498 1414 681 1460 autern
710 1414 767 1462 et
794 1408 974 1463 minus
1007 1421 1115 1463 non
1148 1408 1202 1462 in
1232 1408 1319 1463 his
1348 1410 1573 1477 dicitur,
1608 1426 1732 1481 qua:
1761 1412 1903 1465 inter

335 1512 399 1554 se
430 1500 864 1556 communionem
915 1515 1025 1556 non
1076 1500 1304 1567 habent,
1344 1512 1400 1557 et
1448 1512 1576 1557 sunt
1612 1504 1900 1559 contraria:

335 1599 566 1656 natum,
611 1598 668 1645 et
712 1598 958 1662 pugnant
1000 1591 1289 1647 adversum
1316 1608 1413 1659 se;
1446 1593 1543 1648 sed
1579 1593 1633 1648 in
1666 1594 1751 1649 bis
1780 1610 1900 1661 qua:

332 1680 574 1748 eiusdem
617 1689 747 1736 sunt
788 1681 1128 1748 substantiae,
1172 1694 1227 1738 et
1263 1686 1667 1740 communicant
1692 1700 1897 1752 secum,

332 1771 508 1826 solum
537 1780 721 1827 autem
756 1770 1101 1827 multitudine
1130 1771 1266 1845 (Ii),
1314 1782 1370 1829 et
1398 1775 1773 1845 magnitudine
1797 1777 1900 1832 dif-

331 1862 517 1918 ferunt
544 1881 559 1918 :
586 1861 1041 1932 quemadmodum
1074 1838 1314 1933 aqua-ab
1342 1838 1697 1939 aqum-238
1725 1878 1778 1924 et
1812 1870 1896 1925 lu-
1926 1838 1969 1894 Β

331 1966 454 2006 men
483 1966 514 2005 a
544 1951 776 2017 lumine,
804 1966 860 2008 et
892 1951 1063 2023 gratia
1096 1967 1124 2006 a
1157 1955 1356 2023 gratia.
1403 1955 1573 2026 Major
1605 1968 1687 2012 est
1733 1958 1895 2028 igitur

329 2043 615 2111 legisdatio
641 2058 763 2112 qum
786 2043 838 2097 in
872 2043 1204 2107 libertatem,
1228 2062 1391 2117 quam
1420 2062 1542 2116 qua:
1576 2047 1699 2103 data
1726 2062 1808 2105 est
1840 2052 1893 2109 in

327 2135 690 2189 servitutem:
737 2142 793 2189 et
838 2133 961 2188 ideo
1001 2149 1107 2189 non
1150 2134 1202 2189 in
1238 2150 1398 2205 unam
1426 2146 1662 2207 gentem,
1694 2139 1789 2194 sed
1837 2141 1893 2197 in

328 2230 500 2277 totmn
551 2223 809 2277 mundum
856 2221 1051 2277 diffusa
1098 2233 1203 2278 cst.
1251 2220 1403 2279 Unus
1439 2236 1621 2281 autem
1660 2237 1719 2283 et
1752 2229 1892 2284 idem

326 2313 620 2375 Dominus.
675 2313 767 2384 qui
821 2313 940 2385 plus
993 2329 1157 2385 quam
1213 2316 1471 2387 templum
1511 2328 1632 2381 cst,
1672 2329 1730 2374 et
1774 2320 1894 2388 plus

325 2419 487 2476 quam
519 2402 797 2472 Salomon,
829 2415 885 2461 et
915 2406 1036 2476 plus
1064 2422 1226 2477 quam
1265 2406 1431 2464 Jonas
1456 2410 1620 2465 donat
1652 2410 1891 2468 homini-

326 2494 461 2563 bus,
500 2494 551 2550 id
580 2504 695 2560 est,
727 2511 877 2551 suam
909 2498 1252 2565 praesentiam
1283 2508 1337 2553 et
1369 2503 1829 2558 resurrectionem
1860 2517 1892 2558 a

328 2588 557 2643 mortuis
582 2606 596 2641 :
625 2588 720 2644 sed
748 2603 854 2643 non
886 2588 1053 2645 Deum
1082 2589 1404 2657 immutans,
1434 2607 1535 2647 nec
1566 2592 1729 2648 alium
1765 2610 1896 2665 prte-

325 2681 517 2734 tlicans
550 2677 787 2745 Patrem,
836 2679 931 2735 sed
979 2680 1231 2735 eumdem
1284 2682 1484 2748 ipsum,
1530 2682 1622 2751 qui
1679 2698 1895 2753 semper

324 2770 491 2827 habet
512 2772 664 2841 plura
692 2771 868 2826 metiri
898 2772 1251 2837 domesticis;
1283 2783 1333 2830 et
1363 2775 1681 2846 proliciente
1702 2791 1891 2832 eorum

323 2877 453 2933 erga
503 2861 670 2919 Deum
722 2862 1059 2931 dilectione,
1110 2864 1267 2933 plura
1316 2875 1370 2920 et
1412 2864 1617 2934 majora
1659 2869 1890 2931 donans,

323 2954 778 3025 quemadmodum
835 2966 891 3011 et
955 2954 1221 3012 Dominus
1280 2956 1559 3027 discipulis
1628 2958 1887 3014 dicebat:

327 3066 345 3097 ι
384 3046 648 3114 Quoniam
673 3056 730 3101 et
759 3044 966 3115 majora
1003 3048 1195 3102 horum
1221 3047 1475 3104 videbitis
1502 3049 1571 3102 ⁸³.
1605 3066 1624 3100 ι
1659 3049 1727 3104 Ει
1754 3048 1893 3103 Pau-

320 3138 409 3193 lus
438 3137 552 3192 ait:
593 3155 611 3190 t
656 3136 771 3192 Non
818 3137 963 3207 quod
1003 3136 1117 3205 jam
1161 3138 1466 3207 acceperim
1492 3178 1508 3203 ,
1553 3147 1647 3191 aut
1686 3138 1889 3206 jnstili-
1918 3168 1960 3223 ο

321 3240 480 3285 catus
506 3228 617 3303 (I5)
646 3228 771 3298 sim,
803 3239 896 3284 aut
933 3230 1046 3301 jam
1079 3229 1351 3302 perfectus
1379 3230 1481 3284 sim
1509 3230 1574 3283 “.
1626 3230 1699 3284 Ex
1739 3241 1892 3301 parte

321 3324 469 3375 enim
488 3322 713 3386 scimus,
746 3331 802 3378 et
826 3338 891 3378 ex
923 3333 1079 3393 parte
1111 3321 1517 3393 prophetamus.
1550 3320 1683 3377 Cum
1704 3334 1888 3379 autem

321 3415 536 3468 vcnerit
571 3415 714 3483 quod
764 3414 1064 3485 perlectum
1118 3426 1233 3483 est,
1282 3429 1402 3485 qua:
1453 3423 1581 3469 sunt
1622 3429 1689 3470 ex
1736 3424 1891 3486 parte

317 3508 672 3560 destruantur
698 3504 765 3565 “.
810 3524 829 3557 ι
860 3505 1016 3561 Sicut
1045 3505 1228 3574 igitur,
1265 3504 1589 3561 adveniente
1624 3506 1888 3575 perfecto,

320 3613 428 3650 non
484 3596 715 3651 alterum
761 3596 979 3652 Patrem
1026 3596 1376 3662 videbimus,
1426 3596 1521 3651 sed
1559 3599 1702 3652 hunc
1727 3613 1885 3667 quem

320 3703 465 3740 mine
501 3687 684 3741 videre
712 3689 1067 3759 concupimus
1096 3687 1142 3759 (ι
1183 3688 1331 3741 Beati
1365 3688 1506 3743 enim
1545 3688 1726 3743 mundi
1761 3705 1885 3743 cor-

389 3802 435 3835 ⁸⁸
469 3803 570 3856 lsa.
624 3818 754 3859 nit.
806 3802 903 3867 10,
953 3802 1037 3856 19.
1115 3804 1161 3835 ⁸⁸
1190 3802 1390 3856 Jerezn.
1448 3819 1609 3865 xui,
1652 3804 1753 3865 51,
1795 3804 1884 3857 52.

2011 586 2177 642 alium
2209 587 2508 650 Christum.
2542 600 2594 643 et
2626 589 2717 644 Dei
2756 589 2955 646 Filium
2978 592 3450 660 exspectabimus,
3487 592 3583 645 scil

2008 675 2155 733 hunc
2202 678 2291 747 qui
2338 693 2402 732 ex
2443 676 2612 733 Hatria
2640 677 2892 750 Virgine,
2944 683 3034 749 qui
3073 690 3127 735 et
3156 696 3348 749 passos
3388 690 3492 748 est,
3527 685 3580 735 iit

2008 782 2169 836 quem
2203 778 2258 822 et
2283 770 2584 831 credimus,
2612 784 2773 837 quem
2816 780 2871 825 et
2906 771 3182 841 diligimus
3210 768 3583 842 (quemadmo-

2007 858 2131 911 dum
2160 857 2326 913 lsaias
2352 861 2429 913 ait
2457 876 2471 912 :
2512 878 2531 911 ι
2565 860 2633 915 Ει
2662 861 2846 916 dicent
2878 863 2931 915 in
2962 862 3051 915 illa
3100 864 3227 917 die:
3273 864 3435 928 Ecce,
3480 862 3583 917 Do-

2009 949 2191 1003 minus
2223 949 2363 1004 Deus
2396 962 2605 1014 noster,
2636 952 2689 1004 in
2722 966 2883 1019 quem
2918 954 3275 1021 speravimus.
3310 962 3367 1009 et
3394 954 3581 1008 exsul-

2008 1034 2241 1087 tavimus
2288 1035 2341 1089 in
2397 1034 2572 1089 salute
2633 1046 2817 1090 nostra
2866 1037 2931 1089 ".
2969 1057 2988 1087 ι
3041 1038 3104 1092 Et
3155 1037 3352 1094 Petrus
3401 1040 3479 1093 ait
3525 1040 3579 1094 in

2005 1126 2249 1197 Epistula
2278 1144 2411 1183 sua:
2455 1148 2473 1180 ι
2507 1126 2678 1195 Quem
2714 1144 2821 1182 non
2853 1128 3100 1183 videntes
3130 1130 3376 1199 diligitis,
3425 1150 3443 1183 ι
3497 1130 3583 1186 in-

2003 1222 2145 1289 quit.
2186 1239 2204 1273 ι
2248 1222 2303 1275 iti
2337 1236 2497 1290 quem
2528 1237 2671 1276 nunc
2699 1237 2803 1275 non
2832 1218 3079 1275 videntes
3110 1222 3420 1277 credidistis
3443 1221 3577 1295 (l7),

2001 1311 2315 1382 gaudebitis
2345 1311 2546 1381 gaudio
2597 1312 2954 1367 inenarrabili
2982 1312 3030 1344 “
3065 1311 3112 1384 ι)
3141 1329 3160 1378 ;
3194 1327 3370 1381 neque
3409 1314 3577 1368 alium

2002 1401 2265 1469 Spiritum
2316 1412 2566 1458 sanctum
2613 1404 2968 1474 percipimus,
3020 1406 3125 1458 nisi
3180 1405 3327 1459 hunc
3369 1405 3460 1475 qui
3496 1416 3579 1461 est

2001 1491 2307 1558 nobiscum,
2358 1505 2413 1549 et
2463 1497 2554 1565 qui
2593 1496 2793 1551 clamat
2827 1512 2842 1549 :
2876 1517 2895 1549 ι
2928 1498 3080 1552 Abba
3102 1536 3119 1563 ,
3161 1507 3320 1567 pater
3349 1497 3429 1564 ⁶⁸;
3470 1517 3493 1551 s
3523 1507 3579 1552 et

2000 1583 2053 1637 i-n
2103 1585 2294 1639 iisdem
2346 1585 2477 1655 ipsis
2522 1598 2875 1656 augmentum
2923 1588 3272 1649 habebimus,
3326 1597 3380 1643 et
3409 1587 3579 1656 proﬂ-

1998 1674 2229 1740 ciemus,
2263 1686 2320 1729 ut
2343 1676 2453 1744 jam
2482 1692 2584 1730 non
2615 1692 2709 1747 per
2730 1678 3035 1746 speculum,
3060 1687 3118 1732 et
3142 1693 3235 1747 per
3258 1678 3575 1749 enigmata,

2000 1767 2096 1822 sed
2123 1764 2266 1822 facie
2291 1768 2358 1821 ad
2402 1766 2594 1823 faciem
2622 1767 2868 1823 fruamur
2895 1768 3216 1825 muneribus
3238 1769 3332 1824 Dei
3358 1787 3376 1823 :
3410 1769 3496 1825 sic
3520 1777 3577 1825 et

1997 1874 2146 1916 nunc
2178 1860 2298 1931 plus
2330 1861 2550 1929 templo,
2597 1873 2653 1917 et
2684 1862 2807 1931 plus
2842 1861 3133 1920 Salomone
3179 1848 3572 1932 percipiente's,

1998 1953 2139 2023 quod
2173 1962 2257 2006 est
2284 1955 2551 2009 adventus
2581 1953 2701 2007 Filii
2733 1954 2850 2019 Dei,
2880 1970 2987 2009 non
3019 1954 3252 2009 alterum
3284 1955 3577 2014 didicimus

1998 2041 2190 2106 Deum,
2222 2053 2426 2112 praeter
2468 2042 2854 2099 fabricatorem
2900 2055 2955 2099 et
2998 2044 3263 2101 (actorem
3301 2049 3571 2116 omnium,

1997 2133 2090 2203 qui
2135 2133 2204 2187 ab
2238 2134 2393 2188 initio
2425 2134 2582 2188 nobis
2629 2135 3033 2191 demonstratus
3061 2147 3182 2203 est;
3219 2151 3395 2205 neque
3428 2140 3574 2193 alte-

1998 2240 2115 2279 rum
2145 2224 2420 2280 Christum
2469 2227 2562 2280 Dei
2598 2225 2834 2293 Filium,
2862 2237 3062 2298 praeter
3088 2246 3213 2285 eum
3248 2229 3340 2300 qui
3379 2245 3408 2283 a
3441 2244 3574 2301 pro-

1996 2317 2175 2386 phetis
2199 2317 2523 2386 prtedicatus
2553 2328 2661 2371 est.

2064 2406 2117 2462 5.
2147 2405 2296 2461 Novo
2327 2407 2473 2462 enim
2508 2406 2858 2465 Testamento
2895 2409 3114 2479 cognito
3176 2420 3233 2465 et
3271 2413 3574 2483 praedicato

1994 2515 2091 2571 per
2144 2499 2460 2571 prophetas,
2508 2508 2565 2554 et
2614 2499 2703 2555 ille
2737 2502 2830 2570 qui
2877 2500 3007 2556 illud
3054 2502 3424 2571 dispositurus
3448 2514 3572 2560 erat

1995 2592 2291 2645 secundum
2344 2592 2601 2661 placitum
2646 2588 2865 2655 Patris,
2915 2593 3358 2662 praedicabatur,
3396 2597 3576 2651 inani-

1995 2680 2225 2737 festato:
2264 2680 2601 2744 hominibus,
2659 2684 3115 2751 quemadmodum
3172 2685 3337 2740 voluit
3389 2688 3567 2755 Deus;

1994 2783 2055 2828 ιιι
2097 2774 2307 2842 possint
2365 2789 2585 2842 semper
2620 2774 2884 2842 proiicere
2922 2777 3207 2831 credentes
3235 2777 3287 2831 in
3329 2794 3479 2843 eum,
3515 2790 3573 2835 et

1994 2880 2091 2935 per
2126 2874 2450 2919 testamenta
2476 2877 2847 2921 maturescere
2874 2866 3173 2936 perfectura
3207 2870 3402 2925 salutis
3430 2869 3567 2945 (18).

1999 2956 2114 3013 Una
2142 2957 2286 3011 enim
2321 2956 2489 3021 salus,
2515 2966 2569 3010 et
2596 2972 2734 3011 unus
2761 2956 2937 3013 Deus:
2967 2974 3085 3026 qua:
3118 2972 3301 3015 autem
3332 2959 3570 3017 fortnant

1994 3051 2292 3111 hominem,
2322 3057 2589 3118 pmcepta
2623 3048 2790 3103 multa
2819 3047 2951 3121 (l9),
3001 3061 3055 3103 et
3098 3067 3203 3105 nou
3250 3057 3407 3122 pauci
3443 3071 3569 3125 gra-

1996 3142 2117 3207 tius,
2150 3141 2241 3210 qui
2274 3141 2483 3194 ducunt
2510 3140 2782 3193 hominem
2822 3140 2886 3193 ad
2929 3142 3120 3196 Deum.
3166 3142 3405 3197 Terrena
3448 3147 3569 3214 qui-

2000 3235 2119 3289 dem
2162 3242 2213 3288 et
2259 3233 2540 3302 temporali
2583 3234 2692 3302 regi
2736 3232 2880 3305 (‘20),
2923 3249 3047 3287 cum
3093 3236 3166 3288 sit
3209 3236 3395 3298 humo.
3445 3238 3565 3294 licet

1998 3323 2287 3392 aliquoties
2318 3322 2549 3390 majores
2580 3322 2857 3392 prolectus
2887 3325 3189 3379 attribuere
3218 3325 3303 3380 his
3328 3328 3417 3392 qui
3438 3339 3565 3383 sunt

1996 3413 2226 3482 subjecti
2253 3434 2265 3469 :
2296 3412 2405 3467 Deo
2428 3424 2606 3467 autem
2634 3427 2739 3466 non
2774 3413 2961 3468 licebit
2987 3414 3121 3484 (2i),
3148 3432 3270 3470 cum
3302 3420 3373 3470 sit.
3402 3419 3568 3484 idem,

1994 3512 2048 3559 et
2078 3519 2291 3571 semper
2323 3502 2579 3570 tnajorem
2616 3506 2843 3575 gratiam
2882 3517 3144 3572 praestare
3172 3506 3287 3579 (ἐξ)
3324 3511 3569 3564 humatio

1995 3597 2177 3666 generi
2212 3596 2342 3651 velit
2388 3598 2521 3667 ('25).
2573 3606 2627 3651 et
2672 3598 2919 3664 plut-ilius
2972 3602 3292 3653 muneribus
3342 3604 3565 3655 assidue

1997 3690 2269 3743 honorare
2314 3703 2408 3741 eos
2462 3690 2553 3758 qui
2602 3688 2816 3758 placent
2864 3688 2961 3742 ei?
3008 3688 3067 3744 Si
3117 3699 3295 3743 autem
3345 3693 3445 3747 hoc
3479 3703 3565 3749 est

1995 3804 2039 3836 ιτ
2070 3804 2199 3873 ειη),
2232 3803 2396 3859 xx".
2471 3804 2519 3837 ³⁸
2569 3804 2761 3858 Matth.
2812 3821 2927 3869 xu,
2978 3805 3032 3861 6.
3106 3807 3151 3839 ”
3190 3806 3344 3859 Joan.
3385 3824 3421 3869 ι.
3468 3809 3561 3866 50.

316 3871 365 3906 ⁸⁵
397 3872 592 3942 l'hilip.
630 3890 711 3937 tit,
746 3874 829 3926 l2.
909 3874 947 3905 “
977 3874 994 3926 1
1029 3873 1153 3928 Cor.
1190 3890 1308 3937 aut,
1350 3873 1404 3937 9,
1435 3875 1519 3927 10.
1597 3873 1641 3904 ⁸⁸
1667 3875 1857 3928 Matth.
1885 3889 1934 3937 v,
1968 3874 1983 3929 ξ

1891 3889 1934 3937 v,
1968 3874 2021 3930 8.
2097 3871 2277 3930 “'lsa.
2311 3890 2436 3939 xxv,
2465 3874 2518 3930 9.
2594 3874 2639 3906 “
2667 3875 2683 3927 l
2708 3874 2824 3929 Pet.
2855 3891 2893 3942 ι,
2929 3879 2981 3929 8.
3056 3877 3101 3908 ⁸³
3130 3876 3286 3933 llutu.
3318 3893 3440 3943 vur,
3470 3880 3558 3935 l5.

315 3993 433 4048 hinc
474 3992 615 4116 fiurte
644 3995 961 4050 memoriter
986 3994 1240 4066 allegavit
1279 3993 1519 4049 lrenazns
1540 4035 1555 4059 ,
1602 3996 1679 4050 uti
1706 4004 1763 4051 et
1790 4010 1883 4051 se-

315 4074 481 4116 auem
505 4080 558 4116 a.

356 4074 558 4117 ueutta.

315 4078 609 4202 qufigiait't
637 4134 808 4188 nobis.
839 4132 932 4189 Sic
971 4132 1212 4188 Clarum.
1239 4135 1297 4189 in
1327 4133 1562 4189 Feuartl.
1607 4142 1662 4186 et
1688 4134 1881 4197 Graii"

313 4207 406 4275 qui
443 4205 611 4275 uoltis.
648 4205 718 4257 At
768 4205 819 4257 in
869 4202 1050 4267 Eras.,
1092 4205 1261 4270 Gall.,
1310 4205 1515 4259 Arund.
1552 4214 1605 4258 ct
1634 4203 1797 4258 Merc.
1826 4204 1879 4269 9.,

314 4274 419 4329 nec
449 4274 692 4343 qui,_nec
716 4281 767 4326 et
800 4283 1082 4343 apparent.

388 4288 419 4327 c
449 4288 561 4393 2m.
595 4288 692 4327 nec
716 4288 767 4326 et
800 4288 1082 4343 apparent.

388 4343 503 4413 (l__i
533 4340 898 4413 Multitudine.
939 4342 1026 4397 Al.
1072 4358 1377 4413 perperam,
1406 4342 1705 4413 altitudine.

391 4410 503 4479 (l5)
544 4412 645 4465 Aut
696 4411 1033 4480 iustiﬁcetur.
1073 4410 1226 4478 Quod
1272 4414 1512 4468 additum
1561 4426 1589 4464 a
1645 4411 1877 4466 Feuard.

317 4493 447 4535 ante
468 4480 819 4551 justi/iratus,
838 4484 1073 4550 expunxi
1093 4483 1417 4536 auctoritate
1434 4481 1591 4551 codd.
1611 4481 1704 4535 Cla
1716 4496 1877 4545 roin.,

1994 3996 2067 4049 tio
2098 3997 2271 4051 visum
2317 4006 2418 4051 est.
2458 3995 2753 4063 Perfectum
2796 4008 2977 4049 autem
3032 3995 3217 4049 salutis
3260 3996 3401 4050 dixit
3443 3999 3554 4054 Ire-

1992 4081 2160 4129 naaus,
2210 4082 2308 4134 pro
2348 4064 2665 4134 perfectione
2715 4081 2812 4118 seu
2859 4075 3312 4119 consummatione
3347 4070 3555 4129 salutis,

1990 4136 2158 4202 gloria
2187 4136 2440 4189 videlicet
2474 4146 2675 4188 a-terua
2702 4152 2716 4188 :
2752 4151 2860 4201 quo
2888 4150 3046 4187 sensu
3083 4136 3241 4200 paulo
3268 4144 3392 4189 ante
3419 4141 3558 4192 st-ri.

1989 4206 2095 4272 psit
2126 4224 2139 4260 :
2177 4205 2313 4258 sicut
2362 4206 2526 4272 igitur
2558 4204 2862 4257 adveniente
2891 4206 3119 4271 perfecta
3139 4242 3155 4267 ,
3187 4220 3286 4255 non
3329 4206 3552 4267 alterum

1989 4272 2207 4328 Patrem
2237 4274 2548 4337 videbimus,
2578 4280 2683 4326 etc.
2716 4275 2791 4326 At:
2817 4274 3045 4340 proinde
3078 4287 3279 4325 SBIISUi
3305 4288 3390 4328 est
3417 4296 3429 4328 ι
3482 4275 3551 4330 Ut

1987 4346 2186 4409 possint
2227 4359 2428 4412 semper
2477 4342 2731 4410 proﬁcere
2792 4346 3054 4394 credentes
3100 4346 3153 4392 in
3204 4358 3321 4395 eum
3368 4355 3416 4397 et
3462 4363 3556 4412 per

1987 4418 2135 4465 varia
2159 4413 2253 4465 sibi
2279 4414 2496 4465 invicem
2514 4412 2844 4464 sucrcdeulta
2868 4421 3175 4463 tesmmeuta
3202 4424 3553 4468 maturescere

1986 4489 2140 4549 queat
2181 4482 2366 4535 salutis
2412 4486 2657 4533 humana!
2678 4492 3075 4533 comminuunt).
3111 4480 3150 4533 ι.
3182 4494 3232 4530 ε.
3268 4498 3365 4548 per
3400 4488 3549 4536 Varia

316 4538 521 4604 Arund.
556 4538 886 4614 et'blercf2,
910 4538 980 4621 'ac
1009 4552 1178 4617 ipsius
1205 4551 1401 4605 Italica:
1434 4550 1720 4621 versiouis.
1757 4538 1879 4620 quae
1913 4538 1957 4593 Ι)
1987 4538 2309 4606 testamenta
2362 4556 2574 4621 possint
2622 4552 2868 4603 homines
2916 4551 3172 4619 paulatim
3224 4538 3291 4603 ad
3321 4553 3548 4621 gloriam

318 4622 422 4673 hoc
450 4622 819 4674 addimcntum
849 4635 915 4673 ex
966 4619 983 4671 Ι
1032 4621 1279 4676 Corinth.
1313 4634 1389 4685 tv,
1422 4620 1456 4672 4
1478 4657 1495 4681 ,
1542 4619 1880 4687 desumptqu

315 4690 428 4742 sola
462 4690 549 4742 hic.
579 4689 825 4753 exhibet,
864 4698 919 4741 ut
953 4701 1167 4745 constat
1199 4705 1264 4744 ex
1296 4688 1666 4744 vetustissimo
1696 4701 1882 4743 nostro

316 4762 440 4813 cod.
460 4773 561 4816 ms.
578 4757 915 4814 Graeco-Lat.
944 4756 1465 4825 Sau-Germanensi,
1490 4758 1879 4813 Ambrosiastri

314 4828 620 4884 Comment.
643 4840 699 4883 et
724 4829 867 4882 aliis.

388 4898 503 4968 (l6)
540 4898 728 4951 Mundi
754 4899 924 4968 corde.
952 4899 1046 4955 Sic
1074 4898 1314 4955 Clarum.
1352 4913 1475 4953 cum
1504 4898 1722 4967 antiqua
1755 4912 1878 4951 ver-

316 4967 489 5041 sione;
518 4970 721 5041 Italica,
769 4980 825 5023 et
865 4967 1057 5025 Gnaeo
1107 4970 1388 5041 Evangelii
1437 4979 1611 5022 textu.
1659 4968 1875 5029 Caneri.

314 5039 514 5091 tumulo
537 5040 712 5092 corde.

387 5108 499 5187 (i7)
548 5106 878 5187 credidistis.
920 5106 1102 5187 Nostri
1151 5106 1309 5187 1!.1‘.
1360 5109 1520 5187 codd.
1550 5109 1775 5171 habent,
1823 5115 1878 5161 ct

314 5178 548 5248 quidem
562 5179 773 5248 melius,
804 5178 1247 5243 πιστεύοντες”δέ,
1284 5182 1548 5234 credentes
1572 5188 1770 5248 autem.

382 5249 491 5320 (18)
510 5246 614 5301 Per
640 5246 968 5320 Testamenta
993 5260 1340 5302 maturescere
1355 5251 1638 5320 perfectum
1665 5246 1871 5320 salutis.

318 5316 408 5373 sac-
459 5328 605 5373 recte
631 5329 791 5371 vetus
837 5316 1072 5372 Feuard.
1117 5322 1239 5372 cod.
1289 5327 1344 5371 et
1388 5319 1624 5371 Clarum.
1653 5329 1707 5369 et
1737 5316 1875 5368 forte

316 5390 474 5441 etiam
508 5386 661 5441 Voss.
713 5388 835 5441 cod.
888 5386 987 5441 Hic
1037 5387 1226 5441 saltem
1274 5385 1733 5455 consentitquoad
1756 5400 1875 5452 per-

313 5459 544 5526 fectum:
596 5461 662 5510 tle
690 5472 818 5511 voce
851 5466 1154 5509 testamenta
1181 5496 1196 5522 ,
1245 5472 1405 5525 quam
1439 5460 1635 5509 habent
1682 5455 1867 5518 Eras.,

314 5528 453 5582 Gali.
487 5536 540 5579 et
570 5526 827 5589 Feuard.,
876 5527 1129 5595 ambigo:
1186 5526 1450 5593 siquidem
1478 5526 1645 5580 Grali.
1677 5528 1869 5577 excudi

315 5597 441 5649 fecit
468 5605 827 5649 testamentum
857 5610 873 5646 :
903 5613 968 5647 ait
998 5597 1202 5649 codicis
1237 5600 1387 5649 Voss.
1422 5613 1486 5647 an
1516 5595 1743 5647 alterius
1774 5609 1871 5645 att-

313 5677 565 5718 Cturitate
584 5667 607 5711 ‘!
632 5683 734 5717 non
762 5666 919 5719 dixit.
946 5666 1213 5720 Creterum
1239 5680 1334 5734 pro
1352 5666 1658 5732 perfectum,
1689 5663 1865 5723 κως..

313 5734 488 5796 Gali”
531 5735 734 5787 Aruttd.
782 5747 835 5789 et
878 5735 1043 5789 Mero.
1085 5734 1159 5797 2,
1207 5752 1488 5803 perperam
1537 5739 1732 5787 hutith
1776 5749 1867 5801 per

311 5808 585 5872 eyectum,‘
620 5820 713 5858 ncc
749 5805 940 5859 melius
969 5818 1255 5874 utrumque
1290 5807 1523 5860 retinere
1556 5804 1867 5859 Fensirdcn-

1984 4628 2243 4689 aeternattt
2278 4620 2520 4689 perduci.

2056 4692 2168 4759 (19)
2194 4686 2325 4754 Quir:
2342 4700 2517 4741 autem
2537 4686 2764 4759 {aﬂuant
2783 4688 3062 4751 hominem,
3081 4700 3339 4757 prwcepta
3357 4690 3545 4747 multa.

1984 4757 2078 4814 Sic
2110 4760 2374 4819 Clarum"
2407 4759 2612 4811 Aruud.
2639 4768 2693 4811 et
2724 4757 2877 4812 Voss.
2915 4760 3109 4811 melius
3136 4771 3189 4812 et
3226 4762 3415 4814 Irettiei
3451 4779 3544 4814 ar--

1982 4838 2238 4893 gumento
2268 4827 2684 4883 convenientius
2717 4843 2877 4895 quam
2908 4828 3114 4893 czuteri,
3161 4831 3251 4898 qui
3296 4831 3546 4897 formarit

1980 4898 2264 4960 ltominem,
2292 4906 2552 4965 praecepta
2586 4912 2757 4951 autem
2791 4900 2979 4950 multa.

2052 4967 2165 5035 (20)
2215 4968 2439 5021 Terrena
2490 4968 2697 5034 quidem
2753 4973 2804 5018 et
2845 4968 3121 5032 temporali
3169 4970 3293 5035 regi.
3336 4968 3393 5021 in
3432 4981 3541 5024 vet.

1978 5034 2100 5089 cod.
2133 5037 2366 5091 Feuard.
2408 5048 2461 5089 et
2491 5034 2643 5091 Voss.
2678 5073 2693 5101 ,
2744 5046 2866 5088 tmte
2919 5044 3181 5090 terrenum
3230 5034 3445 5105 quidem
3493 5049 3544 5092 et

1977 5108 2309 5173 temporalem
2344 5122 2537 5175 regem.

2054 5176 2167 5246 (il)
2219 5176 2317 5230 His
2366 5173 2617 5246 quiisunt
2667 5174 2924 5246 subjecti:
2953 5173 3079 5246 (Deo
3129 5187 3303 5228 autem
3340 5191 3444 5229 non
3471 5177 3541 5229 li-

1976 5248 2129 5309 cebit,
2148 5244 2264 5299 etc.
2290 5246 2421 5315 Cod.
2450 5245 2688 5297 Clarmn.
2716 5244 2877 5312 paulo
2912 5245 3108 5315 aliter:
3140 5248 3218 5296 Iu's
3247 5257 3419 5298 autem
3451 5249 3541 5315 qui

1975 5326 2097 5370 sunt
2122 5315 2339 5384 subjecti
2371 5314 2482 5367 Deo
2513 5330 2616 5366 non
2646 5316 2835 5367 licebit.
2864 5317 2934 5367 At
2956 5314 3177 5383 Vulgata
3214 5315 3374 5367 lectio
3403 5314 3543 5382 prie-

1974 5386 2195 5439 l'creutla
2224 5388 2435 5439 videtur
2461 5401 2474 5436 :
2508 5399 2698 5450 quare,
2732 5393 2851 5452 post
2879 5385 2988 5437 Deo
3014 5396 3185 5436 autem
3214 5400 3313 5436 non
3340 5385 3537 5447 licebit,

1974 5456 2577 5525 subintelligendaqua:
2612 5462 3009 5525 praeessernnt
3032 5492 3047 5515 ,
3101 5453 3328 5519 tnujores
3358 5455 3538 5521 profe-

1971 5537 2085 5577 ctus
2118 5522 2401 5577 uttribuerc
2432 5524 2515 5575 Itis
2544 5524 2633 5585 qui
2654 5530 2777 5574 sunt
2804 5522 3045 5590 subjecti.

2044 5594 2154 5663 (39.)
2187 5594 2470 5647 I’rtcstarc.
2499 5594 2674 5651 Eras.,
2710 5592 2847 5645 Gali.
2884 5604 2936 5643 ct
2963 5590 3197 5644 Fcuard.
3222 5604 3535 5659 perperam,

1970 5675 2023 5718 ct
2064 5665 2485 5731 repugnantibus
2517 5665 2771 5715 omnibus
2808 5678 2963 5726 inss.,
2993 5671 3233 5728 pru'stut.

2045 5730 2153 5805 ('23)
2200 5730 2360 5787 Velit.
2404 5730 2517 5786 Hoc
2566 5734 2787 5784 \'t'l'bUlll
2834 5731 3011 5783 addidi
3043 5746 3105 5783 ex
3137 5733 3261 5784 cod.
3294 5730 3533 5783 Clarum.
