4222 6320
254 389 385 449 1001

1372 382 1650 441 CONTRA
1685 378 2023 439 MRESES
2055 377 2182 435 LIB.
2216 376 2296 435 ιτ.

255 513 469 587 pallium
497 522 688 578 suum;
738 509 935 565 lmtiﬂci
986 507 1099 583 (35)
1123 507 1266 564 oculi
1318 506 1438 575 ejus
1469 522 1500 563 a
1530 507 1660 562 vino
1689 502 1825 579 (36).
1854 505 1903 565 Δ
1931 511 2089 558 rante
2114 515 2332 558 servum
2361 498 2494 572 (40).
2540 505 2593 554 et
2615 502 2904 570 adoptante
2931 500 2986 555 in
3039 499 3229 565 ﬁlium,
3286 512 3342 556 et
3365 511 3493 571 apto

248 613 309 662 et
333 603 551 661 candidi
577 604 773 657 dentes
816 600 935 671 ejus
994 613 1157 671 quam
1193 598 1281 653 lac
1306 596 1356 630 "
1390 596 1525 671 (‘57).
1565 614 1586 649 ι
1638 595 1822 666 Inqui-

249 704 377 751 rant
404 693 552 749 enim
589 692 670 758 hi,
700 690 793 762 qui
815 689 1000 745 omnia
1038 689 1271 744 scrutari
1302 687 1577 750 dicuntur,
1610 685 1662 741 id
1690 696 1823 741 tem-

249 800 353 856 pus
375 785 426 841 in
451 802 560 858 quo
590 783 789 841 defecit
820 782 1098 855 princeps,
1128 788 1185 836 ct
1214 781 1322 835 dus
1354 792 1422 835 ex
1451 777 1612 843 Juda,
1641 788 1694 832 et
1726 778 1819 849 qui

249 888 338 933 est
364 878 603 948 gentium
636 890 783 944 spes,
806 883 864 929 et
891 874 983 944 qui
1011 873 1164 935 vitis,
1183 880 1240 927 et
1266 872 1357 942 qui
1398 872 1578 941 pullus
1599 871 1736 940 ejus,
1766 878 1823 925 et

248 969 830 1043 quodindumeutum,
862 975 916 1021 et
942 967 1035 1036 qui
1087 964 1254 1030 oculi,
1285 972 1339 1019 et
1366 963 1461 1032 qui
1504 963 1719 1027 dentes,
1764 970 1821 1016 et

248 1062 395 1133 quod
422 1060 630 1127 vinum,
660 1067 717 1115 et
739 1056 1164 1127 unumquodque
1191 1070 1259 1113 ex
1290 1055 1450 1111 dictis
1479 1052 1592 1127 (38)
1623 1053 1822 1126 exqui-

248 1160 411 1220 rant;
440 1160 497 1209 et
519 1152 799 1208 invenient
850 1165 959 1207 non
1002 1148 1194 1215 alium,
1235 1148 1340 1204 nisi
1401 1142 1692 1202 Dominum
1726 1160 1824 1201 no-

247 1254 426 1301 strum
463 1243 648 1299 Jesum
680 1242 985 1309 Christum,
1043 1240 1445 1297 aununtiatum.
1474 1235 1823 1308 Quapropter

247 1336 463 1409 Moyses
486 1337 777 1406 increpans
818 1332 1097 1405 populum,
1127 1330 1270 1403 quod
1321 1332 1563 1401 ingratus
1590 1326 1822 1383 exsiste-

249 1441 357 1497 ret,
390 1430 509 1483 ait:
540 1447 561 1481 l
598 1428 690 1485 Sic
719 1427 950 1497 populus
987 1424 1191 1489 fatuus,
1220 1432 1277 1479 et
1303 1439 1409 1478 non
1435 1422 1678 1493 sapiens,
1705 1421 1821 1477 haec

251 1522 482 1579 Domino
499 1520 829 1578 retribuistis
856 1518 905 1552 ⁷⁵
926 1519 952 1573 τ
979 1537 998 1572 ι
1032 1517 1099 1573 Ει
1119 1532 1310 1573 rursus
1327 1514 1662 1588 signiﬁcans,
1689 1528 1822 1583 quo-

250 1614 397 1668 niam
438 1612 529 1681 qui
553 1613 623 1667 ab
652 1611 808 1667 initio
842 1609 1089 1667 condidit
1114 1617 1170 1665 et
1202 1608 1335 1664 fecit
1367 1622 1461 1663 eos
1482 1604 1738 1666 Verbum.
1765 1612 1821 1659 et

246 1704 303 1760 in
335 1706 653 1761 novissimis
694 1702 1040 1773 temporibus,
1085 1701 1357 1756 redimens
1387 1712 1506 1765 nos,
1561 1705 1616 1751 et
1639 1694 1818 1750 vivifi-

248 1810 403 1862 cans,
428 1796 731 1851 ostenditur
753 1795 995 1865 pendens
1019 1794 1071 1848 in
1096 1792 1261 1861 ligno,
1284 1799 1336 1843 et
1367 1805 1471 1845 non
1497 1789 1721 1843 credent
1744 1784 1815 1840 ei.

247 1888 540 1943 Aitenim:
584 1904 603 1938 ι
636 1886 704 1942 Et
751 1887 860 1941 erit
894 1885 1007 1939 vita
1060 1892 1149 1937 tus
1177 1880 1423 1953 pendens
1463 1885 1588 1932 ante
1635 1873 1822 1932 oculos

249 1989 391 2041 tuos,
446 1987 503 2033 et
545 1993 650 2032 non
693 1976 887 2032 credes
935 1976 1061 2031 vita:
1118 1982 1223 2029 tua:
1254 1971 1326 2025 ⁷⁸.
1390 1989 1409 2022 ι
1468 1968 1535 2023 Et
1580 1968 1819 2022 iterum:

255 2088 279 2125 s
308 2070 504 2127 Nonne
532 2070 621 2125 hic
644 2070 788 2124 idem
811 2068 976 2123 Pater
999 2076 1121 2123 tuus
1143 2063 1387 2136 possedit
1408 2071 1480 2120 te.
1513 2070 1568 2117 et
1600 2059 1727 2115 fecit
1750 2069 1821 2122 te,

247 2176 303 2219 et
323 2164 532 2219 creavit
564 2172 616 2216 te
633 2162 681 2194 ⁷⁸
702 2162 726 2219 ‘l
751 2180 774 2215 ι

828 2342 1058 2399 CAPUT
1081 2340 1151 2397 XI
1175 2337 1245 2397 τ’.

250 2480 464 2537 Veteres
482 2482 757 2551 prophetas
779 2489 824 2535 et
841 2478 1017 2549 justos
1041 2478 1353 2551 prtznovisse
1376 2475 1653 2551 agrestum
1671 2472 1827 2551 (ξρνί-

310 2552 401 2617 sti,
430 2544 669 2615 humane
701 2544 875 2604 ridere
907 2558 958 2603 et
988 2544 1177 2603 audire
1221 2546 1492 2617 ardentius
1529 2544 1825 2617 oppetiisse,

318 2611 429 2687 ipso
446 2637 537 2685 per
552 2611 808 2694 Spiritum
822 2629 1141 2694 sanaturum
1156 2617 1211 2672 in
1231 2611 1523 2694 Scriptum}
1543 2611 1823 2694 revelatus,

311 2684 362 2748 et
385 2684 501 2748 sine
534 2684 617 2745 sui
640 2689 936 2745 mulatione
959 2687 1101 2743 noris
1123 2689 1181 2741 in
1206 2688 1322 2741 dies
1356 2685 1617 2758 beneﬁciis
1652 2684 1823 2758 Itami-

315 2780 403 2817 nes
446 2759 668 2826 ditante,
724 2759 1039 2829 posteriores
1094 2767 1267 2811 tamen
1312 2753 1630 2811 capitulatim
1671 2753 1827 2821 prio-

314 2834 478 2888 ribus.

316 2971 370 3027 1.
403 2968 673 3036 Quoniam
700 2976 886 3022 autem
922 2979 1029 3020 non
1058 2962 1233 3019 solum
1287 2960 1563 3032 propheta:
1610 2971 1665 3015 et
1691 2957 1824 3029 justi

238 3060 421 3128 multi,
444 3058 800 3130 praescientcs
819 3071 918 3126 per
941 3054 1209 3125 Spiritum
1230 3061 1478 3108 sanctum
1497 3047 1608 3122 (59)
1622 3050 1823 3105 adven-

239 3164 360 3208 tum
380 3152 522 3221 ejus,
551 3157 851 3207 oraverunt
900 3147 956 3202 in
986 3146 1117 3200 illud
1146 3152 1362 3213 tempus
1386 3143 1596 3206 venire,
1626 3142 1680 3195 in
1710 3154 1822 3211 quo

239 3247 385 3303 facie
408 3247 474 3301 ad
504 3243 698 3299 faciem
734 3240 983 3295 viderent
1030 3237 1321 3292 Dominum
1349 3250 1504 3291 suum
1525 3244 1581 3289 et
1609 3248 1817 3290 sermo-

237 3356 338 3397 nes
354 3336 611 3393 audirent
628 3333 770 3403 ejus,
787 3330 1050 3388 Dominus
1072 3328 1203 3385 fecit
1225 3326 1596 3394 manifestum,
1619 3328 1813 3384 dicens

243 3429 558 3500 discipulis:
596 3443 615 3475 ι
654 3424 805 3479 Multi
836 3423 1115 3495 propheta
1138 3430 1194 3477 et
1227 3420 1356 3488 justi
1402 3420 1691 3490 cupierunt
1728 3421 1813 3476 vi-

237 3528 373 3581 dere
407 3537 533 3594 qua:
565 3519 787 3585 videtis,
821 3526 878 3570 et
918 3530 1025 3569 non
1072 3513 1349 3578 viderunt,
1382 3522 1438 3569 et
1462 3514 1653 3569 audire
1694 3527 1816 3583 qua:

238 3613 462 3679 auditis,
491 3622 673 3667 etnon
701 3606 990 3663 audierunt
1010 3602 1079 3658 ".
1104 3620 1121 3654 ι
1151 3601 1621 3669 Quemadmodum
1649 3603 1815 3674 igitur

236 3704 637 3773 concupierunt
664 3706 722 3754 et
749 3696 961 3756 audire,
994 3702 1047 3749 et
1095 3693 1304 3757 videre,
1337 3692 1441 3747 nisi
1467 3693 1814 3763 praescissent

234 3794 402 3868 πω
451 3794 695 3847 futurum
746 3789 864 3859 ejus
922 3784 1253 3841 adventum?
1290 3782 1577 3851 Quomodo
1628 3792 1809 3838 autem

234 3885 499 3959 praescire
521 3887 835 3953 potuerunt,
868 3877 974 3934 nisi
1002 3875 1072 3931 ab
1099 3875 1219 3944 ipso
1260 3873 1661 3945 prrscientiam
1685 3883 1813 3928 ante

236 3976 619 4049 accepissent?
642 3972 926 4043 Quomodo
958 3979 1143 4026 autem
1175 3968 1472 4038 Scriptura:
1514 3966 1813 4023 testiﬁcan-

233 4082 329 4128 tur
353 4070 421 4127 de
446 4083 532 4137 eo,
571 4067 677 4123 nisi
707 4066 778 4122 ab
803 4078 912 4121 uno
933 4071 990 4119 et
1006 4062 1198 4119 eodem
1232 4060 1341 4115 Deo
1370 4059 1551 4116 omnia
1596 4074 1815 4130 semper

238 4179 338 4233 per
365 4160 600 4218 Verbum
620 4156 858 4215 revelata
878 4164 933 4211 et
958 4162 1175 4210 ostensa
1201 4151 1432 4207 fuissent
1447 4150 1814 4217 credentibus;

240 4253 531 4326 aliquando
556 4251 776 4322 quidem
804 4246 1147 4317 colloquente
1165 4257 1234 4300 eo
1261 4258 1383 4300 cum
1404 4258 1505 4299 suo
1526 4242 1811 4312 plasmate,

238 4346 533 4418 aliquando
565 4352 747 4399 autem
789 4342 957 4396 dante
1005 4340 1203 4411 legem.
1240 4336 1529 4407 aliquando
1553 4351 1685 4392 vero
1712 4350 1812 4391 ex-

235 4440 558 4510 probrante,
589 4432 881 4503 aliquando
921 4427 1268 4493 exhortante,
1300 4441 1365 4482 ac
1396 4426 1652 4495 deinceps
1678 4426 1813 4483 libe-

298 4529 347 4563 "
372 4529 506 4585 Gen.
541 4541 688 4586 sus.
708 4524 776 4580 10
810 4534 863 4577 et
886 4535 1039 4593 seqq.
1140 4522 1188 4555 ⁷⁸
1218 4523 1567 4593 υειιιςμις-ξιι.
1594 4521 1647 4577 6.

234 4598 287 4635 ’⁸
314 4598 504 4655 Hatth.
538 4613 660 4662 xm,
698 4597 786 4651 17.

1758 4522 1805 4555 ⁷⁵
1824 4521 1980 4579 Deut.
2001 4540 2190 4591 xsvm,
2214 4524 2302 4580 66.

861 4590 1075 4650 "Gen.
1114 4594 1281 4659 1,28.
1352 4590 1402 4625 ιο
1450 4591 1644 4646 Μειιιι.
1693 4607 1823 4658 xxv,
1873 4593 2083 4659 21,23.

1924 602 2164 659 tempore
2198 588 2578 659 incorruptelte
2609 587 2721 661 (41)
2764 590 3132 645 htereditatem
3177 601 3490 661 praestante,

1922 683 1990 738 ad
2018 680 2409 754 perfectionem
2453 680 2739 736 hominis?
2778 678 3074 735 Plasmavit
3099 682 3242 736 enim
3272 697 3394 736 eum
3434 683 3489 738 in

1923 784 2273 845 augmentum
2316 781 2370 829 et
2400 773 2817 837 incrementum,
2864 775 3311 841 quemadmodum
3344 773 3492 830 Scri—

1920 877 2079 939 ptura
2105 866 2241 921 dicit
2272 885 2285 920 :
2328 884 2348 919 t
2382 866 2629 922 Crescite
2662 874 2718 920 et
2747 865 3183 933 multiplicamini
3217 867 3283 920 ".
3322 886 3341 920 ι

1994 956 2050 1012 2.
2073 956 2141 1012 Et
2172 956 2277 1012 hoc
2311 956 2451 1012 Deus
2472 956 2539 1011 ab
2588 954 2809 1011 homine
2842 955 3040 1023 diﬂert,
3073 957 3327 1028 quoniam
3354 958 3492 1014 Deus

1920 1048 2138 1118 quidem
2169 1048 2321 1116 facit,
2353 1047 2515 1104 homo
2538 1058 2719 1103 autem
2772 1048 2861 1104 ﬁt:
2890 1059 2944 1104 et
2972 1050 3187 1120 quidem
3216 1052 3307 1121 qui
3339 1050 3492 1115 facit,

1921 1153 2137 1211 semper
2155 1140 2299 1197 idem
2322 1149 2435 1196 est:
2463 1143 2607 1213 quod
2635 1152 2816 1198 autem
2845 1142 2935 1205 lit,
2962 1151 3018 1197 et
3039 1141 3279 1209 initium,
3304 1154 3359 1199 et
3381 1159 3494 1199 me-

1921 1232 2203 1297 dietatem,
2234 1243 2290 1288 et
2350 1234 2733 1304 adjectionem,
2761 1245 2816 1293 et
2858 1243 3212 1305 augmentum
3244 1237 3493 1308 accipere

1922 1324 2105 1381 debet.
2130 1325 2201 1381 Et
2232 1326 2376 1382 Deus
2408 1328 2807 1398 quidem,hene
2854 1327 3004 1392 facit,
3032 1329 3171 1384 bene
3199 1338 3382 1385 autem
3434 1329 3494 1384 llt

1922 1416 2148 1472 homini.
2183 1416 2250 1473 Et
2280 1418 2421 1474 Deus
2444 1420 2661 1487 quidem
2688 1417 2961 1489 perfectus
2987 1420 3041 1473 in
3076 1422 3346 1485 omnibus,
3380 1421 3495 1487 ipso

1922 1509 2026 1563 sibi
2056 1509 2282 1579 aequalis
2306 1519 2362 1565 et
2386 1510 2618 1576 similis;
2664 1518 2809 1566 totus
2843 1525 2966 1566 cum
2998 1510 3067 1567 sit
3097 1509 3298 1577 lumen,
3328 1522 3385 1567 et
3412 1520 3496 1569 tuo

1926 1610 2012 1656 tus
2038 1613 2209 1664 mens,
2231 1609 2285 1655 et
2318 1608 2467 1657 totus
2513 1601 2840 1668 substantia,
2872 1609 2928 1656 et
2980 1601 3103 1657 fons
3127 1602 3371 1658 omnium
3399 1604 3498 1658 bo-

1921 1705 2139 1756 norum;
2174 1690 2335 1745 homo
2352 1705 2483 1746 vero
2510 1690 2815 1760 profectum
2836 1692 3143 1761 percipiens
3161 1700 3217 1747 et
3237 1709 3499 1763 augmen-

1926 1793 2038 1836 tum
2088 1784 2156 1837 ad
2206 1782 2374 1839 Deum
2420 1783 2555 1857 (Η).
2616 1784 3088 1852 Quemadmodum
3151 1786 3294 1840 enim
3354 1786 3497 1841 Deus

1923 1887 2139 1944 semper
2168 1873 2309 1930 idem
2339 1886 2453 1942 est;
2492 1875 2571 1931 sic
2594 1883 2650 1930 et
2675 1874 2840 1930 homo
2861 1874 2915 1930 in
2939 1875 3051 1930 Deo
3076 1876 3326 1931 inventus
3358 1875 3495 1947 (45),

1923 1978 2142 2036 semper
2176 1964 2427 2036 proﬁciet
2456 1966 2523 2021 ad
2563 1965 2749 2021 Deum.
2788 1963 2973 2036 Neque
3024 1965 3168 2020 enim
3208 1966 3347 2022 Deus
3373 1981 3496 2022 ces-

1924 2063 2013 2111 sat
2039 2055 2330 2125 aliquando
2357 2058 2412 2111 in
2442 2054 2854 2118 benefaciendo.
2908 2065 2963 2111 et
2990 2056 3369 2127 locupletando
3402 2059 3497 2114 ho-

1926 2148 2169 2201 minem:
2203 2161 2379 2216 neque
2418 2147 2579 2202 homo
2625 2157 2807 2202 cessat
2850 2146 3175 2203 beneficium
3226 2152 3497 2220 accipere,

1925 2247 1980 2291 et
2003 2237 2160 2292 ditari
2190 2254 2219 2290 a
2254 2240 2383 2293 Deo.
2412 2238 2791 2306 Esceplorium
2824 2240 2971 2292 enim
3018 2237 3293 2306 bonitatis,
3326 2249 3383 2297 et
3404 2258 3499 2298 or-

1924 2342 2124 2398 ganum
2155 2326 2568 2383 clariﬂratiouis
2599 2328 2743 2399 ejus,
2792 2328 2953 2385 homo
2978 2339 3168 2399 gratus
3194 2332 3243 2386 ei
3292 2333 3385 2402 qui
3433 2348 3500 2389 se

1926 2418 2054 2475 fecit
2080 2436 2095 2474 :
2132 2428 2184 2475 et
2213 2418 2410 2475 iterum
2433 2420 2962 2489 exceptoriumjusti
2981 2419 3171 2488 judicii
3196 2423 3314 2493 ejus
3332 2425 3499 2480 homo

1926 2510 2194 2583 ingratus,
2225 2522 2283 2567 et
2302 2528 2566 2581 spernens
2587 2512 2998 2583 plasmatorem,
3024 2525 3082 2568 et
3104 2531 3208 2570 non
3228 2514 3500 2582 subjectus

1926 2599 2108 2661 Verbo
2137 2603 2282 2675 ejus:
2318 2605 2413 2676 qui
2445 2604 2743 2673 plurimum
2774 2618 2987 2673 semper
3022 2604 3497 2677 fructiﬁcantibns,

1926 2703 1984 2750 et
2008 2694 2129 2766 plus
2160 2696 2491 2752 habentibus
2522 2695 2860 2753 Dominlcntu
2909 2707 3216 2767 argentum,
3240 2700 3497 2756 daturum

1925 2802 1984 2842 se
2014 2786 2287 2856 pollicitus
2318 2797 2439 2842 est:
2474 2804 2493 2838 σ
2533 2786 2706 2857 Euge,
2755 2808 2775 2841 ι
2805 2788 3001 2859 inquit,
3039 2808 3057 2841 ι
3098 2805 3254 2846 serve
3283 2790 3422 2848 bone
3442 2805 3500 2848 et

1928 2878 2130 2943 lidelis,
2164 2879 2293 2950 quia
2328 2880 2382 2934 in
2415 2880 2628 2935 modico
2644 2880 2823 2937 fidelis
2851 2881 3024 2945 fuisti,
3054 2896 3219 2951 super
3250 2886 3418 2939 multa
3445 2898 3501 2943 te

1926 2972 2276 3036 constituam;
2310 2971 2451 3026 intra
2482 2972 2536 3027 in
2562 2972 2818 3043 gaudium
2860 2972 3079 3028 Domini
3112 2975 3189 3031 tui
3216 2975 3284 3042 '°;
3324 2996 3343 3031 ι
3385 2978 3500 3047 ipse

1927 3060 2190 3117 Dominus
2218 3060 2513 3131 plurimum
2544 3064 2867 3132 promittens
2901 3063 3033 3136 (Η).

1995 3150 2053 3207 3.
2091 3152 2248 3209 Sicut
2276 3169 2411 3223 ergo
2442 3170 2583 3210 nunc
2609 3156 3067 3214 fructificantibus
3088 3158 3380 3229 plurimum
3402 3163 3501 3220 da-

1920 3253 2187 3302 turumse
2235 3247 2507 3318 pollicitus
2555 3258 2659 3314 est,
2710 3250 3006 3303 secundum
3057 3253 3498 3309 munerationem

1917 3337 2111 3406 gratia:
2131 3352 2265 3402 sum,
2286 3338 2381 3393 sed
2406 3354 2511 3393 non
2528 3339 2821 3396 secundum
2838 3345 3323 3400 commutationem
3344 3346 3500 3417 agni-

1919 3430 2085 3486 tionis
2111 3428 2268 3502 (ipse
2300 3430 2412 3504 (45)
2441 3433 2584 3487 enim
2626 3432 2886 3489 Dominus
2907 3446 3245 3504 perseverat.
3275 3446 3330 3493 et
3356 3439 3499 3495 idem

1916 3519 2082 3576 Pater
2113 3520 2431 3595 revelatur);
2461 3525 2541 3579 sic
2562 3533 2764 3595 ergoet
2787 3527 3181 3596 posterioribus
3211 3529 3495 3600 majorem,

1918 3627 2081 3683 quam
2110 3628 2231 3683 qua
2254 3614 2356 3669 fuit
2380 3615 2434 3669 iu
2456 3617 2625 3670 veteri
2658 3626 3009 3680 testamento.
3063 3622 3498 3677 munerationem

1919 3702 2110 3774 gratia:
2135 3704 2386 3759 attribuit
2405 3719 2544 3761 unus
2563 3718 2617 3761 et
2643 3708 2783 3762 idem
2808 3706 3071 3764 Dominus
3095 3725 3191 3778 per
3220 3726 3378 3767 suum
3400 3714 3499 3767 ad-
3596 3728 3597 3731 ‘

1923 3804 2172 3847 ventum.
2206 3792 2374 3848 Etilli
2421 3795 2565 3850 enim
2593 3811 2692 3864 per
2730 3798 2962 3854 famulos
2984 3799 3276 3855 audiebant
3299 3812 3496 3856 ventu-

1922 3898 2041 3936 rum
2073 3897 2279 3954 regem,
2318 3894 2375 3939 et
2401 3885 2753 3943 mediocriter
2779 3890 3089 3959 gaudebant
3136 3890 3273 3965 (ιϐ),
3302 3908 3501 3949 secun-

1918 3973 2046 4027 dum
2096 3973 2241 4043 quod
2288 3974 2582 4040 sperabant
2634 3987 2922 4034 venturum
2971 3995 3135 4037 eum:
3184 3984 3278 4054 qui
3313 3995 3497 4043 autem

1924 4070 2248 4133 praesentem
2281 4063 2555 4130 viderunt,
2604 4076 2659 4122 et
2692 4068 2999 4126 libertatem
3032 4071 3213 4143 adepti
3246 4083 3302 4129 et
3338 4072 3498 4146 potiti

1924 4164 2056 4211 sunt
2098 4155 2217 4224 ejus
2246 4158 2679 4214 munerationem
2713 4160 2845 4233 (47),
2879 4162 3138 4229 majorem
3170 4167 3403 4235 gratiam
3441 4178 3498 4223 et

1927 4249 2383 4306 abundantiorem
2414 4251 2835 4308 exsultationem
2879 4255 3080 4309 habent
3102 4260 3397 4326 gaudentes
3430 4262 3498 4315 de

1919 4341 2064 4410 regis
2124 4341 2405 4408 adventu,
2456 4343 2907 4414 quemadmodum
2963 4355 3017 4400 et
3083 4349 3249 4403 David
3318 4350 3492 4406 dicit:

1924 4446 1943 4481 ι
1969 4430 2170 4484 Anima
2197 4445 2317 4485 mea
2350 4431 2646 4485 exsultabit
2670 4432 2723 4485 in
2753 4434 3001 4498 Domino,
3020 4435 3409 4503 jucundubitur
3438 4440 3492 4494 in

2418 4523 2644 4582 "Deut.
2698 4544 2871 4594 um,
2911 4532 2965 4583 (5.
3043 4529 3089 4563 "
3124 4530 3251 4601 Cap.
3298 4532 3491 4590 XXIV.

310 4713 710 4788 (55)]‘3‘515‘5-
739 4712 816 4767 ¹¹³
836 4710 1100 4788 Clam»
1123 4707 1529 4788 Arl‘“‘_'°~,‘:°‘§-
1565 4708 1808 4765 θῑθηίλ
1839 4714 1890 4775 D
1986 4712 2100 4787 (19)
2149 4715 2233 4788 A4
2263 4715 2452 4772 Deum.
2486 4717 2652 4772 Editt.
2680 4719 2864 4773 minus
2909 4721 3063 4781 bene.
3118 4739 3149 4775 a
3178 4721 3321 4777 Deo:
3361 4740 3490 4781 nam

232 4779 661 4858 justaﬁrgcdm
693 4781 1008 4858 χαρρττςκωίΖ
1027 4779 1706 4858 (ἔξιθι-ἰκρωιίβςαρυηικη.

311 4799 391 4840 Ila
414 4799 661 4842 urecum
693 4799 993 4907 χαὲοποιοι.
1027 4799 1247 4844 hateri,
1276 4799 1706 4861 twttpcauunmr.

311 4853 422 4928 ('56)
473 4854 518 4908 Α
564 4854 706 4928 uino.
798 4852 893 4928 diti
940 4850 1135 4928 τῷν-θ’
1169 4849 1386 4928 codices
1430 4849 1629 4928 habent
1670 4846 1773 4928 ὑῖιὲ

236 4917 415 4992 οἶνὸν(
435 4940 591 4992 super
612 4925 809 4977 vinum.
846 4919 953 4975 Sed
980 4921 1175 4991 Ιεείεεθ
1193 4920 1416 4992 yid?”
1436 4917 1671 4992 “iam”
1702 4917 1781 4974 ἀπ

236 4988 413 5065 niveo,
435 4988 705 5065 quomodo
729 4992 894 5065 etiam
918 4988 1086 5065 habet
1108 4990 1230 5065 co_d_.
1257 4988 1548 5065 Alexandr.

311 5062 425 5139 (37)
456 5056 651 5139 'Quam
679 5061 909 5139 lac._Sic
935 5059 1118 5124 Voss.,
1152 5058 1391 5139 Claram.
1428 5056 1707 5139 (quamvis
1742 5057 1808 5139 _in

239 5126 345 5192 hoc
372 5126 693 5190 emendator
724 5130 991 5199 quispiam
1036 5126 1488 5199 superscripserit
1518 5139 1629 5192 tan,
1656 5136 1712 5181 ut
1742 5126 1814 5181 le-

240 5145 345 5192 hoc
372 5145 693 5190 emendator
724 5145 991 5199 quispiam
1036 5145 1488 5247 supencrtrsertt
1518 5145 1629 5192 tan,
1656 5145 1712 5181 ut
1742 5145 1806 5181 te-

240 5215 400 5274 gatur
424 5212 698 5272 tanquam,
731 5202 873 5274 haud
896 5199 1183 5274 advertens
1224 5198 1599 5274 helenismum
1647 5211 1806 5274 esse,

242 5266 341 5344 pro
366 5266 724 5344 magisquant
767 5270 893 5344 lac),
920 5266 1253 5344 et_G_rabius.
1286 5267 1389 5344 Alii
1415 5266 1806 5344 tanquanilac.

313 5343 433 5426 (58).
456 5336 647 5426 ὐπέεφ
671 5341 769 5426 εἰς
784 5340 1014 5426 ιῖόιετξειξιι.
1041 5342 1092 5392 iu
1109 5336 1557 5407 marg.,Clarom.
1578 5348 1630 5391 et
1652 5336 1808 5391 Voss.

238 5410 346 5471 Alii
364 5410 543 5467 minus
564 5413 723 5476 liene,
748 5410 985 5463 occultis.

311 5483 425 5555 (39)
459 5473 715 5551 Spiritum
740 5488 999 5534 sanctum.
1036 5476 1292 5533 Sanctum
1342 5474 1523 5529 addidi
1571 5489 1638 5530 ex
1688 5473 1813 5530 cod.

238 5552 481 5611 Clarum.

314 5622 425 5697 (ιρ)
486 5619 724 5677 Seruum.
753 5619 922 5675 Suum
974 5617 1219 5673 additum
1292 5616 1345 5671 in
1369 5614 1523 5669 editt.
1560 5615 1712 5671 deest
1758 5614 1813 5669 in

240 5694 492 5747 omnibus
524 5707 656 5747 mss.

242 5786 245 5787 '
312 5761 422 5835 (ll)
478 5759 876 5829 lncorruptelte.
915 5758 1022 5823 AL,
1058 5753 1524 5827 iucorruptibilent.

556 5858 829 5917 Ριγιιοι..
866 5856 985 5915 Gtt.
1019 5853 1157 5917 VII.

1918 4798 2044 4838 mox
2076 4786 2343 4910 sequitur,
2366 4802 2568 4872 semper
2587 4788 2823 4870 proﬁciet
2849 4790 2920 4842 ad
2949 4789 3135 4845 Deum.

1990 4850 2102 4911 (45)
2182 4868 2419 4910 necatus.
2454 4856 2645 4911 Editt..
2673 4868 2928 4911 intentus.

1989 4850 2102 4996 (45)
2146 4850 2419 4910 Intentus.
2454 4850 2645 4921 Editt.,
2673 4850 2928 4915 intentus.

2008 4924 2081 4996 μ
2122 4924 2309 4990 Ipse...
2326 4926 2955 4996 plurimumpromittens.
2977 4928 3066 4985 Sic
3084 4940 3238 4988 vetus
3255 4931 3466 4991 Feuard

1918 4993 2351 5072 cod._,'Clarom'.
2386 5005 2451 5072 _et
2516 4993 2671 5072 Voss.
2728 4997 2834 5051 Alii
2897 5015 3230 5072 perperam.
3285 5004 3487 5072 ipse....

1916 5063 2207 5129 plurimum
2228 5065 2554 5139 promittens.
2587 5066 2711 5139 llaec
2738 5082 2863 5121 vero
2885 5063 2951 5123 ad
2983 5063 3363 5139 praecedentia,
3386 5074 3488 5127 da-

1919 5142 2093 5185 turum
2121 5150 2174 5187 se
2202 5134 2470 5209 pollicitus
2487 5136 2959 5209 est._referuntur;
2983 5134 3089 5194 nec
3121 5134 3490 5209 proinde'cor-

1914 5212 2107 5283 ruptus
2156 5212 2240 5259 est
2295 5204 2464 5270 locus,
2511 5215 2569 5259 ut
2594 5204 2796 5260 frustra
2838 5204 3147 5278 suspicatur
3176 5210 3488 5268 Feuarden-

1914 5279 2043 5325 tius.

2009 5339 2099 5412 45)
2144 5339 2288 5412 Ipse.
2320 5340 2511 5407 Αὐτός,
2554 5344 2691 5396 idem
2714 5345 2892 5412 potius
2916 5345 3005 5401 hic
3027 5349 3158 5401 verti
3184 5350 3484 5405 debuisset.

2010 5410 2102 5482 46)
2142 5410 2235 5464 Illi
2259 5413 2396 5465 enim
2420 5429 2510 5482 per
2539 5410 2770 5482 famulas
2795 5416 3080 5470 audiebant
3110 5428 3157 5472 et
3205 5420 3490 5474 mediocri-

1917 5482 2340 5555 ter'gaudebant.
2366 5482 2454 5555 Al.
2480 5483 2558 5555 illi
2578 5484 2750 5555 enim,
2772 5486 2861 5552 qui
2902 5501 2995 5551 per
3022 5486 3252 5555 famulos
3300 5490 3489 5545 audie-

1919 5544 2139 5625 bant_...
2163 5544 2502 5625 mediocriter
2522 5551 2663 5625 (sine
2689 5544 3107 5625 et)_'gaudeba'nt.

1993 5620 2103 5692 (47)
2152 5620 2589 5692 Μαήεταιὶοηεὴι.
2644 5620 2947 5689 δῆθ’νοεδη
2971 5624 3213 5681 Clarom.
3242 5643 3486 5682 remune-

1922 5691 2176 5745 rationem
2200 5705 2222 5754 ;
2250 5691 2454 5759 cmteri,
2484 5692 2919 5748 munerationem.

3174 5856 3253 5911 δᾶ
