4222 6320
722 338 859 405 σθω

722 468 947 524 salutari
973 468 1092 536 ejus
1116 466 1183 522 ³⁸.
1237 485 1256 519 ι
1284 466 1350 522 Et
1371 477 1597 538 propter
1626 469 1731 525 hoc
1752 469 2177 541 Hierosolymam
2207 470 2292 525 in-
2320 476 2367 535 Α

723 566 973 615 troeunte
996 574 1085 623 eo.
1116 574 1306 616 omnes
1334 560 1445 633 (48)
1474 562 1564 631 qni
1612 572 1765 618 erant
1817 563 1869 616 in
1904 562 1987 615 via
2040 562 2209 617 David
2240 563 2293 618 in

724 652 912 707 dolore
940 652 1156 719 animae,
1186 665 1562 723 cognoverunt
1612 670 1767 711 suum
1802 669 2008 725 regem,
2055 666 2111 710 et
2160 654 2295 710 sub-

725 749 1037 798 straverunt
1058 742 1107 797 ei
1128 745 1475 808 vestimenta,
1512 754 1568 800 et
1619 746 1785 800 ramis
1824 746 2087 800 viridibus
2134 747 2293 801 ador.

723 833 1181 899 naveruntviam,
1218 849 1344 890 cum
1392 850 1588 907 magna
1623 836 1812 891 laetitia
1844 845 1898 891 et
1935 838 2297 893 exsultatione

726 922 1166 995 clamantes'(t9)
1196 942 1212 978 :
1257 923 1565 990 «Hosanna,
1599 926 1672 980 liii
1706 926 1821 999 (50)
1856 926 2045 997 David,
2074 928 2299 983 benedi-

725 1024 847 1071 ctus
868 1016 962 1085 qui
982 1015 1133 1089 venit
1163 1016 1214 1069 in
1251 1016 1467 1073 nomine
1493 1016 1729 1081 Domini,
1766 1018 2008 1074 hosanna
2039 1020 2091 1072 in
2115 1018 2297 1075 excel-

726 1105 802 1160 sis
828 1104 898 1161 ".
942 1123 961 1157 ι
1001 1102 1316 1161 Zelantibus
1368 1115 1550 1162 autem
1596 1107 1754 1162 malis
1805 1108 2297 1179 dispensatoribus,

724 1199 817 1268 qui
862 1198 1370 1254 circumveniebant
1415 1198 1727 1265 inferiores,
1779 1211 1837 1256 et
1879 1201 2301 1257 dominabantur

725 1296 936 1353 eurum,
972 1289 1176 1359 quibus
1204 1290 1355 1345 ratio
1384 1304 1487 1345 non
1518 1292 1822 1356 constabat,
1849 1302 1902 1347 et
1934 1304 2159 1364 propter
2197 1295 2300 1349 hoc

726 1380 1039 1459 nolentibus
1095 1380 1207 1451 (51)
1250 1382 1466 1437 venisse
1513 1397 1721 1454 regem,
1758 1392 1809 1439 et
1840 1384 2144 1443 dicentibus
2190 1387 2238 1442 ei
2283 1404 2297 1443 :

734 1488 755 1522 ι
776 1469 945 1526 Audis
975 1471 1103 1540 quid
1138 1471 1229 1525 isti
1255 1472 1478 1529 dicunt?
1503 1492 1522 1525 ι
1551 1475 1629 1529 ait
1660 1475 1950 1531 Dominus:
1980 1474 2301 1548 «Nunquam

727 1562 1073 1634 legistisz'E:
1105 1577 1203 1619 ore
1244 1562 1540 1619 infantium
1562 1575 1619 1620 et
1664 1566 1977 1621 Iactentinm
2025 1567 2301 1636 perfecisti

726 1651 941 1708 laudem
962 1650 1062 1708 ’⁸³1
1098 1671 1118 1706 ι
1148 1651 1373 1723 ἰὰψιοά
1395 1668 1424 1708 a
1454 1653 1624 1709 David
1652 1654 1706 1709 in
1736 1654 1931 1711 Filium
1967 1657 2059 1713 Dei
2096 1659 2301 1714 dictum

729 1752 870 1808 erat,
902 1744 956 1798 in
987 1756 1047 1799 se
1073 1743 1276 1800 factum
1328 1745 1645 1808 ostendens,
1694 1754 1749 1802 et
1781 1746 2124 1819 signiﬁcans,
2180 1749 2303 1807 illos

1463 342 1517 403 S.
1556 345 1814 403 ΙΒΕΝΕΙ
1852 346 2163 405 EPISCOPI
2200 343 2686 405 LUGDUNENSIS
2723 345 2812 402 ET
2852 342 3207 403 MARTYRIS

3826 342 3964 404 £005

2846 467 3004 539 an
3048 463 3276 523 CAPUT
3318 464 3414 524 xu
3447 464 3515 520 ιδ.

2397 558 2655 614 Eumdem
2686 576 2795 615 esse
2821 560 3092 628 utriusque
3132 558 3261 628 legis
3295 566 3561 613 auctorem
3600 556 3723 611 hinc
3766 555 3969 628 liquido

2464 641 2671 700 patere,
2705 631 2843 700 quod
2889 626 3146 696 Christus
3171 626 3482 682 traditiones
3514 637 3562 681 et
3596 644 3767 700 mores
3809 626 3969 700 ceteri

2468 698 2813 769 repugnantes
2829 700 3178 769 damnaverit,
3201 713 3406 752 summa
3424 713 3541 769 vero
3559 708 3605 750 et
3623 698 3967 769 eminentiora

2468 765 2627 839 hujus
2653 778 2911 836 praecepta
2935 768 3341 837 conﬁrmaverit,
3362 782 3424 821 ac
3454 767 3679 834 seipsum
3713 765 3969 821 Mosaica

2468 841 2597 909 legis
2621 839 2777 907 ﬁnem
2800 855 2911 893 esse
2930 840 3188 894 docuerit.

2413 928 2761 987 LSeniorum
2784 931 2925 986 enim
2959 931 3205 1001 ipsorum
3238 928 3494 995 traditio,
3539 942 3702 998 quam
3740 944 3808 985 ex
3855 926 3975 996 lege

2398 1024 2696 1078 observare
2732 1022 3001 1093 ﬁngebant
3025 1063 3040 1087 ,
3068 1021 3341 1077 contraria
3379 1030 3502 1076 erat
3543 1020 3651 1092 legi
3685 1020 3828 1075 data:
3877 1033 3974 1089 per

2398 1114 2656 1185 Moysem.
2707 1112 2935 1181 Propter
2979 1114 3084 1168 hoc
3128 1122 3180 1168 et
3230 1112 3399 1169 Isaias
3444 1113 3572 1167 ait:
3626 1130 3646 1165 ι
3681 1111 3971 1181 Caupones

2404 1207 2479 1262 tui
2514 1206 2745 1261 miscent
2777 1204 2961 1260 vinum
3001 1220 3141 1275 aqua
3174 1204 3254 1271 '1';
3296 1222 3316 1257 ι
3351 1211 3646 1261 ostendens
3687 1204 3834 1274 quod
3876 1216 3977 1259 au-

2401 1307 2547 1355 stero
2600 1297 2702 1353 Dei
2754 1307 3026 1369 praecepto
3080 1298 3373 1354 miscerent
3416 1297 3665 1353 seniores
3720 1303 3978 1366 aquatum

2413 1390 2804 1455 traditionem,
2850 1390 2903 1443 id
2967 1398 3052 1444 est
3102 1388 3475 1460 aggredientes
3526 1386 3636 1461 (58)
3675 1386 3979 1442 adulteram

2407 1481 2579 1553 legem
2605 1523 2621 1549 ,
2666 1489 2721 1537 et
2748 1480 3079 1536 contrariam
3109 1479 3252 1550 legi,
3287 1480 3428 1535 sicut
3467 1489 3528 1535 et
3560 1481 3821 1536 Dominus
3853 1478 3982 1534 fecit

2403 1572 2774 1638 manifestum,
2807 1571 2995 1627 dicens
3015 1572 3136 1626 eis:
3178 1570 3391 1638 «Quare
3412 1586 3505 1627 vos
3536 1570 3978 1641 transgredimini

2403 1672 2733 1734 pra'ceptum
2768 1661 2881 1726 Dei,
2910 1670 3133 1731 propter
3169 1658 3523 1715 traditionem
3554 1669 3795 1715 vestram
3820 1658 3868 1693 “
3896 1657 3923 1715 ἲ
3952 1675 3976 1714 ι

2411 1752 2529 1809 Non
2581 1753 2755 1809 solum
2802 1760 2985 1807 autem
3044 1764 3144 1821 per
3190 1750 3693 1821 pravaricationem
3733 1750 3979 1806 frustrati

730 1834 950 1905 quidem
994 1835 1206 1891 nescire
1240 1836 1499 1891 virtutem
1552 1834 1869 1908 Scriptura,
1906 1849 1963 1895 et
1991 1838 2303 1911 dispositio-
2334 1834 2375 1891 Β
2402 1855 2527 1901 sunt
2562 1845 2737 1917 legem
2784 1844 2925 1911 Dei,
2973 1845 3268 1900 miscentes
3310 1844 3495 1897 vinum
3556 1857 3735 1911 aqua;
3779 1842 3875 1898 sed
3923 1850 3979 1897 et

730 1942 856 1984 nem
886 1928 1016 1996 Dei;
1047 1944 1106 1984 se
1134 1938 1318 1985 autem
1352 1943 1471 1987 esse
1516 1932 1612 2002 qui
1645 1947 1673 1985 a
1704 1932 1986 2003 prophetis
2011 1935 2303 1989 annuntia-

733 2030 822 2075 tus
844 2020 917 2076 sit
944 2020 1211 2087 Christus,
1238 2022 1395 2093 cujus
1432 2037 1628 2078 nomen
1677 2023 1731 2078 in
1761 2026 1908 2079 omni
1946 2034 2089 2080 terra
2114 2024 2304 2080 lauda-

733 2122 861 2178 tur;
890 2128 956 2167 ex
986 2127 1084 2167 ore
1134 2111 1427 2168 infantium
1467 2124 1515 2168 et
1543 2114 1859 2170 lactentium
1896 2115 2107 2171 laudem
2135 2116 2302 2187 perii-

732 2205 897 2259 cienti
931 2204 1041 2277 (52)
1067 2220 1168 2260 suo
1190 2203 1375 2259 Patri:
1404 2214 1735 2274 quapropter
1756 2214 1810 2261 et
1840 2205 2047 2261 elevata
2079 2216 2164 2263 est
2190 2223 2305 2262 ma-

734 2300 1047 2371 gniﬁcentia
1085 2298 1201 2368 ejus
1228 2313 1393 2361 super
1421 2298 1614 2357 cmlos.

803 2413 859 2469 Δ.
892 2412 949 2468 Si
968 2424 1097 2483 ergo
1127 2411 1270 2467 idem
1297 2411 1412 2482 ipse
1441 2411 1620 2477 adest,
1673 2414 1766 2484 qui
1810 2412 2136 2482 pradicatus
2169 2417 2303 2467 esta

736 2507 1037 2577 prophetis,
1067 2506 1210 2561 Deus
1235 2505 1496 2563 Dominus
1524 2504 1635 2579 (55)
1658 2514 1844 2561 noster
1877 2503 2036 2561 Jesus
2057 2503 2307 2559 Christus

735 2608 791 2652 et
814 2598 1080 2652 adventus
1110 2596 1230 2667 ejus
1254 2596 1555 2665 pleniorem
1579 2598 1807 2668 gratiam
1829 2605 1884 2651 et
1901 2596 2159 2664 majorem
2184 2610 2301 2649 mu—

735 2688 1079 2744 nerationem
1116 2688 1479 2743 attribuithis
1508 2690 1599 2757 qui
1624 2696 1986 2757 susceperunt
2015 2700 2167 2752 eum;
2199 2700 2308 2738 ma-

736 2779 1021 2844 niiestum,
1044 2781 1303 2849 quoniam
1330 2788 1384 2833 et
1414 2779 1578 2834 Pater
1596 2779 1733 2833 idem
1757 2778 1871 2848 ipse
1897 2786 1999 2842 est,
2017 2776 2107 2846 qui
2131 2790 2160 2829 a
2183 2790 2309 2843 pro-

736 2870 914 2940 phetis
936 2870 1287 2924 annuntiatus
1317 2878 1423 2933 est,
1448 2880 1501 2923 et
1536 2884 1643 2924 non
1698 2869 1923 2923 alterius
1947 2867 2127 2921 Patris
2156 2867 2310 2935 agni-

738 2964 939 3018 tionem
980 2960 1111 3017 l‘ecit
1148 2961 1378 3016 veniens
1404 2960 1594 3028 Filius,
1625 2961 1717 3015 sed
1740 2960 1983 3031 ejusdem
2013 2958 2102 3023 qui
2128 2956 2311 3011 abinl-

738 3055 815 3109 tio
851 3052 1179 3125 praedicatus
1235 3060 1337 3119 est,
1375 3066 1404 3105 a
1430 3066 1537 3120 quo
1574 3058 1631 3105 et
1676 3050 1979 3105 libertatem
2012 3048 2202 3104 detulit
2227 3049 2310 3103 his

737 3146 829 3217 qui
864 3145 1128 3217 legitime,
1152 3154 1205 3198 ct
1238 3159 1412 3213 prono
1439 3142 1645 3209 animo,
1692 3151 1749 3197 et
1790 3150 1901 3196 toto
1930 3140 2094 3196 corde
2126 3140 2311 3195 descr—

739 3240 897 3294 viuut
926 3236 1036 3310 (64)
1059 3238 1139 3292 ei:
1164 3235 1637 3304 contemptoribus
1678 3244 1879 3300 autem,
1905 3241 1962 3288 et
1994 3248 2098 3288 non
2123 3229 2308 3299 subje-

737 3334 843 3389 ctis
888 3332 1018 3397 Deo,
1070 3329 1163 3384 sed
1202 3328 1258 3383 in
1290 3327 1519 3397 gloriam
1550 3323 1661 3399 (55)
1706 3324 1980 3379 hominum
2014 3322 2312 3379 exteriores

741 3423 1045 3479 munditias
1074 3419 1187 3492 (56)
1222 3419 1554 3475 sectantibus
1583 3416 1724 3487 (quae
1745 3417 1799 3469 in
1848 3414 2072 3485 ﬁguram
2101 3412 2312 3473 futuro-

742 3531 865 3573 rum
893 3514 1108 3571 tradita:
1132 3520 1288 3568 erant
1315 3552 1330 3577 ,
1363 3509 1511 3564 velut
1549 3509 1753 3562 umbrae
1808 3504 2085 3573 cujusdam
2109 3504 2313 3561 descri-

741 3606 980 3677 ptionem
1017 3603 1255 3657 faciente
1295 3600 1435 3669 lege,
1480 3609 1644 3666 atque
1674 3597 1984 3652 delineaute
2008 3597 2072 3651 de
2107 3604 2315 3665 tempo-

740 3695 1193 3758 ralibusatterna,
1242 3691 1310 3746 de
1371 3690 1605 3745 terrenis
1657 3688 1945 3760 cmlcstia),
1984 3688 2313 3758 [ingentibus

743 3797 1027 3860 plusquam
1053 3800 1171 3853 qua:
1213 3784 1359 3838 dicta
1404 3792 1529 3837 sunt
1565 3795 1687 3835 sese
1712 3780 2026 3842 observare,
2058 3788 2312 3849 tanquam

746 3880 1081 3951 diligentiam
1104 3892 1258 3933 suam
1280 3876 1442 3931 etiam
1468 3874 1569 3941 ipsi
1594 3875 1703 3928 Deo
1722 3872 2150 3951 prmferentibus,
2176 3870 2318 3926 intus

746 3986 928 4031 autem
960 3973 1138 4044 plenis
1165 3970 1465 4041 hypocrisi,
1494 3968 1816 4038 cupiditate,
1846 3976 1900 4019 et
1922 3966 2068 4019 omni
2088 3964 2315 4031 malitia,

748 4070 801 4124 in
825 4067 1217 4132 sempiternum
1240 4060 1351 4133 (57)
1375 4060 1555 4115 attulit
1581 4058 1965 4130 perditionem,
1995 4054 2320 4110 abscindens

745 4172 842 4214 eos
865 4172 896 4210 a
919 4157 1050 4209 vita.

2404 1952 2559 1993 suam
2589 1936 2759 2007 legem
2790 1952 2821 1991 e
2844 1936 3126 1992 contrario
3152 1943 3495 1998 statuerunt,
3528 1947 3649 2001 qua:
3674 1947 3849 2004 usque
3885 1932 3982 1989 ad-

2404 2031 2511 2085 huc
2540 2029 2860 2085 Pharisaica
2894 2038 3142 2085 vocatur.
3217 2026 3273 2083 In
3310 2040 3417 2097 qua
3465 2028 3710 2097 quaedam
3758 2025 3978 2096 quidem

2405 2122 2695 2188 auferunt,
2741 2122 2985 2191 quaedam
3015 2134 3151 2176 vero
3200 2120 3447 2185 addunt,
3479 2118 3729 2188 quadam
3777 2126 3979 2182 autem,

2404 2214 2862 2283 quemadmodum
2884 2210 3094 2275 volunt,
3112 2212 3583 2281 interpretantur;
3608 2211 3805 2281 quibus
3824 2218 3983 2267 utun-

2409 2315 2498 2360 tur
2521 2303 2872 2373 singulariter
2903 2302 3150 2372 magistri
3205 2315 3439 2357 eorum:
3482 2315 3621 2371 quas
3657 2301 3982 2357 traditiones

2406 2394 2649 2451 volentes
2677 2394 2960 2450 vindicare
2991 2393 3124 2466 (59),
3152 2393 3256 2464 legi
3290 2394 3387 2448 Dei
3430 2394 3738 2449 instituenti
3766 2408 3862 2449 eos
3911 2392 3983 2449 ad

2408 2490 2698 2543 adventum
2727 2485 2837 2559 (60)
2867 2486 3070 2542 Christi
3099 2502 3205 2540 non
3242 2486 3472 2555 subjecti
3503 2501 3628 2542 esse
3656 2486 3983 2552 voluerunt;

2410 2582 2505 2635 sed
2536 2590 2590 2633 et
2622 2580 2907 2633 Dominum
2947 2579 3250 2648 arguebant
3292 2579 3349 2633 in
3392 2578 3639 2635 sabbatis
3672 2590 3982 2646 curantem,

2409 2674 2553 2741 quod
2585 2672 2800 2741 quidem
2827 2670 2968 2726 sicut
2990 2670 3361 2740 praediximus,
3382 2669 3467 2725 lex
3502 2685 3608 2725 non
3640 2670 3983 2741 prohibebat.

2411 2764 2625 2819 Etenim
2666 2764 2764 2833 ipsi
2818 2765 3117 2819 secundum
3170 2764 3377 2835 aliquid
3412 2766 3712 2833 curabant,
3746 2766 3985 2821 circum-

2412 2856 2658 2910 cidentcs
2693 2853 2804 2926 (6i)
2840 2857 3114 2911 hominem
3142 2856 3193 2910 in
3222 2858 3487 2923 sabbato;
3539 2872 3598 2913 se
3637 2865 3812 2913 autem
3838 2858 3986 2927 ipsos

2414 2964 2519 3003 non
2555 2950 2991 3019 redarguebant,
3038 2964 3137 3021 per
3191 2950 3304 3023 (62)
3347 2953 3695 3009 traditionem
3751 2962 3807 3008 et
3847 2967 3988 3023 pra-

2418 3040 2621 3095 dictam
2677 3040 3050 3097 Pharisaicam
3100 3042 3273 3111 legem
3334 3045 3795 3115 transgredientes
3846 3060 3980 3114 pra-

2414 3140 2633 3200 ceptum
2673 3130 2798 3195 Dei,
2847 3140 2903 3185 et
2946 3143 3274 3202 praeceptum
3307 3132 3441 3203 legis
3477 3148 3584 3189 non
3614 3135 3906 3203 habentes,
3932 3135 3987 3191 id

2414 3231 2502 3278 est
2532 3223 2904 3291 dilectionem,
2940 3238 3061 3292 quae
3090 3234 3173 3279 est
3194 3240 3320 3294 erga
3357 3225 3543 3280 Deum.

2486 3313 2540 3368 2.
2590 3315 2859 3381 Quoniam
2908 3326 3088 3371 autem
3139 3317 3243 3371 hoc
3292 3319 3524 3385 primum
3586 3328 3642 3373 et
3690 3320 3989 3377 maximum

2416 3417 2747 3478 praeceptum
2802 3417 2908 3474 est,
2962 3422 3197 3477 sequens
3236 3418 3417 3464 autem
3472 3424 3601 3479 erga
3653 3412 3989 3480 proximum,

2418 3497 2687 3553 Dominus
2712 3499 2918 3563 docuit,
2952 3507 3121 3553 totam
3150 3498 3319 3568 legem
3354 3511 3407 3554 ct
3439 3502 3728 3571 prophetas
3755 3502 3993 3571 pendere

2420 3588 2608 3645 dicens
2665 3605 2731 3644 ex
2782 3589 2915 3659 ipsis
2972 3592 3278 3659 preceptis.
3337 3589 3400 3643 Et
3453 3593 3569 3662 ipse
3618 3602 3799 3647 autem
3845 3593 3993 3649 aliud

2420 3688 2595 3755 majus
2634 3685 2735 3741 hoc
2778 3694 3050 3755 praecepto
3093 3697 3199 3737 non
3247 3684 3463 3751 detulit,
3520 3687 3615 3741 sed
3663 3688 3767 3743 hoc
3820 3690 3992 3758 ipsum

2424 3777 2705 3832 renovavit
2734 3776 2847 3831 suis
2884 3775 3188 3845 discipulis,
3231 3776 3429 3846 jubeus
3452 3778 3531 3834 eis
3558 3780 3725 3835 Deum
3764 3782 3994 3852 diligere

2424 3883 2488 3923 ex
2540 3876 2650 3923 toto
2698 3868 2900 3930 corde,
2940 3874 2993 3921 et
3034 3875 3265 3922 caeteros
3314 3870 3773 3937 quemadmodum
3810 3888 3889 3928 se.
3939 3876 3993 3932 Si

2423 3971 2605 4014 autem
2636 3960 2703 4013 ab
2725 3958 2831 4012 alio
2861 3959 3235 4014 descendisset
3265 3959 3450 4029 Patre,
3484 3978 3759 4032 nunquam
3789 3980 3856 4021 es
3880 3966 3993 4037 lege

2426 4054 2601 4123 primo
2635 4061 2687 4107 et
2732 4066 2943 4106 summo
2982 4065 3111 4108 usus
3138 4062 3284 4107 esset
3323 4064 3624 4123 praecepto,
3669 4057 3763 4110 sed
3811 4059 3994 4127 utique

2427 4146 2735 4199 omnimodo
2774 4146 3074 4201 eniteretur
3116 4144 3290 4215 majus
3335 4146 3440 4200 hoc
3484 4160 3513 4198 a
3559 4148 3806 4215 perfecto
3836 4148 3992 4204 Patre

834 4341 875 4381 ⁸³
920 4344 1063 4401 Psal.
1108 4356 1302 4408 xutv,
1339 4343 1393 4397 9.
1468 4341 1512 4373 ⁸¹
1548 4339 1740 4394 Matth.
1776 4352 1894 4405 nt,
1931 4336 1983 4392 9.
2065 4335 2111 4367 "
2144 4336 2301 4402 lbid.,
2334 4336 2421 4393 16.
2494 4336 2539 4368 ⁸⁸
2564 4337 2696 4406 Cap.
2723 4334 2892 4391 XXV.
2966 4336 3011 4367 "
3043 4337 3142 4392 lsa.
3177 4350 3217 4398 t.
3240 4334 3331 4391 22.
3385 4335 3430 4369 "
3474 4336 3667 4393 Matth.
3697 4354 3785 4400 xv.
3813 4339 3868 4395 5.

821 4511 931 4585 (48)
972 4510 1277 4585 Introeunte
1310 4524 1389 4570 eo,
1420 4522 1617 4561 omnes.
1651 4505 1812 4560 Vetus
1840 4501 2071 4558 Fcuard.
2104 4502 2226 4558 cod.
2260 4510 2315 4557 et
2346 4488 2393 4547 D
2419 4505 2473 4557 in
2502 4504 2690 4585 gloria,

748 4582 1013 4640 Clarum..
1046 4582 1359 4636 introeunte.
1388 4592 1504 4628 eum
1537 4591 1732 4629 omnes.

824 4652 933 4725 (49)
965 4651 1287 4725 Clamantes.
1319 4646 1384 4699 Et
1418 4648 1666 4725 dicentes,
1716 4642 1863 4713 quod
1912 4642 2114 4699 addunt
2137 4642 2315 4709 editt.,

751 4716 1264 4779 oniisi'auctoritate
1291 4716 1532 4771 omnium
1565 4731 1693 4769 mss.

825 4790 940 4863 (50)
989 4789 1120 4863 Fili.
1172 4787 1534 4863 In_Arundel.
1570 4801 1690 4863 cum
1740 4783 2316 4863 quibusdamnﬁlrasm.

754 4854 996 4919 edittfet
1031 4860 1205 4913 Oxon.
1227 4856 1771 4926 juxtaﬁevangelicinn
1808 4864 2037 4926 textum,
2060 4854 2193 4921 filio.

827 4932 938 5002 (51)
996 4922 1329 4983 ΝοΙεηιίὗυε.
1353 4922 1574 4980 Credere
1618 4926 1831 4979 additur
1860 4924 1911 4978 in
1944 4926 2122 4989 editt.,
2149 4926 2241 4979 sed
2267 4922 2319 4976 in

755 5004 902 5059 nullo
937 5014 1070 5054 mss.
1101 5008 1417 5053 nostrorum
1454 5006 1700 5063 apparet.

827 5070 937 5143 (52)
968 5067 1298 5143 Perﬁcienti.
1327 5069 1572 5143 §ic_mss.
1600 5078 1813 5143 clunes,
1846 5065 2117 5143 nisiquod
2139 5063 2320 5117 Ottoh.

754 5157 808 5199 et
827 5133 994 5196 Merc.
1038 5133 1082 5191 Ξ
1122 5137 1317 5191 vitiose
1349 5136 1586 5192 habeant
1609 5135 1893 5202 perfecisti.
1926 5133 2176 5189 Editores
2195 5147 2324 5187 vero

755 5218 1057 5283 posuerunt
1087 5206 1424 5283 perficientis,
1461 5204 1602 5259 haud
1644 5209 1989 5283 advertentes
2035 5202 2325 5283 perficienti

756 5275 1049 5336 ablativum
1075 5275 1376 5330 absolutum
1398 5290 1537 5337 esse,
1567 5288 1629 5328 ac
1657 5275 2163 5345 subintelligemhnn
2194 5276 2326 5340 ipso,

757 5352 1010 5405 videlicet
1043 5348 1281 5413 Christo,
1328 5356 1384 5399 ut
1417 5347 1487 5399 sit
1512 5358 1703 5399 sensus
1733 5366 1744 5398 :
1787 5346 1896 5412 ipso
1916 5346 2214 5413 perficiente
2232 5358 2326 5395 suo

758 5420 933 5475 Patri.

833 5489 944 5561 (5'5)
968 5488 1111 5561 Deus
1130 5487 1403 5561 Dominus.
1430 5485 1520 5561 Sic
1537 5484 1771 5538 Clarum.
1790 5484 1843 5561 in
1869 5485 2100 5561 Feuard.
2130 5500 2319 5561 inarg.,

759 5555 968 5613 Aruud.
994 5570 1049 5613 et
1075 5558 1254 5624 Voss.,
1277 5558 1418 5611 Deus
1449 5560 1733 5611 duntaxat.
1790 5557 1843 5609 ln
1874 5558 2111 5620 caeteris,
2148 5555 2330 5607 Domi-

762 5646 857 5683 nus
892 5640 1118 5683 tantum.

993 5696 1587 5771 Deserviuntﬁiarom”
1616 5699 1925 5771 deserviem.

835 5766 945 5837 (55)
1000 5768 1060 5820 In
1096 5770 1336 5837 gloriam.
1364 5766 1436 5821 Ita
1472 5770 1706 5825 Clarom.
1740 5770 1930 5823 melius
1962 5771 2327 5837 qna:nc;t:teri

2492 4575 2603 4645 (56)
2654 4574 2962 4647 Exteriores
2988 4574 3297 4647 munditias.
3336 4572 3992 4647 Sicfeuardjnjmarg"

2418 4643 2653 4700 Clarom.
2680 4657 2737 4699 et
2780 4645 2933 4698 Voss.
2988 4643 3178 4697 melius
3224 4659 3386 4713 quam
3433 4644 3626 4708 Eras.,
3693 4643 3993 4703 Callasfet

2420 4715 2651 4769 Fcuard.
2676 4716 2744 4783 in
2772 4724 2944 4774 textu,
2980 4717 3264 4767 exteriores
3290 4730 3366 4767 res
3394 4716 3577 4768 mundi
3607 4714 3789 4783 hujus.

2492 4783 2603 4854 (57)
2664 4782 2729 4837 In
2753 4785 3143 4854 sempiternum.
3176 4784 3319 4837 Edit.
3352 4782 3743 4854 sempiternam.

2494 4852 2607 4920 (53)
2643 4855 3036 4925 Aggredientes.
3071 4852 3277 4925 Graece.
3309 4855 3362 4907 ni
3399 4854 3578 4915 fallor,
3606 4853 3997 4925 ἐγχειροῦντες,

2424 4925 2525 4987 vel,
2560 4924 2997 4996 ἐπιχειροῦντες,
3032 4924 3301 4996 fabricati,
3329 4925 3515 4996 moliti,
3548 4924 3865 4996 statuentes,
3896 4936 3996 4979 etc.

2494 4995 2607 5065 (59)
2648 4992 2949 5049 Vindicate.
2982 4995 3035 5065 In
3056 4992 3312 5065 Feuard.,
3340 4994 3509 5047 Grab.
3530 4992 3797 5065 _etVoss.,
3822 4996 4002 5065 pendi-

2424 5082 2544 5118 care
2566 5061 2598 5132 ;’
2618 5067 2670 5118 in
2697 5065 2957 5119 Arundel.
2989 5063 3284 5128 vindicari;
3315 5066 3408 5118 sed
3442 5065 3495 5117 in
3525 5061 3682 5117 Eras.
3711 5076 3767 5117 et
3798 5062 3999 5119 Cellas.

2428 5144 2682 5205 corrupte
2700 5136 2968 5202 judicare.

2500 5201 2610 5273 (60)
2637 5201 2719 5257 Ad
2752 5206 3050 5259 adventum.
3080 5204 3163 5258 Αιι
3198 5219 3264 5258 ex
3295 5203 3507 5273 Arund.
3534 5210 3589 5273 et
3608 5202 3775 5273 Merc.
3801 5201 3839 5255 2
3862 5213 4002 5259 recte

2430 5271 2627 5344 adjecit
2655 5276 2821 5344 Graii.
2850 5276 2901 5327 In
2939 5278 3061 5329 cod.
3100 5273 3275 5329 Yatic.
3308 5284 3444 5327 teste
3470 5272 3532 5327 L.
3563 5271 3799 5337 Latinio,
3834 5276 3890 5328 in
3916 5277 4002 5325 ad-

2431 5342 2658 5399 ventum.
2692 5346 2746 5399 In
2777 5342 3039 5407 Clarom.,
3072 5345 3117 5400 si
3149 5346 3287 5399 bene
3314 5344 3513 5413 legam,
3543 5345 3831 5409 scribitur,
3851 5345 4000 5398 insti-

2432 5417 2627 5469 tuentis
2653 5420 2726 5469 eis
2753 5416 3029 5468 adventum
3063 5415 3284 5469 Christi.

2427 5530 2433 5536 .
2503 5488 2615 5553 (61)
2650 5487 2845 5554 Ipsi...
2873 5488 3165 5548 curabant,
3212 5483 3661 5539 circumcidentes.
3702 5482 3826 5552 Ipse
3847 5501 4001 5541 cura-

2435 5560 2539 5615 bat.
2573 5555 2985 5619 circumcidens,
3016 5557 3070 5609 in
3114 5556 3430 5628 Claromaet
3453 5554 3699 5628 Anglic,
3722 5558 3999 5628 exceptis,

2434 5628 2608 5706 quoad
2640 5627 2883 5706 ultimam
2909 5641 3125 5706 vocem,
3154 5624 3380 5705 Merc?
3411 5626 3569 5706 codd.
3601 5624 3999 5706 Atuputoﬁpu

2435 5700 2737 5765 scribarum
2767 5698 3009 5763 sphaltna
3046 5712 3182 5755 esse.
3209 5712 3307 5765 pro
3336 5696 3471 5761 ipsa,
3499 5694 3581 5747 lex
3605 5694 3841 5751 scilicet.

2509 5769 2619 5837 (6'2)
2666 5764 2784 5821 Per.
2814 5767 2973 5821 Merc.
2997 5768 3030 5820 ‘2
3052 5777 3105 5821 ct
3140 5765 3318 5821 Ottob.
3354 5776 3585 5821 urouter.
