4222 6320
316 420 459 481 1005

1454 425 1733 485 CONTRA
1765 423 2107 484 HERESES
2140 424 2270 482 LIB.
2312 424 2403 485 IV.

3433 429 3572 490 I005

316 540 551 602 deferre.
588 554 693 597 non
721 555 787 597 eo
816 542 919 605 uti,
943 543 1086 613 quod
1110 557 1139 597 a
1168 541 1278 598 Deo
1302 542 1438 613 legis
1462 544 1661 599 fuisset
1684 545 1891 598 datum.
1925 547 1972 605 Α
1994 540 2265 611 justitiam
2304 539 2418 614 (66)
2448 539 2695 596 volentes
2737 546 3010 607 statuere,
3051 542 3283 611 iustitia
3317 542 3410 599 Dei
3462 560 3571 600 non

316 626 383 683 Et
432 630 636 689 Paulus
689 640 872 688 autem
918 650 977 686 τε
1006 634 1358 704 Adimpletio,
1388 655 1407 687 ι
1436 622 1645 704 inquit,
1677 653 1696 687 t
1730 634 1890 703 legis,

1998 640 2126 686 sunt
2157 628 2413 699 subjecti.
2488 629 2642 686 Finis
2672 630 2818 688 enim
2849 630 2984 702 legis
3008 629 3283 697 Christus,
3317 635 3385 689 ad
3402 632 3570 702 justi-

314 724 536 781 dilectio
556 724 605 757 ⁸⁷
629 741 643 778 :
689 743 707 776 ι
736 733 792 780 et
814 725 1068 781 omnibus
1095 727 1307 781 caeteris
1334 729 1633 797 evacuatis,
1668 743 1891 785 manere

1998 722 2130 776 tiam
2158 719 2440 794 (67).omni
2468 720 2711 777 credenti
2729 720 2795 774 ³⁸.
2829 740 2849 774 ι
2888 720 2953 776 Et
2980 724 3254 791 quomodo
3282 723 3408 778 linis
3432 722 3568 793 legis

316 817 507 886 Iidem,
572 830 761 887 spem,
818 816 1205 886 dilectionem;
1251 819 1509 888 majorem
1546 830 1726 876 autem
1765 835 1887 877 esse
1994 810 2281 875 Christus.
2331 810 2377 866 si
2417 824 2522 866 non
2565 818 2622 866 et
2648 810 2864 866 initium
2894 809 3014 881 eius
3046 821 3230 880 esset;
3289 813 3381 883 qui
3416 815 3567 870 enim

309 910 554 965 omuium
586 907 937 964 dilectionem
989 909 1061 975 “,
1106 920 1163 965 et
1197 925 1372 981 neque
1403 914 1733 982 agnitionem
1767 914 1887 970 sine

1994 898 2155 955 linem
2191 898 2412 964 intulit,
2461 897 2554 954 hic
2589 908 2645 955 et
2673 899 2891 954 initium
2922 910 3179 971 operatus
3200 911 3317 971 est;
3356 913 3414 958 et
3452 903 3570 975 ipse

312 1001 624 1068 dilectione,
656 1017 775 1073 quae
807 1010 893 1057 est
936 1015 1062 1072 erga
1096 1001 1264 1059 Deum
1294 1042 1310 1069 ,
1348 1015 1609 1075 prazstare
1642 1006 1881 1076 aliquid;

312 1109 490 1164 neque
516 1096 898 1168 mysteriorum
924 1098 1676 1170 comprehensionem,neque
1698 1100 1881 1166 Iidem,

307 1202 486 1257 neque
512 1188 883 1257 prophetiam,
914 1189 1011 1242 sed
1035 1190 1217 1243 omnia
1248 1205 1417 1245 vacua
1451 1200 1505 1245 et
1536 1192 1737 1247 frustra
1769 1191 1880 1267 (63)

305 1292 427 1334 esse
457 1281 578 1334 sine
614 1278 906 1334 dilectione
932 1279 978 1313 ⁸⁸
1007 1294 1025 1333 :
1068 1280 1411 1337 dilectionem
1450 1298 1579 1339 vero
1619 1283 1882 1354 perlicere

306 1367 611 1437 perfectum
652 1370 969 1436 hominem;
1012 1375 1068 1424 et
1114 1384 1275 1438 eum,
1334 1372 1427 1442 qui
1472 1374 1647 1445 diligit
1679 1375 1874 1443 Deum,

302 1470 427 1511 esse
450 1456 769 1525 perlectum,
802 1466 858 1512 et
888 1457 942 1510 in
976 1457 1081 1513 hoc
1114 1473 1232 1513 aevo
1255 1498 1271 1523 ,
1302 1470 1357 1515 et
1384 1462 1435 1514 in
1467 1459 1676 1517 futuro.
1734 1463 1880 1519 Nun-

301 1560 465 1614 quam
498 1547 639 1602 enim
661 1546 959 1605 desinimus
985 1550 1275 1620 diligentes
1307 1551 1475 1607 Deum
1500 1569 1516 1618 ;
1548 1555 1643 1609 sed
1670 1564 1878 1625 quanto

300 1638 425 1705 plus
470 1651 593 1691 eum
637 1638 821 1693 intuiti
872 1640 1175 1707 fuerimus,
1229 1650 1382 1697 tanto
1436 1642 1558 1715 plus
1612 1659 1736 1700 eum
1789 1646 1876 1701 dl-

301 1726 537 1796 ligimus.

369 1820 423 1874 5.
454 1819 498 1851 ⁸ο
551 1819 606 1875 In
653 1818 771 1890 lege
805 1821 971 1893 igitur
1008 1830 1064 1877 et
1095 1822 1148 1877 in
1178 1822 1473 1893 Evangelio
1508 1838 1629 1879 cum
1660 1825 1734 1882 sit
1759 1825 1875 1894 prl-

1991 1001 2076 1047 est
2110 992 2203 1062 qui
2244 991 2379 1047 dicit
2422 990 2594 1061 Moysi
2626 1008 2640 1044 :
2678 990 2914 1047 «Videns
2948 993 3057 1047 vidi
3088 994 3428 1051 vexationem
3462 1010 3569 1066 po-

1990 1081 2102 1152 puli
2131 1082 2259 1148 mei,
2294 1081 2385 1153 qui
2411 1082 2582 1161 estin
2614 1081 2876 1158 Egypto,
2909 1093 2965 1140 et
2995 1086 3248 1141 descendi
3281 1096 3343 1142 ut
3376 1100 3567 1143 eruam

1989 1183 2083 1224 eos
2107 1170 2195 1239 ἰς
2230 1192 2250 1225 ι
2296 1174 2365 1227 ab
2390 1172 2550 1231 initio
2584 1182 2836 1228 assuetus
2867 1168 3105 1229 Verbum
3137 1175 3233 1229 Dei
3267 1177 3570 1233 ascendere

1988 1272 2043 1316 et
2090 1263 2451 1330 descendere,
2501 1270 2727 1333 propter
2769 1263 3001 1321 salutem
3045 1277 3235 1320 eorum
3284 1265 3379 1337 qui
3423 1266 3568 1323 male

1986 1349 2269 1408 haberent.

2059 1444 2116 1500 5.
2166 1442 2434 1512 Quoniam
2472 1450 2671 1498 autem.
2698 1440 2790 1500 lex
2820 1442 3127 1513 praedocult
3169 1443 3443 1499 hominem
3476 1459 3568 1503 se-

1983 1539 2074 1607 qui
2104 1545 2361 1608 cportere
2395 1535 2675 1592 Christum
2698 1578 2713 1601 ,
2772 1534 2891 1607 ipse
2938 1534 3070 1591 facit
3101 1538 3473 1605 manifestum,
3511 1540 3566 1597 ei

1980 1631 2077 1701 qui
2108 1630 2472 1703 interrogavit
2493 1644 2615 1685 eum
2637 1668 2653 1695 ,
2682 1629 2813 1700 quid
2854 1628 3063 1685 faciens
3105 1630 3272 1685 vitam
3300 1641 3559 1689 aeternam

1981 1721 2354 1785 hareditaret,
2393 1722 2473 1777 sic
2507 1721 2885 1790 respondens;
2930 1720 3018 1776 «Si
3061 1719 3145 1776 vis
3190 1722 3243 1776 iu
3274 1725 3439 1779 vitam
3477 1725 3565 1780 in-

1983 1815 2171 1879 troire,
2203 1814 2419 1870 custodi
2450 1822 2775 1883 praecepta.»
2816 1811 2915 1868 lllo
2937 1820 3116 1868 autem
3142 1814 3514 1889 interrogante
3542 1832 3561 1873 :

298 1926 447 1966 mum
473 1922 529 1967 et
574 1914 870 1969 maximum
913 1924 1244 1985 praeceptum
1271 1958 1285 1982 ,
1321 1914 1547 1984 diligere
1584 1915 1870 1973 Dominum
1906 1904 1947 1960 Β

1906 1904 1947 1960 Β
1980 1905 2185 1974 «Quae?
2214 1924 2233 1957 ι
2275 1920 2463 1960 rursus
2489 1905 2749 1962 Dominus
2781 1918 2798 1960 :
2836 1903 2982 1960 «Non
3015 1906 3417 1978 mmchaberis,
3453 1925 3559 1966 non

296 1998 469 2057 Deum
519 2017 586 2057 ex
635 2012 746 2059 toto
779 2004 984 2070 corde;
1025 2004 1224 2060 dehinc
1268 2005 1448 2061 simile
1487 2006 1607 2072 illi,
1640 2006 1872 2079 diligere

293 2089 607 2159 proximum
640 2092 783 2146 sicut
812 2093 1047 2161 seipsum
1074 2091 1183 2165 (64)
1212 2112 1227 2147 :
1259 2110 1403 2149 unus
1434 2105 1487 2150 et
1521 2096 1662 2151 idem
1686 2108 1873 2154 osten-

296 2180 447 2237 ditur
498 2182 632 2255 legis
674 2194 732 2239 et
790 2183 1066 2257 Evangelii
1119 2187 1393 2245 conditor.
1466 2188 1873 2246 Consummatte

295 2273 445 2329 enim
473 2274 595 2329 vita:
645 2286 913 2347 precepts
966 2278 1020 2331 in
1068 2286 1301 2347 utroque
1346 2274 1698 2337 Testamento
1744 2296 1871 2338 cum

296 2363 408 2420 sint
432 2366 653 2430 eadem,
689 2370 941 2424 eumdem
971 2368 1328 2426 ostenderunt
1351 2370 1518 2425 Deum
1560 2389 1575 2425 :
1631 2371 1722 2441 qui
1747 2387 1872 2443 par-

294 2454 551 2511 ticularia
587 2459 809 2525 quidem
847 2472 1113 2531 prazcepta
1147 2470 1272 2532 apta
1300 2465 1546 2533 utrisque
1574 2466 1866 2535 praecepit;

291 2548 389 2603 sed
418 2548 779 2605 eminentiora
802 2560 858 2604 et
886 2566 1094 2607 summa
1120 2592 1135 2616 ,
1166 2555 1283 2608 sine
1313 2554 1508 2623 quibus
1533 2555 1730 2611 salvari
1759 2573 1866 2613 non

289 2647 374 2697 est
406 2638 539 2713 (65),
574 2642 629 2695 in
656 2652 890 2713 utroque
918 2645 1106 2700 eadem
1138 2646 1329 2702 suasit.

368 2728 422 2784 4.
486 2728 656 2797 Quem
682 2741 862 2787 autem
891 2750 996 2788 non
1037 2734 1337 2790 confundat
1368 2735 1626 2794 Dominus
1646 2779 1661 2805 ,
1685 2753 1868 2795 osten-

290 2821 427 2878 deus
449 2838 556 2879 non
592 2823 660 2879 ab
688 2822 864 2881 altero
905 2825 1016 2885 Deo
1068 2840 1189 2883 esse
1218 2820 1392 2899 legem
1414 2869 1430 2895 ,
1471 2830 1549 2885 sic
1573 2831 1759 2887 dicens
1784 2832 1867 2886 eis

289 2914 383 2984 qui
418 2928 449 2967 a
480 2927 541 2971 se
568 2915 906 2972 docebantur
929 2958 945 2985 ,
992 2916 1169 2974 turbte
1201 2929 1254 2974 et
1280 2920 1559 2991 discipulis
1596 2938 1611 2975 :
1659 2921 1867 2992 «Super

290 3006 615 3062 cathedram
660 3007 829 3080 Moysi
885 3011 1149 3067 sederunt
1206 3010 1415 3068 Scribae
1475 3023 1528 3069 et
1583 3012 1863 3074 Pharisaei.

287 3090 485 3151 Omnia
519 3098 702 3167 itaque
726 3114 1068 3172 quaecunque
1095 3101 1332 3157 dixerint
1359 3099 1512 3158 vobis
1532 3142 1547 3167 ,
1573 3105 1861 3169 custodite,

288 3198 347 3242 et
386 3188 594 3255 facile;
646 3192 950 3247 secundum
1000 3205 1185 3248 autem
1228 3206 1391 3263 opera
1452 3210 1637 3250 eorum
1694 3198 1862 3252 nolite

1978 1997 2235 2061 occides,
2286 2010 2393 2051 non
2440 1995 2754 2059 furaberis,
2801 2010 2909 2052 non
2954 1996 3153 2053 falsum
3182 2001 3558 2056 testimonium

1979 2077 2201 2151 reddes,
2234 2086 2443 2142 honora
2474 2096 2688 2155 patrem
2718 2096 2773 2141 et
2801 2099 3058 2155 matrem,
3086 2098 3143 2144 et
3170 2089 3332 2163 242
3363 2092 3558 2163 diliges

1976 2182 2288 2247 proximum
2337 2187 2598 2247 tanquam
2655 2176 3002 2247 teipsum";
3062 2200 3082 2235 ι
3144 2183 3294 2237 velut
3354 2182 3559 2253 gradus

1977 2284 2288 2341 proponens
2325 2278 2597 2339 prmeepta
2642 2268 2777 2340 legis
2814 2268 3074 2328 introitus
3121 2272 3175 2328 in
3211 2272 3417 2338 vitam,
3464 2288 3559 2328 vo-

1978 2356 2213 2412 lentibus
2243 2358 2397 2428 sequi
2432 2373 2557 2413 eum
2585 2373 2601 2414 :
2652 2373 2773 2429 quae
2798 2361 2889 2415 uni
2915 2371 3029 2417 tum
3064 2363 3273 2429 dicens,
3301 2364 3558 2422 omnibus

1980 2449 2215 2504 dicebat.
2250 2449 2345 2505 llle
2366 2459 2545 2505 autem
2572 2465 2694 2505 cum
2725 2451 2993 2508 dixisset:
3027 2471 3046 2507 ς
3072 2453 3265 2510 Omnia
3292 2456 3392 2512 feci
3423 2475 3442 2509 ι
3474 2457 3555 2529 (et

1978 2542 2118 2595 forte
2165 2555 2273 2595 non
2304 2539 2511 2596 fecerat
2551 2541 2666 2613 (68)
2705 2582 2721 2609 ,
2757 2558 2881 2597 nam
2919 2544 3106 2615 utique
3143 2561 3251 2602 non
3279 2548 3557 2604 diceretur

1975 2636 2060 2691 ei:
2090 2635 2344 2693 «Custodi
2383 2646 2651 2706 praecepta
2680 2636 2758 2706 ι),
2787 2651 3025 2709 arguens
3049 2638 3313 2696 Dominus
3338 2641 3555 2712 cupidi-

1976 2736 2139 2784 tatem
2170 2729 2314 2799 ejus,
2344 2729 2482 2784 dixit
2506 2729 2554 2784 ei
2584 2741 2602 2783 :
2659 2728 2750 2785 «Si
2779 2730 2863 2785 vis
2896 2731 3171 2801 perfectus
3197 2748 3357 2802 esse,
3388 2736 3553 2801 vade,

1973 2821 2145 2876 vende
2171 2821 2355 2875 omnia
2395 2835 2515 2891 quae
2542 2820 2713 2878 babes
2732 2859 2748 2887 ,
2778 2830 2835 2878 et
2869 2822 3049 2880 divide
3079 2828 3414 2895 pauperibus
3434 2868 3449 2895 ,
3497 2841 3555 2886 et

1972 2912 2132 2975 veni,
2176 2927 2407 2984 sequere
2436 2926 2523 2968 me
2552 2913 2598 2946 ⁹⁶
2634 2929 2651 2979 ;
2693 2931 2713 2967 ι
2748 2914 3123 2985 apostolorum
3166 2926 3377 2985 partem
3419 2934 3551 2990 pro-

1973 3006 2196 3061 mittens
2231 3007 2314 3061 eis
2356 3005 2445 3074 qui
2479 3006 2561 3061 sic
2588 3004 2857 3061 fecerint:
2891 3015 2948 3062 et
2972 3022 3077 3061 non
3107 3007 3337 3064 alterum
3382 3011 3549 3068 Deum

1974 3095 2191 3151 Patrem
2226 3095 2592 3152 annuntiabat
2634 3086 2755 3164 eis,
2817 3098 2910 3167 qui
2971 3100 3340 3169 sequebantur
3398 3117 3549 3171 eum,

1972 3199 2171 3257 printer
2208 3202 2333 3244 eum
2380 3189 2471 3257 qui
2497 3189 2567 3244 ab
2601 3189 2760 3245 initio
2810 3206 2841 3246 a
2870 3190 2993 3260 lege
3035 3193 3392 3249 annuntiatus
3421 3206 3545 3264 est;

289 3278 518 3336 facere:
555 3283 747 3338 dicunt
772 3283 919 3339 enim
950 3296 1135 3341 etnon
1178 3261 1405 3340 faciunt.
1458 3283 1694 3358 Alligant
1716 3288 1861 3342 enim
1891 3261 1933 3320 ο
1970 3294 2069 3334 nec
2096 3280 2262 3333 alium
2290 3278 2524 3345 Filium.
2557 3294 2657 3335 "ec
2682 3280 2938 3347 Mallem.
2976 3285 3320 3354 enthymesin
3354 3286 3549 3344 Ennio

288 3374 539 3430 sarcinas
572 3388 773 3443 graves
794 3414 810 3440 ,
848 3386 904 3431 et
936 3377 1222 3447 imponunt
1255 3393 1421 3449 super
1462 3381 1718 3435 humeros
1758 3380 1862 3435 ho-

291 3467 535 3533 minum;
594 3468 694 3537 ipsi
746 3479 925 3524 autem
966 3486 1068 3527 nec
1096 3471 1263 3542 digito
1297 3473 1514 3541 quidem
1546 3474 1731 3527 volunt
1766 3488 1861 3529 eas

291 3573 515 3613 movere
538 3559 607 3613 ".
637 3577 657 3611 ι
743 3558 861 3614 Non
894 3575 1025 3630 ergo
1060 3576 1179 3617 eam
1208 3561 1379 3634 legem
1400 3605 1417 3630 ,
1466 3580 1584 3634 qua:
1628 3575 1711 3620 est
1764 3581 1861 3635 per

290 3644 530 3719 Moysem
560 3648 685 3703 data
713 3687 729 3713 ,
762 3647 1083 3716 incusabat,
1117 3666 1276 3722 quam
1315 3654 1493 3709 adhuc
1532 3655 1699 3711 salvis
1732 3655 1859 3711 Hie—

289 3738 584 3809 rusolymis
634 3738 899 3794 suadebat
935 3740 1091 3807 ﬁeri;
1160 3743 1255 3797 sed
1307 3742 1427 3799 illos
1474 3745 1854 3817 redarguebat,

284 3830 431 3900 quod
454 3828 622 3883 verba
655 3829 872 3898 quidem
901 3829 1041 3901 legis
1066 3833 1434 3901 enuntiarent,
1468 3844 1653 3890 essent
1672 3844 1853 3891 autem

282 3926 404 3979 siue
443 3922 783 3978 dilectione:
834 3933 889 3977 et
926 3934 1151 3994 propter
1201 3925 1303 3979 hoc
1344 3925 1527 3994 injuin
1577 3926 1629 3980 in
1684 3926 1853 3983 Deum

282 4021 338 4069 et
392 4014 448 4069 in
513 4016 791 4084 proximos
853 4015 1201 4069 exstiterunt.
1278 4014 1745 4082 Quemadmodum
1798 4030 1855 4073 et

284 4104 453 4161 Isaias
494 4106 567 4159 ait
604 4127 616 4161 :
659 4104 926 4175 «Populus
969 4106 1056 4160 hic
1098 4104 1255 4161 labiis
1300 4122 1387 4162 me
1441 4109 1705 4174 honorat,
1756 4124 1854 4165 cor

286 4208 467 4252 autem
506 4214 699 4253 eorum
751 4197 912 4268 longe
964 4208 1047 4253 est
1109 4214 1138 4252 a
1202 4214 1304 4254 me.
1389 4199 1613 4255 Frustra
1669 4211 1851 4256 autem

282 4290 473 4346 colunt
507 4305 615 4356 me,
665 4290 927 4346 docentes
969 4291 1247 4347 doctrinas
1284 4302 1337 4345 et
1370 4303 1632 4362 praecepta
1675 4292 1852 4347 homi-

282 4398 411 4439 num
426 4383 531 4435 θ’.»
559 4381 677 4437 Non
708 4387 804 4453 per
828 4383 1065 4453 Moysem
1091 4386 1271 4437 datam
1302 4383 1473 4452 legem
1508 4385 1693 4439 dicens
1718 4401 1851 4454 prae.

284 4484 441 4545 cepta
504 4476 825 4539 hominum,
880 4476 975 4530 sed
1034 4476 1353 4531 traditiones
1403 4477 1846 4547 presbyterorum

282 4565 547 4634 ipsorum,
580 4579 721 4633 quas
750 4564 1044 4629 tinxerant,
1070 4581 1204 4635 quas
1239 4558 1581 4622 iindicantes
1612 4569 1845 4622 frustra-

279 4655 484 4710 bantur
520 4655 690 4724 Iegem
728 4656 823 4709 Dei
846 4696 859 4719 ,
901 4668 957 4711 et
993 4669 1215 4727 propter
1246 4658 1350 4711 hoc
1394 4672 1494 4711 nec
1532 4658 1706 4712 Verbo
1734 4659 1850 4726 ejus

276 4746 504 4817 subjecti
528 4755 672 4801 sunt.
711 4745 822 4803 Hoc
845 4749 990 4802 enim
1022 4758 1111 4803 est
1136 4749 1277 4818 quod
1302 4758 1356 4803 et
1382 4763 1412 4803 a
1448 4749 1619 4804 Paulo
1645 4749 1849 4805 dicitur

274 4839 345 4894 de
375 4839 494 4892 istis
526 4855 540 4891 :
591 4855 611 4889 «
636 4837 960 4909 Ignorantes
988 4841 1133 4895 enim
1156 4840 1425 4908 justitiam
1458 4840 1577 4906 Dei,
1613 4851 1671 4896 et
1695 4856 1847 4897 suam

1968 3371 2061 3440 qui
2101 3370 2207 3424 fuit
2242 3371 2297 3426 in
2329 3371 2608 3439 passione,
2638 3380 2694 3425 et
2724 3370 2779 3426 in
2810 3371 3158 3441 defectione;
3190 3390 3292 3431 nec
3326 3380 3547 3449 triginta

1967 3459 2209 3517 Eanum
2254 3462 2685 3533 plenitudinem,
2730 3477 2851 3533 qua:
2896 3479 3067 3521 vacua
3130 3476 3188 3523 et
3232 3468 3549 3528 inconstans

1968 3569 2185 3614 ostensa
2222 3568 2341 3625 est;
2384 3572 2486 3614 nec
2522 3573 2640 3614 eam
2685 3558 2920 3614 fabulam
2962 3574 3083 3630 quae
3109 3575 3141 3616 a
3173 3562 3400 3634 reliquis
3433 3566 3549 3621 ha:-

1967 3651 2153 3706 reticis
2185 3651 2310 3706 ﬁcta
2337 3661 2421 3707 est
2450 3664 2464 3701 :
2519 3650 2613 3706 sed
2637 3649 2866 3705 docebat
2894 3662 2955 3706 ut
2980 3653 3224 3710 facerent
3246 3668 3542 3729 praecepta,

1964 3756 2085 3811 quas
2108 3743 2174 3799 ab
2198 3743 2353 3799 initio
2377 3743 2637 3812 prmcepit
2667 3743 2832 3807 Deus,
2861 3754 2917 3797 et
2955 3752 3015 3798 ut
3054 3754 3300 3803 veterem
3332 3750 3544 3819 cupidi-

1964 3843 2129 3890 tatem
2178 3850 2276 3903 per
2319 3848 2483 3904 opera
2529 3835 2668 3890 bona
2712 3836 3029 3902 solverent,
3082 3847 3139 3892 et
3182 3852 3544 3909 sequerentur

1962 3926 2256 3980 Christum.
2290 3924 2555 3992 Quoniam
2580 3936 2758 3981 autem
2782 3941 2844 3981 ea
2868 3942 2987 3996 qua:
3008 3930 3377 3999 possidentur,
3402 3948 3541 4005 pau-

1961 4020 2180 4089 peribus
2201 4019 2394 4082 divisa,
2428 4018 2752 4073 solutionem
2782 4019 2988 4077 faciunt
3019 4024 3304 4091 praeterita:
3331 4026 3543 4095 cupidi-

1964 4110 2109 4172 tatis.
2136 4108 2425 4164 Zacchaaus
2452 4109 2583 4163 fecit
2610 4108 2960 4165 manifestum
2989 4134 3001 4168 :
3034 4131 3055 4164 «
3090 4113 3250 4180 Ecce,
3288 4133 3308 4171 ι
3331 4115 3539 4182 dicens,

1966 4214 1985 4248 ι
2020 4198 2299 4251 dimidium
2324 4212 2389 4252 ex
2414 4196 2570 4252 bonis
2605 4200 2738 4255 meis
2760 4200 2829 4256 do
2858 4202 3211 4271 pauperibus,
3242 4212 3297 4257 et
3318 4204 3363 4258 si
3384 4202 3543 4272 cujus

1958 4290 2085 4360 quid
2115 4289 2357 4343 fraudavi
2388 4288 2523 4360 (69),
2564 4290 2727 4344 reddo
2758 4289 3115 4361 quadruplum
3140 4291 3207 4347 ⁸⁷.
3239 4309 3261 4345 ι

2486 4375 2716 4433 CAPUT
2740 4379 2855 4434 XIII
2900 4382 2968 4436 ⁸⁸.

1959 4466 2227 4524 Christum
2262 4468 2541 4543 naturalia
2568 4469 2709 4543 tegis
2747 4484 3009 4543 prwcepta
3052 4491 3155 4529 non
3188 4476 3532 4543 dissoluisse;

2031 4543 2134 4593 imo
2163 4542 2337 4617 potius
2366 4540 2680 4617 implevisse,
2706 4540 3007 4617 extendisse
3022 4554 3073 4599 et
3092 4548 3375 4612 ampliasse
3398 4563 3417 4601 :
3441 4540 3531 4617 qui

1881 4618 1925 4672 ι)
2025 4614 2209 4663 ueteris
2226 4612 2352 4679 legis
2369 4610 2557 4681 jugum
2578 4625 2640 4663 ac
2668 4614 2875 4666 vincula
2895 4616 3013 4669 ideo
3030 4610 3349 4681 abstulit,ut
3375 4610 3533 4671 hoino

2029 4681 2138 4754 iam
2164 4682 2294 4735 liber
2321 4696 2385 4735 ea
2421 4679 2617 4745 fiducia
2665 4697 2728 4735 ac
2748 4684 2962 4751 pietate,
3002 4700 3119 4754 qua:
3165 4679 3306 4754 ﬁlios
3358 4688 3527 4754 decet,

2030 4750 2138 4804 Deo
2160 4759 2405 4820 pareret,

1996 4844 2268 4913 Lthuia
2302 4845 2564 4901 Dominus
2610 4848 2881 4903 naturalia
2935 4848 3068 4920 legis
3102 4849 3217 4919 (70)
3240 4890 3255 4914 ,
3281 4865 3379 4921 per
3406 4866 3529 4922 quae

378 4961 425 4992 "
456 4960 877 5043 B-Om.“1ILI,10.
950 4961 1041 5043 "_I
1076 4961 1371 5043 Cor.__x_ttt.
1402 4964 1508 5043 _I3.
1585 4964 1630 5043 "_’
1661 4962 1832 5043 Ibid.,
1997 4965 2043 5043 ξ’
2078 4966 2209 5035 Cap.
2252 4965 2441 5043 ξξῑγι.
2516 4968 2792 5043 ".'r_1_attlt._
2841 4985 3015 5043 xxi",
3058 4971 3275 5043 giseqq.
3348 4972 3525 5043 "lsa.

274 5044 426 5109 _x_xt_x,
454 5030 851 5109 I5.___’_'___Rom.
886 5051 951 5100 x,
981 5035 1033 5099 5,
1086 5036 1131 5088 ι.
1198 5035 1245 5067 ’⁸
1266 5035 1438 5090 Exod.
1479 5050 1558 5101 ut,
1594 5035 1644 5099 7ἰ
1674 5035 1728 5089 8.
1787 5036 1834 5068 ⁸³
1864 5036 1941 5090 Ma

1314 5035 1438 5090 sed.
1479 5050 1558 5101 ut,
1594 5035 1644 5099 7ἰ
1674 5035 1728 5089 8.
1787 5036 1834 5068 ⁸³
1864 5036 2052 5090 Matth.
2102 5030 2214 5101 xix,
2265 5037 2329 5091 l7
2364 5052 2518 5109 seqq.
2602 5041 2649 5073 "
2682 5040 2840 5106 Ibid.,
2882 5040 2972 5095 21.

271 5100 319 5133 ’⁸
348 5100 480 5170 Cap.
521 5100 728 5155 XXVII.

342 5223 453 5292 (65)
480 5222 730 5280 Frustra.
764 5224 891 5287 Alii,
922 5224 1202 5293 frustrata.

349 5294 463 5363 (64)
496 5294 765 5363 δείρεωπ.
801 5294 927 5357 Alii,
956 5297 1203 5361 teipsum.

342 5361 455 5435 (65)
488 5361 609 5416 Non
634 5375 730 5417 est.
759 5364 1069 5435 Gt‘tecorutn
1116 5378 1265 5418 more
1289 5405 1304 5424 ,
1332 5380 1431 5435 pro
1461 5366 1706 5435 possibile
1736 5382 1839 5419 non

270 5433 371 5489 est.
400 5433 699 5503 S’iciomnes
724 5450 852 5489 mss.
888 5433 941 5487 In
972 5436 1153 5493 cditt.,
1192 5450 1294 5487 non
1323 5433 1508 5503 potest.

341 5503 453 5575 (66)
481 5502 777 5558 Justitiam.
828 5506 988 5560 Deest
1015 5506 1067 5557 in
1111 5504 1267 5560 Erus.
1297 5502 1352 5559 et
1381 5505 1585 5561 Gallae.
1617 5516 1674 5559 ut
1698 5516 1752 5560 et
1783 5507 1835 5560 in

267 5576 389 5630 cod.
422 5574 684 5627 Alexand.

340 5643 457 5715 (67)
485 5644 566 5715 A_d
578 5642 867 5715 justitiam.
896 5642 1160 5715 Clarom.,
1189 5644 1243 5697 in
1265 5645 1561 5715 justitiam.

341 5713 453 5783 (68)
494 5713 561 5766 Et
593 5713 731 5781 forte
768 5732 872 5768 non
910 5714 1124 5781 fecerat.
1158 5715 1231 5767 Ea
1267 5713 1459 5771 Saltem
1508 5717 1836 5772 intentionis

268 5791 504 5857 puritate
526 5824 541 5847 ,
572 5792 625 5836 et
666 5785 880 5840 interim
910 5786 1103 5840 affectu
1129 5823 1145 5850 ,
1190 5801 1350 5854 quem
1382 5788 1468 5841 lex
1520 5788 1833 5857 evangelica

267 5855 515 5923 requirit.

3056 5041 3100 5072 ’⁷
3131 5041 3265 5100 Luc.
3312 5056 3438 5108 XIX,
3469 5042 3524 5098 8.

2021 5228 2132 5299 (69)
2180 5229 2263 5282 Ea:
2312 5230 2460 5285 bonis
2515 5232 2735 5288 meis
2792 5233 3062 5300 fraudari.
3112 5232 3203 5287 Sic
3251 5232 3523 5301 Clarom.,

1948 5298 2157 5353 Arund.
2187 5310 2243 5351 et
2287 5301 2441 5355 Voss.
2497 5301 2691 5357 Caneri
2716 5343 2730 5366 ,
2765 5298 3020 5356 bonorum
3070 5320 3303 5357 meorum
3430 5298 3519 5357 del

1976 5369 2219 5423 mndavi.

1947 5369 2442 5512 (riggiz‘iioaturalia
2471 5440 2621 5511 legis.
2655 5440 2851 5512 Legem
2880 5443 3186 5497 naturalem
3232 5443 3520 5511 intelligit,

1947 5507 2228 5582 hom_inum
2251 5507 2565 5582 cordibus'a
2593 5512 2702 5582 Deo
2729 5507 3074 5582 iitsculptam,
3105 5528 3226 5577 seu,
3261 5507 3518 5582 utiociui-

1950 5587 2035 5629 Iur
2061 5575 2577 5651 Tertull.lib.ﬂAdv.
2601 5581 2760 5643 Jud.,
2788 5575 2948 5651 legem
2981 5600 3086 5637 non
3101 5575 3377 5650 scriptam,

1948 5648 2275 5723 uaturaliter
2296 5650 2706 5723 intelligebatur,
2740 5648 2857 5723 eta
2894 5649 3145 5723 Ratribus
3177 5648 3322 5723 (ante
3351 5648 3521 5722 legem

1946 5714 2119 5786 Moysi
2173 5714 2517 5793 scriptamin
2557 5714 2752 5773 tabulis
2791 5720 3037 5793 lapideis)
3081 5714 3518 5793 cust‘odiebat'ur;

1944 5801 2172 5861 quasque
2203 5788 2448 5859 Decalogi
2482 5794 2789 5861 praeceptis,
2811 5806 2932 5860 quae
2963 5788 3145 5861 postea
3177 5794 3315 5847 Deus
3342 5791 3516 5860 Moysi

1947 5859 2186 5920 tradidit,
2220 5860 2698 5929 conﬁrmavitque,
2725 5859 3065 5931 potissimum
3104 5859 3441 5923 continetur.
