  <div class='ocr_page' id='page_1' title='image "/cluster/home/n/w/nwhite01/storage/ocr_20150623/7 pars.1/pst.000005711833/549.png"; bbox 0 0 4222 6320; ppageno 0'>
   <div class='ocr_carea' id='block_1_1' title="bbox 672 390 815 455">
    <p class='ocr_par' dir='ltr' id='par_1_1' title="bbox 672 390 815 455">
     <span class='ocr_line' id='line_1_1' title="bbox 672 390 815 455; baseline 0 -3"><span class='ocrx_word' id='word_1_1' title='bbox 672 390 815 455; x_wconf 70' lang='grc' dir='ltr'><strong>ςωτ</strong></span> 
     </span>
    </p>
   </div>
   <div class='ocr_carea' id='block_1_2' title="bbox 1411 394 3160 459">
    <p class='ocr_par' dir='ltr' id='par_1_2' title="bbox 1411 394 3160 459">
     <span class='ocr_line' id='line_1_2' title="bbox 1411 394 3160 459; baseline 0.005 -8"><span class='ocrx_word' id='word_1_2' title='bbox 1411 396 1468 454; x_wconf 82' lang='lat' dir='ltr'><strong>S.</strong></span> <span class='ocrx_word' id='word_1_3' title='bbox 1510 394 1766 454; x_wconf 62' lang='lat' dir='ltr'><strong>IRENEI</strong></span> <span class='ocrx_word' id='word_1_4' title='bbox 1803 394 2111 454; x_wconf 78' lang='lat' dir='ltr'><strong>EPISCOPI</strong></span> <span class='ocrx_word' id='word_1_5' title='bbox 2142 396 2632 457; x_wconf 72' lang='lat' dir='ltr'><strong>LUGDUNENSIS</strong></span> <span class='ocrx_word' id='word_1_6' title='bbox 2675 394 2765 457; x_wconf 74' lang='grc' dir='ltr'><strong>ΕΤ</strong></span> <span class='ocrx_word' id='word_1_7' title='bbox 2800 396 3160 459; x_wconf 70' lang='lat' dir='ltr'><strong>MARTYNS</strong></span> 
     </span>
    </p>
   </div>
   <div class='ocr_carea' id='block_1_3' title="bbox 672 515 3916 597">
    <p class='ocr_par' dir='ltr' id='par_1_3' title="bbox 672 515 3916 597">
     <span class='ocr_line' id='line_1_3' title="bbox 672 515 3916 597; baseline 0.004 -26"><span class='ocrx_word' id='word_1_8' title='bbox 672 515 1203 589; x_wconf 72' lang='lat' dir='ltr'><strong>bomojnstitlcatur,</strong></span> <span class='ocrx_word' id='word_1_9' title='bbox 1223 532 1343 587; x_wconf 66' lang='lat' dir='ltr'><strong>qua</strong></span> <span class='ocrx_word' id='word_1_10' title='bbox 1363 519 1527 575; x_wconf 86' lang='lat' dir='ltr'><strong>etiam</strong></span> <span class='ocrx_word' id='word_1_11' title='bbox 1545 529 1672 577; x_wconf 90' lang='lat' dir='ltr'><strong>ante</strong></span> <span class='ocrx_word' id='word_1_12' title='bbox 1690 520 2101 592; x_wconf 81' lang='lat' dir='ltr'><strong>legisdationem</strong></span> <span class='ocrx_word' id='word_1_13' title='bbox 2124 521 2239 593; x_wconf 87' lang='lat' dir='ltr'><strong>(7t)</strong></span> <span class='ocrx_word' id='word_1_14' title='bbox 2270 528 2316 587; x_wconf 80' lang='grc' dir='ltr'>Α</span> <span class='ocrx_word' id='word_1_15' title='bbox 2419 522 2479 578; x_wconf 69' lang='lat'><strong>2.</strong></span> <span class='ocrx_word' id='word_1_16' title='bbox 2511 522 2725 579; x_wconf 77' lang='lat' dir='ltr'><strong>Etenim</strong></span> <span class='ocrx_word' id='word_1_17' title='bbox 2758 522 2867 589; x_wconf 81' lang='lat' dir='ltr'><strong>lex,</strong></span> <span class='ocrx_word' id='word_1_18' title='bbox 2897 523 3099 596; x_wconf 83' lang='lat' dir='ltr'><strong>quippe</strong></span> <span class='ocrx_word' id='word_1_19' title='bbox 3125 523 3298 581; x_wconf 87' lang='lat' dir='ltr'><strong>servis</strong></span> <span class='ocrx_word' id='word_1_20' title='bbox 3322 526 3525 596; x_wconf 86' lang='lat' dir='ltr'><strong>posita,</strong></span> <span class='ocrx_word' id='word_1_21' title='bbox 3550 539 3651 597; x_wconf 84' lang='lat' dir='ltr'><strong>per</strong></span> <span class='ocrx_word' id='word_1_22' title='bbox 3685 540 3750 581; x_wconf 87' lang='lat' dir='ltr'><strong>ea</strong></span> <span class='ocrx_word' id='word_1_23' title='bbox 3789 540 3916 597; x_wconf 72' lang='lat' dir='ltr'><strong>que</strong></span> 
     </span>
    </p>
   </div>
   <div class='ocr_carea' id='block_1_4' title="bbox 666 607 2238 684">
    <p class='ocr_par' dir='ltr' id='par_1_4' title="bbox 666 607 2238 684">
     <span class='ocr_line' id='line_1_4' title="bbox 666 607 2238 684; baseline 0.004 -21"><span class='ocrx_word' id='word_1_24' title='bbox 666 607 1175 679; x_wconf 85' lang='lat' dir='ltr'><strong>custodiebant,qui</strong></span> <span class='ocrx_word' id='word_1_25' title='bbox 1205 609 1309 665; x_wconf 83' lang='lat' dir='ltr'><strong>nde</strong></span> <span class='ocrx_word' id='word_1_26' title='bbox 1332 609 1781 680; x_wconf 81' lang='lat' dir='ltr'><strong>justilicabantur</strong></span> <span class='ocrx_word' id='word_1_27' title='bbox 1816 612 1949 684; x_wconf 71' lang='lat'><strong>(73),</strong></span> <span class='ocrx_word' id='word_1_28' title='bbox 1977 623 2028 668; x_wconf 90' lang='lat' dir='ltr'><strong>et</strong></span> <span class='ocrx_word' id='word_1_29' title='bbox 2058 613 2238 684; x_wconf 79' lang='lat' dir='ltr'><strong>place-</strong></span> 
     </span>
    </p>
   </div>
   <div class='ocr_carea' id='block_1_5' title="bbox 667 698 2235 774">
    <p class='ocr_par' dir='ltr' id='par_1_5' title="bbox 667 698 2235 774">
     <span class='ocr_line' id='line_1_5' title="bbox 667 698 2235 774; baseline 0.003 -20"><span class='ocrx_word' id='word_1_30' title='bbox 667 700 800 754; x_wconf 89' lang='lat' dir='ltr'><strong>bant</strong></span> <span class='ocrx_word' id='word_1_31' title='bbox 833 698 980 766; x_wconf 85' lang='lat' dir='ltr'><strong>Deo,</strong></span> <span class='ocrx_word' id='word_1_32' title='bbox 1017 716 1124 757; x_wconf 91' lang='lat' dir='ltr'><strong>non</strong></span> <span class='ocrx_word' id='word_1_33' title='bbox 1168 699 1441 765; x_wconf 72' lang='lat' dir='ltr'><strong>dissolvit,</strong></span> <span class='ocrx_word' id='word_1_34' title='bbox 1475 700 1569 755; x_wconf 90' lang='lat' dir='ltr'><strong>sed</strong></span> <span class='ocrx_word' id='word_1_35' title='bbox 1617 703 1892 768; x_wconf 82' lang='lat' dir='ltr'><strong>extendit,</strong></span> <span class='ocrx_word' id='word_1_36' title='bbox 1937 712 1993 758; x_wconf 85' lang='lat' dir='ltr'><strong>et</strong></span> <span class='ocrx_word' id='word_1_37' title='bbox 2040 703 2235 774; x_wconf 87' lang='lat' dir='ltr'><strong>imple-</strong></span> 
     </span>
    </p>
   </div>
   <div class='ocr_carea' id='block_1_6' title="bbox 665 790 2233 863">
    <p class='ocr_par' dir='ltr' id='par_1_6' title="bbox 665 790 2233 863">
     <span class='ocr_line' id='line_1_6' title="bbox 665 790 2233 863; baseline 0.004 -21"><span class='ocrx_word' id='word_1_38' title='bbox 665 791 747 846; x_wconf 85' lang='lat' dir='ltr'><strong>vit</strong></span> <span class='ocrx_word' id='word_1_39' title='bbox 781 790 931 863; x_wconf 77' lang='lat'><strong>(75);</strong></span> <span class='ocrx_word' id='word_1_40' title='bbox 959 807 1025 848; x_wconf 80' lang='lat' dir='ltr'><strong>ex</strong></span> <span class='ocrx_word' id='word_1_41' title='bbox 1052 791 1400 848; x_wconf 72' lang='lat' dir='ltr'><strong>sermonibus</strong></span> <span class='ocrx_word' id='word_1_42' title='bbox 1426 793 1542 863; x_wconf 86' lang='lat' dir='ltr'><strong>ejus</strong></span> <span class='ocrx_word' id='word_1_43' title='bbox 1578 794 1904 850; x_wconf 88' lang='lat' dir='ltr'><strong>ostenditur.</strong></span> <span class='ocrx_word' id='word_1_44' title='bbox 1952 815 1971 849; x_wconf 68' lang='grc' dir='ltr'>ε</span> <span class='ocrx_word' id='word_1_45' title='bbox 2021 794 2233 850; x_wconf 84' lang='lat' dir='ltr'><strong>Dictum</strong></span> 
     </span>
    </p>
   </div>
   <div class='ocr_carea' id='block_1_7' title="bbox 667 885 2229 956">
    <p class='ocr_par' dir='ltr' id='par_1_7' title="bbox 667 885 2229 956">
     <span class='ocr_line' id='line_1_7' title="bbox 667 885 2229 956; baseline 0.003 -19"><span class='ocrx_word' id='word_1_46' title='bbox 667 892 750 938; x_wconf 89' lang='lat' dir='ltr'><strong>est</strong></span> <span class='ocrx_word' id='word_1_47' title='bbox 781 885 927 939; x_wconf 89' lang='lat' dir='ltr'><strong>enim</strong></span> <span class='ocrx_word' id='word_1_48' title='bbox 953 925 971 951; x_wconf 92' lang='lat'><strong>,</strong></span> <span class='ocrx_word' id='word_1_49' title='bbox 1010 902 1031 938; x_wconf 71' lang='grc' dir='ltr'>ι</span> <span class='ocrx_word' id='word_1_50' title='bbox 1069 885 1283 956; x_wconf 89' lang='lat' dir='ltr'><strong>inquit,</strong></span> <span class='ocrx_word' id='word_1_51' title='bbox 1314 902 1334 937; x_wconf 72' lang='grc' dir='ltr'><em>ς</em></span> <span class='ocrx_word' id='word_1_52' title='bbox 1385 886 1625 955; x_wconf 76' lang='lat' dir='ltr'><strong>antiquis</strong></span> <span class='ocrx_word' id='word_1_53' title='bbox 1659 904 1673 942; x_wconf 94' lang='lat'><strong>:</strong></span> <span class='ocrx_word' id='word_1_54' title='bbox 1706 887 1819 942; x_wconf 82' lang='lat' dir='ltr'><strong>Non</strong></span> <span class='ocrx_word' id='word_1_55' title='bbox 1852 888 2229 944; x_wconf 68' lang='lat' dir='ltr'><strong>machaberis.</strong></span> 
     </span>
    </p>
   </div>
   <div class='ocr_carea' id='block_1_8' title="bbox 666 972 2233 1049">
    <p class='ocr_par' dir='ltr' id='par_1_8' title="bbox 666 972 2233 1049">
     <span class='ocr_line' id='line_1_8' title="bbox 666 972 2233 1049; baseline 0.003 -20"><span class='ocrx_word' id='word_1_56' title='bbox 666 972 781 1043; x_wconf 82' lang='lat' dir='ltr'><strong>Ego</strong></span> <span class='ocrx_word' id='word_1_57' title='bbox 809 983 991 1029; x_wconf 88' lang='lat' dir='ltr'><strong>autem</strong></span> <span class='ocrx_word' id='word_1_58' title='bbox 1021 974 1144 1030; x_wconf 86' lang='lat' dir='ltr'><strong>dico</strong></span> <span class='ocrx_word' id='word_1_59' title='bbox 1169 975 1357 1041; x_wconf 88' lang='lat' dir='ltr'><strong>vobis,</strong></span> <span class='ocrx_word' id='word_1_60' title='bbox 1392 976 1653 1045; x_wconf 85' lang='lat' dir='ltr'><strong>quoniam</strong></span> <span class='ocrx_word' id='word_1_61' title='bbox 1690 976 1870 1033; x_wconf 87' lang='lat' dir='ltr'><strong>omnis</strong></span> <span class='ocrx_word' id='word_1_62' title='bbox 1904 978 1998 1049; x_wconf 88' lang='lat' dir='ltr'><strong>qui</strong></span> <span class='ocrx_word' id='word_1_63' title='bbox 2032 977 2233 1034; x_wconf 87' lang='lat' dir='ltr'><strong>viderit</strong></span> 
     </span>
    </p>
   </div>
   <div class='ocr_carea' id='block_1_9' title="bbox 665 1066 2232 1142">
    <p class='ocr_par' dir='ltr' id='par_1_9' title="bbox 665 1066 2232 1142">
     <span class='ocr_line' id='line_1_9' title="bbox 665 1066 2232 1142; baseline 0.003 -19"><span class='ocrx_word' id='word_1_64' title='bbox 665 1066 949 1125; x_wconf 82' lang='lat' dir='ltr'><strong>mulierem</strong></span> <span class='ocrx_word' id='word_1_65' title='bbox 981 1069 1049 1123; x_wconf 89' lang='lat' dir='ltr'><strong>ad</strong></span> <span class='ocrx_word' id='word_1_66' title='bbox 1076 1068 1570 1142; x_wconf 88' lang='lat' dir='ltr'><strong>concupiscendum</strong></span> <span class='ocrx_word' id='word_1_67' title='bbox 1602 1082 1759 1136; x_wconf 87' lang='lat' dir='ltr'><strong>eam,</strong></span> <span class='ocrx_word' id='word_1_68' title='bbox 1784 1069 1898 1141; x_wconf 83' lang='lat' dir='ltr'><strong>jam</strong></span> <span class='ocrx_word' id='word_1_69' title='bbox 1926 1071 2232 1127; x_wconf 73' lang='lat' dir='ltr'><strong>mtecltatus</strong></span> 
     </span>
    </p>
   </div>
   <div class='ocr_carea' id='block_1_10' title="bbox 665 1161 2231 1219">
    <p class='ocr_par' dir='ltr' id='par_1_10' title="bbox 665 1161 2231 1219">
     <span class='ocr_line' id='line_1_10' title="bbox 665 1161 2231 1219; baseline 0.003 -4"><span class='ocrx_word' id='word_1_70' title='bbox 665 1168 750 1215; x_wconf 82' lang='lat' dir='ltr'><strong>est</strong></span> <span class='ocrx_word' id='word_1_71' title='bbox 794 1173 914 1215; x_wconf 89' lang='lat' dir='ltr'><strong>eam</strong></span> <span class='ocrx_word' id='word_1_72' title='bbox 957 1161 1010 1216; x_wconf 91' lang='lat' dir='ltr'><strong>in</strong></span> <span class='ocrx_word' id='word_1_73' title='bbox 1057 1161 1222 1217; x_wconf 88' lang='lat' dir='ltr'><strong>corde</strong></span> <span class='ocrx_word' id='word_1_74' title='bbox 1266 1177 1365 1218; x_wconf 91' lang='lat' dir='ltr'><strong>suo</strong></span> <span class='ocrx_word' id='word_1_75' title='bbox 1392 1161 1460 1217; x_wconf 65' lang='grc' dir='ltr'><strong>θ’.</strong></span> <span class='ocrx_word' id='word_1_76' title='bbox 1499 1181 1519 1216; x_wconf 73' lang='grc' dir='ltr'><strong>ι</strong></span> <span class='ocrx_word' id='word_1_77' title='bbox 1569 1161 1637 1218; x_wconf 82' lang='lat' dir='ltr'><strong>Et</strong></span> <span class='ocrx_word' id='word_1_78' title='bbox 1672 1164 1868 1219; x_wconf 85' lang='lat' dir='ltr'><strong>iterum</strong></span> <span class='ocrx_word' id='word_1_79' title='bbox 1901 1180 1917 1217; x_wconf 90' lang='lat'><strong>:</strong></span> <span class='ocrx_word' id='word_1_80' title='bbox 1948 1179 1969 1217; x_wconf 72' lang='grc' dir='ltr'><em>α</em></span> <span class='ocrx_word' id='word_1_81' title='bbox 2021 1162 2231 1219; x_wconf 92' lang='lat' dir='ltr'><strong>Dictum</strong></span> 
     </span>
    </p>
   </div>
   <div class='ocr_carea' id='block_1_11' title="bbox 665 1252 2232 1325">
    <p class='ocr_par' dir='ltr' id='par_1_11' title="bbox 665 1252 2232 1325">
     <span class='ocr_line' id='line_1_11' title="bbox 665 1252 2232 1325; baseline 0.003 -18"><span class='ocrx_word' id='word_1_82' title='bbox 665 1261 789 1307; x_wconf 86' lang='lat' dir='ltr'><strong>est:</strong></span> <span class='ocrx_word' id='word_1_83' title='bbox 823 1270 844 1307; x_wconf 70' lang='grc' dir='ltr'><strong>ε</strong></span> <span class='ocrx_word' id='word_1_84' title='bbox 872 1252 989 1308; x_wconf 80' lang='lat' dir='ltr'><strong>Non</strong></span> <span class='ocrx_word' id='word_1_85' title='bbox 1020 1252 1258 1309; x_wconf 84' lang='lat' dir='ltr'><strong>occides.</strong></span> <span class='ocrx_word' id='word_1_86' title='bbox 1289 1252 1406 1325; x_wconf 79' lang='lat' dir='ltr'><strong>Ego</strong></span> <span class='ocrx_word' id='word_1_87' title='bbox 1438 1264 1622 1310; x_wconf 88' lang='lat' dir='ltr'><strong>autem</strong></span> <span class='ocrx_word' id='word_1_88' title='bbox 1660 1255 1779 1311; x_wconf 91' lang='lat' dir='ltr'><strong>dico</strong></span> <span class='ocrx_word' id='word_1_89' title='bbox 1804 1254 1958 1311; x_wconf 91' lang='lat' dir='ltr'><strong>vobis</strong></span> <span class='ocrx_word' id='word_1_90' title='bbox 1992 1271 2007 1309; x_wconf 87' lang='lat'><strong>:</strong></span> <span class='ocrx_word' id='word_1_91' title='bbox 2051 1256 2232 1311; x_wconf 89' lang='lat' dir='ltr'><strong>omnis</strong></span> 
     </span>
    </p>
   </div>
   <div class='ocr_carea' id='block_1_12' title="bbox 664 1343 2232 1415">
    <p class='ocr_par' dir='ltr' id='par_1_12' title="bbox 664 1343 2232 1415">
     <span class='ocr_line' id='line_1_12' title="bbox 664 1343 2232 1415; baseline 0.001 -18"><span class='ocrx_word' id='word_1_92' title='bbox 664 1343 756 1413; x_wconf 87' lang='lat' dir='ltr'><strong>qui</strong></span> <span class='ocrx_word' id='word_1_93' title='bbox 793 1343 1050 1400; x_wconf 71' lang='lat' dir='ltr'><strong>irascitur</strong></span> <span class='ocrx_word' id='word_1_94' title='bbox 1080 1344 1233 1401; x_wconf 76' lang='lat' dir='ltr'><strong>fratri</strong></span> <span class='ocrx_word' id='word_1_95' title='bbox 1274 1360 1377 1401; x_wconf 89' lang='lat' dir='ltr'><strong>suo</strong></span> <span class='ocrx_word' id='word_1_96' title='bbox 1412 1344 1536 1401; x_wconf 84' lang='lat' dir='ltr'><strong>sine</strong></span> <span class='ocrx_word' id='word_1_97' title='bbox 1571 1360 1736 1401; x_wconf 86' lang='lat' dir='ltr'><strong>causa</strong></span> <span class='ocrx_word' id='word_1_98' title='bbox 1765 1343 1914 1415; x_wconf 72' lang='grc'><strong>(71),</strong></span> <span class='ocrx_word' id='word_1_99' title='bbox 1964 1360 2088 1401; x_wconf 88' lang='lat' dir='ltr'><strong>reus</strong></span> <span class='ocrx_word' id='word_1_100' title='bbox 2125 1344 2232 1400; x_wconf 86' lang='lat' dir='ltr'><strong>erit</strong></span> 
     </span>
    </p>
   </div>
   <div class='ocr_carea' id='block_1_13' title="bbox 657 1434 2229 1508">
    <p class='ocr_par' dir='ltr' id='par_1_13' title="bbox 657 1434 2229 1508">
     <span class='ocr_line' id='line_1_13' title="bbox 657 1434 2229 1508; baseline 0.003 -19"><span class='ocrx_word' id='word_1_101' title='bbox 657 1434 865 1506; x_wconf 77' lang='lat' dir='ltr'><strong>judicio</strong></span> <span class='ocrx_word' id='word_1_102' title='bbox 897 1435 937 1489; x_wconf 76' lang='grc'><strong>⁸.</strong></span> <span class='ocrx_word' id='word_1_103' title='bbox 971 1453 992 1488; x_wconf 75' lang='grc' dir='ltr'><strong><em>ι</em></strong></span> <span class='ocrx_word' id='word_1_104' title='bbox 1026 1436 1090 1491; x_wconf 83' lang='lat' dir='ltr'><strong>Et</strong></span> <span class='ocrx_word' id='word_1_105' title='bbox 1129 1451 1145 1486; x_wconf 89' lang='lat'><strong>:</strong></span> <span class='ocrx_word' id='word_1_106' title='bbox 1179 1453 1199 1489; x_wconf 76' lang='grc' dir='ltr'>ι</span> <span class='ocrx_word' id='word_1_107' title='bbox 1236 1437 1448 1495; x_wconf 86' lang='lat' dir='ltr'><strong>Dictum</strong></span> <span class='ocrx_word' id='word_1_108' title='bbox 1476 1449 1590 1493; x_wconf 89' lang='lat' dir='ltr'><strong>est:</strong></span> <span class='ocrx_word' id='word_1_109' title='bbox 1619 1435 1736 1492; x_wconf 79' lang='lat' dir='ltr'><strong>Non</strong></span> <span class='ocrx_word' id='word_1_110' title='bbox 1762 1435 2087 1507; x_wconf 84' lang='lat' dir='ltr'><strong>perinrabis.</strong></span> <span class='ocrx_word' id='word_1_111' title='bbox 2114 1436 2229 1508; x_wconf 85' lang='lat' dir='ltr'><strong>Ego</strong></span> 
     </span>
    </p>
   </div>
   <div class='ocr_carea' id='block_1_14' title="bbox 662 1527 2231 1601">
    <p class='ocr_par' dir='ltr' id='par_1_14' title="bbox 662 1527 2231 1601">
     <span class='ocr_line' id='line_1_14' title="bbox 662 1527 2231 1601; baseline 0.001 -18"><span class='ocrx_word' id='word_1_112' title='bbox 662 1536 850 1583; x_wconf 86' lang='lat' dir='ltr'><strong>autem</strong></span> <span class='ocrx_word' id='word_1_113' title='bbox 881 1527 1004 1584; x_wconf 89' lang='lat' dir='ltr'><strong>dico</strong></span> <span class='ocrx_word' id='word_1_114' title='bbox 1032 1528 1221 1596; x_wconf 88' lang='lat' dir='ltr'><strong>vobis,</strong></span> <span class='ocrx_word' id='word_1_115' title='bbox 1256 1542 1437 1599; x_wconf 87' lang='lat' dir='ltr'><strong>neque</strong></span> <span class='ocrx_word' id='word_1_116' title='bbox 1469 1528 1658 1601; x_wconf 66' lang='lat' dir='ltr'><strong>iurare</strong></span> <span class='ocrx_word' id='word_1_117' title='bbox 1682 1528 1797 1598; x_wconf 84' lang='grc'><strong>(75)</strong></span> <span class='ocrx_word' id='word_1_118' title='bbox 1827 1529 1883 1583; x_wconf 92' lang='lat' dir='ltr'><strong>in</strong></span> <span class='ocrx_word' id='word_1_119' title='bbox 1912 1538 2107 1584; x_wconf 86' lang='lat' dir='ltr'><strong>totum.</strong></span> <span class='ocrx_word' id='word_1_120' title='bbox 2145 1528 2231 1585; x_wconf 87' lang='lat' dir='ltr'><strong>Sit</strong></span> 
     </span>
    </p>
   </div>
   <div class='ocr_carea' id='block_1_15' title="bbox 662 1617 2230 1683">
    <p class='ocr_par' dir='ltr' id='par_1_15' title="bbox 662 1617 2230 1683">
     <span class='ocr_line' id='line_1_15' title="bbox 662 1617 2230 1683; baseline 0.001 -12"><span class='ocrx_word' id='word_1_121' title='bbox 662 1626 843 1675; x_wconf 87' lang='lat' dir='ltr'><strong>autem</strong></span> <span class='ocrx_word' id='word_1_122' title='bbox 867 1617 1024 1674; x_wconf 83' lang='lat' dir='ltr'><strong>vobis</strong></span> <span class='ocrx_word' id='word_1_123' title='bbox 1053 1632 1271 1683; x_wconf 84' lang='lat' dir='ltr'><strong>sermo,</strong></span> <span class='ocrx_word' id='word_1_124' title='bbox 1312 1618 1474 1673; x_wconf 88' lang='lat' dir='ltr'><strong>etiam</strong></span> <span class='ocrx_word' id='word_1_125' title='bbox 1502 1618 1667 1673; x_wconf 90' lang='lat' dir='ltr'><strong>etiam</strong></span> <span class='ocrx_word' id='word_1_126' title='bbox 1691 1656 1707 1683; x_wconf 93' lang='lat'><strong>,</strong></span> <span class='ocrx_word' id='word_1_127' title='bbox 1752 1632 1860 1671; x_wconf 86' lang='lat' dir='ltr'><strong>non</strong></span> <span class='ocrx_word' id='word_1_128' title='bbox 1896 1633 2005 1673; x_wconf 87' lang='lat' dir='ltr'><strong>non</strong></span> <span class='ocrx_word' id='word_1_129' title='bbox 2028 1618 2071 1672; x_wconf 82' lang='lat'><strong>&#39;.</strong></span> <span class='ocrx_word' id='word_1_130' title='bbox 2106 1635 2127 1671; x_wconf 71' lang='grc' dir='ltr'><strong>ο</strong></span> <span class='ocrx_word' id='word_1_131' title='bbox 2162 1617 2230 1673; x_wconf 84' lang='lat' dir='ltr'><strong>Et</strong></span> 
     </span>
    </p>
   </div>
   <div class='ocr_carea' id='block_1_16' title="bbox 663 1706 2227 1781">
    <p class='ocr_par' dir='ltr' id='par_1_16' title="bbox 663 1706 2227 1781">
     <span class='ocr_line' id='line_1_16' title="bbox 663 1706 2227 1781; baseline -0.001 -16"><span class='ocrx_word' id='word_1_132' title='bbox 663 1725 1002 1781; x_wconf 69' lang='lat' dir='ltr'><strong>quaecunque</strong></span> <span class='ocrx_word' id='word_1_133' title='bbox 1031 1718 1160 1765; x_wconf 89' lang='lat' dir='ltr'><strong>sunt</strong></span> <span class='ocrx_word' id='word_1_134' title='bbox 1197 1709 1351 1764; x_wconf 88' lang='lat' dir='ltr'><strong>talia.</strong></span> <span class='ocrx_word' id='word_1_135' title='bbox 1380 1706 1574 1765; x_wconf 85' lang='lat' dir='ltr'><strong>Omnia</strong></span> <span class='ocrx_word' id='word_1_136' title='bbox 1600 1710 1747 1773; x_wconf 88' lang='lat' dir='ltr'><strong>enim</strong></span> <span class='ocrx_word' id='word_1_137' title='bbox 1780 1710 1900 1766; x_wconf 71' lang='lat' dir='ltr'><strong>haec</strong></span> <span class='ocrx_word' id='word_1_138' title='bbox 1943 1724 2051 1765; x_wconf 88' lang='lat' dir='ltr'><strong>non</strong></span> <span class='ocrx_word' id='word_1_139' title='bbox 2094 1723 2227 1766; x_wconf 81' lang='lat' dir='ltr'><strong>oon-</strong></span> 
     </span>
    </p>
   </div>
   <div class='ocr_carea' id='block_1_17' title="bbox 666 1800 2229 1872">
    <p class='ocr_par' dir='ltr' id='par_1_17' title="bbox 666 1800 2229 1872">
     <span class='ocr_line' id='line_1_17' title="bbox 666 1800 2229 1872; baseline 0.001 -15"><span class='ocrx_word' id='word_1_140' title='bbox 666 1802 1002 1857; x_wconf 89' lang='lat' dir='ltr'><strong>trarietatem</strong></span> <span class='ocrx_word' id='word_1_141' title='bbox 1047 1809 1102 1855; x_wconf 86' lang='lat' dir='ltr'><strong>et</strong></span> <span class='ocrx_word' id='word_1_142' title='bbox 1149 1800 1557 1857; x_wconf 80' lang='lat' dir='ltr'><strong>dissolutionem</strong></span> <span class='ocrx_word' id='word_1_143' title='bbox 1604 1802 2005 1872; x_wconf 71' lang='lat' dir='ltr'><strong>praeteritorum</strong></span> <span class='ocrx_word' id='word_1_144' title='bbox 2049 1801 2229 1858; x_wconf 85' lang='lat' dir='ltr'><strong>couti-</strong></span> 
     </span>
    </p>
   </div>
   <div class='ocr_carea' id='block_1_18' title="bbox 2342 612 3915 691">
    <p class='ocr_par' dir='ltr' id='par_1_18' title="bbox 2342 612 3915 691">
     <span class='ocr_line' id='line_1_18' title="bbox 2342 612 3915 691; baseline 0.004 -23"><span class='ocrx_word' id='word_1_145' title='bbox 2342 612 2475 672; x_wconf 89' lang='lat' dir='ltr'><strong>l‘oris</strong></span> <span class='ocrx_word' id='word_1_146' title='bbox 2500 624 2659 672; x_wconf 87' lang='lat' dir='ltr'><strong>erant</strong></span> <span class='ocrx_word' id='word_1_147' title='bbox 2687 619 3010 685; x_wconf 77' lang='lat' dir='ltr'><strong>corporalia,</strong></span> <span class='ocrx_word' id='word_1_148' title='bbox 3038 619 3276 674; x_wconf 83' lang='lat' dir='ltr'><strong>animam</strong></span> <span class='ocrx_word' id='word_1_149' title='bbox 3316 619 3617 684; x_wconf 86' lang='lat' dir='ltr'><strong>erudiebat,</strong></span> <span class='ocrx_word' id='word_1_150' title='bbox 3639 618 3787 677; x_wconf 82' lang='lat' dir='ltr'><strong>velut</strong></span> <span class='ocrx_word' id='word_1_151' title='bbox 3812 634 3915 691; x_wconf 81' lang='lat' dir='ltr'><strong>per</strong></span> 
     </span>
    </p>
   </div>
   <div class='ocr_carea' id='block_1_19' title="bbox 2341 705 3907 782">
    <p class='ocr_par' dir='ltr' id='par_1_19' title="bbox 2341 705 3907 782">
     <span class='ocr_line' id='line_1_19' title="bbox 2341 705 3907 782; baseline 0.003 -23"><span class='ocrx_word' id='word_1_152' title='bbox 2341 705 2617 762; x_wconf 81' lang='lat' dir='ltr'><strong>vinculum</strong></span> <span class='ocrx_word' id='word_1_153' title='bbox 2653 711 2935 764; x_wconf 83' lang='lat' dir='ltr'><strong>attraliens</strong></span> <span class='ocrx_word' id='word_1_154' title='bbox 2960 724 3086 771; x_wconf 85' lang='lat' dir='ltr'><strong>eam</strong></span> <span class='ocrx_word' id='word_1_155' title='bbox 3107 709 3175 765; x_wconf 87' lang='lat' dir='ltr'><strong>ad</strong></span> <span class='ocrx_word' id='word_1_156' title='bbox 3203 709 3569 765; x_wconf 83' lang='lat' dir='ltr'><strong>obedientiam</strong></span> <span class='ocrx_word' id='word_1_157' title='bbox 3604 720 3907 782; x_wconf 61' lang='lat' dir='ltr'><strong>praecepto—</strong></span> 
     </span>
    </p>
   </div>
   <div class='ocr_carea' id='block_1_20' title="bbox 2347 800 3905 870">
    <p class='ocr_par' dir='ltr' id='par_1_20' title="bbox 2347 800 3905 870">
     <span class='ocr_line' id='line_1_20' title="bbox 2347 800 3905 870; baseline 0.003 -18"><span class='ocrx_word' id='word_1_158' title='bbox 2347 813 2495 864; x_wconf 85' lang='lat' dir='ltr'><strong>rum,</strong></span> <span class='ocrx_word' id='word_1_159' title='bbox 2520 800 2598 853; x_wconf 90' lang='lat' dir='ltr'><strong>nti</strong></span> <span class='ocrx_word' id='word_1_160' title='bbox 2641 800 2880 856; x_wconf 83' lang='lat' dir='ltr'><strong>disceret</strong></span> <span class='ocrx_word' id='word_1_161' title='bbox 2916 801 3080 856; x_wconf 86' lang='lat' dir='ltr'><strong>homo</strong></span> <span class='ocrx_word' id='word_1_162' title='bbox 3106 802 3315 857; x_wconf 87' lang='lat' dir='ltr'><strong>servire</strong></span> <span class='ocrx_word' id='word_1_163' title='bbox 3342 800 3454 870; x_wconf 85' lang='lat'><strong>(77)</strong></span> <span class='ocrx_word' id='word_1_164' title='bbox 3479 800 3589 857; x_wconf 84' lang='lat' dir='ltr'><strong>Deo</strong></span> <span class='ocrx_word' id='word_1_165' title='bbox 3618 819 3634 856; x_wconf 91' lang='lat'><strong>:</strong></span> <span class='ocrx_word' id='word_1_166' title='bbox 3670 800 3905 857; x_wconf 74' lang='lat' dir='ltr'><strong>Verbum</strong></span> 
     </span>
    </p>
   </div>
   <div class='ocr_carea' id='block_1_21' title="bbox 2342 885 3911 963">
    <p class='ocr_par' dir='ltr' id='par_1_21' title="bbox 2342 885 3911 963">
     <span class='ocr_line' id='line_1_21' title="bbox 2342 885 3911 963; baseline 0.004 -24"><span class='ocrx_word' id='word_1_167' title='bbox 2342 895 2520 941; x_wconf 89' lang='lat' dir='ltr'><strong>autem</strong></span> <span class='ocrx_word' id='word_1_168' title='bbox 2544 885 2781 945; x_wconf 89' lang='lat' dir='ltr'><strong>liberans</strong></span> <span class='ocrx_word' id='word_1_169' title='bbox 2811 890 3072 955; x_wconf 87' lang='lat' dir='ltr'><strong>animam,</strong></span> <span class='ocrx_word' id='word_1_170' title='bbox 3097 902 3155 949; x_wconf 87' lang='lat' dir='ltr'><strong>et</strong></span> <span class='ocrx_word' id='word_1_171' title='bbox 3179 906 3278 963; x_wconf 86' lang='lat' dir='ltr'><strong>per</strong></span> <span class='ocrx_word' id='word_1_172' title='bbox 3305 892 3473 959; x_wconf 85' lang='lat' dir='ltr'><strong>ipsam</strong></span> <span class='ocrx_word' id='word_1_173' title='bbox 3498 905 3693 960; x_wconf 86' lang='lat' dir='ltr'><strong>corpus</strong></span> <span class='ocrx_word' id='word_1_174' title='bbox 3714 890 3911 946; x_wconf 84' lang='lat' dir='ltr'><strong>volun-</strong></span> 
     </span>
    </p>
   </div>
   <div class='ocr_carea' id='block_1_22' title="bbox 2342 975 3903 1047">
    <p class='ocr_par' dir='ltr' id='par_1_22' title="bbox 2342 975 3903 1047">
     <span class='ocr_line' id='line_1_22' title="bbox 2342 975 3903 1047; baseline 0.005 -20"><span class='ocrx_word' id='word_1_175' title='bbox 2342 975 2481 1031; x_wconf 88' lang='lat' dir='ltr'><strong>tarie</strong></span> <span class='ocrx_word' id='word_1_176' title='bbox 2506 975 2795 1032; x_wconf 88' lang='lat' dir='ltr'><strong>emundari</strong></span> <span class='ocrx_word' id='word_1_177' title='bbox 2830 979 3038 1033; x_wconf 85' lang='lat' dir='ltr'><strong>docuit.</strong></span> <span class='ocrx_word' id='word_1_178' title='bbox 3068 980 3187 1046; x_wconf 76' lang='lat' dir='ltr'><strong>Quo</strong></span> <span class='ocrx_word' id='word_1_179' title='bbox 3226 976 3396 1047; x_wconf 78' lang='lat' dir='ltr'><strong>facto,</strong></span> <span class='ocrx_word' id='word_1_180' title='bbox 3423 994 3644 1036; x_wconf 84' lang='lat' dir='ltr'><strong>necesse</strong></span> <span class='ocrx_word' id='word_1_181' title='bbox 3677 978 3782 1036; x_wconf 77' lang='lat' dir='ltr'><strong>fuit</strong></span> <span class='ocrx_word' id='word_1_182' title='bbox 3811 996 3903 1035; x_wconf 55' lang='lat' dir='ltr'><strong>su.</strong></span> 
     </span>
    </p>
   </div>
   <div class='ocr_carea' id='block_1_23' title="bbox 2339 1063 3909 1143">
    <p class='ocr_par' dir='ltr' id='par_1_23' title="bbox 2339 1063 3909 1143">
     <span class='ocr_line' id='line_1_23' title="bbox 2339 1063 3909 1143; baseline 0.006 -24"><span class='ocrx_word' id='word_1_183' title='bbox 2339 1063 2468 1122; x_wconf 80' lang='lat' dir='ltr'><strong>ferri</strong></span> <span class='ocrx_word' id='word_1_184' title='bbox 2498 1067 2720 1137; x_wconf 87' lang='lat' dir='ltr'><strong>quidem</strong></span> <span class='ocrx_word' id='word_1_185' title='bbox 2747 1069 2958 1125; x_wconf 87' lang='lat' dir='ltr'><strong>vincula</strong></span> <span class='ocrx_word' id='word_1_186' title='bbox 3008 1072 3321 1138; x_wconf 79' lang='lat' dir='ltr'><strong>servitutis,</strong></span> <span class='ocrx_word' id='word_1_187' title='bbox 3365 1071 3564 1141; x_wconf 89' lang='lat' dir='ltr'><strong>quibus</strong></span> <span class='ocrx_word' id='word_1_188' title='bbox 3598 1071 3709 1143; x_wconf 84' lang='lat' dir='ltr'><strong>jam</strong></span> <span class='ocrx_word' id='word_1_189' title='bbox 3744 1071 3909 1129; x_wconf 73' lang='lat' dir='ltr'><strong>homo</strong></span> 
     </span>
    </p>
   </div>
   <div class='ocr_carea' id='block_1_24' title="bbox 2340 1167 3907 1241">
    <p class='ocr_par' dir='ltr' id='par_1_24' title="bbox 2340 1167 3907 1241">
     <span class='ocr_line' id='line_1_24' title="bbox 2340 1167 3907 1241; baseline 0.008 -26"><span class='ocrx_word' id='word_1_190' title='bbox 2340 1173 2681 1233; x_wconf 77' lang='lat' dir='ltr'><strong>assueverat,</strong></span> <span class='ocrx_word' id='word_1_191' title='bbox 2705 1175 2759 1222; x_wconf 87' lang='lat' dir='ltr'><strong>et</strong></span> <span class='ocrx_word' id='word_1_192' title='bbox 2786 1171 2905 1222; x_wconf 85' lang='lat' dir='ltr'><strong>sine</strong></span> <span class='ocrx_word' id='word_1_193' title='bbox 2949 1167 3177 1227; x_wconf 86' lang='lat' dir='ltr'><strong>vinculis</strong></span> <span class='ocrx_word' id='word_1_194' title='bbox 3202 1170 3353 1241; x_wconf 84' lang='lat' dir='ltr'><strong>sequi</strong></span> <span class='ocrx_word' id='word_1_195' title='bbox 3389 1168 3592 1235; x_wconf 87' lang='lat' dir='ltr'><strong>Deum;</strong></span> <span class='ocrx_word' id='word_1_196' title='bbox 3644 1185 3907 1241; x_wconf 76' lang='lat' dir='ltr'><strong>superes-</strong></span> 
     </span>
    </p>
   </div>
   <div class='ocr_carea' id='block_1_25' title="bbox 2339 1257 3908 1334">
    <p class='ocr_par' dir='ltr' id='par_1_25' title="bbox 2339 1257 3908 1334">
     <span class='ocr_line' id='line_1_25' title="bbox 2339 1257 3908 1334; baseline 0.004 -22"><span class='ocrx_word' id='word_1_197' title='bbox 2339 1257 2485 1313; x_wconf 75' lang='lat' dir='ltr'><strong>teadi</strong></span> <span class='ocrx_word' id='word_1_198' title='bbox 2519 1271 2650 1315; x_wconf 87' lang='lat' dir='ltr'><strong>vero</strong></span> <span class='ocrx_word' id='word_1_199' title='bbox 2678 1258 2898 1315; x_wconf 87' lang='lat' dir='ltr'><strong>decreta</strong></span> <span class='ocrx_word' id='word_1_200' title='bbox 2929 1259 3200 1317; x_wconf 88' lang='lat' dir='ltr'><strong>libertatis</strong></span> <span class='ocrx_word' id='word_1_201' title='bbox 3223 1301 3239 1330; x_wconf 90' lang='lat'><strong>,</strong></span> <span class='ocrx_word' id='word_1_202' title='bbox 3284 1272 3339 1318; x_wconf 89' lang='lat' dir='ltr'><strong>et</strong></span> <span class='ocrx_word' id='word_1_203' title='bbox 3383 1261 3571 1333; x_wconf 88' lang='lat' dir='ltr'><strong>augeri</strong></span> <span class='ocrx_word' id='word_1_204' title='bbox 3606 1260 3908 1334; x_wconf 73' lang='lat' dir='ltr'><strong>subiectio-</strong></span> 
     </span>
    </p>
   </div>
   <div class='ocr_carea' id='block_1_26' title="bbox 2338 1348 3907 1421">
    <p class='ocr_par' dir='ltr' id='par_1_26' title="bbox 2338 1348 3907 1421">
     <span class='ocr_line' id='line_1_26' title="bbox 2338 1348 3907 1421; baseline 0.004 -20"><span class='ocrx_word' id='word_1_205' title='bbox 2338 1360 2464 1403; x_wconf 92' lang='lat' dir='ltr'><strong>nem</strong></span> <span class='ocrx_word' id='word_1_206' title='bbox 2503 1362 2624 1417; x_wconf 81' lang='lat' dir='ltr'><strong>qua:</strong></span> <span class='ocrx_word' id='word_1_207' title='bbox 2656 1358 2743 1405; x_wconf 91' lang='lat' dir='ltr'><strong>est</strong></span> <span class='ocrx_word' id='word_1_208' title='bbox 2774 1348 2842 1405; x_wconf 90' lang='lat' dir='ltr'><strong>ad</strong></span> <span class='ocrx_word' id='word_1_209' title='bbox 2875 1365 3081 1421; x_wconf 88' lang='lat' dir='ltr'><strong>regem,</strong></span> <span class='ocrx_word' id='word_1_210' title='bbox 3128 1360 3188 1406; x_wconf 88' lang='lat' dir='ltr'><strong>ut</strong></span> <span class='ocrx_word' id='word_1_211' title='bbox 3228 1366 3332 1406; x_wconf 93' lang='lat' dir='ltr'><strong>non</strong></span> <span class='ocrx_word' id='word_1_212' title='bbox 3365 1362 3639 1407; x_wconf 83' lang='lat' dir='ltr'><strong>retrorsus</strong></span> <span class='ocrx_word' id='word_1_213' title='bbox 3664 1352 3787 1421; x_wconf 87' lang='lat' dir='ltr'><strong>quis</strong></span> <span class='ocrx_word' id='word_1_214' title='bbox 3818 1364 3907 1408; x_wconf 82' lang='lat' dir='ltr'><strong>re-</strong></span> 
     </span>
    </p>
   </div>
   <div class='ocr_carea' id='block_1_27' title="bbox 2307 1436 3907 1510">
    <p class='ocr_par' dir='ltr' id='par_1_27' title="bbox 2307 1436 3907 1510">
     <span class='ocr_line' id='line_1_27' title="bbox 2307 1436 3907 1510; baseline 0.003 -21"><span class='ocrx_word' id='word_1_215' title='bbox 2307 1436 2555 1494; x_wconf 67' lang='lat' dir='ltr'><strong>~vertens</strong></span> <span class='ocrx_word' id='word_1_216' title='bbox 2589 1437 2722 1510; x_wconf 85' lang='grc'><strong>(78),</strong></span> <span class='ocrx_word' id='word_1_217' title='bbox 2750 1438 3005 1510; x_wconf 86' lang='lat' dir='ltr'><strong>indiguus</strong></span> <span class='ocrx_word' id='word_1_218' title='bbox 3032 1448 3292 1510; x_wconf 88' lang='lat' dir='ltr'><strong>appareat</strong></span> <span class='ocrx_word' id='word_1_219' title='bbox 3322 1440 3370 1495; x_wconf 86' lang='lat' dir='ltr'><strong>ei</strong></span> <span class='ocrx_word' id='word_1_220' title='bbox 3402 1439 3493 1510; x_wconf 89' lang='lat' dir='ltr'><strong>qui</strong></span> <span class='ocrx_word' id='word_1_221' title='bbox 3519 1454 3579 1495; x_wconf 89' lang='lat' dir='ltr'><strong>se</strong></span> <span class='ocrx_word' id='word_1_222' title='bbox 3606 1438 3907 1506; x_wconf 83' lang='lat' dir='ltr'><strong>liberavit;</strong></span> 
     </span>
    </p>
   </div>
   <div class='ocr_carea' id='block_1_28' title="bbox 2337 1529 3905 1601">
    <p class='ocr_par' dir='ltr' id='par_1_28' title="bbox 2337 1529 3905 1601">
     <span class='ocr_line' id='line_1_28' title="bbox 2337 1529 3905 1601; baseline 0.003 -18"><span class='ocrx_word' id='word_1_223' title='bbox 2337 1542 2462 1583; x_wconf 85' lang='lat' dir='ltr'><strong>eam</strong></span> <span class='ocrx_word' id='word_1_224' title='bbox 2496 1542 2626 1583; x_wconf 82' lang='lat' dir='ltr'><strong>vero</strong></span> <span class='ocrx_word' id='word_1_225' title='bbox 2672 1529 2931 1599; x_wconf 87' lang='lat' dir='ltr'><strong>pietatem</strong></span> <span class='ocrx_word' id='word_1_226' title='bbox 2982 1539 3039 1585; x_wconf 92' lang='lat' dir='ltr'><strong>et</strong></span> <span class='ocrx_word' id='word_1_227' title='bbox 3082 1530 3483 1598; x_wconf 81' lang='lat' dir='ltr'><strong>obedientiam,</strong></span> <span class='ocrx_word' id='word_1_228' title='bbox 3514 1545 3635 1601; x_wconf 65' lang='lat' dir='ltr'><strong>quae</strong></span> <span class='ocrx_word' id='word_1_229' title='bbox 3661 1540 3747 1587; x_wconf 88' lang='lat' dir='ltr'><strong>est</strong></span> <span class='ocrx_word' id='word_1_230' title='bbox 3775 1543 3905 1601; x_wconf 83' lang='lat' dir='ltr'><strong>erga</strong></span> 
     </span>
    </p>
   </div>
   <div class='ocr_carea' id='block_1_29' title="bbox 2336 1616 3913 1691">
    <p class='ocr_par' dir='ltr' id='par_1_29' title="bbox 2336 1616 3913 1691">
     <span class='ocr_line' id='line_1_29' title="bbox 2336 1616 3913 1691; baseline 0.003 -17"><span class='ocrx_word' id='word_1_231' title='bbox 2336 1616 2805 1689; x_wconf 80' lang='lat' dir='ltr'><strong>patremfamilias,</strong></span> <span class='ocrx_word' id='word_1_232' title='bbox 2845 1634 2968 1675; x_wconf 77' lang='lat' dir='ltr'><strong>esse</strong></span> <span class='ocrx_word' id='word_1_233' title='bbox 2995 1620 3212 1691; x_wconf 90' lang='lat' dir='ltr'><strong>quidem</strong></span> <span class='ocrx_word' id='word_1_234' title='bbox 3248 1620 3494 1677; x_wconf 86' lang='lat' dir='ltr'><strong>eamdem</strong></span> <span class='ocrx_word' id='word_1_235' title='bbox 3533 1632 3588 1677; x_wconf 90' lang='lat' dir='ltr'><strong>et</strong></span> <span class='ocrx_word' id='word_1_236' title='bbox 3618 1623 3823 1688; x_wconf 83' lang='lat' dir='ltr'><strong>servis,</strong></span> <span class='ocrx_word' id='word_1_237' title='bbox 3852 1630 3913 1679; x_wconf 86' lang='lat' dir='ltr'><strong>et</strong></span> 
     </span>
    </p>
   </div>
   <div class='ocr_carea' id='block_1_30' title="bbox 2337 1709 3906 1782">
    <p class='ocr_par' dir='ltr' id='par_1_30' title="bbox 2337 1709 3906 1782">
     <span class='ocr_line' id='line_1_30' title="bbox 2337 1709 3906 1782; baseline 0.001 -15"><span class='ocrx_word' id='word_1_238' title='bbox 2337 1711 2570 1776; x_wconf 84' lang='lat' dir='ltr'><strong>liberis;</strong></span> <span class='ocrx_word' id='word_1_239' title='bbox 2607 1709 2872 1782; x_wconf 79' lang='lat' dir='ltr'><strong>majorem</strong></span> <span class='ocrx_word' id='word_1_240' title='bbox 2907 1721 3095 1766; x_wconf 84' lang='lat' dir='ltr'><strong>autem</strong></span> <span class='ocrx_word' id='word_1_241' title='bbox 3126 1710 3378 1766; x_wconf 75' lang='lat' dir='ltr'><strong>fiduciam</strong></span> <span class='ocrx_word' id='word_1_242' title='bbox 3419 1712 3621 1768; x_wconf 84' lang='lat' dir='ltr'><strong>habere</strong></span> <span class='ocrx_word' id='word_1_243' title='bbox 3664 1711 3906 1782; x_wconf 84' lang='lat' dir='ltr'><strong>liberos,</strong></span> 
     </span>
    </p>
   </div>
   <div class='ocr_carea' id='block_1_31' title="bbox 2336 1800 3906 1873">
    <p class='ocr_par' dir='ltr' id='par_1_31' title="bbox 2336 1800 3906 1873">
     <span class='ocr_line' id='line_1_31' title="bbox 2336 1800 3906 1873; baseline 0.004 -19"><span class='ocrx_word' id='word_1_244' title='bbox 2336 1802 2595 1871; x_wconf 89' lang='lat' dir='ltr'><strong>quoniam</strong></span> <span class='ocrx_word' id='word_1_245' title='bbox 2618 1801 2691 1857; x_wconf 85' lang='lat' dir='ltr'><strong>sit</strong></span> <span class='ocrx_word' id='word_1_246' title='bbox 2719 1800 2896 1872; x_wconf 82' lang='lat' dir='ltr'><strong>major</strong></span> <span class='ocrx_word' id='word_1_247' title='bbox 2921 1812 2976 1859; x_wconf 90' lang='lat' dir='ltr'><strong>et</strong></span> <span class='ocrx_word' id='word_1_248' title='bbox 3002 1801 3294 1872; x_wconf 75' lang='lat' dir='ltr'><strong>gloriosior</strong></span> <span class='ocrx_word' id='word_1_249' title='bbox 3323 1803 3570 1873; x_wconf 89' lang='lat' dir='ltr'><strong>operatio</strong></span> <span class='ocrx_word' id='word_1_250' title='bbox 3600 1801 3906 1871; x_wconf 85' lang='lat' dir='ltr'><strong>libertatis,</strong></span> 
     </span>
    </p>
   </div>
   <div class='ocr_carea' id='block_1_32' title="bbox 659 1883 3768 1968">
    <p class='ocr_par' dir='ltr' id='par_1_32' title="bbox 659 1883 3768 1968">
     <span class='ocr_line' id='line_1_32' title="bbox 659 1883 3768 1968; baseline -0.001 -16"><span class='ocrx_word' id='word_1_251' title='bbox 659 1903 812 1961; x_wconf 84' lang='lat' dir='ltr'><strong>nent,</strong></span> <span class='ocrx_word' id='word_1_252' title='bbox 839 1895 978 1952; x_wconf 90' lang='lat' dir='ltr'><strong>sicut</strong></span> <span class='ocrx_word' id='word_1_253' title='bbox 1012 1897 1105 1968; x_wconf 89' lang='lat' dir='ltr'><strong>qui</strong></span> <span class='ocrx_word' id='word_1_254' title='bbox 1136 1911 1166 1951; x_wconf 92' lang='lat' dir='ltr'><strong>a</strong></span> <span class='ocrx_word' id='word_1_255' title='bbox 1204 1895 1477 1953; x_wconf 71' lang='lat' dir='ltr'><strong>Marcioue</strong></span> <span class='ocrx_word' id='word_1_256' title='bbox 1506 1905 1637 1953; x_wconf 89' lang='lat' dir='ltr'><strong>sunt</strong></span> <span class='ocrx_word' id='word_1_257' title='bbox 1670 1896 2075 1965; x_wconf 85' lang='lat' dir='ltr'><strong>vociferantur;</strong></span> <span class='ocrx_word' id='word_1_258' title='bbox 2136 1899 2231 1952; x_wconf 89' lang='lat' dir='ltr'><strong>sed</strong></span> <span class='ocrx_word' id='word_1_259' title='bbox 2263 1883 2306 1944; x_wconf 81' lang='grc' dir='ltr'><strong>Β</strong></span> <span class='ocrx_word' id='word_1_260' title='bbox 2334 1906 2494 1961; x_wconf 89' lang='lat' dir='ltr'><strong>quam</strong></span> <span class='ocrx_word' id='word_1_261' title='bbox 2528 1907 2590 1949; x_wconf 88' lang='lat' dir='ltr'><strong>ea</strong></span> <span class='ocrx_word' id='word_1_262' title='bbox 2614 1908 2734 1963; x_wconf 68' lang='lat' dir='ltr'><strong>quae</strong></span> <span class='ocrx_word' id='word_1_263' title='bbox 2754 1904 2839 1949; x_wconf 86' lang='lat' dir='ltr'><strong>est</strong></span> <span class='ocrx_word' id='word_1_264' title='bbox 2869 1894 2922 1949; x_wconf 91' lang='lat' dir='ltr'><strong>in</strong></span> <span class='ocrx_word' id='word_1_265' title='bbox 2948 1893 3213 1950; x_wconf 83' lang='lat' dir='ltr'><strong>servitute</strong></span> <span class='ocrx_word' id='word_1_266' title='bbox 3246 1891 3358 1964; x_wconf 86' lang='lat'><strong>(79)</strong></span> <span class='ocrx_word' id='word_1_267' title='bbox 3387 1894 3768 1966; x_wconf 83' lang='lat' dir='ltr'><strong>obsequentia.</strong></span> 
     </span>
    </p>
   </div>
   <div class='ocr_carea' id='block_1_33' title="bbox 656 1986 2217 2061">
    <p class='ocr_par' dir='ltr' id='par_1_33' title="bbox 656 1986 2217 2061">
     <span class='ocr_line' id='line_1_33' title="bbox 656 1986 2217 2061; baseline 0 -19"><span class='ocrx_word' id='word_1_268' title='bbox 656 1987 1047 2060; x_wconf 78' lang='lat' dir='ltr'><strong>plenitudinem</strong></span> <span class='ocrx_word' id='word_1_269' title='bbox 1075 1998 1130 2045; x_wconf 90' lang='lat' dir='ltr'><strong>et</strong></span> <span class='ocrx_word' id='word_1_270' title='bbox 1154 1988 1529 2046; x_wconf 80' lang='lat' dir='ltr'><strong>extensionem</strong></span> <span class='ocrx_word' id='word_1_271' title='bbox 1553 2028 1571 2053; x_wconf 93' lang='lat'><strong>,</strong></span> <span class='ocrx_word' id='word_1_272' title='bbox 1598 1988 1743 2045; x_wconf 88' lang='lat' dir='ltr'><strong>sicut</strong></span> <span class='ocrx_word' id='word_1_273' title='bbox 1778 1988 1893 2061; x_wconf 90' lang='lat' dir='ltr'><strong>ipse</strong></span> <span class='ocrx_word' id='word_1_274' title='bbox 1912 1990 1989 2043; x_wconf 87' lang='lat' dir='ltr'><strong>ait</strong></span> <span class='ocrx_word' id='word_1_275' title='bbox 2024 2005 2040 2043; x_wconf 89' lang='lat'><strong>:</strong></span> <span class='ocrx_word' id='word_1_276' title='bbox 2076 1986 2217 2043; x_wconf 66' lang='lat' dir='ltr'><strong>(Nisi</strong></span> 
     </span>
    </p>
   </div>
   <div class='ocr_carea' id='block_1_34' title="bbox 660 2079 2218 2152">
    <p class='ocr_par' dir='ltr' id='par_1_34' title="bbox 660 2079 2218 2152">
     <span class='ocr_line' id='line_1_34' title="bbox 660 2079 2218 2152; baseline -0.001 -17"><span class='ocrx_word' id='word_1_277' title='bbox 660 2080 1019 2135; x_wconf 83' lang='lat' dir='ltr'><strong>abundaverit</strong></span> <span class='ocrx_word' id='word_1_278' title='bbox 1047 2079 1261 2150; x_wconf 87' lang='lat' dir='ltr'><strong>justitia</strong></span> <span class='ocrx_word' id='word_1_279' title='bbox 1295 2089 1479 2136; x_wconf 89' lang='lat' dir='ltr'><strong>vestra</strong></span> <span class='ocrx_word' id='word_1_280' title='bbox 1523 2079 1647 2152; x_wconf 90' lang='lat' dir='ltr'><strong>plus</strong></span> <span class='ocrx_word' id='word_1_281' title='bbox 1698 2095 1861 2150; x_wconf 88' lang='lat' dir='ltr'><strong>quam</strong></span> <span class='ocrx_word' id='word_1_282' title='bbox 1905 2079 2218 2136; x_wconf 88' lang='lat' dir='ltr'><strong>Scribarum</strong></span> 
     </span>
    </p>
   </div>
   <div class='ocr_carea' id='block_1_35' title="bbox 653 2168 2216 2246">
    <p class='ocr_par' dir='ltr' id='par_1_35' title="bbox 653 2168 2216 2246">
     <span class='ocr_line' id='line_1_35' title="bbox 653 2168 2216 2246; baseline 0 -17"><span class='ocrx_word' id='word_1_283' title='bbox 653 2182 711 2229; x_wconf 88' lang='lat' dir='ltr'><strong>et</strong></span> <span class='ocrx_word' id='word_1_284' title='bbox 732 2168 1164 2245; x_wconf 67' lang='lat' dir='ltr'><strong>Pharisaeorum,</strong></span> <span class='ocrx_word' id='word_1_285' title='bbox 1210 2189 1317 2230; x_wconf 86' lang='lat' dir='ltr'><strong>non</strong></span> <span class='ocrx_word' id='word_1_286' title='bbox 1360 2174 1644 2230; x_wconf 87' lang='lat' dir='ltr'><strong>intrabitis‘</strong></span> <span class='ocrx_word' id='word_1_287' title='bbox 1679 2174 1735 2229; x_wconf 89' lang='lat' dir='ltr'><strong>in</strong></span> <span class='ocrx_word' id='word_1_288' title='bbox 1774 2187 1999 2246; x_wconf 84' lang='lat' dir='ltr'><strong>regnum</strong></span> <span class='ocrx_word' id='word_1_289' title='bbox 2045 2172 2216 2229; x_wconf 68' lang='lat' dir='ltr'><strong>caelo-</strong></span> 
     </span>
    </p>
   </div>
   <div class='ocr_carea' id='block_1_36' title="bbox 655 2261 2216 2334">
    <p class='ocr_par' dir='ltr' id='par_1_36' title="bbox 655 2261 2216 2334">
     <span class='ocr_line' id='line_1_36' title="bbox 655 2261 2216 2334; baseline 0.001 -17"><span class='ocrx_word' id='word_1_290' title='bbox 655 2276 777 2317; x_wconf 89' lang='lat' dir='ltr'><strong>rum</strong></span> <span class='ocrx_word' id='word_1_291' title='bbox 812 2262 857 2317; x_wconf 85' lang='grc'><strong>⁸.</strong></span> <span class='ocrx_word' id='word_1_292' title='bbox 895 2280 913 2314; x_wconf 74' lang='grc' dir='ltr'><strong>ι</strong></span> <span class='ocrx_word' id='word_1_293' title='bbox 941 2261 1080 2329; x_wconf 81' lang='lat' dir='ltr'><strong>Quid</strong></span> <span class='ocrx_word' id='word_1_294' title='bbox 1111 2274 1290 2319; x_wconf 88' lang='lat' dir='ltr'><strong>autem</strong></span> <span class='ocrx_word' id='word_1_295' title='bbox 1323 2272 1440 2319; x_wconf 83' lang='lat' dir='ltr'><strong>erat</strong></span> <span class='ocrx_word' id='word_1_296' title='bbox 1464 2263 1622 2334; x_wconf 72' lang='lat' dir='ltr'><strong>plus?</strong></span> <span class='ocrx_word' id='word_1_297' title='bbox 1644 2262 1827 2321; x_wconf 89' lang='lat' dir='ltr'><strong>Primo</strong></span> <span class='ocrx_word' id='word_1_298' title='bbox 1853 2265 2071 2334; x_wconf 89' lang='lat' dir='ltr'><strong>quidem</strong></span> <span class='ocrx_word' id='word_1_299' title='bbox 2111 2278 2216 2320; x_wconf 91' lang='lat' dir='ltr'><strong>non</strong></span> 
     </span>
    </p>
   </div>
   <div class='ocr_carea' id='block_1_37' title="bbox 656 2351 2216 2425">
    <p class='ocr_par' dir='ltr' id='par_1_37' title="bbox 656 2351 2216 2425">
     <span class='ocr_line' id='line_1_37' title="bbox 656 2351 2216 2425; baseline 0 -16"><span class='ocrx_word' id='word_1_300' title='bbox 656 2363 868 2411; x_wconf 90' lang='lat' dir='ltr'><strong>tantum</strong></span> <span class='ocrx_word' id='word_1_301' title='bbox 903 2354 956 2409; x_wconf 92' lang='lat' dir='ltr'><strong>in</strong></span> <span class='ocrx_word' id='word_1_302' title='bbox 986 2352 1230 2421; x_wconf 86' lang='lat' dir='ltr'><strong>Patrem,</strong></span> <span class='ocrx_word' id='word_1_303' title='bbox 1259 2356 1353 2411; x_wconf 88' lang='lat' dir='ltr'><strong>sed</strong></span> <span class='ocrx_word' id='word_1_304' title='bbox 1376 2364 1430 2411; x_wconf 90' lang='lat' dir='ltr'><strong>et</strong></span> <span class='ocrx_word' id='word_1_305' title='bbox 1454 2356 1508 2410; x_wconf 92' lang='lat' dir='ltr'><strong>in</strong></span> <span class='ocrx_word' id='word_1_306' title='bbox 1537 2351 1733 2411; x_wconf 84' lang='lat' dir='ltr'><strong>Filium</strong></span> <span class='ocrx_word' id='word_1_307' title='bbox 1758 2354 1877 2425; x_wconf 85' lang='lat' dir='ltr'><strong>ejus</strong></span> <span class='ocrx_word' id='word_1_308' title='bbox 1902 2355 2014 2425; x_wconf 86' lang='lat' dir='ltr'><strong>jam</strong></span> <span class='ocrx_word' id='word_1_309' title='bbox 2041 2357 2216 2411; x_wconf 88' lang='lat' dir='ltr'><strong>mani-</strong></span> 
     </span>
    </p>
   </div>
   <div class='ocr_carea' id='block_1_38' title="bbox 652 2447 2217 2520">
    <p class='ocr_par' dir='ltr' id='par_1_38' title="bbox 652 2447 2217 2520">
     <span class='ocr_line' id='line_1_38' title="bbox 652 2447 2217 2520; baseline 0.001 -17"><span class='ocrx_word' id='word_1_310' title='bbox 652 2447 911 2503; x_wconf 71' lang='lat' dir='ltr'><strong>testatum</strong></span> <span class='ocrx_word' id='word_1_311' title='bbox 946 2449 1201 2514; x_wconf 78' lang='lat' dir='ltr'><strong>credere;</strong></span> <span class='ocrx_word' id='word_1_312' title='bbox 1230 2448 1322 2503; x_wconf 86' lang='lat' dir='ltr'><strong>hic</strong></span> <span class='ocrx_word' id='word_1_313' title='bbox 1346 2456 1430 2504; x_wconf 90' lang='lat' dir='ltr'><strong>est</strong></span> <span class='ocrx_word' id='word_1_314' title='bbox 1452 2448 1631 2515; x_wconf 89' lang='lat' dir='ltr'><strong>enim,</strong></span> <span class='ocrx_word' id='word_1_315' title='bbox 1672 2448 1764 2520; x_wconf 86' lang='lat' dir='ltr'><strong>qui</strong></span> <span class='ocrx_word' id='word_1_316' title='bbox 1793 2448 1848 2504; x_wconf 92' lang='lat' dir='ltr'><strong>in</strong></span> <span class='ocrx_word' id='word_1_317' title='bbox 1869 2450 2217 2505; x_wconf 89' lang='lat' dir='ltr'><strong>communio-</strong></span> 
     </span>
    </p>
   </div>
   <div class='ocr_carea' id='block_1_39' title="bbox 650 2535 2220 2611">
    <p class='ocr_par' dir='ltr' id='par_1_39' title="bbox 650 2535 2220 2611">
     <span class='ocr_line' id='line_1_39' title="bbox 650 2535 2220 2611; baseline -0.001 -16"><span class='ocrx_word' id='word_1_318' title='bbox 650 2553 778 2595; x_wconf 87' lang='lat' dir='ltr'><strong>nem</strong></span> <span class='ocrx_word' id='word_1_319' title='bbox 815 2548 871 2593; x_wconf 91' lang='lat' dir='ltr'><strong>et</strong></span> <span class='ocrx_word' id='word_1_320' title='bbox 910 2536 1172 2593; x_wconf 88' lang='lat' dir='ltr'><strong>unitatem</strong></span> <span class='ocrx_word' id='word_1_321' title='bbox 1215 2535 1311 2592; x_wconf 90' lang='lat' dir='ltr'><strong>Dei</strong></span> <span class='ocrx_word' id='word_1_322' title='bbox 1344 2537 1621 2593; x_wconf 85' lang='lat' dir='ltr'><strong>hominem</strong></span> <span class='ocrx_word' id='word_1_323' title='bbox 1671 2538 1884 2595; x_wconf 88' lang='lat' dir='ltr'><strong>inducit</strong></span> <span class='ocrx_word' id='word_1_324' title='bbox 1912 2539 2049 2611; x_wconf 83' lang='lat'><strong>(76).</strong></span> <span class='ocrx_word' id='word_1_325' title='bbox 2087 2537 2220 2596; x_wconf 87' lang='lat' dir='ltr'><strong>Post</strong></span> 
     </span>
    </p>
   </div>
   <div class='ocr_carea' id='block_1_40' title="bbox 651 2628 2217 2696">
    <p class='ocr_par' dir='ltr' id='par_1_40' title="bbox 651 2628 2217 2696">
     <span class='ocr_line' id='line_1_40' title="bbox 651 2628 2217 2696; baseline 0.001 -11"><span class='ocrx_word' id='word_1_326' title='bbox 651 2630 849 2686; x_wconf 88' lang='lat' dir='ltr'><strong>deinde</strong></span> <span class='ocrx_word' id='word_1_327' title='bbox 881 2644 989 2686; x_wconf 91' lang='lat' dir='ltr'><strong>non</strong></span> <span class='ocrx_word' id='word_1_328' title='bbox 1030 2628 1208 2685; x_wconf 90' lang='lat' dir='ltr'><strong>solum</strong></span> <span class='ocrx_word' id='word_1_329' title='bbox 1236 2629 1455 2696; x_wconf 87' lang='lat' dir='ltr'><strong>dicere,</strong></span> <span class='ocrx_word' id='word_1_330' title='bbox 1485 2628 1582 2685; x_wconf 86' lang='lat' dir='ltr'><strong>sed</strong></span> <span class='ocrx_word' id='word_1_331' title='bbox 1622 2638 1679 2685; x_wconf 85' lang='lat' dir='ltr'><strong>et</strong></span> <span class='ocrx_word' id='word_1_332' title='bbox 1710 2628 1928 2696; x_wconf 79' lang='lat' dir='ltr'><strong>facere;</strong></span> <span class='ocrx_word' id='word_1_333' title='bbox 1962 2629 2037 2685; x_wconf 89' lang='lat' dir='ltr'><strong>illi</strong></span> <span class='ocrx_word' id='word_1_334' title='bbox 2069 2629 2217 2686; x_wconf 86' lang='lat' dir='ltr'><strong>enim</strong></span> 
     </span>
    </p>
   </div>
   <div class='ocr_carea' id='block_1_41' title="bbox 650 2719 2215 2786">
    <p class='ocr_par' dir='ltr' id='par_1_41' title="bbox 650 2719 2215 2786">
     <span class='ocr_line' id='line_1_41' title="bbox 650 2719 2215 2786; baseline -0.003 -7"><span class='ocrx_word' id='word_1_335' title='bbox 650 2722 927 2784; x_wconf 87' lang='lat' dir='ltr'><strong>dicebant,</strong></span> <span class='ocrx_word' id='word_1_336' title='bbox 961 2722 1056 2776; x_wconf 87' lang='lat' dir='ltr'><strong>sed</strong></span> <span class='ocrx_word' id='word_1_337' title='bbox 1084 2734 1191 2775; x_wconf 90' lang='lat' dir='ltr'><strong>non</strong></span> <span class='ocrx_word' id='word_1_338' title='bbox 1235 2719 1545 2786; x_wconf 79' lang='lat' dir='ltr'><strong>faciebant;</strong></span> <span class='ocrx_word' id='word_1_339' title='bbox 1579 2728 1767 2775; x_wconf 91' lang='lat' dir='ltr'><strong>etnon</strong></span> <span class='ocrx_word' id='word_1_340' title='bbox 1796 2729 2001 2776; x_wconf 88' lang='lat' dir='ltr'><strong>tantum</strong></span> <span class='ocrx_word' id='word_1_341' title='bbox 2043 2722 2215 2778; x_wconf 83' lang='lat' dir='ltr'><strong>absti-</strong></span> 
     </span>
    </p>
   </div>
   <div class='ocr_carea' id='block_1_42' title="bbox 648 2808 2217 2881">
    <p class='ocr_par' dir='ltr' id='par_1_42' title="bbox 648 2808 2217 2881">
     <span class='ocr_line' id='line_1_42' title="bbox 648 2808 2217 2881; baseline -0.002 -11"><span class='ocrx_word' id='word_1_342' title='bbox 648 2826 782 2870; x_wconf 90' lang='lat' dir='ltr'><strong>nere</strong></span> <span class='ocrx_word' id='word_1_343' title='bbox 806 2826 835 2865; x_wconf 87' lang='lat' dir='ltr'><strong>a</strong></span> <span class='ocrx_word' id='word_1_344' title='bbox 860 2810 1018 2869; x_wconf 86' lang='lat' dir='ltr'><strong>malis</strong></span> <span class='ocrx_word' id='word_1_345' title='bbox 1044 2808 1320 2880; x_wconf 84' lang='lat' dir='ltr'><strong>aperibus,</strong></span> <span class='ocrx_word' id='word_1_346' title='bbox 1352 2808 1448 2865; x_wconf 88' lang='lat' dir='ltr'><strong>sed</strong></span> <span class='ocrx_word' id='word_1_347' title='bbox 1482 2810 1650 2864; x_wconf 90' lang='lat' dir='ltr'><strong>etiam</strong></span> <span class='ocrx_word' id='word_1_348' title='bbox 1692 2824 1722 2864; x_wconf 89' lang='lat' dir='ltr'><strong>a</strong></span> <span class='ocrx_word' id='word_1_349' title='bbox 1754 2811 2217 2881; x_wconf 87' lang='lat' dir='ltr'><strong>concupiscentiis</strong></span> 
     </span>
    </p>
   </div>
   <div class='ocr_carea' id='block_1_43' title="bbox 646 2900 2217 2972">
    <p class='ocr_par' dir='ltr' id='par_1_43' title="bbox 646 2900 2217 2972">
     <span class='ocr_line' id='line_1_43' title="bbox 646 2900 2217 2972; baseline -0.001 -11"><span class='ocrx_word' id='word_1_350' title='bbox 646 2918 856 2961; x_wconf 86' lang='lat' dir='ltr'><strong>eorum.</strong></span> <span class='ocrx_word' id='word_1_351' title='bbox 891 2900 1017 2959; x_wconf 67' lang='lat' dir='ltr'><strong>llaec</strong></span> <span class='ocrx_word' id='word_1_352' title='bbox 1048 2912 1230 2956; x_wconf 87' lang='lat' dir='ltr'><strong>autem</strong></span> <span class='ocrx_word' id='word_1_353' title='bbox 1270 2914 1375 2956; x_wconf 93' lang='lat' dir='ltr'><strong>non</strong></span> <span class='ocrx_word' id='word_1_354' title='bbox 1415 2900 1570 2972; x_wconf 86' lang='lat' dir='ltr'><strong>quasi</strong></span> <span class='ocrx_word' id='word_1_355' title='bbox 1602 2903 1876 2956; x_wconf 85' lang='lat' dir='ltr'><strong>contraria</strong></span> <span class='ocrx_word' id='word_1_356' title='bbox 1912 2902 2013 2971; x_wconf 86' lang='lat' dir='ltr'><strong>icgi</strong></span> <span class='ocrx_word' id='word_1_357' title='bbox 2059 2904 2217 2959; x_wconf 83' lang='lat' dir='ltr'><strong>doce-</strong></span> 
     </span>
    </p>
   </div>
   <div class='ocr_carea' id='block_1_44' title="bbox 645 2993 2219 3067">
    <p class='ocr_par' dir='ltr' id='par_1_44' title="bbox 645 2993 2219 3067">
     <span class='ocr_line' id='line_1_44' title="bbox 645 2993 2219 3067; baseline -0.001 -12"><span class='ocrx_word' id='word_1_358' title='bbox 645 2998 771 3067; x_wconf 79' lang='lat' dir='ltr'><strong>bat;</strong></span> <span class='ocrx_word' id='word_1_359' title='bbox 804 3000 899 3053; x_wconf 80' lang='lat' dir='ltr'><strong>sed</strong></span> <span class='ocrx_word' id='word_1_360' title='bbox 932 2993 1238 3065; x_wconf 87' lang='lat' dir='ltr'><strong>adimplcns</strong></span> <span class='ocrx_word' id='word_1_361' title='bbox 1267 2994 1441 3065; x_wconf 75' lang='lat' dir='ltr'><strong>legem</strong></span> <span class='ocrx_word' id='word_1_362' title='bbox 1466 3034 1481 3060; x_wconf 93' lang='lat'><strong>,</strong></span> <span class='ocrx_word' id='word_1_363' title='bbox 1518 3004 1573 3049; x_wconf 89' lang='lat' dir='ltr'><strong>et</strong></span> <span class='ocrx_word' id='word_1_364' title='bbox 1607 2994 1839 3065; x_wconf 82' lang='lat' dir='ltr'><strong>inﬁgens</strong></span> <span class='ocrx_word' id='word_1_365' title='bbox 1870 2994 2219 3066; x_wconf 76' lang='lat' dir='ltr'><strong>iustiﬁcatio-</strong></span> 
     </span>
    </p>
   </div>
   <div class='ocr_carea' id='block_1_45' title="bbox 649 3084 2216 3157">
    <p class='ocr_par' dir='ltr' id='par_1_45' title="bbox 649 3084 2216 3157">
     <span class='ocr_line' id='line_1_45' title="bbox 649 3084 2216 3157; baseline 0 -15"><span class='ocrx_word' id='word_1_366' title='bbox 649 3101 746 3143; x_wconf 79' lang='lat' dir='ltr'><strong>nes</strong></span> <span class='ocrx_word' id='word_1_367' title='bbox 775 3088 910 3157; x_wconf 86' lang='lat' dir='ltr'><strong>legis</strong></span> <span class='ocrx_word' id='word_1_368' title='bbox 943 3087 996 3142; x_wconf 93' lang='lat' dir='ltr'><strong>in</strong></span> <span class='ocrx_word' id='word_1_369' title='bbox 1036 3086 1216 3142; x_wconf 85' lang='lat' dir='ltr'><strong>nobis.</strong></span> <span class='ocrx_word' id='word_1_370' title='bbox 1248 3084 1385 3140; x_wconf 88' lang='lat' dir='ltr'><strong>illud</strong></span> <span class='ocrx_word' id='word_1_371' title='bbox 1425 3092 1603 3139; x_wconf 87' lang='lat' dir='ltr'><strong>autem</strong></span> <span class='ocrx_word' id='word_1_372' title='bbox 1631 3084 1823 3141; x_wconf 82' lang='lat' dir='ltr'><strong>luisset</strong></span> <span class='ocrx_word' id='word_1_373' title='bbox 1861 3085 1962 3157; x_wconf 86' lang='lat' dir='ltr'><strong>legi</strong></span> <span class='ocrx_word' id='word_1_374' title='bbox 1992 3096 2216 3142; x_wconf 88' lang='lat' dir='ltr'><strong>contra-</strong></span> 
     </span>
    </p>
   </div>
   <div class='ocr_carea' id='block_1_46' title="bbox 650 3176 2215 3249">
    <p class='ocr_par' dir='ltr' id='par_1_46' title="bbox 650 3176 2215 3249">
     <span class='ocr_line' id='line_1_46' title="bbox 650 3176 2215 3249; baseline 0 -16"><span class='ocrx_word' id='word_1_375' title='bbox 650 3180 825 3245; x_wconf 88' lang='lat' dir='ltr'><strong>rium,</strong></span> <span class='ocrx_word' id='word_1_376' title='bbox 870 3180 916 3235; x_wconf 86' lang='lat' dir='ltr'><strong>si</strong></span> <span class='ocrx_word' id='word_1_377' title='bbox 958 3179 1316 3249; x_wconf 88' lang='lat' dir='ltr'><strong>quodcunque</strong></span> <span class='ocrx_word' id='word_1_378' title='bbox 1364 3176 1452 3231; x_wconf 82' lang='lat' dir='ltr'><strong>lex</strong></span> <span class='ocrx_word' id='word_1_379' title='bbox 1506 3184 1745 3232; x_wconf 87' lang='lat' dir='ltr'><strong>vetasset</strong></span> <span class='ocrx_word' id='word_1_380' title='bbox 1788 3176 1936 3242; x_wconf 82' lang='lat' dir='ltr'><strong>ﬁeri,</strong></span> <span class='ocrx_word' id='word_1_381' title='bbox 1978 3177 2215 3248; x_wconf 87' lang='lat' dir='ltr'><strong>idipsum</strong></span> 
     </span>
    </p>
   </div>
   <div class='ocr_carea' id='block_1_47' title="bbox 2394 1982 3905 2057">
    <p class='ocr_par' dir='ltr' id='par_1_47' title="bbox 2394 1982 3905 2057">
     <span class='ocr_line' id='line_1_47' title="bbox 2394 1982 3905 2057; baseline 0.003 -20"><span class='ocrx_word' id='word_1_382' title='bbox 2394 1982 2450 2039; x_wconf 77' lang='lat'><strong>5.</strong></span> <span class='ocrx_word' id='word_1_383' title='bbox 2483 1982 2549 2039; x_wconf 83' lang='lat' dir='ltr'><strong>Et</strong></span> <span class='ocrx_word' id='word_1_384' title='bbox 2600 1993 2824 2057; x_wconf 87' lang='lat' dir='ltr'><strong>propter</strong></span> <span class='ocrx_word' id='word_1_385' title='bbox 2862 1984 2968 2041; x_wconf 88' lang='lat' dir='ltr'><strong>hoc</strong></span> <span class='ocrx_word' id='word_1_386' title='bbox 3016 1983 3280 2039; x_wconf 87' lang='lat' dir='ltr'><strong>Dominus</strong></span> <span class='ocrx_word' id='word_1_387' title='bbox 3327 1998 3425 2054; x_wconf 88' lang='lat' dir='ltr'><strong>pro</strong></span> <span class='ocrx_word' id='word_1_388' title='bbox 3472 1998 3538 2039; x_wconf 89' lang='lat' dir='ltr'><strong>eo</strong></span> <span class='ocrx_word' id='word_1_389' title='bbox 3584 1986 3727 2053; x_wconf 90' lang='lat' dir='ltr'><strong>quod</strong></span> <span class='ocrx_word' id='word_1_390' title='bbox 3773 1992 3905 2041; x_wconf 85' lang='lat' dir='ltr'><strong>est:</strong></span> 
     </span>
    </p>
   </div>
   <div class='ocr_carea' id='block_1_48' title="bbox 2332 2073 3904 2145">
    <p class='ocr_par' dir='ltr' id='par_1_48' title="bbox 2332 2073 3904 2145">
     <span class='ocr_line' id='line_1_48' title="bbox 2332 2073 3904 2145; baseline 0.003 -20"><span class='ocrx_word' id='word_1_391' title='bbox 2332 2091 2352 2125; x_wconf 80' lang='grc' dir='ltr'>ι</span> <span class='ocrx_word' id='word_1_392' title='bbox 2389 2073 2503 2131; x_wconf 83' lang='lat' dir='ltr'><strong>Non</strong></span> <span class='ocrx_word' id='word_1_393' title='bbox 2540 2075 2908 2132; x_wconf 73' lang='lat' dir='ltr'><strong>mmcbaberis</strong></span> <span class='ocrx_word' id='word_1_394' title='bbox 2930 2114 2946 2141; x_wconf 89' lang='lat'><strong>,</strong></span> <span class='ocrx_word' id='word_1_395' title='bbox 2986 2092 3007 2127; x_wconf 74' lang='grc' dir='ltr'><strong>ι</strong></span> <span class='ocrx_word' id='word_1_396' title='bbox 3041 2088 3142 2130; x_wconf 89' lang='lat' dir='ltr'><strong>nec</strong></span> <span class='ocrx_word' id='word_1_397' title='bbox 3170 2076 3564 2145; x_wconf 87' lang='lat' dir='ltr'><strong>concupiscere</strong></span> <span class='ocrx_word' id='word_1_398' title='bbox 3594 2075 3857 2145; x_wconf 68' lang='lat' dir='ltr'><strong>prmeepit</strong></span> <span class='ocrx_word' id='word_1_399' title='bbox 3885 2092 3904 2143; x_wconf 91' lang='lat'><strong>;</strong></span> 
     </span>
    </p>
   </div>
   <div class='ocr_carea' id='block_1_49' title="bbox 2325 2168 3902 2241">
    <p class='ocr_par' dir='ltr' id='par_1_49' title="bbox 2325 2168 3902 2241">
     <span class='ocr_line' id='line_1_49' title="bbox 2325 2168 3902 2241; baseline 0.001 -19"><span class='ocrx_word' id='word_1_400' title='bbox 2325 2176 2381 2223; x_wconf 90' lang='lat' dir='ltr'><strong>et</strong></span> <span class='ocrx_word' id='word_1_401' title='bbox 2413 2183 2514 2238; x_wconf 89' lang='lat' dir='ltr'><strong>pro</strong></span> <span class='ocrx_word' id='word_1_402' title='bbox 2544 2184 2610 2225; x_wconf 90' lang='lat' dir='ltr'><strong>eu</strong></span> <span class='ocrx_word' id='word_1_403' title='bbox 2638 2169 2786 2240; x_wconf 84' lang='lat' dir='ltr'><strong>quod</strong></span> <span class='ocrx_word' id='word_1_404' title='bbox 2818 2180 2899 2225; x_wconf 69' lang='lat' dir='ltr'><strong>est</strong></span> <span class='ocrx_word' id='word_1_405' title='bbox 2929 2189 2945 2227; x_wconf 92' lang='lat'><strong>:</strong></span> <span class='ocrx_word' id='word_1_406' title='bbox 2976 2189 2996 2223; x_wconf 75' lang='lat' dir='ltr'><strong>i</strong></span> <span class='ocrx_word' id='word_1_407' title='bbox 3030 2169 3148 2227; x_wconf 83' lang='lat' dir='ltr'><strong>Non</strong></span> <span class='ocrx_word' id='word_1_408' title='bbox 3176 2172 3427 2236; x_wconf 86' lang='lat' dir='ltr'><strong>occides,</strong></span> <span class='ocrx_word' id='word_1_409' title='bbox 3472 2190 3493 2225; x_wconf 75' lang='grc' dir='ltr'><strong><em>ι</em></strong></span> <span class='ocrx_word' id='word_1_410' title='bbox 3523 2184 3703 2241; x_wconf 88' lang='lat' dir='ltr'><strong>neque</strong></span> <span class='ocrx_word' id='word_1_411' title='bbox 3731 2168 3902 2228; x_wconf 86' lang='lat' dir='ltr'><strong>irasci</strong></span> 
     </span>
    </p>
   </div>
   <div class='ocr_carea' id='block_1_50' title="bbox 2327 2260 3907 2334">
    <p class='ocr_par' dir='ltr' id='par_1_50' title="bbox 2327 2260 3907 2334">
     <span class='ocr_line' id='line_1_50' title="bbox 2327 2260 3907 2334; baseline 0.005 -21"><span class='ocrx_word' id='word_1_412' title='bbox 2327 2260 2546 2329; x_wconf 90' lang='lat' dir='ltr'><strong>quidem</strong></span> <span class='ocrx_word' id='word_1_413' title='bbox 2573 2275 2588 2324; x_wconf 93' lang='lat'><strong>;</strong></span> <span class='ocrx_word' id='word_1_414' title='bbox 2617 2271 2671 2314; x_wconf 89' lang='lat' dir='ltr'><strong>et</strong></span> <span class='ocrx_word' id='word_1_415' title='bbox 2703 2274 2801 2331; x_wconf 91' lang='lat' dir='ltr'><strong>pro</strong></span> <span class='ocrx_word' id='word_1_416' title='bbox 2836 2276 2900 2315; x_wconf 85' lang='lat' dir='ltr'><strong>eo</strong></span> <span class='ocrx_word' id='word_1_417' title='bbox 2932 2261 3076 2332; x_wconf 89' lang='lat' dir='ltr'><strong>quod</strong></span> <span class='ocrx_word' id='word_1_418' title='bbox 3105 2270 3190 2316; x_wconf 85' lang='lat' dir='ltr'><strong>est</strong></span> <span class='ocrx_word' id='word_1_419' title='bbox 3219 2261 3532 2328; x_wconf 86' lang='lat' dir='ltr'><strong>decimare,</strong></span> <span class='ocrx_word' id='word_1_420' title='bbox 3564 2263 3749 2317; x_wconf 90' lang='lat' dir='ltr'><strong>omnia</strong></span> <span class='ocrx_word' id='word_1_421' title='bbox 3782 2278 3907 2334; x_wconf 72' lang='lat' dir='ltr'><strong>qua</strong></span> 
     </span>
    </p>
   </div>
   <div class='ocr_carea' id='block_1_51' title="bbox 2323 2349 3903 2425">
    <p class='ocr_par' dir='ltr' id='par_1_51' title="bbox 2323 2349 3903 2425">
     <span class='ocr_line' id='line_1_51' title="bbox 2323 2349 3903 2425; baseline 0.003 -20"><span class='ocrx_word' id='word_1_422' title='bbox 2323 2349 2485 2422; x_wconf 61' lang='lat'><strong>253</strong></span> <span class='ocrx_word' id='word_1_423' title='bbox 2513 2358 2639 2406; x_wconf 90' lang='lat' dir='ltr'><strong>sunt</strong></span> <span class='ocrx_word' id='word_1_424' title='bbox 2667 2352 2990 2421; x_wconf 87' lang='lat' dir='ltr'><strong>pauperibus</strong></span> <span class='ocrx_word' id='word_1_425' title='bbox 3008 2350 3294 2417; x_wconf 83' lang='lat' dir='ltr'><strong>dividere;</strong></span> <span class='ocrx_word' id='word_1_426' title='bbox 3323 2362 3379 2405; x_wconf 90' lang='lat' dir='ltr'><strong>et</strong></span> <span class='ocrx_word' id='word_1_427' title='bbox 3400 2366 3507 2406; x_wconf 91' lang='lat' dir='ltr'><strong>uon</strong></span> <span class='ocrx_word' id='word_1_428' title='bbox 3538 2360 3752 2407; x_wconf 91' lang='lat' dir='ltr'><strong>tantum</strong></span> <span class='ocrx_word' id='word_1_429' title='bbox 3775 2367 3903 2425; x_wconf 79' lang='lat' dir='ltr'><strong>pro-</strong></span> 
     </span>
    </p>
   </div>
   <div class='ocr_carea' id='block_1_52' title="bbox 2325 2441 3898 2515">
    <p class='ocr_par' dir='ltr' id='par_1_52' title="bbox 2325 2441 3898 2515">
     <span class='ocr_line' id='line_1_52' title="bbox 2325 2441 3898 2515; baseline 0.003 -18"><span class='ocrx_word' id='word_1_430' title='bbox 2325 2443 2530 2509; x_wconf 64' lang='lat' dir='ltr'><strong>annos,</strong></span> <span class='ocrx_word' id='word_1_431' title='bbox 2557 2442 2649 2498; x_wconf 90' lang='lat' dir='ltr'><strong>sed</strong></span> <span class='ocrx_word' id='word_1_432' title='bbox 2686 2441 2851 2497; x_wconf 89' lang='lat' dir='ltr'><strong>etiam</strong></span> <span class='ocrx_word' id='word_1_433' title='bbox 2879 2443 3133 2499; x_wconf 87' lang='lat' dir='ltr'><strong>inimicos</strong></span> <span class='ocrx_word' id='word_1_434' title='bbox 3156 2444 3380 2515; x_wconf 85' lang='lat' dir='ltr'><strong>diligere</strong></span> <span class='ocrx_word' id='word_1_435' title='bbox 3408 2462 3423 2499; x_wconf 92' lang='lat'><strong>:</strong></span> <span class='ocrx_word' id='word_1_436' title='bbox 3455 2453 3512 2501; x_wconf 92' lang='lat' dir='ltr'><strong>et</strong></span> <span class='ocrx_word' id='word_1_437' title='bbox 3542 2460 3649 2501; x_wconf 89' lang='lat' dir='ltr'><strong>non</strong></span> <span class='ocrx_word' id='word_1_438' title='bbox 3688 2455 3898 2501; x_wconf 87' lang='lat' dir='ltr'><strong>tantum</strong></span> 
     </span>
    </p>
   </div>
   <div class='ocr_carea' id='block_1_53' title="bbox 2326 2532 3897 2603">
    <p class='ocr_par' dir='ltr' id='par_1_53' title="bbox 2326 2532 3897 2603">
     <span class='ocr_line' id='line_1_53' title="bbox 2326 2532 3897 2603; baseline 0.001 -14"><span class='ocrx_word' id='word_1_439' title='bbox 2326 2532 2499 2590; x_wconf 89' lang='lat' dir='ltr'><strong>bonos</strong></span> <span class='ocrx_word' id='word_1_440' title='bbox 2528 2534 2749 2590; x_wconf 85' lang='lat' dir='ltr'><strong>datores</strong></span> <span class='ocrx_word' id='word_1_441' title='bbox 2784 2542 2839 2588; x_wconf 89' lang='lat' dir='ltr'><strong>et</strong></span> <span class='ocrx_word' id='word_1_442' title='bbox 2866 2535 3365 2590; x_wconf 86' lang='lat' dir='ltr'><strong>communicatores</strong></span> <span class='ocrx_word' id='word_1_443' title='bbox 3400 2550 3561 2603; x_wconf 86' lang='lat' dir='ltr'><strong>esse,</strong></span> <span class='ocrx_word' id='word_1_444' title='bbox 3608 2534 3703 2591; x_wconf 89' lang='lat' dir='ltr'><strong>sed</strong></span> <span class='ocrx_word' id='word_1_445' title='bbox 3733 2535 3897 2591; x_wconf 86' lang='lat' dir='ltr'><strong>etiam</strong></span> 
     </span>
    </p>
   </div>
   <div class='ocr_carea' id='block_1_54' title="bbox 2326 2624 3896 2700">
    <p class='ocr_par' dir='ltr' id='par_1_54' title="bbox 2326 2624 3896 2700">
     <span class='ocr_line' id='line_1_54' title="bbox 2326 2624 3896 2700; baseline 0.001 -18"><span class='ocrx_word' id='word_1_446' title='bbox 2326 2625 2592 2682; x_wconf 84' lang='lat' dir='ltr'><strong>adversus</strong></span> <span class='ocrx_word' id='word_1_447' title='bbox 2617 2639 2714 2682; x_wconf 89' lang='lat' dir='ltr'><strong>eos</strong></span> <span class='ocrx_word' id='word_1_448' title='bbox 2745 2625 2836 2695; x_wconf 89' lang='lat' dir='ltr'><strong>qui</strong></span> <span class='ocrx_word' id='word_1_449' title='bbox 2863 2624 3061 2680; x_wconf 85' lang='lat' dir='ltr'><strong>tollunt</strong></span> <span class='ocrx_word' id='word_1_450' title='bbox 3098 2638 3281 2682; x_wconf 89' lang='lat' dir='ltr'><strong>nostra</strong></span> <span class='ocrx_word' id='word_1_451' title='bbox 3304 2666 3320 2690; x_wconf 85' lang='lat'><strong>.</strong></span> <span class='ocrx_word' id='word_1_452' title='bbox 3374 2628 3614 2700; x_wconf 88' lang='lat' dir='ltr'><strong>gratuito</strong></span> <span class='ocrx_word' id='word_1_453' title='bbox 3658 2629 3896 2685; x_wconf 82' lang='lat' dir='ltr'><strong>donato-</strong></span> 
     </span>
    </p>
   </div>
   <div class='ocr_carea' id='block_1_55' title="bbox 2324 2715 3898 2783">
    <p class='ocr_par' dir='ltr' id='par_1_55' title="bbox 2324 2715 3898 2783">
     <span class='ocr_line' id='line_1_55' title="bbox 2324 2715 3898 2783; baseline 0.001 -10"><span class='ocrx_word' id='word_1_454' title='bbox 2324 2731 2433 2773; x_wconf 88' lang='lat' dir='ltr'><strong>res.</strong></span> <span class='ocrx_word' id='word_1_455' title='bbox 2465 2735 2486 2769; x_wconf 83' lang='lat' dir='ltr'><strong>s</strong></span> <span class='ocrx_word' id='word_1_456' title='bbox 2523 2715 2754 2772; x_wconf 88' lang='lat' dir='ltr'><strong>Tollenti</strong></span> <span class='ocrx_word' id='word_1_457' title='bbox 2797 2716 2941 2772; x_wconf 90' lang='lat' dir='ltr'><strong>enim</strong></span> <span class='ocrx_word' id='word_1_458' title='bbox 2974 2716 3069 2772; x_wconf 90' lang='lat' dir='ltr'><strong>tibi</strong></span> <span class='ocrx_word' id='word_1_459' title='bbox 3119 2718 3359 2774; x_wconf 86' lang='lat' dir='ltr'><strong>tunicam</strong></span> <span class='ocrx_word' id='word_1_460' title='bbox 3385 2759 3401 2782; x_wconf 87' lang='lat'><strong>,</strong></span> <span class='ocrx_word' id='word_1_461' title='bbox 3438 2718 3552 2783; x_wconf 86' lang='lat' dir='ltr'><strong>ait,</strong></span> <span class='ocrx_word' id='word_1_462' title='bbox 3596 2720 3819 2776; x_wconf 86' lang='lat' dir='ltr'><strong>remitte</strong></span> <span class='ocrx_word' id='word_1_463' title='bbox 3846 2718 3898 2775; x_wconf 90' lang='lat' dir='ltr'><strong>el</strong></span> 
     </span>
    </p>
   </div>
   <div class='ocr_carea' id='block_1_56' title="bbox 2324 2806 3885 2883">
    <p class='ocr_par' dir='ltr' id='par_1_56' title="bbox 2324 2806 3885 2883">
     <span class='ocr_line' id='line_1_56' title="bbox 2324 2806 3885 2883; baseline 0.003 -19"><span class='ocrx_word' id='word_1_464' title='bbox 2324 2818 2381 2864; x_wconf 87' lang='lat' dir='ltr'><strong>et</strong></span> <span class='ocrx_word' id='word_1_465' title='bbox 2407 2808 2628 2880; x_wconf 83' lang='lat' dir='ltr'><strong>pallium</strong></span> <span class='ocrx_word' id='word_1_466' title='bbox 2653 2806 2767 2879; x_wconf 88' lang='lat'><strong>(80)</strong></span> <span class='ocrx_word' id='word_1_467' title='bbox 2794 2822 2808 2861; x_wconf 89' lang='lat'><strong>:</strong></span> <span class='ocrx_word' id='word_1_468' title='bbox 2841 2816 2896 2883; x_wconf 88' lang='lat' dir='ltr'><strong>et</strong></span> <span class='ocrx_word' id='word_1_469' title='bbox 2922 2808 2991 2863; x_wconf 88' lang='lat' dir='ltr'><strong>ab</strong></span> <span class='ocrx_word' id='word_1_470' title='bbox 3021 2822 3087 2864; x_wconf 86' lang='lat' dir='ltr'><strong>eo</strong></span> <span class='ocrx_word' id='word_1_471' title='bbox 3108 2809 3198 2879; x_wconf 86' lang='lat' dir='ltr'><strong>qui</strong></span> <span class='ocrx_word' id='word_1_472' title='bbox 3229 2808 3368 2864; x_wconf 89' lang='lat' dir='ltr'><strong>tollit</strong></span> <span class='ocrx_word' id='word_1_473' title='bbox 3400 2819 3488 2864; x_wconf 90' lang='lat' dir='ltr'><strong>tua</strong></span> <span class='ocrx_word' id='word_1_474' title='bbox 3510 2849 3526 2875; x_wconf 90' lang='lat'><strong>,</strong></span> <span class='ocrx_word' id='word_1_475' title='bbox 3572 2824 3680 2866; x_wconf 86' lang='lat' dir='ltr'><strong>non</strong></span> <span class='ocrx_word' id='word_1_476' title='bbox 3722 2826 3885 2883; x_wconf 81' lang='lat' dir='ltr'><strong>repo-</strong></span> 
     </span>
    </p>
   </div>
   <div class='ocr_carea' id='block_1_57' title="bbox 2325 2896 3893 2967">
    <p class='ocr_par' dir='ltr' id='par_1_57' title="bbox 2325 2896 3893 2967">
     <span class='ocr_line' id='line_1_57' title="bbox 2325 2896 3893 2967; baseline 0.002 -14"><span class='ocrx_word' id='word_1_477' title='bbox 2325 2912 2451 2953; x_wconf 89' lang='lat' dir='ltr'><strong>scas</strong></span> <span class='ocrx_word' id='word_1_478' title='bbox 2476 2914 2492 2955; x_wconf 85' lang='lat'><strong>:</strong></span> <span class='ocrx_word' id='word_1_479' title='bbox 2518 2908 2574 2954; x_wconf 89' lang='lat' dir='ltr'><strong>ct</strong></span> <span class='ocrx_word' id='word_1_480' title='bbox 2598 2896 3057 2967; x_wconf 83' lang='lat' dir='ltr'><strong>quemadmodum</strong></span> <span class='ocrx_word' id='word_1_481' title='bbox 3080 2897 3241 2954; x_wconf 88' lang='lat' dir='ltr'><strong>vultis</strong></span> <span class='ocrx_word' id='word_1_482' title='bbox 3269 2908 3331 2955; x_wconf 88' lang='lat' dir='ltr'><strong>ut</strong></span> <span class='ocrx_word' id='word_1_483' title='bbox 3353 2899 3557 2956; x_wconf 82' lang='lat' dir='ltr'><strong>faciant</strong></span> <span class='ocrx_word' id='word_1_484' title='bbox 3596 2902 3750 2957; x_wconf 89' lang='lat' dir='ltr'><strong>vobis</strong></span> <span class='ocrx_word' id='word_1_485' title='bbox 3788 2901 3893 2958; x_wconf 84' lang='lat' dir='ltr'><strong>bo-</strong></span> 
     </span>
    </p>
   </div>
   <div class='ocr_carea' id='block_1_58' title="bbox 2326 2987 3892 3061">
    <p class='ocr_par' dir='ltr' id='par_1_58' title="bbox 2326 2987 3892 3061">
     <span class='ocr_line' id='line_1_58' title="bbox 2326 2987 3892 3061; baseline 0.003 -16"><span class='ocrx_word' id='word_1_486' title='bbox 2326 2991 2518 3053; x_wconf 85' lang='lat' dir='ltr'><strong>miues,</strong></span> <span class='ocrx_word' id='word_1_487' title='bbox 2548 2987 2710 3044; x_wconf 74' lang='lat' dir='ltr'><strong>facile</strong></span> <span class='ocrx_word' id='word_1_488' title='bbox 2739 2988 2823 3045; x_wconf 90' lang='lat' dir='ltr'><strong>eis</strong></span> <span class='ocrx_word' id='word_1_489' title='bbox 2851 2987 2893 3057; x_wconf 73' lang='grc' dir='ltr'><strong>δ,</strong></span> <span class='ocrx_word' id='word_1_490' title='bbox 2929 3006 2949 3042; x_wconf 75' lang='grc' dir='ltr'><strong><em>ι</em></strong></span> <span class='ocrx_word' id='word_1_491' title='bbox 2984 2998 3038 3044; x_wconf 89' lang='lat' dir='ltr'><strong>ut</strong></span> <span class='ocrx_word' id='word_1_492' title='bbox 3072 3004 3178 3045; x_wconf 90' lang='lat' dir='ltr'><strong>non</strong></span> <span class='ocrx_word' id='word_1_493' title='bbox 3202 2991 3352 3061; x_wconf 87' lang='lat' dir='ltr'><strong>quasi</strong></span> <span class='ocrx_word' id='word_1_494' title='bbox 3377 2990 3621 3047; x_wconf 88' lang='lat' dir='ltr'><strong>nolentes</strong></span> <span class='ocrx_word' id='word_1_495' title='bbox 3645 2992 3892 3050; x_wconf 79' lang='lat' dir='ltr'><strong>fraudari</strong></span> 
     </span>
    </p>
   </div>
   <div class='ocr_carea' id='block_1_59' title="bbox 2324 3081 3894 3154">
    <p class='ocr_par' dir='ltr' id='par_1_59' title="bbox 2324 3081 3894 3154">
     <span class='ocr_line' id='line_1_59' title="bbox 2324 3081 3894 3154; baseline 0.001 -13"><span class='ocrx_word' id='word_1_496' title='bbox 2324 3081 2734 3141; x_wconf 88' lang='lat' dir='ltr'><strong>contristemini</strong></span> <span class='ocrx_word' id='word_1_497' title='bbox 2772 3081 3052 3154; x_wconf 89' lang='lat' dir='ltr'><strong>(8i);sed</strong></span> <span class='ocrx_word' id='word_1_498' title='bbox 3098 3084 3254 3153; x_wconf 84' lang='lat' dir='ltr'><strong>quasi</strong></span> <span class='ocrx_word' id='word_1_499' title='bbox 3300 3083 3548 3140; x_wconf 85' lang='lat' dir='ltr'><strong>volentes</strong></span> <span class='ocrx_word' id='word_1_500' title='bbox 3602 3085 3894 3143; x_wconf 87' lang='lat' dir='ltr'><strong>donaveri-</strong></span> 
     </span>
    </p>
   </div>
   <div class='ocr_carea' id='block_1_60' title="bbox 2324 3174 3892 3249">
    <p class='ocr_par' dir='ltr' id='par_1_60' title="bbox 2324 3174 3892 3249">
     <span class='ocr_line' id='line_1_60' title="bbox 2324 3174 3892 3249; baseline 0.002 -19"><span class='ocrx_word' id='word_1_501' title='bbox 2324 3191 2467 3244; x_wconf 89' lang='lat' dir='ltr'><strong>mns,</strong></span> <span class='ocrx_word' id='word_1_502' title='bbox 2498 3176 2851 3246; x_wconf 88' lang='lat' dir='ltr'><strong>gaudeamus,</strong></span> <span class='ocrx_word' id='word_1_503' title='bbox 2876 3174 3109 3242; x_wconf 85' lang='lat' dir='ltr'><strong>gratiam</strong></span> <span class='ocrx_word' id='word_1_504' title='bbox 3137 3174 3310 3242; x_wconf 86' lang='lat' dir='ltr'><strong>magis</strong></span> <span class='ocrx_word' id='word_1_505' title='bbox 3329 3184 3647 3244; x_wconf 62' lang='lat' dir='ltr'><strong>prastantes</strong></span> <span class='ocrx_word' id='word_1_506' title='bbox 3682 3176 3734 3232; x_wconf 87' lang='lat' dir='ltr'><strong>in</strong></span> <span class='ocrx_word' id='word_1_507' title='bbox 3761 3192 3892 3249; x_wconf 77' lang='lat' dir='ltr'><strong>pro-</strong></span> 
     </span>
    </p>
   </div>
   <div class='ocr_carea' id='block_1_61' title="bbox 647 3242 3891 3342">
    <p class='ocr_par' dir='ltr' id='par_1_61' title="bbox 647 3242 3891 3342">
     <span class='ocr_line' id='line_1_61' title="bbox 647 3242 3891 3342; baseline -0.001 -13"><span class='ocrx_word' id='word_1_508' title='bbox 647 3242 931 3342; x_wconf 87' lang='lat' dir='ltr'><strong>discipulis</strong></span> <span class='ocrx_word' id='word_1_509' title='bbox 959 3242 1074 3328; x_wconf 79' lang='lat' dir='ltr'><strong>suis</strong></span> <span class='ocrx_word' id='word_1_510' title='bbox 1104 3242 1360 3341; x_wconf 74' lang='lat' dir='ltr'><strong>iussisset</strong></span> <span class='ocrx_word' id='word_1_511' title='bbox 1398 3267 1594 3324; x_wconf 80' lang='lat' dir='ltr'><strong>facere.</strong></span> <span class='ocrx_word' id='word_1_512' title='bbox 1621 3267 1688 3323; x_wconf 83' lang='lat' dir='ltr'><strong>Et</strong></span> <span class='ocrx_word' id='word_1_513' title='bbox 1718 3270 1823 3325; x_wconf 83' lang='lat' dir='ltr'><strong>hoc</strong></span> <span class='ocrx_word' id='word_1_514' title='bbox 1845 3278 2024 3327; x_wconf 83' lang='lat' dir='ltr'><strong>autem</strong></span> <span class='ocrx_word' id='word_1_515' title='bbox 2058 3242 2213 3341; x_wconf 76' lang='lat' dir='ltr'><strong>quod</strong></span> <span class='ocrx_word' id='word_1_516' title='bbox 2240 3242 2285 3301; x_wconf 65' lang='grc' dir='ltr'><strong>θ</strong></span> <span class='ocrx_word' id='word_1_517' title='bbox 2319 3242 2526 3335; x_wconf 63' lang='lat' dir='ltr'><strong>ximos,</strong></span> <span class='ocrx_word' id='word_1_518' title='bbox 2577 3281 2738 3339; x_wconf 87' lang='lat' dir='ltr'><strong>quam</strong></span> <span class='ocrx_word' id='word_1_519' title='bbox 2780 3266 3105 3323; x_wconf 82' lang='lat' dir='ltr'><strong>necessitate</strong></span> <span class='ocrx_word' id='word_1_520' title='bbox 3147 3264 3259 3339; x_wconf 72' lang='grc'><strong>(82)</strong></span> <span class='ocrx_word' id='word_1_521' title='bbox 3308 3242 3637 3324; x_wconf 82' lang='lat' dir='ltr'><strong>servientes.</strong></span> <span class='ocrx_word' id='word_1_522' title='bbox 3676 3285 3697 3321; x_wconf 72' lang='grc' dir='ltr'><strong><em>ι</em></strong></span> <span class='ocrx_word' id='word_1_523' title='bbox 3844 3270 3891 3327; x_wconf 89' lang='lat' dir='ltr'><strong>si</strong></span> 
     </span>
    </p>
   </div>
   <div class='ocr_carea' id='block_1_62' title="bbox 645 3361 2213 3436">
    <p class='ocr_par' dir='ltr' id='par_1_62' title="bbox 645 3361 2213 3436">
     <span class='ocr_line' id='line_1_62' title="bbox 645 3361 2213 3436; baseline 0.002 -18"><span class='ocrx_word' id='word_1_524' title='bbox 645 3364 940 3436; x_wconf 71' lang='lat' dir='ltr'><strong>prteccpit,</strong></span> <span class='ocrx_word' id='word_1_525' title='bbox 991 3379 1099 3419; x_wconf 90' lang='lat' dir='ltr'><strong>non</strong></span> <span class='ocrx_word' id='word_1_526' title='bbox 1150 3362 1325 3419; x_wconf 92' lang='lat' dir='ltr'><strong>solum</strong></span> <span class='ocrx_word' id='word_1_527' title='bbox 1368 3362 1552 3418; x_wconf 89' lang='lat' dir='ltr'><strong>vetitis</strong></span> <span class='ocrx_word' id='word_1_528' title='bbox 1596 3377 1628 3416; x_wconf 93' lang='lat' dir='ltr'><strong>a</strong></span> <span class='ocrx_word' id='word_1_529' title='bbox 1674 3361 1823 3432; x_wconf 87' lang='lat' dir='ltr'><strong>lege,</strong></span> <span class='ocrx_word' id='word_1_530' title='bbox 1856 3362 1952 3418; x_wconf 86' lang='lat' dir='ltr'><strong>sed</strong></span> <span class='ocrx_word' id='word_1_531' title='bbox 1986 3363 2213 3421; x_wconf 87' lang='lat' dir='ltr'><strong>etiama</strong></span> 
     </span>
    </p>
   </div>
   <div class='ocr_carea' id='block_1_63' title="bbox 646 3452 2212 3525">
    <p class='ocr_par' dir='ltr' id='par_1_63' title="bbox 646 3452 2212 3525">
     <span class='ocr_line' id='line_1_63' title="bbox 646 3452 2212 3525; baseline 0 -14"><span class='ocrx_word' id='word_1_532' title='bbox 646 3455 1108 3525; x_wconf 88' lang='lat' dir='ltr'><strong>concupiscentiis</strong></span> <span class='ocrx_word' id='word_1_533' title='bbox 1145 3468 1336 3512; x_wconf 90' lang='lat' dir='ltr'><strong>eorum</strong></span> <span class='ocrx_word' id='word_1_534' title='bbox 1367 3452 1681 3521; x_wconf 88' lang='lat' dir='ltr'><strong>abstinere,</strong></span> <span class='ocrx_word' id='word_1_535' title='bbox 1725 3466 1836 3508; x_wconf 87' lang='lat' dir='ltr'><strong>non</strong></span> <span class='ocrx_word' id='word_1_536' title='bbox 1877 3455 2212 3511; x_wconf 84' lang='lat' dir='ltr'><strong>contrarium</strong></span> 
     </span>
    </p>
   </div>
   <div class='ocr_carea' id='block_1_64' title="bbox 640 3541 2215 3615">
    <p class='ocr_par' dir='ltr' id='par_1_64' title="bbox 640 3541 2215 3615">
     <span class='ocr_line' id='line_1_64' title="bbox 640 3541 2215 3615; baseline -0.001 -14"><span class='ocrx_word' id='word_1_537' title='bbox 640 3558 748 3614; x_wconf 82' lang='lat' dir='ltr'><strong>est,</strong></span> <span class='ocrx_word' id='word_1_538' title='bbox 778 3544 1232 3615; x_wconf 85' lang='lat' dir='ltr'><strong>quemadmodum</strong></span> <span class='ocrx_word' id='word_1_539' title='bbox 1264 3542 1547 3609; x_wconf 79' lang='lat' dir='ltr'><strong>diximus;</strong></span> <span class='ocrx_word' id='word_1_540' title='bbox 1592 3554 1770 3611; x_wconf 90' lang='lat' dir='ltr'><strong>neque</strong></span> <span class='ocrx_word' id='word_1_541' title='bbox 1808 3541 2075 3598; x_wconf 83' lang='lat' dir='ltr'><strong>solventia</strong></span> <span class='ocrx_word' id='word_1_542' title='bbox 2133 3542 2215 3599; x_wconf 87' lang='lat' dir='ltr'><strong>le-</strong></span> 
     </span>
    </p>
   </div>
   <div class='ocr_carea' id='block_1_65' title="bbox 644 3633 2207 3711">
    <p class='ocr_par' dir='ltr' id='par_1_65' title="bbox 644 3633 2207 3711">
     <span class='ocr_line' id='line_1_65' title="bbox 644 3633 2207 3711; baseline -0.002 -16"><span class='ocrx_word' id='word_1_543' title='bbox 644 3654 788 3711; x_wconf 89' lang='lat' dir='ltr'><strong>gem,</strong></span> <span class='ocrx_word' id='word_1_544' title='bbox 817 3639 912 3693; x_wconf 90' lang='lat' dir='ltr'><strong>sed</strong></span> <span class='ocrx_word' id='word_1_545' title='bbox 944 3635 1309 3707; x_wconf 88' lang='lat' dir='ltr'><strong>adimplcntis,</strong></span> <span class='ocrx_word' id='word_1_546' title='bbox 1329 3645 1386 3689; x_wconf 92' lang='lat' dir='ltr'><strong>et</strong></span> <span class='ocrx_word' id='word_1_547' title='bbox 1410 3633 1778 3697; x_wconf 76' lang='lat' dir='ltr'><strong>ostendentis,</strong></span> <span class='ocrx_word' id='word_1_548' title='bbox 1814 3642 1870 3689; x_wconf 88' lang='lat' dir='ltr'><strong>et</strong></span> <span class='ocrx_word' id='word_1_549' title='bbox 1902 3633 2207 3692; x_wconf 87' lang='lat' dir='ltr'><strong>dilatanlis.</strong></span> 
     </span>
    </p>
   </div>
   <div class='ocr_carea' id='block_1_66' title="bbox 712 3726 1835 3859">
    <p class='ocr_par' dir='ltr' id='par_1_66' title="bbox 712 3726 1835 3859">
     <span class='ocr_line' id='line_1_66' title="bbox 712 3726 1835 3859; baseline 0.018 -77"><span class='ocrx_word' id='word_1_550' title='bbox 712 3732 979 3859; x_wconf 40' lang='lat' dir='ltr'><strong>minus.</strong></span> <span class='ocrx_word' id='word_1_551' title='bbox 1014 3729 1182 3797; x_wconf 72' lang='lat' dir='ltr'><strong>v.21,</strong></span> <span class='ocrx_word' id='word_1_552' title='bbox 1203 3729 1294 3786; x_wconf 77' lang='lat' dir='ltr'><strong>ss.</strong></span> <span class='ocrx_word' id='word_1_553' title='bbox 1373 3730 1395 3762; x_wconf 69' lang='grc' dir='ltr'>ι</span> <span class='ocrx_word' id='word_1_554' title='bbox 1420 3726 1580 3795; x_wconf 54' lang='lat' dir='ltr'><strong>Ibid»</strong></span> <span class='ocrx_word' id='word_1_555' title='bbox 1615 3726 1707 3797; x_wconf 68' lang='grc'><strong>21»</strong></span> <span class='ocrx_word' id='word_1_556' title='bbox 1744 3727 1835 3783; x_wconf 65' lang='grc' dir='ltr'><strong>εει</strong></span> 
     </span>
    </p>
   </div>
   <div class='ocr_carea' id='block_1_67' title="bbox 639 3818 810 3872">
    <p class='ocr_par' dir='ltr' id='par_1_67' title="bbox 639 3818 810 3872">
     <span class='ocr_line' id='line_1_67' title="bbox 639 3818 810 3872; baseline 0 -14"><span class='ocrx_word' id='word_1_557' title='bbox 639 3818 694 3872; x_wconf 88' lang='lat' dir='ltr'><strong>v,</strong></span> <span class='ocrx_word' id='word_1_558' title='bbox 722 3818 810 3859; x_wconf 76' lang='lat' dir='ltr'><strong>at.</strong></span> 
     </span>
    </p>
   </div>
   <div class='ocr_carea' id='block_1_68' title="bbox 711 3894 2203 3972">
    <p class='ocr_par' dir='ltr' id='par_1_68' title="bbox 711 3894 2203 3972">
     <span class='ocr_line' id='line_1_68' title="bbox 711 3894 2203 3972; baseline -0.004 -19"><span class='ocrx_word' id='word_1_559' title='bbox 711 3899 824 3972; x_wconf 83' lang='grc'><strong>(71)</strong></span> <span class='ocrx_word' id='word_1_560' title='bbox 857 3900 991 3972; x_wconf 64' lang='lat' dir='ltr'><strong>Ante</strong></span> <span class='ocrx_word' id='word_1_561' title='bbox 1022 3896 1437 3972; x_wconf 72' lang='lat' dir='ltr'><strong>legisdationem.</strong></span> <span class='ocrx_word' id='word_1_562' title='bbox 1473 3897 1551 3952; x_wconf 88' lang='lat' dir='ltr'><strong>lta</strong></span> <span class='ocrx_word' id='word_1_563' title='bbox 1592 3894 2024 3972; x_wconf 71' lang='lat' dir='ltr'><strong>vet_us_Feuard_.</strong></span> <span class='ocrx_word' id='word_1_564' title='bbox 2054 3894 2203 3972; x_wconf 65' lang='lat' dir='ltr'><strong>cod.,</strong></span> 
     </span>
    </p>
   </div>
   <div class='ocr_carea' id='block_1_69' title="bbox 643 3963 2204 4089">
    <p class='ocr_par' dir='ltr' id='par_1_69' title="bbox 643 3963 2204 4089">
     <span class='ocr_line' id='line_1_69' title="bbox 643 3963 2204 4089; baseline -0.006 -63"><span class='ocrx_word' id='word_1_565' title='bbox 643 3963 907 4031; x_wconf 45' lang='lat' dir='ltr'><strong>Clarum”</strong></span> <span class='ocrx_word' id='word_1_566' title='bbox 931 3963 1114 4050; x_wconf 65' lang='lat' dir='ltr'><strong>VossI,</strong></span> <span class='ocrx_word' id='word_1_567' title='bbox 1142 3968 1349 4023; x_wconf 79' lang='lat' dir='ltr'><strong>Arund.</strong></span> <span class='ocrx_word' id='word_1_568' title='bbox 1384 3966 1731 4089; x_wconf 51' lang='lat' dir='ltr'><strong>(quamvisiu</strong></span> <span class='ocrx_word' id='word_1_569' title='bbox 1760 3966 1865 4046; x_wconf 83' lang='lat' dir='ltr'><strong>ltoc</strong></span> <span class='ocrx_word' id='word_1_570' title='bbox 1896 3965 2037 4019; x_wconf 80' lang='lat' dir='ltr'><strong>desit</strong></span> <span class='ocrx_word' id='word_1_571' title='bbox 2060 3963 2204 4045; x_wconf 72' lang='lat' dir='ltr'><strong>ante)</strong></span> 
     </span>
     <span class='ocr_line' id='line_1_70' title="bbox 643 4035 2204 4089; baseline 0 0"><span class='ocrx_word' id='word_1_572' title='bbox 643 4050 697 4089; x_wconf 79' lang='lat' dir='ltr'><strong>et</strong></span> <span class='ocrx_word' id='word_1_573' title='bbox 732 4038 901 4089; x_wconf 87' lang='lat' dir='ltr'><strong>Grab.</strong></span> <span class='ocrx_word' id='word_1_574' title='bbox 935 4037 1131 4089; x_wconf 83' lang='lat' dir='ltr'><strong>melius</strong></span> <span class='ocrx_word' id='word_1_575' title='bbox 1160 4052 1322 4089; x_wconf 76' lang='lat' dir='ltr'><strong>quam</strong></span> <span class='ocrx_word' id='word_1_576' title='bbox 1350 4052 1377 4089; x_wconf 90' lang='lat' dir='ltr'><strong>a</strong></span> <span class='ocrx_word' id='word_1_577' title='bbox 1407 4054 1440 4089; x_wconf 91' lang='lat' dir='ltr'><strong>ll</strong></span> <span class='ocrx_word' id='word_1_578' title='bbox 1465 4077 1480 4089; x_wconf 89' lang='lat'><strong>.</strong></span> <span class='ocrx_word' id='word_1_579' title='bbox 1528 4053 1561 4089; x_wconf 79' lang='grc' dir='ltr'><em>α</em></span> <span class='ocrx_word' id='word_1_580' title='bbox 1602 4035 1952 4089; x_wconf 76' lang='lat' dir='ltr'><strong>leutsiattone.</strong></span> <span class='ocrx_word' id='word_1_581' title='bbox 1995 4035 2204 4089; x_wconf 84' lang='lat' dir='ltr'><strong>Outone</strong></span> 
     </span>
    </p>
   </div>
   <div class='ocr_carea' id='block_1_70' title="bbox 641 4035 2208 4105">
    <p class='ocr_par' dir='ltr' id='par_1_70' title="bbox 641 4035 2208 4105">
     <span class='ocr_line' id='line_1_71' title="bbox 641 4035 2208 4105; baseline -0.004 -9"><span class='ocrx_word' id='word_1_582' title='bbox 641 4050 697 4096; x_wconf 86' lang='lat' dir='ltr'><strong>et</strong></span> <span class='ocrx_word' id='word_1_583' title='bbox 732 4038 901 4095; x_wconf 86' lang='lat' dir='ltr'><strong>Grab.</strong></span> <span class='ocrx_word' id='word_1_584' title='bbox 935 4036 1131 4091; x_wconf 90' lang='lat' dir='ltr'><strong>melius</strong></span> <span class='ocrx_word' id='word_1_585' title='bbox 1160 4052 1322 4105; x_wconf 85' lang='lat' dir='ltr'><strong>quam</strong></span> <span class='ocrx_word' id='word_1_586' title='bbox 1350 4035 1440 4091; x_wconf 87' lang='lat' dir='ltr'><strong>alii</strong></span> <span class='ocrx_word' id='word_1_587' title='bbox 1465 4077 1480 4102; x_wconf 90' lang='lat'><strong>,</strong></span> <span class='ocrx_word' id='word_1_588' title='bbox 1528 4053 1561 4091; x_wconf 80' lang='grc' dir='ltr'><em>α</em></span> <span class='ocrx_word' id='word_1_589' title='bbox 1602 4035 1952 4104; x_wconf 78' lang='lat' dir='ltr'><strong>lagisiatione.</strong></span> <span class='ocrx_word' id='word_1_590' title='bbox 1995 4035 2208 4102; x_wconf 77' lang='lat' dir='ltr'><strong>Quippe</strong></span> 
     </span>
    </p>
   </div>
   <div class='ocr_carea' id='block_1_71' title="bbox 642 4105 2207 4178">
    <p class='ocr_par' dir='ltr' id='par_1_71' title="bbox 642 4105 2207 4178">
     <span class='ocr_line' id='line_1_72' title="bbox 642 4105 2207 4178; baseline -0.004 -14"><span class='ocrx_word' id='word_1_591' title='bbox 642 4111 902 4164; x_wconf 64' lang='lat' dir='ltr'><strong>Irenaeum</strong></span> <span class='ocrx_word' id='word_1_592' title='bbox 936 4107 1086 4178; x_wconf 92' lang='lat' dir='ltr'><strong>loqui</strong></span> <span class='ocrx_word' id='word_1_593' title='bbox 1118 4108 1184 4163; x_wconf 88' lang='lat' dir='ltr'><strong>de</strong></span> <span class='ocrx_word' id='word_1_594' title='bbox 1216 4107 1564 4178; x_wconf 83' lang='lat' dir='ltr'><strong>patriarcliis,</strong></span> <span class='ocrx_word' id='word_1_595' title='bbox 1594 4108 1690 4176; x_wconf 88' lang='lat' dir='ltr'><strong>qui</strong></span> <span class='ocrx_word' id='word_1_596' title='bbox 1717 4107 1820 4178; x_wconf 80' lang='lat' dir='ltr'><strong>sub</strong></span> <span class='ocrx_word' id='word_1_597' title='bbox 1852 4105 1971 4178; x_wconf 83' lang='lat' dir='ltr'><strong>lege</strong></span> <span class='ocrx_word' id='word_1_598' title='bbox 1999 4115 2207 4178; x_wconf 64' lang='lat' dir='ltr'><strong>natura:</strong></span> 
     </span>
    </p>
   </div>
   <div class='ocr_carea' id='block_1_72' title="bbox 639 4172 2199 4247">
    <p class='ocr_par' dir='ltr' id='par_1_72' title="bbox 639 4172 2199 4247">
     <span class='ocr_line' id='line_1_73' title="bbox 639 4172 2199 4247; baseline -0.003 -14"><span class='ocrx_word' id='word_1_599' title='bbox 639 4181 917 4241; x_wconf 84' lang='lat' dir='ltr'><strong>vivebant,</strong></span> <span class='ocrx_word' id='word_1_600' title='bbox 942 4172 1047 4233; x_wconf 70' lang='lat' dir='ltr'><strong>non</strong></span> <span class='ocrx_word' id='word_1_601' title='bbox 1086 4179 1153 4231; x_wconf 88' lang='lat' dir='ltr'><strong>de</strong></span> <span class='ocrx_word' id='word_1_602' title='bbox 1186 4172 1482 4247; x_wconf 74' lang='lat' dir='ltr'><strong>prophetis,</strong></span> <span class='ocrx_word' id='word_1_603' title='bbox 1512 4172 1740 4247; x_wconf 72' lang='lat' dir='ltr'><strong>aliisque</strong></span> <span class='ocrx_word' id='word_1_604' title='bbox 1757 4174 1941 4247; x_wconf 75' lang='lat' dir='ltr'><strong>iustis,</strong></span> <span class='ocrx_word' id='word_1_605' title='bbox 1976 4174 2065 4243; x_wconf 89' lang='lat' dir='ltr'><strong>qui</strong></span> <span class='ocrx_word' id='word_1_606' title='bbox 2095 4172 2199 4229; x_wconf 83' lang='lat' dir='ltr'><strong>Mo-</strong></span> 
     </span>
    </p>
   </div>
   <div class='ocr_carea' id='block_1_73' title="bbox 640 4248 1678 4317">
    <p class='ocr_par' dir='ltr' id='par_1_73' title="bbox 640 4248 1678 4317">
     <span class='ocr_line' id='line_1_74' title="bbox 640 4248 1678 4317; baseline -0.003 -14"><span class='ocrx_word' id='word_1_607' title='bbox 640 4250 803 4304; x_wconf 62' lang='lat' dir='ltr'><strong>saicae</strong></span> <span class='ocrx_word' id='word_1_608' title='bbox 826 4249 927 4317; x_wconf 75' lang='lat' dir='ltr'><strong>legi</strong></span> <span class='ocrx_word' id='word_1_609' title='bbox 957 4248 1285 4317; x_wconf 83' lang='lat' dir='ltr'><strong>serviebant,</strong></span> <span class='ocrx_word' id='word_1_610' title='bbox 1322 4248 1547 4303; x_wconf 88' lang='lat' dir='ltr'><strong>evidens</strong></span> <span class='ocrx_word' id='word_1_611' title='bbox 1572 4258 1678 4302; x_wconf 83' lang='lat' dir='ltr'><strong>est.</strong></span> 
     </span>
    </p>
   </div>
   <div class='ocr_carea' id='block_1_74' title="bbox 713 4310 2205 4390">
    <p class='ocr_par' dir='ltr' id='par_1_74' title="bbox 713 4310 2205 4390">
     <span class='ocr_line' id='line_1_75' title="bbox 713 4310 2205 4390; baseline -0.004 -17"><span class='ocrx_word' id='word_1_612' title='bbox 713 4317 824 4390; x_wconf 71' lang='grc'><strong>(72)</strong></span> <span class='ocrx_word' id='word_1_613' title='bbox 875 4310 979 4383; x_wconf 66' lang='lat' dir='ltr'><strong>Qui</strong></span> <span class='ocrx_word' id='word_1_614' title='bbox 1011 4318 1117 4386; x_wconf 78' lang='lat' dir='ltr'><strong>ﬁde</strong></span> <span class='ocrx_word' id='word_1_615' title='bbox 1152 4316 1609 4385; x_wconf 79' lang='lat' dir='ltr'><strong>justiﬁcabantur.</strong></span> <span class='ocrx_word' id='word_1_616' title='bbox 1666 4316 1801 4390; x_wconf 73' lang='lat' dir='ltr'><strong>Fide</strong></span> <span class='ocrx_word' id='word_1_617' title='bbox 1851 4310 2108 4390; x_wconf 74' lang='lat' dir='ltr'><strong>videlicet</strong></span> <span class='ocrx_word' id='word_1_618' title='bbox 2152 4313 2205 4367; x_wconf 88' lang='lat' dir='ltr'><strong>in</strong></span> 
     </span>
    </p>
   </div>
   <div class='ocr_carea' id='block_1_75' title="bbox 640 4384 2211 4457">
    <p class='ocr_par' dir='ltr' id='par_1_75' title="bbox 640 4384 2211 4457">
     <span class='ocr_line' id='line_1_76' title="bbox 640 4384 2211 4457; baseline -0.006 -12"><span class='ocrx_word' id='word_1_619' title='bbox 640 4384 891 4457; x_wconf 68' lang='lat' dir='ltr'><strong>Messium</strong></span> <span class='ocrx_word' id='word_1_620' title='bbox 923 4384 1238 4451; x_wconf 84' lang='lat' dir='ltr'><strong>venturum;</strong></span> <span class='ocrx_word' id='word_1_621' title='bbox 1264 4384 1439 4457; x_wconf 89' lang='lat' dir='ltr'><strong>eaque</strong></span> <span class='ocrx_word' id='word_1_622' title='bbox 1470 4404 1576 4442; x_wconf 88' lang='lat' dir='ltr'><strong>non</strong></span> <span class='ocrx_word' id='word_1_623' title='bbox 1600 4389 1740 4457; x_wconf 87' lang='lat' dir='ltr'><strong>sola,</strong></span> <span class='ocrx_word' id='word_1_624' title='bbox 1771 4395 1956 4455; x_wconf 89' lang='lat' dir='ltr'><strong>utpote</strong></span> <span class='ocrx_word' id='word_1_625' title='bbox 1984 4384 2075 4457; x_wconf 78' lang='lat' dir='ltr'><strong>qui</strong></span> <span class='ocrx_word' id='word_1_626' title='bbox 2119 4397 2211 4457; x_wconf 74' lang='lat' dir='ltr'><strong>per</strong></span> 
     </span>
    </p>
   </div>
   <div class='ocr_carea' id='block_1_76' title="bbox 639 4453 2213 4528">
    <p class='ocr_par' dir='ltr' id='par_1_76' title="bbox 639 4453 2213 4528">
     <span class='ocr_line' id='line_1_77' title="bbox 639 4453 2213 4528; baseline -0.003 -16"><span class='ocrx_word' id='word_1_627' title='bbox 639 4456 911 4514; x_wconf 83' lang='lat' dir='ltr'><strong>naturalia</strong></span> <span class='ocrx_word' id='word_1_628' title='bbox 944 4456 1093 4528; x_wconf 80' lang='lat' dir='ltr'><strong>legis,</strong></span> <span class='ocrx_word' id='word_1_629' title='bbox 1121 4453 1393 4528; x_wconf 77' lang='lat' dir='ltr'><strong>tanquam</strong></span> <span class='ocrx_word' id='word_1_630' title='bbox 1418 4472 1546 4513; x_wconf 88' lang='lat' dir='ltr'><strong>vera</strong></span> <span class='ocrx_word' id='word_1_631' title='bbox 1587 4456 1814 4524; x_wconf 68' lang='lat' dir='ltr'><strong>justitite</strong></span> <span class='ocrx_word' id='word_1_632' title='bbox 1834 4453 2213 4528; x_wconf 63' lang='lat' dir='ltr'><strong>percipienda</strong></span> 
     </span>
    </p>
   </div>
   <div class='ocr_carea' id='block_1_77' title="bbox 640 4524 2095 4593">
    <p class='ocr_par' dir='ltr' id='par_1_77' title="bbox 640 4524 2095 4593">
     <span class='ocr_line' id='line_1_78' title="bbox 640 4524 2095 4593; baseline -0.003 -8"><span class='ocrx_word' id='word_1_633' title='bbox 640 4524 1024 4591; x_wconf 75' lang='lat' dir='ltr'><strong>instrumenta,</strong></span> <span class='ocrx_word' id='word_1_634' title='bbox 1047 4528 1209 4582; x_wconf 90' lang='lat' dir='ltr'><strong>etiam</strong></span> <span class='ocrx_word' id='word_1_635' title='bbox 1226 4526 1669 4593; x_wconf 80' lang='lat' dir='ltr'><strong>justiﬁcarcntttr,</strong></span> <span class='ocrx_word' id='word_1_636' title='bbox 1696 4535 1755 4581; x_wconf 89' lang='lat' dir='ltr'><strong>ut</strong></span> <span class='ocrx_word' id='word_1_637' title='bbox 1780 4524 1907 4581; x_wconf 74' lang='lat' dir='ltr'><strong>mus</strong></span> <span class='ocrx_word' id='word_1_638' title='bbox 1935 4524 2095 4580; x_wconf 74' lang='lat' dir='ltr'><strong>dixit.</strong></span> 
     </span>
    </p>
   </div>
   <div class='ocr_carea' id='block_1_78' title="bbox 2320 3358 3893 3433">
    <p class='ocr_par' dir='ltr' id='par_1_78' title="bbox 2320 3358 3893 3433">
     <span class='ocr_line' id='line_1_79' title="bbox 2320 3358 3893 3433; baseline -0.001 -15"><span class='ocrx_word' id='word_1_639' title='bbox 2320 3362 2442 3433; x_wconf 89' lang='lat' dir='ltr'><strong>quis</strong></span> <span class='ocrx_word' id='word_1_640' title='bbox 2475 3371 2553 3427; x_wconf 86' lang='lat' dir='ltr'><strong>te,</strong></span> <span class='ocrx_word' id='word_1_641' title='bbox 2585 3378 2605 3413; x_wconf 72' lang='grc' dir='ltr'><strong><em>ι</em></strong></span> <span class='ocrx_word' id='word_1_642' title='bbox 2639 3359 2841 3430; x_wconf 91' lang='lat' dir='ltr'><strong>inquit,</strong></span> <span class='ocrx_word' id='word_1_643' title='bbox 2874 3358 3296 3430; x_wconf 68' lang='lat' dir='ltr'><strong>rangariaverit</strong></span> <span class='ocrx_word' id='word_1_644' title='bbox 3320 3360 3465 3414; x_wconf 92' lang='lat' dir='ltr'><strong>mille</strong></span> <span class='ocrx_word' id='word_1_645' title='bbox 3490 3375 3719 3430; x_wconf 86' lang='lat' dir='ltr'><strong>passus,</strong></span> <span class='ocrx_word' id='word_1_646' title='bbox 3754 3363 3893 3421; x_wconf 82' lang='lat' dir='ltr'><strong>vado</strong></span> 
     </span>
    </p>
   </div>
   <div class='ocr_carea' id='block_1_79' title="bbox 2319 3450 3891 3523">
    <p class='ocr_par' dir='ltr' id='par_1_79' title="bbox 2319 3450 3891 3523">
     <span class='ocr_line' id='line_1_80' title="bbox 2319 3450 3891 3523; baseline 0 -13"><span class='ocrx_word' id='word_1_647' title='bbox 2319 3469 2445 3510; x_wconf 89' lang='lat' dir='ltr'><strong>cum</strong></span> <span class='ocrx_word' id='word_1_648' title='bbox 2477 3467 2543 3509; x_wconf 90' lang='lat' dir='ltr'><strong>eo</strong></span> <span class='ocrx_word' id='word_1_649' title='bbox 2577 3452 2681 3507; x_wconf 89' lang='lat' dir='ltr'><strong>alia</strong></span> <span class='ocrx_word' id='word_1_650' title='bbox 2706 3452 2814 3507; x_wconf 89' lang='lat' dir='ltr'><strong>duo</strong></span> <span class='ocrx_word' id='word_1_651' title='bbox 2846 3450 2870 3484; x_wconf 84' lang='grc'>⁸</span> <span class='ocrx_word' id='word_1_652' title='bbox 2904 3451 3053 3523; x_wconf 70' lang='lat'><strong>(85);</strong></span> <span class='ocrx_word' id='word_1_653' title='bbox 3091 3469 3111 3504; x_wconf 70' lang='grc' dir='ltr'><strong>ι</strong></span> <span class='ocrx_word' id='word_1_654' title='bbox 3146 3450 3223 3506; x_wconf 89' lang='lat' dir='ltr'><strong>uti</strong></span> <span class='ocrx_word' id='word_1_655' title='bbox 3254 3465 3357 3505; x_wconf 92' lang='lat' dir='ltr'><strong>non</strong></span> <span class='ocrx_word' id='word_1_656' title='bbox 3386 3451 3542 3521; x_wconf 85' lang='lat' dir='ltr'><strong>quasi</strong></span> <span class='ocrx_word' id='word_1_657' title='bbox 3576 3466 3773 3509; x_wconf 88' lang='lat' dir='ltr'><strong>servus</strong></span> <span class='ocrx_word' id='word_1_658' title='bbox 3806 3469 3891 3510; x_wconf 84' lang='lat' dir='ltr'><strong>se-</strong></span> 
     </span>
    </p>
   </div>
   <div class='ocr_carea' id='block_1_80' title="bbox 2319 3540 3885 3614">
    <p class='ocr_par' dir='ltr' id='par_1_80' title="bbox 2319 3540 3885 3614">
     <span class='ocr_line' id='line_1_81' title="bbox 2319 3540 3885 3614; baseline 0.003 -17"><span class='ocrx_word' id='word_1_659' title='bbox 2319 3543 2530 3614; x_wconf 91' lang='lat' dir='ltr'><strong>quaris,</strong></span> <span class='ocrx_word' id='word_1_660' title='bbox 2560 3542 2655 3599; x_wconf 90' lang='lat' dir='ltr'><strong>sed</strong></span> <span class='ocrx_word' id='word_1_661' title='bbox 2693 3540 2847 3612; x_wconf 84' lang='lat' dir='ltr'><strong>quasi</strong></span> <span class='ocrx_word' id='word_1_662' title='bbox 2879 3541 3019 3597; x_wconf 88' lang='lat' dir='ltr'><strong>liber</strong></span> <span class='ocrx_word' id='word_1_663' title='bbox 3048 3542 3350 3612; x_wconf 68' lang='lat' dir='ltr'><strong>praecedas,</strong></span> <span class='ocrx_word' id='word_1_664' title='bbox 3379 3550 3566 3612; x_wconf 87' lang='lat' dir='ltr'><strong>aptum</strong></span> <span class='ocrx_word' id='word_1_665' title='bbox 3597 3542 3711 3613; x_wconf 70' lang='lat' dir='ltr'><strong>(8t)</strong></span> <span class='ocrx_word' id='word_1_666' title='bbox 3743 3555 3796 3601; x_wconf 88' lang='lat' dir='ltr'><strong>te</strong></span> <span class='ocrx_word' id='word_1_667' title='bbox 3832 3546 3885 3602; x_wconf 87' lang='lat' dir='ltr'><strong>in</strong></span> 
     </span>
    </p>
   </div>
   <div class='ocr_carea' id='block_1_81' title="bbox 2315 3634 3887 3706">
    <p class='ocr_par' dir='ltr' id='par_1_81' title="bbox 2315 3634 3887 3706">
     <span class='ocr_line' id='line_1_82' title="bbox 2315 3634 3887 3706; baseline 0.001 -14"><span class='ocrx_word' id='word_1_668' title='bbox 2315 3637 2574 3693; x_wconf 90' lang='lat' dir='ltr'><strong>omnibus</strong></span> <span class='ocrx_word' id='word_1_669' title='bbox 2604 3634 2739 3704; x_wconf 82' lang='lat'><strong>(85),</strong></span> <span class='ocrx_word' id='word_1_670' title='bbox 2763 3646 2820 3692; x_wconf 91' lang='lat' dir='ltr'><strong>et</strong></span> <span class='ocrx_word' id='word_1_671' title='bbox 2845 3637 3033 3693; x_wconf 89' lang='lat' dir='ltr'><strong>utilem</strong></span> <span class='ocrx_word' id='word_1_672' title='bbox 3062 3636 3313 3706; x_wconf 77' lang='lat' dir='ltr'><strong>proximo</strong></span> <span class='ocrx_word' id='word_1_673' title='bbox 3343 3642 3607 3703; x_wconf 65' lang='lat' dir='ltr'><strong>praestans</strong></span> <span class='ocrx_word' id='word_1_674' title='bbox 3638 3650 3652 3688; x_wconf 90' lang='lat'><strong>:</strong></span> <span class='ocrx_word' id='word_1_675' title='bbox 3687 3650 3793 3692; x_wconf 87' lang='lat' dir='ltr'><strong>non</strong></span> <span class='ocrx_word' id='word_1_676' title='bbox 3825 3637 3887 3693; x_wconf 80' lang='lat' dir='ltr'><strong>ii-</strong></span> 
     </span>
    </p>
   </div>
   <div class='ocr_carea' id='block_1_82' title="bbox 1909 3728 3160 3800">
    <p class='ocr_par' dir='ltr' id='par_1_82' title="bbox 1909 3728 3158 3800">
     <span class='ocr_line' id='line_1_83' title="bbox 1909 3728 3158 3800; baseline 0.002 -16"><span class='ocrx_word' id='word_1_677' title='bbox 1909 3732 1930 3764; x_wconf 80' lang='grc'>⁸</span> <span class='ocrx_word' id='word_1_678' title='bbox 1961 3728 2125 3798; x_wconf 85' lang='lat' dir='ltr'><strong>lbid.,</strong></span> <span class='ocrx_word' id='word_1_679' title='bbox 2151 3731 2244 3799; x_wconf 76' lang='lat'><strong>35,</strong></span> <span class='ocrx_word' id='word_1_680' title='bbox 2284 3731 2377 3799; x_wconf 75' lang='lat' dir='ltr'><strong>5i,</strong></span> <span class='ocrx_word' id='word_1_681' title='bbox 2409 3732 2502 3789; x_wconf 78' lang='lat'><strong>57.</strong></span> <span class='ocrx_word' id='word_1_682' title='bbox 2577 3733 2599 3766; x_wconf 84' lang='grc'>³</span> <span class='ocrx_word' id='word_1_683' title='bbox 2626 3732 2782 3800; x_wconf 88' lang='lat' dir='ltr'><strong>lbid.,</strong></span> <span class='ocrx_word' id='word_1_684' title='bbox 2818 3731 2909 3789; x_wconf 72' lang='lat'><strong>20.</strong></span> <span class='ocrx_word' id='word_1_685' title='bbox 2984 3731 3158 3787; x_wconf 72' lang='lat' dir='ltr'><strong>‘an.</strong></span> 
     </span>
    </p>
   </div>
   <div class='ocr_carea' id='block_1_83' title="bbox 2307 3728 3882 3800">
    <p class='ocr_par' dir='ltr' id='par_1_83' title="bbox 2307 3728 3882 3800">
     <span class='ocr_line' id='line_1_84' title="bbox 2307 3728 3882 3800; baseline 0.002 -13"><span class='ocrx_word' id='word_1_686' title='bbox 2307 3732 2377 3799; x_wconf 73' lang='lat' dir='ltr'><strong>ii,</strong></span> <span class='ocrx_word' id='word_1_687' title='bbox 2409 3732 2502 3789; x_wconf 79' lang='lat'><strong>57.</strong></span> <span class='ocrx_word' id='word_1_688' title='bbox 2577 3733 2599 3766; x_wconf 83' lang='grc'>³</span> <span class='ocrx_word' id='word_1_689' title='bbox 2626 3732 2782 3800; x_wconf 88' lang='lat' dir='ltr'><strong>lbid.,</strong></span> <span class='ocrx_word' id='word_1_690' title='bbox 2818 3731 2909 3789; x_wconf 72' lang='lat'><strong>20.</strong></span> <span class='ocrx_word' id='word_1_691' title='bbox 2984 3731 3158 3787; x_wconf 70' lang='lat' dir='ltr'><strong>‘an.</strong></span> <span class='ocrx_word' id='word_1_692' title='bbox 3193 3748 3269 3798; x_wconf 64' lang='grc' dir='ltr'><strong>γι,</strong></span> <span class='ocrx_word' id='word_1_693' title='bbox 3296 3729 3367 3786; x_wconf 75' lang='grc'><strong>29</strong></span> <span class='ocrx_word' id='word_1_694' title='bbox 3421 3743 3574 3799; x_wconf 86' lang='lat' dir='ltr'><strong>seqq.</strong></span> <span class='ocrx_word' id='word_1_695' title='bbox 3647 3728 3882 3790; x_wconf 74' lang='lat' dir='ltr'><strong>&#39;Matth.</strong></span> 
     </span>
    </p>
   </div>
   <div class='ocr_carea' id='block_1_84' title="bbox 2310 3890 3881 3967">
    <p class='ocr_par' dir='ltr' id='par_1_84' title="bbox 2310 3890 3881 3967">
     <span class='ocr_line' id='line_1_85' title="bbox 2310 3890 3881 3967; baseline 0.005 -22"><span class='ocrx_word' id='word_1_696' title='bbox 2310 3892 2366 3945; x_wconf 94' lang='lat' dir='ltr'><strong>in</strong></span> <span class='ocrx_word' id='word_1_697' title='bbox 2397 3890 2518 3947; x_wconf 87' lang='lat' dir='ltr'><strong>aliis</strong></span> <span class='ocrx_word' id='word_1_698' title='bbox 2545 3890 3085 3967; x_wconf 75' lang='lat' dir='ltr'><strong>occurrisse,_eode_m</strong></span> <span class='ocrx_word' id='word_1_699' title='bbox 3111 3890 3396 3960; x_wconf 85' lang='lat' dir='ltr'><strong>utrobique</strong></span> <span class='ocrx_word' id='word_1_700' title='bbox 3421 3905 3671 3967; x_wconf 79' lang='lat' dir='ltr'><strong>manente</strong></span> <span class='ocrx_word' id='word_1_701' title='bbox 3699 3911 3881 3967; x_wconf 86' lang='lat' dir='ltr'><strong>sensu,</strong></span> 
     </span>
    </p>
   </div>
   <div class='ocr_carea' id='block_1_85' title="bbox 2312 3958 3551 4032">
    <p class='ocr_par' dir='ltr' id='par_1_85' title="bbox 2312 3958 3551 4032">
     <span class='ocr_line' id='line_1_86' title="bbox 2312 3958 3551 4032; baseline 0.003 -17"><span class='ocrx_word' id='word_1_702' title='bbox 2312 3970 2369 4015; x_wconf 90' lang='lat' dir='ltr'><strong>nt</strong></span> <span class='ocrx_word' id='word_1_703' title='bbox 2409 3961 2812 4032; x_wconf 77' lang='lat' dir='ltr'><strong>ttotat_August.</strong></span> <span class='ocrx_word' id='word_1_704' title='bbox 2839 3961 2932 4015; x_wconf 90' lang='lat' dir='ltr'><strong>lib.</strong></span> <span class='ocrx_word' id='word_1_705' title='bbox 2969 3976 2987 4032; x_wconf 82' lang='lat' dir='ltr'><strong>t</strong></span> <span class='ocrx_word' id='word_1_706' title='bbox 3015 3958 3284 4032; x_wconf 57' lang='grc' dir='ltr'><strong>μείνασαν</strong></span> <span class='ocrx_word' id='word_1_707' title='bbox 3308 3958 3436 4032; x_wconf 81' lang='lat' dir='ltr'><strong>cap.</strong></span> <span class='ocrx_word' id='word_1_708' title='bbox 3464 3965 3551 4020; x_wconf 83' lang='grc'><strong>19.</strong></span> 
     </span>
    </p>
   </div>
   <div class='ocr_carea' id='block_1_86' title="bbox 2386 4030 3443 4102">
    <p class='ocr_par' dir='ltr' id='par_1_86' title="bbox 2386 4030 3443 4102">
     <span class='ocr_line' id='line_1_87' title="bbox 2386 4030 3443 4102; baseline 0.002 -17"><span class='ocrx_word' id='word_1_709' title='bbox 2386 4031 2499 4102; x_wconf 87' lang='grc'><strong>(75)</strong></span> <span class='ocrx_word' id='word_1_710' title='bbox 2526 4030 2710 4100; x_wconf 85' lang='lat' dir='ltr'><strong>Neque</strong></span> <span class='ocrx_word' id='word_1_711' title='bbox 2722 4031 2932 4099; x_wconf 80' lang='lat' dir='ltr'><strong>jurare.</strong></span> <span class='ocrx_word' id='word_1_712' title='bbox 2956 4030 3091 4102; x_wconf 79' lang='lat' dir='ltr'><strong>_Alii,</strong></span> <span class='ocrx_word' id='word_1_713' title='bbox 3114 4030 3443 4102; x_wconf 74' lang='lat' dir='ltr'><strong>nonjurare.</strong></span> 
     </span>
    </p>
   </div>
   <div class='ocr_carea' id='block_1_87' title="bbox 2386 4100 3877 4177">
    <p class='ocr_par' dir='ltr' id='par_1_87' title="bbox 2386 4100 3877 4177">
     <span class='ocr_line' id='line_1_88' title="bbox 2386 4100 3877 4177; baseline 0.005 -23"><span class='ocrx_word' id='word_1_714' title='bbox 2386 4100 2497 4177; x_wconf 77' lang='lat'><strong>(76)</strong></span> <span class='ocrx_word' id='word_1_715' title='bbox 2535 4102 2901 4177; x_wconf 81' lang='lat' dir='ltr'><strong>Et_umtatem_</strong></span> <span class='ocrx_word' id='word_1_716' title='bbox 2946 4100 3043 4154; x_wconf 88' lang='lat' dir='ltr'><strong>Dei</strong></span> <span class='ocrx_word' id='word_1_717' title='bbox 3081 4100 3604 4177; x_wconf 53' lang='lat' dir='ltr'><strong>nemineminducit.</strong></span> <span class='ocrx_word' id='word_1_718' title='bbox 3639 4106 3732 4161; x_wconf 90' lang='lat' dir='ltr'><strong>Sic</strong></span> <span class='ocrx_word' id='word_1_719' title='bbox 3778 4122 3877 4177; x_wconf 85' lang='lat' dir='ltr'><strong>pro</strong></span> 
     </span>
    </p>
   </div>
   <div class='ocr_carea' id='block_1_88' title="bbox 2313 4169 3875 4241">
    <p class='ocr_par' dir='ltr' id='par_1_88' title="bbox 2313 4169 3875 4241">
     <span class='ocr_line' id='line_1_89' title="bbox 2313 4169 3875 4241; baseline 0.004 -16"><span class='ocrx_word' id='word_1_720' title='bbox 2313 4169 2567 4225; x_wconf 80' lang='lat' dir='ltr'><strong>unitatem</strong></span> <span class='ocrx_word' id='word_1_721' title='bbox 2608 4169 2718 4224; x_wconf 85' lang='lat' dir='ltr'><strong>Deo</strong></span> <span class='ocrx_word' id='word_1_722' title='bbox 2761 4172 3021 4224; x_wconf 81' lang='lat' dir='ltr'><strong>hominem</strong></span> <span class='ocrx_word' id='word_1_723' title='bbox 3071 4169 3294 4241; x_wconf 77' lang='lat' dir='ltr'><strong>Domin</strong></span> <span class='ocrx_word' id='word_1_724' title='bbox 3332 4171 3523 4241; x_wconf 85' lang='lat' dir='ltr'><strong>ducit,</strong></span> <span class='ocrx_word' id='word_1_725' title='bbox 3569 4169 3875 4232; x_wconf 64' lang='lat' dir='ltr'><strong>emendavi:</strong></span> 
     </span>
    </p>
   </div>
   <div class='ocr_carea' id='block_1_89' title="bbox 2315 4240 3876 4312">
    <p class='ocr_par' dir='ltr' id='par_1_89' title="bbox 2315 4240 3876 4312">
     <span class='ocr_line' id='line_1_90' title="bbox 2315 4240 3876 4312; baseline 0.003 -16"><span class='ocrx_word' id='word_1_726' title='bbox 2315 4241 2550 4312; x_wconf 85' lang='lat' dir='ltr'><strong>Feuard.</strong></span> <span class='ocrx_word' id='word_1_727' title='bbox 2580 4254 2645 4294; x_wconf 81' lang='lat' dir='ltr'><strong>ex</strong></span> <span class='ocrx_word' id='word_1_728' title='bbox 2699 4248 2809 4312; x_wconf 79' lang='lat' dir='ltr'><strong>vet.</strong></span> <span class='ocrx_word' id='word_1_729' title='bbox 2854 4240 2977 4312; x_wconf 77' lang='lat' dir='ltr'><strong>cod.</strong></span> <span class='ocrx_word' id='word_1_730' title='bbox 3017 4240 3144 4308; x_wconf 88' lang='lat' dir='ltr'><strong>(nisi</strong></span> <span class='ocrx_word' id='word_1_731' title='bbox 3194 4240 3337 4307; x_wconf 88' lang='lat' dir='ltr'><strong>quod</strong></span> <span class='ocrx_word' id='word_1_732' title='bbox 3378 4240 3660 4312; x_wconf 81' lang='lat' dir='ltr'><strong>scripserit</strong></span> <span class='ocrx_word' id='word_1_733' title='bbox 3702 4249 3876 4312; x_wconf 81' lang='lat' dir='ltr'><strong>ducit,</strong></span> 
     </span>
    </p>
   </div>
   <div class='ocr_carea' id='block_1_90' title="bbox 2314 4309 3876 4388">
    <p class='ocr_par' dir='ltr' id='par_1_90' title="bbox 2314 4309 3876 4388">
     <span class='ocr_line' id='line_1_91' title="bbox 2314 4309 3876 4388; baseline 0.005 -25"><span class='ocrx_word' id='word_1_734' title='bbox 2314 4311 2457 4377; x_wconf 90' lang='lat' dir='ltr'><strong>quod</strong></span> <span class='ocrx_word' id='word_1_735' title='bbox 2511 4309 2837 4388; x_wconf 77' lang='lat' dir='ltr'><strong>auctoritate</strong></span> <span class='ocrx_word' id='word_1_736' title='bbox 2876 4309 3122 4388; x_wconf 53' lang='lat' dir='ltr'><strong>garum.</strong></span> <span class='ocrx_word' id='word_1_737' title='bbox 3162 4309 3506 4388; x_wconf 48' lang='lat' dir='ltr'><strong>commutavi</strong></span> <span class='ocrx_word' id='word_1_738' title='bbox 3554 4309 3876 4388; x_wconf 82' lang='lat' dir='ltr'><strong>in_inducit)</strong></span> 
     </span>
    </p>
   </div>
   <div class='ocr_carea' id='block_1_91' title="bbox 2318 4377 3872 4450">
    <p class='ocr_par' dir='ltr' id='par_1_91' title="bbox 2318 4377 3872 4450">
     <span class='ocr_line' id='line_1_92' title="bbox 2318 4377 3872 4450; baseline 0.005 -15"><span class='ocrx_word' id='word_1_739' title='bbox 2318 4396 2439 4435; x_wconf 91' lang='lat' dir='ltr'><strong>cum</strong></span> <span class='ocrx_word' id='word_1_740' title='bbox 2468 4395 2575 4450; x_wconf 91' lang='lat' dir='ltr'><strong>quo</strong></span> <span class='ocrx_word' id='word_1_741' title='bbox 2596 4378 2869 4450; x_wconf 86' lang='lat' dir='ltr'><strong>consentit</strong></span> <span class='ocrx_word' id='word_1_742' title='bbox 2892 4377 3048 4450; x_wconf 77' lang='lat' dir='ltr'><strong>Voss.</strong></span> <span class='ocrx_word' id='word_1_743' title='bbox 3090 4380 3196 4450; x_wconf 73' lang='lat' dir='ltr'><strong>Sed</strong></span> <span class='ocrx_word' id='word_1_744' title='bbox 3237 4380 3289 4450; x_wconf 70' lang='lat' dir='ltr'><strong>ip</strong></span> <span class='ocrx_word' id='word_1_745' title='bbox 3320 4380 3583 4450; x_wconf 85' lang='lat' dir='ltr'><strong>Clarom.,</strong></span> <span class='ocrx_word' id='word_1_746' title='bbox 3611 4377 3872 4442; x_wconf 57' lang='lat' dir='ltr'><strong>Aruudel:</strong></span> 
     </span>
    </p>
   </div>
   <div class='ocr_carea' id='block_1_92' title="bbox 2317 4446 3356 4517">
    <p class='ocr_par' dir='ltr' id='par_1_92' title="bbox 2317 4446 3356 4517">
     <span class='ocr_line' id='line_1_93' title="bbox 2317 4446 3356 4517; baseline -0.002 -13"><span class='ocrx_word' id='word_1_747' title='bbox 2317 4461 2371 4504; x_wconf 89' lang='lat' dir='ltr'><strong>et</strong></span> <span class='ocrx_word' id='word_1_748' title='bbox 2398 4446 2563 4504; x_wconf 76' lang='lat' dir='ltr'><strong>Merc.</strong></span> <span class='ocrx_word' id='word_1_749' title='bbox 2585 4449 2639 4510; x_wconf 77' lang='lat'><strong>‘2,</strong></span> <span class='ocrx_word' id='word_1_750' title='bbox 2666 4449 2931 4517; x_wconf 87' lang='lat' dir='ltr'><strong>scriptum</strong></span> <span class='ocrx_word' id='word_1_751' title='bbox 2956 4449 3067 4503; x_wconf 87' lang='lat' dir='ltr'><strong>Deo</strong></span> <span class='ocrx_word' id='word_1_752' title='bbox 3090 4448 3211 4504; x_wconf 88' lang='lat' dir='ltr'><strong>loco</strong></span> <span class='ocrx_word' id='word_1_753' title='bbox 3236 4446 3356 4503; x_wconf 83' lang='lat' dir='ltr'><strong>Dei.</strong></span> 
     </span>
    </p>
   </div>
   <div class='ocr_carea' id='block_1_93' title="bbox 2387 4517 3878 4590">
    <p class='ocr_par' dir='ltr' id='par_1_93' title="bbox 2387 4517 3878 4590">
     <span class='ocr_line' id='line_1_94' title="bbox 2387 4517 3878 4590; baseline 0.007 -17"><span class='ocrx_word' id='word_1_754' title='bbox 2387 4521 2499 4590; x_wconf 92' lang='grc'><strong>(77)</strong></span> <span class='ocrx_word' id='word_1_755' title='bbox 2547 4518 2771 4575; x_wconf 77' lang='lat' dir='ltr'><strong>Servire.</strong></span> <span class='ocrx_word' id='word_1_756' title='bbox 2823 4517 2901 4590; x_wconf 84' lang='lat' dir='ltr'><strong>lta</strong></span> <span class='ocrx_word' id='word_1_757' title='bbox 2947 4517 3185 4590; x_wconf 75' lang='lat' dir='ltr'><strong>Clarum.</strong></span> <span class='ocrx_word' id='word_1_758' title='bbox 3233 4517 3291 4590; x_wconf 82' lang='lat' dir='ltr'><strong>In</strong></span> <span class='ocrx_word' id='word_1_759' title='bbox 3322 4517 3505 4585; x_wconf 80' lang='lat' dir='ltr'><strong>Voss.,</strong></span> <span class='ocrx_word' id='word_1_760' title='bbox 3548 4522 3786 4582; x_wconf 82' lang='lat' dir='ltr'><strong>Feuard.</strong></span> <span class='ocrx_word' id='word_1_761' title='bbox 3819 4535 3878 4583; x_wconf 81' lang='lat' dir='ltr'><strong>et</strong></span> 
     </span>
    </p>
   </div>
   <div class='ocr_carea' id='block_1_94' title="bbox 712 4567 3160 4670">
    <p class='ocr_par' dir='ltr' id='par_1_94' title="bbox 712 4567 3160 4670">
     <span class='ocr_line' id='line_1_95' title="bbox 712 4567 3160 4670; baseline -0.004 -18"><span class='ocrx_word' id='word_1_762' title='bbox 712 4567 1209 4670; x_wconf 55' lang='lat' dir='ltr'><strong>iis)&quot;&#39;t§l&#39;iiiip7}?ti.&#39;</strong></span> <span class='ocrx_word' id='word_1_763' title='bbox 1226 4567 1728 4653; x_wconf 63' lang='grc' dir='ltr'><strong>Ἠὲιὶἐτῖἶὲἴῖἱιὶἔ</strong></span> <span class='ocrx_word' id='word_1_764' title='bbox 1736 4567 2202 4661; x_wconf 58' lang='grc' dir='ltr'><strong>ὶῖῗέυὲὶῐὶῖιαιθ</strong></span> <span class='ocrx_word' id='word_1_765' title='bbox 2232 4567 2277 4626; x_wconf 76' lang='grc' dir='ltr'><strong>θ</strong></span> <span class='ocrx_word' id='word_1_766' title='bbox 2307 4567 2501 4670; x_wconf 43' lang='lat' dir='ltr'><strong>alii);</strong></span> <span class='ocrx_word' id='word_1_767' title='bbox 2522 4567 2911 4670; x_wconf 44' lang='lat' dir='ltr'><strong>21%;ij</strong></span> <span class='ocrx_word' id='word_1_768' title='bbox 2945 4567 3160 4670; x_wconf 51' lang='lat' dir='ltr'><strong>{aliqua</strong></span> 
     </span>
    </p>
   </div>
   <div class='ocr_carea' id='block_1_95' title="bbox 2307 4567 3671 4670">
    <p class='ocr_par' dir='ltr' id='par_1_95' title="bbox 2307 4567 3671 4670">
     <span class='ocr_line' id='line_1_96' title="bbox 2307 4567 3671 4670; baseline 0.001 -25"><span class='ocrx_word' id='word_1_769' title='bbox 2307 4567 2501 4670; x_wconf 39' lang='lat' dir='ltr'><strong>Craik&quot;,</strong></span> <span class='ocrx_word' id='word_1_770' title='bbox 2522 4590 2792 4670; x_wconf 49' lang='lat' dir='ltr'><strong>adsentire</strong></span> <span class='ocrx_word' id='word_1_771' title='bbox 2810 4589 2911 4670; x_wconf 56' lang='lat' dir='ltr'><strong>,‘jtt</strong></span> <span class='ocrx_word' id='word_1_772' title='bbox 2945 4587 3190 4670; x_wconf 68' lang='lat' dir='ltr'><strong>reliquis,</strong></span> <span class='ocrx_word' id='word_1_773' title='bbox 3216 4588 3284 4642; x_wconf 85' lang='lat' dir='ltr'><strong>ad</strong></span> <span class='ocrx_word' id='word_1_774' title='bbox 3292 4567 3671 4670; x_wconf 47' lang='lat' dir='ltr'><strong>&quot;servienti-uiti:</strong></span> 
     </span>
    </p>
   </div>
   <div class='ocr_carea' id='block_1_96' title="bbox 685 4670 876 4722">
    <p class='ocr_par' dir='ltr' id='par_1_96' title="bbox 685 4670 876 4722">
     <span class='ocr_line' id='line_1_97' title="bbox 685 4670 876 4722; baseline -0.005 0"><span class='ocrx_word' id='word_1_775' title='bbox 685 4670 876 4722; x_wconf 69' lang='lat' dir='ltr'><strong>lar-vin.</strong></span> 
     </span>
    </p>
   </div>
   <div class='ocr_carea' id='block_1_97' title="bbox 637 4669 2197 4822">
    <p class='ocr_par' dir='ltr' id='par_1_97' title="bbox 637 4669 2197 4822">
     <span class='ocr_line' id='line_1_98' title="bbox 637 4669 2197 4822; baseline -0.004 -28"><span class='ocrx_word' id='word_1_776' title='bbox 637 4669 980 4822; x_wconf 31' lang='lat' dir='ltr'><strong>Elii???“</strong></span> <span class='ocrx_word' id='word_1_777' title='bbox 1007 4752 1193 4822; x_wconf 62' lang='grc' dir='ltr'><strong>ςαειξαο</strong></span> <span class='ocrx_word' id='word_1_778' title='bbox 1228 4736 1332 4818; x_wconf 59' lang='grc' dir='ltr'><strong>βία</strong></span> <span class='ocrx_word' id='word_1_779' title='bbox 1361 4735 1577 4822; x_wconf 49' lang='lat' dir='ltr'><strong>(Elidem</strong></span> <span class='ocrx_word' id='word_1_780' title='bbox 1617 4735 1801 4822; x_wconf 46' lang='lat' dir='ltr'><strong>leg-iiut</strong></span> <span class='ocrx_word' id='word_1_781' title='bbox 1830 4732 2197 4822; x_wconf 60' lang='lat' dir='ltr'><strong>antiquissimi</strong></span> 
     </span>
    </p>
   </div>
   <div class='ocr_carea' id='block_1_98' title="bbox 638 4804 2193 4877">
    <p class='ocr_par' dir='ltr' id='par_1_98' title="bbox 638 4804 2193 4877">
     <span class='ocr_line' id='line_1_99' title="bbox 638 4804 2193 4877; baseline -0.004 -15"><span class='ocrx_word' id='word_1_782' title='bbox 638 4804 827 4862; x_wconf 81' lang='lat' dir='ltr'><strong>Patres</strong></span> <span class='ocrx_word' id='word_1_783' title='bbox 853 4806 1050 4877; x_wconf 78' lang='lat' dir='ltr'><strong>Latini.</strong></span> <span class='ocrx_word' id='word_1_784' title='bbox 1081 4806 1337 4877; x_wconf 74' lang='lat' dir='ltr'><strong>Cypriani.</strong></span> <span class='ocrx_word' id='word_1_785' title='bbox 1376 4804 1790 4877; x_wconf 63' lang='lat' dir='ltr'><strong>TestimonJib.</strong></span> <span class='ocrx_word' id='word_1_786' title='bbox 1825 4820 1916 4869; x_wconf 85' lang='lat' dir='ltr'><strong>tu,</strong></span> <span class='ocrx_word' id='word_1_787' title='bbox 1958 4821 2080 4877; x_wconf 83' lang='lat' dir='ltr'><strong>cap.</strong></span> <span class='ocrx_word' id='word_1_788' title='bbox 2129 4804 2193 4866; x_wconf 82' lang='lat'><strong>8;</strong></span> 
     </span>
    </p>
   </div>
   <div class='ocr_carea' id='block_1_99' title="bbox 638 4875 2195 4944">
    <p class='ocr_par' dir='ltr' id='par_1_99' title="bbox 638 4875 2195 4944">
     <span class='ocr_line' id='line_1_100' title="bbox 638 4875 2195 4944; baseline -0.004 -12"><span class='ocrx_word' id='word_1_789' title='bbox 638 4879 875 4932; x_wconf 82' lang='lat' dir='ltr'><strong>llilarius</strong></span> <span class='ocrx_word' id='word_1_790' title='bbox 901 4877 953 4929; x_wconf 88' lang='lat' dir='ltr'><strong>in</strong></span> <span class='ocrx_word' id='word_1_791' title='bbox 988 4875 1274 4931; x_wconf 74' lang='lat' dir='ltr'><strong>Comment.</strong></span> <span class='ocrx_word' id='word_1_792' title='bbox 1316 4878 1372 4930; x_wconf 86' lang='lat' dir='ltr'><strong>in</strong></span> <span class='ocrx_word' id='word_1_793' title='bbox 1418 4876 1633 4939; x_wconf 79' lang='lat' dir='ltr'><strong>Matth.,</strong></span> <span class='ocrx_word' id='word_1_794' title='bbox 1682 4885 1737 4929; x_wconf 88' lang='lat' dir='ltr'><strong>et</strong></span> <span class='ocrx_word' id='word_1_795' title='bbox 1766 4876 1991 4944; x_wconf 80' lang='lat' dir='ltr'><strong>August.</strong></span> <span class='ocrx_word' id='word_1_796' title='bbox 2024 4876 2117 4944; x_wconf 75' lang='lat' dir='ltr'><strong>lib.</strong></span> <span class='ocrx_word' id='word_1_797' title='bbox 2147 4888 2195 4939; x_wconf 89' lang='lat' dir='ltr'><strong>t,</strong></span> 
     </span>
    </p>
   </div>
   <div class='ocr_carea' id='block_1_100' title="bbox 640 4943 2195 5013">
    <p class='ocr_par' dir='ltr' id='par_1_100' title="bbox 640 4943 2195 5013">
     <span class='ocr_line' id='line_1_101' title="bbox 640 4943 2195 5013; baseline -0.003 -13"><span class='ocrx_word' id='word_1_798' title='bbox 640 4950 715 5002; x_wconf 85' lang='lat' dir='ltr'><strong>Ds</strong></span> <span class='ocrx_word' id='word_1_799' title='bbox 740 4964 896 5001; x_wconf 84' lang='lat' dir='ltr'><strong>serm.</strong></span> <span class='ocrx_word' id='word_1_800' title='bbox 930 4944 1088 4998; x_wconf 84' lang='lat' dir='ltr'><strong>Dom.</strong></span> <span class='ocrx_word' id='word_1_801' title='bbox 1127 4948 1182 5000; x_wconf 79' lang='lat' dir='ltr'><strong>in</strong></span> <span class='ocrx_word' id='word_1_802' title='bbox 1206 4958 1397 5012; x_wconf 84' lang='lat' dir='ltr'><strong>monte,</strong></span> <span class='ocrx_word' id='word_1_803' title='bbox 1429 4961 1550 5013; x_wconf 89' lang='lat' dir='ltr'><strong>cap.</strong></span> <span class='ocrx_word' id='word_1_804' title='bbox 1584 4946 1636 4999; x_wconf 89' lang='lat'><strong>9.</strong></span> <span class='ocrx_word' id='word_1_805' title='bbox 1686 4946 1755 4999; x_wconf 81' lang='lat' dir='ltr'><strong>At</strong></span> <span class='ocrx_word' id='word_1_806' title='bbox 1798 4943 1885 4998; x_wconf 83' lang='lat' dir='ltr'><strong>hic</strong></span> <span class='ocrx_word' id='word_1_807' title='bbox 1916 4944 2008 4997; x_wconf 79' lang='lat' dir='ltr'><strong>lilt.</strong></span> <span class='ocrx_word' id='word_1_808' title='bbox 2042 4960 2056 4998; x_wconf 86' lang='grc' dir='ltr'>ι</span> <span class='ocrx_word' id='word_1_809' title='bbox 2094 4943 2195 4996; x_wconf 79' lang='lat' dir='ltr'><strong>lie-</strong></span> 
     </span>
    </p>
   </div>
   <div class='ocr_carea' id='block_1_101' title="bbox 640 5012 2195 5080">
    <p class='ocr_par' dir='ltr' id='par_1_101' title="bbox 640 5012 2195 5080">
     <span class='ocr_line' id='line_1_102' title="bbox 640 5012 2195 5080; baseline -0.003 -9"><span class='ocrx_word' id='word_1_810' title='bbox 640 5028 882 5080; x_wconf 84' lang='lat' dir='ltr'><strong>tractat.,</strong></span> <span class='ocrx_word' id='word_1_811' title='bbox 904 5030 953 5069; x_wconf 88' lang='lat' dir='ltr'><strong>c.</strong></span> <span class='ocrx_word' id='word_1_812' title='bbox 978 5016 1065 5080; x_wconf 76' lang='lat' dir='ltr'><strong>l9,</strong></span> <span class='ocrx_word' id='word_1_813' title='bbox 1092 5024 1274 5069; x_wconf 83' lang='lat' dir='ltr'><strong>monet</strong></span> <span class='ocrx_word' id='word_1_814' title='bbox 1293 5018 1401 5069; x_wconf 69' lang='lat' dir='ltr'><strong>haec</strong></span> <span class='ocrx_word' id='word_1_815' title='bbox 1432 5012 1617 5080; x_wconf 85' lang='lat' dir='ltr'><strong>verba,</strong></span> <span class='ocrx_word' id='word_1_816' title='bbox 1643 5017 1753 5068; x_wconf 81' lang='lat' dir='ltr'><strong>sine</strong></span> <span class='ocrx_word' id='word_1_817' title='bbox 1776 5030 1957 5076; x_wconf 77' lang='lat' dir='ltr'><strong>causa,</strong></span> <span class='ocrx_word' id='word_1_818' title='bbox 1987 5031 2014 5065; x_wconf 89' lang='lat' dir='ltr'><strong>a</strong></span> <span class='ocrx_word' id='word_1_819' title='bbox 2043 5012 2195 5067; x_wconf 68' lang='lat' dir='ltr'><strong>Gras-</strong></span> 
     </span>
    </p>
   </div>
   <div class='ocr_carea' id='block_1_102' title="bbox 635 5084 2194 5157">
    <p class='ocr_par' dir='ltr' id='par_1_102' title="bbox 635 5084 2194 5157">
     <span class='ocr_line' id='line_1_103' title="bbox 635 5084 2194 5157; baseline -0.004 -16"><span class='ocrx_word' id='word_1_820' title='bbox 635 5090 716 5157; x_wconf 81' lang='lat' dir='ltr'><strong>cis</strong></span> <span class='ocrx_word' id='word_1_821' title='bbox 739 5088 898 5142; x_wconf 87' lang='lat' dir='ltr'><strong>codd.</strong></span> <span class='ocrx_word' id='word_1_822' title='bbox 932 5086 1142 5157; x_wconf 71' lang='lat' dir='ltr'><strong>abesse.</strong></span> <span class='ocrx_word' id='word_1_823' title='bbox 1170 5086 1524 5157; x_wconf 67' lang='lat' dir='ltr'><strong>Hieronymus</strong></span> <span class='ocrx_word' id='word_1_824' title='bbox 1550 5084 1830 5157; x_wconf 77' lang='lat' dir='ltr'><strong>etiamlib.</strong></span> <span class='ocrx_word' id='word_1_825' title='bbox 1858 5100 1919 5141; x_wconf 85' lang='lat' dir='ltr'><strong>II.</strong></span> <span class='ocrx_word' id='word_1_826' title='bbox 1940 5085 2194 5157; x_wconf 80' lang='lat' dir='ltr'><strong>Adversus</strong></span> 
     </span>
    </p>
   </div>
   <div class='ocr_carea' id='block_1_103' title="bbox 635 5154 2196 5225">
    <p class='ocr_par' dir='ltr' id='par_1_103' title="bbox 635 5154 2196 5225">
     <span class='ocr_line' id='line_1_104' title="bbox 635 5154 2196 5225; baseline -0.001 -16"><span class='ocrx_word' id='word_1_827' title='bbox 635 5156 823 5225; x_wconf 80' lang='lat' dir='ltr'><strong>Pelag.</strong></span> <span class='ocrx_word' id='word_1_828' title='bbox 854 5166 910 5210; x_wconf 83' lang='lat' dir='ltr'><strong>et</strong></span> <span class='ocrx_word' id='word_1_829' title='bbox 932 5156 985 5209; x_wconf 91' lang='lat' dir='ltr'><strong>ln</strong></span> <span class='ocrx_word' id='word_1_830' title='bbox 1008 5154 1298 5209; x_wconf 75' lang='lat' dir='ltr'><strong>Comment.</strong></span> <span class='ocrx_word' id='word_1_831' title='bbox 1322 5154 1383 5207; x_wconf 56' lang='lat' dir='ltr'><strong>in&#39;</strong></span> <span class='ocrx_word' id='word_1_832' title='bbox 1408 5154 1599 5208; x_wconf 77' lang='lat' dir='ltr'><strong>Matth.</strong></span> <span class='ocrx_word' id='word_1_833' title='bbox 1630 5154 1771 5209; x_wconf 85' lang='lat' dir='ltr'><strong>eain</strong></span> <span class='ocrx_word' id='word_1_834' title='bbox 1810 5156 2196 5225; x_wconf 78' lang='lat' dir='ltr'><strong>vetustissimis</strong></span> 
     </span>
    </p>
   </div>
   <div class='ocr_carea' id='block_1_104' title="bbox 632 5224 2196 5292">
    <p class='ocr_par' dir='ltr' id='par_1_104' title="bbox 632 5224 2196 5292">
     <span class='ocr_line' id='line_1_105' title="bbox 632 5224 2196 5292; baseline -0.005 -11"><span class='ocrx_word' id='word_1_835' title='bbox 632 5237 689 5281; x_wconf 90' lang='lat' dir='ltr'><strong>et</strong></span> <span class='ocrx_word' id='word_1_836' title='bbox 709 5224 1023 5281; x_wconf 84' lang='lat' dir='ltr'><strong>sanioribus</strong></span> <span class='ocrx_word' id='word_1_837' title='bbox 1049 5226 1207 5279; x_wconf 88' lang='lat' dir='ltr'><strong>codd.</strong></span> <span class='ocrx_word' id='word_1_838' title='bbox 1241 5240 1350 5279; x_wconf 90' lang='lat' dir='ltr'><strong>non</strong></span> <span class='ocrx_word' id='word_1_839' title='bbox 1381 5239 1673 5279; x_wconf 73' lang='lat' dir='ltr'><strong>occurrere</strong></span> <span class='ocrx_word' id='word_1_840' title='bbox 1713 5224 2011 5292; x_wconf 88' lang='lat' dir='ltr'><strong>generatim</strong></span> <span class='ocrx_word' id='word_1_841' title='bbox 2045 5236 2196 5274; x_wconf 80' lang='lat' dir='ltr'><strong>asse-</strong></span> 
     </span>
    </p>
   </div>
   <div class='ocr_carea' id='block_1_105' title="bbox 634 5293 2195 5364">
    <p class='ocr_par' dir='ltr' id='par_1_105' title="bbox 634 5293 2195 5364">
     <span class='ocr_line' id='line_1_106' title="bbox 634 5293 2195 5364; baseline -0.003 -14"><span class='ocrx_word' id='word_1_842' title='bbox 634 5298 726 5351; x_wconf 90' lang='lat' dir='ltr'><strong>rit.</strong></span> <span class='ocrx_word' id='word_1_843' title='bbox 756 5295 1005 5349; x_wconf 80' lang='lat' dir='ltr'><strong>Justinus</strong></span> <span class='ocrx_word' id='word_1_844' title='bbox 1039 5297 1241 5364; x_wconf 90' lang='lat' dir='ltr'><strong>pariter</strong></span> <span class='ocrx_word' id='word_1_845' title='bbox 1266 5296 1316 5347; x_wconf 92' lang='lat' dir='ltr'><strong>in</strong></span> <span class='ocrx_word' id='word_1_846' title='bbox 1342 5293 1562 5363; x_wconf 79' lang='lat' dir='ltr'><strong>Apolog.</strong></span> <span class='ocrx_word' id='word_1_847' title='bbox 1592 5296 1616 5347; x_wconf 79' lang='grc'><strong>1</strong></span> <span class='ocrx_word' id='word_1_848' title='bbox 1644 5297 1710 5364; x_wconf 86' lang='lat' dir='ltr'><strong>ad</strong></span> <span class='ocrx_word' id='word_1_849' title='bbox 1741 5294 1994 5346; x_wconf 82' lang='lat' dir='ltr'><strong>Antoniu.</strong></span> <span class='ocrx_word' id='word_1_850' title='bbox 2032 5293 2195 5364; x_wconf 82' lang='lat' dir='ltr'><strong>verba</strong></span> 
     </span>
    </p>
   </div>
   <div class='ocr_carea' id='block_1_106' title="bbox 630 5362 2193 5433">
    <p class='ocr_par' dir='ltr' id='par_1_106' title="bbox 630 5362 2193 5433">
     <span class='ocr_line' id='line_1_107' title="bbox 630 5362 2193 5433; baseline -0.006 -11"><span class='ocrx_word' id='word_1_851' title='bbox 630 5367 837 5422; x_wconf 81' lang='lat' dir='ltr'><strong>Christi</strong></span> <span class='ocrx_word' id='word_1_852' title='bbox 879 5362 1079 5433; x_wconf 71' lang='lat' dir='ltr'><strong>refert,</strong></span> <span class='ocrx_word' id='word_1_853' title='bbox 1124 5364 1324 5433; x_wconf 85' lang='lat' dir='ltr'><strong>omissa</strong></span> <span class='ocrx_word' id='word_1_854' title='bbox 1363 5362 1699 5433; x_wconf 28' lang='lat' dir='ltr'><strong>v’oce’sixﬁ,</strong></span> <span class='ocrx_word' id='word_1_855' title='bbox 1750 5378 1870 5433; x_wconf 64' lang='lat' dir='ltr'><strong>quae</strong></span> <span class='ocrx_word' id='word_1_856' title='bbox 1915 5362 2193 5433; x_wconf 77' lang='lat' dir='ltr'><strong>tamenin</strong></span> 
     </span>
    </p>
   </div>
   <div class='ocr_carea' id='block_1_107' title="bbox 631 5429 2192 5504">
    <p class='ocr_par' dir='ltr' id='par_1_107' title="bbox 631 5429 2192 5504">
     <span class='ocr_line' id='line_1_108' title="bbox 631 5429 2192 5504; baseline -0.003 -15"><span class='ocrx_word' id='word_1_857' title='bbox 631 5434 803 5504; x_wconf 83' lang='lat' dir='ltr'><strong>Epist.</strong></span> <span class='ocrx_word' id='word_1_858' title='bbox 833 5436 903 5488; x_wconf 86' lang='lat' dir='ltr'><strong>ad</strong></span> <span class='ocrx_word' id='word_1_859' title='bbox 932 5431 1129 5504; x_wconf 80' lang='lat' dir='ltr'><strong>lenam</strong></span> <span class='ocrx_word' id='word_1_860' title='bbox 1171 5444 1227 5504; x_wconf 79' lang='lat' dir='ltr'><strong>et</strong></span> <span class='ocrx_word' id='word_1_861' title='bbox 1268 5432 1521 5487; x_wconf 82' lang='lat' dir='ltr'><strong>Serenum</strong></span> <span class='ocrx_word' id='word_1_862' title='bbox 1543 5472 1560 5500; x_wconf 92' lang='lat'><strong>,</strong></span> <span class='ocrx_word' id='word_1_863' title='bbox 1594 5429 1702 5488; x_wconf 79' lang='lat' dir='ltr'><strong>non</strong></span> <span class='ocrx_word' id='word_1_864' title='bbox 1741 5429 2192 5504; x_wconf 19' lang='lat' dir='ltr'><strong>indubioAJustini</strong></span> 
     </span>
    </p>
   </div>
   <div class='ocr_carea' id='block_1_108' title="bbox 630 5500 2196 5575">
    <p class='ocr_par' dir='ltr' id='par_1_108' title="bbox 630 5500 2196 5575">
     <span class='ocr_line' id='line_1_109' title="bbox 630 5500 2196 5575; baseline -0.003 -16"><span class='ocrx_word' id='word_1_865' title='bbox 630 5500 765 5573; x_wconf 81' lang='lat' dir='ltr'><strong>fetu,</strong></span> <span class='ocrx_word' id='word_1_866' title='bbox 793 5504 1014 5575; x_wconf 82' lang='lat' dir='ltr'><strong>legitur.</strong></span> <span class='ocrx_word' id='word_1_867' title='bbox 1044 5503 1117 5559; x_wconf 86' lang='lat' dir='ltr'><strong>De</strong></span> <span class='ocrx_word' id='word_1_868' title='bbox 1146 5503 1505 5567; x_wconf 87' lang='lat' dir='ltr'><strong>Tertulliano,</strong></span> <span class='ocrx_word' id='word_1_869' title='bbox 1536 5504 1760 5573; x_wconf 83' lang='lat' dir='ltr'><strong>Apolog.</strong></span> <span class='ocrx_word' id='word_1_870' title='bbox 1793 5516 1913 5575; x_wconf 81' lang='lat' dir='ltr'><strong>cap.</strong></span> <span class='ocrx_word' id='word_1_871' title='bbox 1936 5502 2028 5575; x_wconf 57' lang='lat'><strong>45,</strong></span> <span class='ocrx_word' id='word_1_872' title='bbox 2058 5500 2196 5555; x_wconf 78' lang='lat' dir='ltr'><strong>nihil</strong></span> 
     </span>
    </p>
   </div>
   <div class='ocr_carea' id='block_1_109' title="bbox 629 5574 2191 5643">
    <p class='ocr_par' dir='ltr' id='par_1_109' title="bbox 629 5574 2191 5643">
     <span class='ocr_line' id='line_1_110' title="bbox 629 5574 2191 5643; baseline -0.001 -16"><span class='ocrx_word' id='word_1_873' title='bbox 629 5580 764 5629; x_wconf 79' lang='lat' dir='ltr'><strong>certi</strong></span> <span class='ocrx_word' id='word_1_874' title='bbox 793 5575 1049 5629; x_wconf 89' lang='lat' dir='ltr'><strong>allirmari</strong></span> <span class='ocrx_word' id='word_1_875' title='bbox 1085 5583 1281 5643; x_wconf 88' lang='lat' dir='ltr'><strong>potest,</strong></span> <span class='ocrx_word' id='word_1_876' title='bbox 1305 5575 1567 5642; x_wconf 86' lang='lat' dir='ltr'><strong>siquidem</strong></span> <span class='ocrx_word' id='word_1_877' title='bbox 1599 5574 1911 5627; x_wconf 81' lang='lat' dir='ltr'><strong>summatim</strong></span> <span class='ocrx_word' id='word_1_878' title='bbox 1932 5574 2191 5625; x_wconf 77' lang='lat' dir='ltr'><strong>duntaxat</strong></span> 
     </span>
    </p>
   </div>
   <div class='ocr_carea' id='block_1_110' title="bbox 628 5643 2193 5713">
    <p class='ocr_par' dir='ltr' id='par_1_110' title="bbox 628 5643 2193 5713">
     <span class='ocr_line' id='line_1_111' title="bbox 628 5643 2193 5713; baseline -0.001 -18"><span class='ocrx_word' id='word_1_879' title='bbox 628 5644 914 5713; x_wconf 62' lang='lat' dir='ltr'><strong>livangelii</strong></span> <span class='ocrx_word' id='word_1_880' title='bbox 942 5646 1105 5698; x_wconf 84' lang='lat' dir='ltr'><strong>verba</strong></span> <span class='ocrx_word' id='word_1_881' title='bbox 1152 5644 1370 5713; x_wconf 75' lang='lat' dir='ltr'><strong>allegat.</strong></span> <span class='ocrx_word' id='word_1_882' title='bbox 1406 5643 1487 5698; x_wconf 76' lang='lat' dir='ltr'><strong>Ex</strong></span> <span class='ocrx_word' id='word_1_883' title='bbox 1529 5644 1612 5697; x_wconf 83' lang='lat' dir='ltr'><strong>liis</strong></span> <span class='ocrx_word' id='word_1_884' title='bbox 1639 5656 1819 5697; x_wconf 86' lang='lat' dir='ltr'><strong>tamen</strong></span> <span class='ocrx_word' id='word_1_885' title='bbox 1867 5643 2034 5695; x_wconf 89' lang='lat' dir='ltr'><strong>nolim</strong></span> <span class='ocrx_word' id='word_1_886' title='bbox 2056 5656 2193 5713; x_wconf 78' lang='lat' dir='ltr'><strong>cum</strong></span> 
     </span>
    </p>
   </div>
   <div class='ocr_carea' id='block_1_111' title="bbox 627 5710 2196 5778">
    <p class='ocr_par' dir='ltr' id='par_1_111' title="bbox 627 5710 2196 5778">
     <span class='ocr_line' id='line_1_112' title="bbox 627 5710 2196 5778; baseline -0.003 -11"><span class='ocrx_word' id='word_1_887' title='bbox 627 5710 833 5770; x_wconf 62' lang='lat' dir='ltr'><strong>Grabfo</strong></span> <span class='ocrx_word' id='word_1_888' title='bbox 878 5713 1201 5768; x_wconf 86' lang='lat' dir='ltr'><strong>concludere</strong></span> <span class='ocrx_word' id='word_1_889' title='bbox 1224 5752 1239 5778; x_wconf 92' lang='lat'><strong>,</strong></span> <span class='ocrx_word' id='word_1_890' title='bbox 1267 5710 1380 5767; x_wconf 63' lang='lat' dir='ltr'><strong>&#39;eas</strong></span> <span class='ocrx_word' id='word_1_891' title='bbox 1416 5728 1578 5767; x_wconf 87' lang='lat' dir='ltr'><strong>voces</strong></span> <span class='ocrx_word' id='word_1_892' title='bbox 1607 5729 1636 5765; x_wconf 85' lang='lat' dir='ltr'><strong>a</strong></span> <span class='ocrx_word' id='word_1_893' title='bbox 1668 5713 1898 5778; x_wconf 68' lang='lat' dir='ltr'><strong>scribis,</strong></span> <span class='ocrx_word' id='word_1_894' title='bbox 1949 5721 2057 5763; x_wconf 83' lang='lat' dir='ltr'><strong>tam</strong></span> <span class='ocrx_word' id='word_1_895' title='bbox 2091 5710 2196 5763; x_wconf 85' lang='lat' dir='ltr'><strong>hoc</strong></span> 
     </span>
    </p>
   </div>
   <div class='ocr_carea' id='block_1_112' title="bbox 631 5781 2192 5852">
    <p class='ocr_par' dir='ltr' id='par_1_112' title="bbox 631 5781 2192 5852">
     <span class='ocr_line' id='line_1_113' title="bbox 631 5781 2192 5852; baseline -0.001 -20"><span class='ocrx_word' id='word_1_896' title='bbox 631 5784 769 5849; x_wconf 80' lang='lat' dir='ltr'><strong>loco,</strong></span> <span class='ocrx_word' id='word_1_897' title='bbox 802 5798 965 5852; x_wconf 87' lang='lat' dir='ltr'><strong>quam</strong></span> <span class='ocrx_word' id='word_1_898' title='bbox 1004 5784 1148 5852; x_wconf 76' lang='lat' dir='ltr'><strong>intra</strong></span> <span class='ocrx_word' id='word_1_899' title='bbox 1164 5797 1285 5852; x_wconf 84' lang='lat' dir='ltr'><strong>cap.</strong></span> <span class='ocrx_word' id='word_1_900' title='bbox 1318 5783 1405 5847; x_wconf 76' lang='lat' dir='ltr'><strong>i6,</strong></span> <span class='ocrx_word' id='word_1_901' title='bbox 1430 5785 1640 5838; x_wconf 80' lang='lat' dir='ltr'><strong>additas</strong></span> <span class='ocrx_word' id='word_1_902' title='bbox 1666 5782 1835 5852; x_wconf 78' lang='lat' dir='ltr'><strong>fuisse</strong></span> <span class='ocrx_word' id='word_1_903' title='bbox 1860 5800 1876 5846; x_wconf 93' lang='lat'><strong>;</strong></span> <span class='ocrx_word' id='word_1_904' title='bbox 1915 5783 2007 5833; x_wconf 78' lang='lat' dir='ltr'><strong>sed</strong></span> <span class='ocrx_word' id='word_1_905' title='bbox 2032 5783 2098 5834; x_wconf 87' lang='lat' dir='ltr'><strong>de</strong></span> <span class='ocrx_word' id='word_1_906' title='bbox 2126 5781 2192 5833; x_wconf 86' lang='lat' dir='ltr'><strong>iis</strong></span> 
     </span>
    </p>
   </div>
   <div class='ocr_carea' id='block_1_113' title="bbox 633 5850 2187 5918">
    <p class='ocr_par' dir='ltr' id='par_1_113' title="bbox 633 5850 2187 5918">
     <span class='ocr_line' id='line_1_114' title="bbox 633 5850 2187 5918; baseline -0.003 -10"><span class='ocrx_word' id='word_1_907' title='bbox 633 5866 739 5908; x_wconf 79' lang='lat' dir='ltr'><strong>non</strong></span> <span class='ocrx_word' id='word_1_908' title='bbox 768 5850 1108 5911; x_wconf 74' lang='lat' dir='ltr'><strong>consensisse</strong></span> <span class='ocrx_word' id='word_1_909' title='bbox 1132 5851 1197 5910; x_wconf 76' lang='grc' dir='ltr'><strong>Ν.</strong></span> <span class='ocrx_word' id='word_1_910' title='bbox 1225 5851 1289 5909; x_wconf 85' lang='grc' dir='ltr'><strong>Τ.</strong></span> <span class='ocrx_word' id='word_1_911' title='bbox 1312 5854 1467 5911; x_wconf 86' lang='lat' dir='ltr'><strong>codd.</strong></span> <span class='ocrx_word' id='word_1_912' title='bbox 1503 5854 1556 5910; x_wconf 90' lang='lat' dir='ltr'><strong>in</strong></span> <span class='ocrx_word' id='word_1_913' title='bbox 1585 5853 1707 5909; x_wconf 80' lang='lat' dir='ltr'><strong>aliis</strong></span> <span class='ocrx_word' id='word_1_914' title='bbox 1746 5850 1976 5910; x_wconf 76' lang='lat' dir='ltr'><strong>omissas</strong></span> <span class='ocrx_word' id='word_1_915' title='bbox 1998 5854 2187 5918; x_wconf 65' lang='lat' dir='ltr'><strong>tuisse,</strong></span> 
     </span>
    </p>
   </div>
   <div class='ocr_carea' id='block_1_114' title="bbox 2375 4656 3872 4729">
    <p class='ocr_par' dir='ltr' id='par_1_114' title="bbox 2375 4656 3872 4729">
     <span class='ocr_line' id='line_1_115' title="bbox 2375 4656 3872 4729; baseline 0.005 -16"><span class='ocrx_word' id='word_1_916' title='bbox 2375 4660 2393 4716; x_wconf 89' lang='lat'><strong>(</strong></span> <span class='ocrx_word' id='word_1_917' title='bbox 2400 4658 2490 4729; x_wconf 85' lang='grc'><strong>78)</strong></span> <span class='ocrx_word' id='word_1_918' title='bbox 2516 4657 2811 4729; x_wconf 75' lang='lat' dir='ltr'><strong>Revertens.</strong></span> <span class='ocrx_word' id='word_1_919' title='bbox 2840 4658 3016 4718; x_wconf 82' lang='lat' dir='ltr'><strong>Eras..</strong></span> <span class='ocrx_word' id='word_1_920' title='bbox 3039 4656 3265 4724; x_wconf 86' lang='lat' dir='ltr'><strong>Gallas.,</strong></span> <span class='ocrx_word' id='word_1_921' title='bbox 3288 4656 3523 4715; x_wconf 85' lang='lat' dir='ltr'><strong>Feuard.</strong></span> <span class='ocrx_word' id='word_1_922' title='bbox 3547 4678 3670 4717; x_wconf 87' lang='lat' dir='ltr'><strong>cutn</strong></span> <span class='ocrx_word' id='word_1_923' title='bbox 3692 4664 3872 4720; x_wconf 70' lang='lat' dir='ltr'><strong>Aruuo</strong></span> 
     </span>
    </p>
   </div>
   <div class='ocr_carea' id='block_1_115' title="bbox 2305 4727 3067 4793">
    <p class='ocr_par' dir='ltr' id='par_1_115' title="bbox 2305 4727 3067 4793">
     <span class='ocr_line' id='line_1_116' title="bbox 2305 4727 3067 4793; baseline -0.005 -8"><span class='ocrx_word' id='word_1_924' title='bbox 2305 4730 2409 4785; x_wconf 89' lang='lat' dir='ltr'><strong>del.</strong></span> <span class='ocrx_word' id='word_1_925' title='bbox 2450 4727 2505 4784; x_wconf 85' lang='lat' dir='ltr'><strong>et</strong></span> <span class='ocrx_word' id='word_1_926' title='bbox 2538 4727 2703 4782; x_wconf 80' lang='lat' dir='ltr'><strong>Merc.</strong></span> <span class='ocrx_word' id='word_1_927' title='bbox 2731 4728 2789 4793; x_wconf 75' lang='lat'><strong>2,</strong></span> <span class='ocrx_word' id='word_1_928' title='bbox 2818 4729 3067 4781; x_wconf 83' lang='lat' dir='ltr'><strong>renitens.</strong></span> 
     </span>
    </p>
   </div>
   <div class='ocr_carea' id='block_1_116' title="bbox 2374 4795 3376 4862">
    <p class='ocr_par' dir='ltr' id='par_1_116' title="bbox 2374 4795 3376 4862">
     <span class='ocr_line' id='line_1_117' title="bbox 2374 4795 3376 4862; baseline 0.001 -11"><span class='ocrx_word' id='word_1_929' title='bbox 2374 4800 2487 4862; x_wconf 84' lang='lat'><strong>(79)</strong></span> <span class='ocrx_word' id='word_1_930' title='bbox 2522 4798 2802 4853; x_wconf 85' lang='lat' dir='ltr'><strong>Servitute.</strong></span> <span class='ocrx_word' id='word_1_931' title='bbox 2833 4795 3023 4862; x_wconf 83' lang='lat' dir='ltr'><strong>Iidem,</strong></span> <span class='ocrx_word' id='word_1_932' title='bbox 3049 4799 3376 4853; x_wconf 78' lang='lat' dir='ltr'><strong>servitutem.</strong></span> 
     </span>
    </p>
   </div>
   <div class='ocr_carea' id='block_1_117' title="bbox 2376 4802 3867 4943">
    <p class='ocr_par' dir='ltr' id='par_1_117' title="bbox 2376 4802 3867 4943">
     <span class='ocr_line' id='line_1_118' title="bbox 2376 4802 3376 4862; baseline 0.001 -11"><span class='ocrx_word' id='word_1_933' title='bbox 2376 4802 2465 4859; x_wconf 84' lang='lat'><strong>(79</strong></span> <span class='ocrx_word' id='word_1_934' title='bbox 2522 4802 2802 4853; x_wconf 84' lang='lat' dir='ltr'><strong>Servitute.</strong></span> <span class='ocrx_word' id='word_1_935' title='bbox 2833 4802 3023 4862; x_wconf 87' lang='lat' dir='ltr'><strong>Iidem,</strong></span> <span class='ocrx_word' id='word_1_936' title='bbox 3049 4802 3376 4853; x_wconf 78' lang='lat' dir='ltr'><strong>servitutem.</strong></span> 
     </span>
     <span class='ocr_line' id='line_1_119' title="bbox 2376 4802 3867 4943; baseline 0.005 -22"><span class='ocrx_word' id='word_1_937' title='bbox 2376 4802 2488 4940; x_wconf 58' lang='grc'><strong>(80)</strong></span> <span class='ocrx_word' id='word_1_938' title='bbox 2534 4867 2756 4943; x_wconf 64' lang='lat' dir='ltr'><strong>Remitte</strong></span> <span class='ocrx_word' id='word_1_939' title='bbox 2788 4868 2845 4943; x_wconf 38' lang='grc' dir='ltr'><strong>,εἰ</strong></span> <span class='ocrx_word' id='word_1_940' title='bbox 2891 4879 2941 4920; x_wconf 91' lang='lat' dir='ltr'><strong>et</strong></span> <span class='ocrx_word' id='word_1_941' title='bbox 2968 4868 3211 4943; x_wconf 73' lang='lat' dir='ltr'><strong>pallium.</strong></span> <span class='ocrx_word' id='word_1_942' title='bbox 3243 4866 3556 4924; x_wconf 79' lang='lat' dir='ltr'><strong>Memoriter</strong></span> <span class='ocrx_word' id='word_1_943' title='bbox 3585 4870 3867 4943; x_wconf 81' lang='lat' dir='ltr'><strong>Evangelii</strong></span> 
     </span>
    </p>
   </div>
   <div class='ocr_carea' id='block_1_118' title="bbox 2309 4935 3869 5003">
    <p class='ocr_par' dir='ltr' id='par_1_118' title="bbox 2309 4935 3869 5003">
     <span class='ocr_line' id='line_1_120' title="bbox 2309 4935 3869 5003; baseline 0.004 -12"><span class='ocrx_word' id='word_1_944' title='bbox 2309 4935 2477 4993; x_wconf 77' lang='lat' dir='ltr'><strong>verba</strong></span> <span class='ocrx_word' id='word_1_945' title='bbox 2509 4938 2749 5003; x_wconf 69' lang='lat' dir='ltr'><strong>allegatis</strong></span> <span class='ocrx_word' id='word_1_946' title='bbox 2786 4935 3044 5000; x_wconf 65' lang='lat' dir='ltr'><strong>lrcumus,</strong></span> <span class='ocrx_word' id='word_1_947' title='bbox 3099 4938 3203 4992; x_wconf 87' lang='lat' dir='ltr'><strong>hoc</strong></span> <span class='ocrx_word' id='word_1_948' title='bbox 3248 4952 3457 4992; x_wconf 87' lang='lat' dir='ltr'><strong>comma</strong></span> <span class='ocrx_word' id='word_1_949' title='bbox 3492 4935 3774 4995; x_wconf 59' lang='lat' dir='ltr'><strong>transtuli&#39;t</strong></span> <span class='ocrx_word' id='word_1_950' title='bbox 3802 4957 3869 4999; x_wconf 78' lang='lat' dir='ltr'><strong>ex</strong></span> 
     </span>
    </p>
   </div>
   <div class='ocr_carea' id='block_1_119' title="bbox 2303 5005 3869 5074">
    <p class='ocr_par' dir='ltr' id='par_1_119' title="bbox 2303 5005 3869 5074">
     <span class='ocr_line' id='line_1_121' title="bbox 2303 5005 3869 5074; baseline 0.004 -13"><span class='ocrx_word' id='word_1_951' title='bbox 2303 5008 2497 5062; x_wconf 80' lang='lat' dir='ltr'><strong>Matth.</strong></span> <span class='ocrx_word' id='word_1_952' title='bbox 2525 5022 2577 5072; x_wconf 88' lang='lat' dir='ltr'><strong>v,</strong></span> <span class='ocrx_word' id='word_1_953' title='bbox 2610 5007 2681 5060; x_wconf 76' lang='grc'><strong>41)</strong></span> <span class='ocrx_word' id='word_1_954' title='bbox 2704 5047 2716 5069; x_wconf 88' lang='grc'><em>,</em></span> <span class='ocrx_word' id='word_1_955' title='bbox 2746 5022 2872 5060; x_wconf 86' lang='lat' dir='ltr'><strong>nam</strong></span> <span class='ocrx_word' id='word_1_956' title='bbox 2908 5006 3068 5061; x_wconf 77' lang='lat' dir='ltr'><strong>Luca:</strong></span> <span class='ocrx_word' id='word_1_957' title='bbox 3104 5021 3177 5074; x_wconf 81' lang='grc' dir='ltr'><strong>γι,</strong></span> <span class='ocrx_word' id='word_1_958' title='bbox 3201 5005 3293 5073; x_wconf 69' lang='lat'><strong>29,</strong></span> <span class='ocrx_word' id='word_1_959' title='bbox 3342 5008 3612 5065; x_wconf 83' lang='lat' dir='ltr'><strong>habetur:</strong></span> <span class='ocrx_word' id='word_1_960' title='bbox 3645 5011 3755 5066; x_wconf 79' lang='grc' dir='ltr'><strong>Καὶ</strong></span> <span class='ocrx_word' id='word_1_961' title='bbox 3781 5012 3869 5068; x_wconf 66' lang='grc' dir='ltr'><strong>τὸν</strong></span> 
     </span>
    </p>
   </div>
   <div class='ocr_carea' id='block_1_120' title="bbox 2301 5075 2903 5149">
    <p class='ocr_par' dir='ltr' id='par_1_120' title="bbox 2301 5075 2903 5149">
     <span class='ocr_line' id='line_1_122' title="bbox 2301 5075 2903 5149; baseline -0.002 -19"><span class='ocrx_word' id='word_1_962' title='bbox 2301 5078 2503 5149; x_wconf 55' lang='grc' dir='ltr'><strong>χιτῶνα</strong></span> <span class='ocrx_word' id='word_1_963' title='bbox 2537 5078 2610 5147; x_wconf 80' lang='grc' dir='ltr'><strong>μὴ</strong></span> <span class='ocrx_word' id='word_1_964' title='bbox 2636 5075 2903 5149; x_wconf 79' lang='grc' dir='ltr'><strong>κωλύσῃς.</strong></span> 
     </span>
    </p>
   </div>
   <div class='ocr_carea' id='block_1_121' title="bbox 2374 5144 3863 5219">
    <p class='ocr_par' dir='ltr' id='par_1_121' title="bbox 2374 5144 3863 5219">
     <span class='ocr_line' id='line_1_123' title="bbox 2374 5144 3863 5219; baseline 0.002 -17"><span class='ocrx_word' id='word_1_965' title='bbox 2374 5146 2485 5219; x_wconf 84' lang='grc'><strong>(81)</strong></span> <span class='ocrx_word' id='word_1_966' title='bbox 2506 5144 2956 5219; x_wconf 42' lang='grc' dir='ltr'><strong>βοὶιινὶειεηΰηὶη</strong></span> <span class='ocrx_word' id='word_1_967' title='bbox 2986 5144 3079 5219; x_wconf 74' lang='lat' dir='ltr'><strong>Sic</strong></span> <span class='ocrx_word' id='word_1_968' title='bbox 3108 5144 3351 5219; x_wconf 81' lang='lat' dir='ltr'><strong>Feuard.</strong></span> <span class='ocrx_word' id='word_1_969' title='bbox 3395 5148 3449 5219; x_wconf 82' lang='lat' dir='ltr'><strong>in</strong></span> <span class='ocrx_word' id='word_1_970' title='bbox 3503 5164 3704 5219; x_wconf 84' lang='lat' dir='ltr'><strong>marg.,</strong></span> <span class='ocrx_word' id='word_1_971' title='bbox 3736 5148 3863 5205; x_wconf 84' lang='lat' dir='ltr'><strong>Cla-</strong></span> 
     </span>
    </p>
   </div>
   <div class='ocr_carea' id='block_1_122' title="bbox 2302 5214 3867 5285">
    <p class='ocr_par' dir='ltr' id='par_1_122' title="bbox 2302 5214 3867 5285">
     <span class='ocr_line' id='line_1_124' title="bbox 2302 5214 3867 5285; baseline 0.003 -15"><span class='ocrx_word' id='word_1_972' title='bbox 2302 5214 2475 5283; x_wconf 66' lang='lat' dir='ltr'><strong>rotu.,&#39;</strong></span> <span class='ocrx_word' id='word_1_973' title='bbox 2499 5218 2658 5271; x_wconf 84' lang='lat' dir='ltr'><strong>Voss.</strong></span> <span class='ocrx_word' id='word_1_974' title='bbox 2691 5225 2745 5269; x_wconf 91' lang='lat' dir='ltr'><strong>et</strong></span> <span class='ocrx_word' id='word_1_975' title='bbox 2772 5214 3037 5271; x_wconf 82' lang='lat' dir='ltr'><strong>Aruudel.</strong></span> <span class='ocrx_word' id='word_1_976' title='bbox 3062 5254 3078 5278; x_wconf 90' lang='lat'><strong>,</strong></span> <span class='ocrx_word' id='word_1_977' title='bbox 3109 5218 3264 5285; x_wconf 82' lang='lat' dir='ltr'><strong>quasi</strong></span> <span class='ocrx_word' id='word_1_978' title='bbox 3291 5217 3545 5273; x_wconf 80' lang='lat' dir='ltr'><strong>Christus</strong></span> <span class='ocrx_word' id='word_1_979' title='bbox 3576 5214 3758 5275; x_wconf 72' lang='lat' dir='ltr'><strong>adhuc</strong></span> <span class='ocrx_word' id='word_1_980' title='bbox 3789 5222 3867 5275; x_wconf 91' lang='lat' dir='ltr'><strong>lo-</strong></span> 
     </span>
    </p>
   </div>
   <div class='ocr_carea' id='block_1_123' title="bbox 2301 5284 3866 5360">
    <p class='ocr_par' dir='ltr' id='par_1_123' title="bbox 2301 5284 3866 5360">
     <span class='ocr_line' id='line_1_125' title="bbox 2301 5284 3866 5360; baseline 0.003 -20"><span class='ocrx_word' id='word_1_981' title='bbox 2301 5298 2586 5360; x_wconf 75' lang='lat' dir='ltr'><strong>queretur.</strong></span> <span class='ocrx_word' id='word_1_982' title='bbox 2612 5285 2781 5360; x_wconf 76' lang='lat' dir='ltr'><strong>Editt.</strong></span> <span class='ocrx_word' id='word_1_983' title='bbox 2817 5300 2943 5360; x_wconf 75' lang='lat' dir='ltr'><strong>eum</strong></span> <span class='ocrx_word' id='word_1_984' title='bbox 2976 5284 3241 5360; x_wconf 71' lang='lat' dir='ltr'><strong>Merc._2,_</strong></span> <span class='ocrx_word' id='word_1_985' title='bbox 3264 5288 3657 5360; x_wconf 73' lang='lat' dir='ltr'><strong>-contriste_tnur</strong></span> <span class='ocrx_word' id='word_1_986' title='bbox 3674 5306 3697 5355; x_wconf 91' lang='lat'><strong>;</strong></span> <span class='ocrx_word' id='word_1_987' title='bbox 3718 5289 3866 5360; x_wconf 87' lang='lat' dir='ltr'><strong>quod</strong></span> 
     </span>
    </p>
   </div>
   <div class='ocr_carea' id='block_1_124' title="bbox 2301 5354 3597 5427">
    <p class='ocr_par' dir='ltr' id='par_1_124' title="bbox 2301 5354 3597 5427">
     <span class='ocr_line' id='line_1_126' title="bbox 2301 5354 3597 5427; baseline 0 -14"><span class='ocrx_word' id='word_1_988' title='bbox 2301 5354 2622 5427; x_wconf 73' lang='lat' dir='ltr'><strong>recentioris</strong></span> <span class='ocrx_word' id='word_1_989' title='bbox 2648 5354 2949 5427; x_wconf 72' lang='lat' dir='ltr'><strong>cuiuspiam</strong></span> <span class='ocrx_word' id='word_1_990' title='bbox 2972 5356 3409 5427; x_wconf 82' lang='lat' dir='ltr'><strong>emendationem</strong></span> <span class='ocrx_word' id='word_1_991' title='bbox 3433 5358 3597 5427; x_wconf 88' lang='lat' dir='ltr'><strong>sapit.</strong></span> 
     </span>
    </p>
   </div>
   <div class='ocr_carea' id='block_1_125' title="bbox 2396 5425 3362 5492">
    <p class='ocr_par' dir='ltr' id='par_1_125' title="bbox 2396 5425 3362 5492">
     <span class='ocr_line' id='line_1_127' title="bbox 2396 5425 3362 5492; baseline -0.006 -8"><span class='ocrx_word' id='word_1_992' title='bbox 2396 5428 2487 5492; x_wconf 74' lang='grc'><strong>82)</strong></span> <span class='ocrx_word' id='word_1_993' title='bbox 2520 5426 2866 5481; x_wconf 79' lang='lat' dir='ltr'><strong>Necessitats.</strong></span> <span class='ocrx_word' id='word_1_994' title='bbox 2892 5426 2999 5490; x_wconf 77' lang='lat' dir='ltr'><strong>AL,</strong></span> <span class='ocrx_word' id='word_1_995' title='bbox 3042 5425 3362 5479; x_wconf 69' lang='lat' dir='ltr'><strong>necessitati.</strong></span> 
     </span>
    </p>
   </div>
   <div class='ocr_carea' id='block_1_126' title="bbox 2372 5429 3865 5572">
    <p class='ocr_par' dir='ltr' id='par_1_126' title="bbox 2372 5429 3865 5572">
     <span class='ocr_line' id='line_1_128' title="bbox 2396 5429 3362 5492; baseline -0.006 -8"><span class='ocrx_word' id='word_1_996' title='bbox 2396 5429 2487 5492; x_wconf 74' lang='grc'><strong>82)</strong></span> <span class='ocrx_word' id='word_1_997' title='bbox 2520 5429 2866 5481; x_wconf 79' lang='lat' dir='ltr'><strong>Necessitats.</strong></span> <span class='ocrx_word' id='word_1_998' title='bbox 2892 5429 2999 5490; x_wconf 81' lang='lat' dir='ltr'><strong>AL,</strong></span> <span class='ocrx_word' id='word_1_999' title='bbox 3042 5429 3362 5479; x_wconf 69' lang='lat' dir='ltr'><strong>necessitati.</strong></span> 
     </span>
     <span class='ocr_line' id='line_1_129' title="bbox 2372 5429 3865 5572; baseline -0.001 -18"><span class='ocrx_word' id='word_1_1000' title='bbox 2372 5429 2793 5572; x_wconf 44' lang='lat' dir='ltr'><strong>i8§)_Alia_duo.</strong></span> <span class='ocrx_word' id='word_1_1001' title='bbox 2824 5495 3081 5572; x_wconf 88' lang='lat' dir='ltr'><strong>ln_ed_itis</strong></span> <span class='ocrx_word' id='word_1_1002' title='bbox 3107 5493 3179 5572; x_wconf 57' lang='lat' dir='ltr'><strong>N.</strong></span> <span class='ocrx_word' id='word_1_1003' title='bbox 3209 5493 3272 5551; x_wconf 86' lang='lat' dir='ltr'><strong>T.</strong></span> <span class='ocrx_word' id='word_1_1004' title='bbox 3316 5496 3683 5572; x_wconf 63' lang='lat' dir='ltr'><strong>esemplarib.</strong></span> <span class='ocrx_word' id='word_1_1005' title='bbox 3714 5496 3865 5572; x_wconf 56' lang='lat' dir='ltr'><strong>Grc;-</strong></span> 
     </span>
    </p>
   </div>
   <div class='ocr_carea' id='block_1_127' title="bbox 2300 5565 3866 5639">
    <p class='ocr_par' dir='ltr' id='par_1_127' title="bbox 2300 5565 3866 5639">
     <span class='ocr_line' id='line_1_130' title="bbox 2300 5565 3866 5639; baseline -0.008 -15"><span class='ocrx_word' id='word_1_1006' title='bbox 2300 5565 2404 5635; x_wconf 71' lang='lat' dir='ltr'><strong>cis,</strong></span> <span class='ocrx_word' id='word_1_1007' title='bbox 2430 5565 2585 5631; x_wconf 73' lang='grc' dir='ltr'><strong>ἄλλα,</strong></span> <span class='ocrx_word' id='word_1_1008' title='bbox 2609 5566 2718 5639; x_wconf 81' lang='lat' dir='ltr'><strong>alia</strong></span> <span class='ocrx_word' id='word_1_1009' title='bbox 2759 5582 2864 5639; x_wconf 73' lang='lat' dir='ltr'><strong>non</strong></span> <span class='ocrx_word' id='word_1_1010' title='bbox 2892 5565 3111 5633; x_wconf 85' lang='lat' dir='ltr'><strong>legitur.</strong></span> <span class='ocrx_word' id='word_1_1011' title='bbox 3143 5566 3402 5639; x_wconf 74' lang='lat' dir='ltr'><strong>Occurrit</strong></span> <span class='ocrx_word' id='word_1_1012' title='bbox 3428 5580 3557 5639; x_wconf 76' lang='lat' dir='ltr'><strong>vero</strong></span> <span class='ocrx_word' id='word_1_1013' title='bbox 3596 5570 3651 5623; x_wconf 86' lang='lat' dir='ltr'><strong>in</strong></span> <span class='ocrx_word' id='word_1_1014' title='bbox 3691 5570 3866 5639; x_wconf 63' lang='lat' dir='ltr'><strong>plura.</strong></span> 
     </span>
    </p>
   </div>
   <div class='ocr_carea' id='block_1_128' title="bbox 2300 5634 3866 5705">
    <p class='ocr_par' dir='ltr' id='par_1_128' title="bbox 2300 5634 3866 5705">
     <span class='ocr_line' id='line_1_131' title="bbox 2300 5634 3866 5705; baseline 0 -12"><span class='ocrx_word' id='word_1_1015' title='bbox 2300 5634 2400 5693; x_wconf 80' lang='lat' dir='ltr'><strong>bus</strong></span> <span class='ocrx_word' id='word_1_1016' title='bbox 2424 5655 2555 5694; x_wconf 87' lang='lat' dir='ltr'><strong>mss.</strong></span> <span class='ocrx_word' id='word_1_1017' title='bbox 2589 5646 2646 5691; x_wconf 89' lang='lat' dir='ltr'><strong>et</strong></span> <span class='ocrx_word' id='word_1_1018' title='bbox 2677 5637 2731 5691; x_wconf 89' lang='lat' dir='ltr'><strong>in</strong></span> <span class='ocrx_word' id='word_1_1019' title='bbox 2767 5634 2990 5705; x_wconf 67' lang='lat' dir='ltr'><strong>Yulgata</strong></span> <span class='ocrx_word' id='word_1_1020' title='bbox 3028 5645 3211 5705; x_wconf 84' lang='lat' dir='ltr'><strong>nostra</strong></span> <span class='ocrx_word' id='word_1_1021' title='bbox 3238 5674 3253 5698; x_wconf 93' lang='lat'><strong>,</strong></span> <span class='ocrx_word' id='word_1_1022' title='bbox 3283 5642 3339 5689; x_wconf 91' lang='lat' dir='ltr'><strong>et</strong></span> <span class='ocrx_word' id='word_1_1023' title='bbox 3372 5636 3557 5691; x_wconf 82' lang='lat' dir='ltr'><strong>Italica</strong></span> <span class='ocrx_word' id='word_1_1024' title='bbox 3586 5634 3866 5693; x_wconf 71' lang='lat' dir='ltr'><strong>versione.</strong></span> 
     </span>
    </p>
   </div>
   <div class='ocr_carea' id='block_1_129' title="bbox 2299 5704 3863 5847">
    <p class='ocr_par' dir='ltr' id='par_1_129' title="bbox 2299 5704 3863 5847">
     <span class='ocr_line' id='line_1_132' title="bbox 2299 5704 3863 5847; baseline 0 -86"><span class='ocrx_word' id='word_1_1025' title='bbox 2299 5777 2328 5847; x_wconf 65' lang='grc' dir='ltr'><em>Ῑ</em></span> <span class='ocrx_word' id='word_1_1026' title='bbox 2371 5707 2481 5829; x_wconf 49' lang='grc' dir='ltr'><strong>(ξι)</strong></span> <span class='ocrx_word' id='word_1_1027' title='bbox 2518 5711 2727 5830; x_wconf 55' lang='grc' dir='ltr'><strong>Αρίιιηι.</strong></span> <span class='ocrx_word' id='word_1_1028' title='bbox 2759 5704 2948 5760; x_wconf 69' lang='lat' dir='ltr'><strong>Graece</strong></span> <span class='ocrx_word' id='word_1_1029' title='bbox 2973 5704 3294 5777; x_wconf 72' lang='grc' dir='ltr'><strong>ὶπιτήδειον,</strong></span> <span class='ocrx_word' id='word_1_1030' title='bbox 3328 5707 3379 5759; x_wconf 87' lang='lat' dir='ltr'><strong>id</strong></span> <span class='ocrx_word' id='word_1_1031' title='bbox 3401 5718 3484 5761; x_wconf 88' lang='lat' dir='ltr'><strong>est</strong></span> <span class='ocrx_word' id='word_1_1032' title='bbox 3507 5712 3863 5771; x_wconf 64' lang='lat' dir='ltr'><strong>commodum,</strong></span> 
     </span>
     <span class='ocr_line' id='line_1_133' title="bbox 2325 5793 2813 5841; baseline 0.002 -13"><span class='ocrx_word' id='word_1_1033' title='bbox 2325 5797 2401 5831; x_wconf 78' lang='lat' dir='ltr'><strong>ttct</strong></span> <span class='ocrx_word' id='word_1_1034' title='bbox 2432 5794 2532 5841; x_wconf 82' lang='lat' dir='ltr'><strong>em,</strong></span> <span class='ocrx_word' id='word_1_1035' title='bbox 2562 5793 2592 5829; x_wconf 87' lang='lat' dir='ltr'><strong>e</strong></span> <span class='ocrx_word' id='word_1_1036' title='bbox 2623 5794 2674 5831; x_wconf 91' lang='lat' dir='ltr'><strong>c.</strong></span> <span class='ocrx_word' id='word_1_1037' title='bbox 2810 5807 2813 5810; x_wconf 57' lang='grc' dir='ltr'>ν</span> 
     </span>
    </p>
   </div>
   <div class='ocr_carea' id='block_1_130' title="bbox 2325 5780 2813 5841">
    <p class='ocr_par' dir='ltr' id='par_1_130' title="bbox 2325 5780 2813 5841">
     <span class='ocr_line' id='line_1_134' title="bbox 2325 5780 2813 5841; baseline 0.004 -14"><span class='ocrx_word' id='word_1_1038' title='bbox 2325 5780 2532 5841; x_wconf 68' lang='lat' dir='ltr'><strong>itctlem,</strong></span> <span class='ocrx_word' id='word_1_1039' title='bbox 2562 5787 2674 5831; x_wconf 88' lang='lat' dir='ltr'><strong>etc.</strong></span> <span class='ocrx_word' id='word_1_1040' title='bbox 2810 5807 2813 5810; x_wconf 56' lang='grc' dir='ltr'>ν</span> 
     </span>
    </p>
   </div>
   <div class='ocr_carea' id='block_1_131' title="bbox 2372 5843 3863 5920">
    <p class='ocr_par' dir='ltr' id='par_1_131' title="bbox 2372 5843 3863 5920">
     <span class='ocr_line' id='line_1_135' title="bbox 2372 5843 3863 5920; baseline 0 -20"><span class='ocrx_word' id='word_1_1041' title='bbox 2372 5847 2482 5920; x_wconf 76' lang='grc'><strong>(85)</strong></span> <span class='ocrx_word' id='word_1_1042' title='bbox 2511 5849 2576 5902; x_wconf 82' lang='lat' dir='ltr'><strong>In</strong></span> <span class='ocrx_word' id='word_1_1043' title='bbox 2607 5846 2866 5901; x_wconf 82' lang='lat' dir='ltr'><strong>omnibus.</strong></span> <span class='ocrx_word' id='word_1_1044' title='bbox 2902 5843 3244 5903; x_wconf 71' lang='lat' dir='ltr'><strong>Particulum</strong></span> <span class='ocrx_word' id='word_1_1045' title='bbox 3275 5844 3329 5901; x_wconf 83' lang='lat' dir='ltr'><strong>iu</strong></span> <span class='ocrx_word' id='word_1_1046' title='bbox 3355 5844 3619 5902; x_wconf 88' lang='lat' dir='ltr'><strong>omittunt</strong></span> <span class='ocrx_word' id='word_1_1047' title='bbox 3651 5846 3863 5904; x_wconf 74' lang='lat' dir='ltr'><strong>Erum.</strong></span> 
     </span>
    </p>
   </div>
  </div>
