4222 6320
349 383 486 443 1009

1522 367 1806 427 CONTRA
1841 362 2183 423 HEBESES
2215 361 2345 420 LIB.
2381 358 2472 417 IV.

3469 355 3611 420 will

345 504 524 564 lorum
556 503 820 562 malitiam
859 502 1115 570 intuens,
1150 498 1245 556 sed
1272 505 1423 553 tuam
1468 494 1768 550 bonitatem
1800 506 1927 562 per-
1955 493 2001 551 Α
2029 489 2124 545 Dei
2157 483 2591 544 immortalitatis
2619 492 2704 540 est
2730 482 3097 542 condonatrix
3148 482 3235 538 bis
3267 481 3361 554 qui
3410 494 3604 554 aggre-

345 597 567 664 licieus,
599 596 951 667 conligursrrs
979 592 1326 661 temetipsum
1371 586 1556 652 Patri,
1603 584 1695 657 qui
1749 584 1920 639 solem

342 704 506 752 suum
541 689 675 745 oriri
704 687 837 744 facit
857 700 1022 758 super
1044 684 1218 740 malos
1246 691 1304 739 et
1333 682 1508 738 bonos
1528 719 1546 742 ,
1574 687 1631 734 et
1655 675 1795 749 pluit
1825 690 1924 731 sus

345 797 445 856 per
467 782 648 853 jnstos
686 778 1009 852 etjnjustos
1036 776 1080 832 ⁸.
1121 777 1248 833 Haec
1273 785 1454 830 autem
1479 769 1627 844 (86),
1657 766 1925 838 quemad-

347 871 572 930 modum
602 869 978 943 pradiximus,
1006 881 1118 922 non
1139 862 1492 922 dissolventis
1524 869 1686 919 erant
1707 859 1881 930 legem
1902 895 1922 924 ,

347 965 445 1021 sed
492 961 837 1034 adimplentis
865 968 920 1015 et
947 957 1293 1014 estendentis
1323 951 1446 1025 (8.7)
1470 953 1524 1007 in
1559 950 1756 1006 nobis:
1794 957 1920 1003 tan-

347 1069 512 1127 quam
540 1053 590 1109 si
628 1050 831 1122 aliquis
862 1050 1031 1114 dicat,
1057 1045 1320 1116 majorem
1344 1040 1617 1100 libertatis
1643 1039 1917 1111 operatio-

346 1163 502 1214 nem,
531 1155 587 1204 et
615 1144 918 1216 pleniorem
947 1155 1078 1212 erga
1107 1139 1460 1196 liberatorem
1502 1145 1752 1193 nostrum
1798 1134 1925 1189 inli-

346 1253 472 1296 xam
509 1237 675 1295 nobis
714 1233 1111 1304 subiectionem
1143 1241 1201 1290 et
1231 1230 1594 1287 aifectionem.
1627 1227 1742 1284 Non
1775 1227 1922 1282 enim

344 1342 578 1405 propter
621 1331 730 1386 hoc
781 1328 1038 1384 liberavit
1076 1340 1179 1382 nos
1202 1365 1218 1390 ,
1247 1333 1307 1379 ut
1333 1324 1402 1379 ab
1430 1335 1500 1380 eo
1529 1321 1920 1388 abscedamus;

349 1438 455 1482 nec
482 1423 632 1480 enim
662 1430 843 1492 potest
871 1421 1162 1492 quisquam
1206 1427 1360 1472 extra
1397 1415 1685 1471 Dominica
1710 1411 1925 1470 consti-

349 1527 504 1576 tutus
530 1517 670 1571 bona
691 1556 707 1579 ,
748 1512 1075 1580 sibimetipsi
1114 1513 1400 1580 acquirere
1431 1509 1623 1565 salutis
1665 1506 1924 1562 alimenta

346 1613 489 1684 (88);
536 1613 632 1668 sed
664 1619 722 1666 ut
748 1610 870 1680 plus
891 1608 1128 1680 gratiam
1153 1607 1268 1675 ejus
1293 1607 1473 1677 adepti
1498 1648 1513 1672 ,
1546 1605 1666 1676 plus
1693 1619 1818 1661 eum
1842 1604 1926 1659 di-

348 1703 606 1775 ligamus.
634 1702 854 1771 Quanto
875 1710 1057 1757 autem
1084 1699 1207 1768 plus
1237 1712 1359 1753 eum
1403 1696 1757 1752 dilexerimus
1776 1735 1793 1759 ,
1819 1695 1926 1750 hoc

345 1797 610 1869 majorem
634 1796 748 1867 (89)
779 1797 848 1851 ab
869 1807 936 1849 eo
968 1791 1196 1862 gloriam
1223 1788 1574 1860 accipiemus,
1596 1802 1720 1844 cum
1753 1787 1926 1843 simus

345 1903 565 1958 semper
599 1890 654 1943 in
685 1893 980 1957 conspectu
1009 1884 1209 1939 Patris.

415 1979 472 2034 ι.
502 1978 642 2046 Quia
675 1977 844 2050 igitur
861 1974 1134 2032 naturalia
1164 1972 1348 2027 omnia
1380 1979 1650 2041 prtecepta
1681 1984 1927 2026 commu-

345 2069 442 2127 nia
467 2079 594 2126 sunt
621 2070 776 2126 nobis
797 2075 852 2124 et
893 2067 1021 2135 illis,
1045 2067 1100 2120 in
1127 2063 1233 2120 illis
1259 2066 1477 2132 quidem
1509 2063 1725 2118 initium
1753 2071 1810 2118 et
1833 2078 1926 2116 or-

347 2169 465 2216 tum
521 2159 866 2224 habuerunt;
916 2157 972 2212 in
1031 2156 1188 2212 nobis
1231 2165 1412 2211 autem
1471 2161 1825 2225 augmentum
1868 2161 1926 2208 et

345 2251 794 2320 adimpletionem
841 2257 1229 2321 perceperunt.
1266 2247 1548 2305 Assentire
1587 2246 1741 2300 enim
1788 2244 1924 2312 Deo,

345 2353 404 2401 et
432 2348 585 2414 sequi
614 2344 735 2414 ejus
765 2345 1026 2407 Verbum,
1054 2351 1108 2399 et
1135 2357 1304 2412 super
1328 2342 1512 2397 omnia
1530 2340 1753 2409 diligere
1775 2355 1923 2400 eum,

346 2445 404 2491 et
436 2437 744 2507 proximum
780 2435 926 2488 sicut
981 2431 1218 2503 seipsum
1266 2430 1453 2501 (homo
1495 2439 1677 2487 autem
1714 2426 1930 2485 homini.

348 2526 692 2597 proximus),
729 2536 783 2580 et
816 2524 1096 2580 abstinere
1123 2523 1191 2578 ab
1224 2524 1370 2578 omni
1403 2522 1552 2578 mala
1573 2523 1920 2593 operatione,

347 2627 405 2674 et
434 2632 774 2688 quaecunque
805 2616 933 2671 talia
963 2618 1276 2672 communia
1304 2617 1554 2683 utrisque
1581 2623 1729 2680 sunt,
1755 2630 1921 2668 unum

344 2718 405 2767 et
431 2710 683 2766 eumdem
705 2711 1003 2765 ostendunt
1029 2709 1218 2763 Deum.
1266 2706 1366 2762 ilic
1407 2715 1491 2761 est
1519 2714 1699 2760 autem
1736 2703 1923 2756 Domi-

347 2819 450 2860 tius
480 2812 690 2865 noster,
717 2800 955 2856 Verbum
1000 2803 1118 2862 Dei.
1150 2800 1244 2870 qni
1273 2799 1451 2869 primo
1479 2799 1699 2868 quidem
1731 2811 1923 2851 servos

348 2891 584 2948 attraxit
615 2892 721 2946 Deo
745 2935 760 2958 ,
792 2900 982 2961 postea
1025 2900 1210 2946 autem
1261 2890 1513 2943 liberavit
1539 2901 1634 2942 eos
1667 2888 1758 2956 qni
1787 2892 1923 2942 sub-

341 2983 474 3053 jecti
509 2994 640 3039 sunt
674 2983 758 3046 ei,
811 2982 1271 3051 quemadmodum
1311 2980 1428 3051 ipse
1470 2981 1549 3034 ait
1587 2977 1872 3048 discipulis
1905 2993 1921 3031 :

353 3090 374 3126 t
400 3071 522 3130 lam
557 3090 666 3128 non
701 3076 878 3128 dicant
918 3089 1016 3128 vos
1067 3087 1259 3129 servos
1299 3087 1314 3126 :
1368 3071 1497 3141 quia
1526 3085 1721 3126 servus
1749 3071 1927 3125 nescit

347 3166 481 3238 quid
532 3167 650 3236 ejus
675 3166 933 3221 dominus
963 3165 1149 3220 faciat.
1192 3163 1296 3220 Vos
1325 3176 1506 3218 autem
1550 3164 1659 3220 dixi
1690 3163 1920 3229 amicos,

347 3256 609 3328 quoniam
633 3258 815 3312 omnia
839 3256 951 3329 (90')
988 3272 1109 3327 quae
1134 3257 1316 3313 audivi
1352 3272 1380 3310 a
1424 3255 1588 3310 Patre
1614 3295 1631 3322 ,
1690 3256 1924 3313 manife-

348 3347 489 3404 stavi
510 3350 532 3381 ’θ’
564 3347 698 3422 (9i).
735 3369 757 3402 ›
786 3348 842 3402 in
873 3363 937 3403 eo
965 3349 1111 3403 enim
1136 3349 1280 3417 quod
1307 3348 1440 3404 dicit
1475 3368 1488 3404 :
1521 3348 1668 3404 dam
1698 3365 1804 3404 non
1835 3351 1922 3406 di-

345 3452 468 3494 cam
522 3453 617 3494 vos
665 3453 874 3504 servos,
913 3458 931 3491 ι
987 3439 1435 3495 manifestissime
1484 3441 1813 3511 significavit
1867 3457 1926 3498 se

345 3542 492 3591 esse,
529 3530 620 3598 qui
654 3529 833 3599 primo
871 3530 1093 3597 quidem
1118 3545 1240 3585 eam
1286 3533 1610 3586 servitutem
1640 3572 1654 3595 ,
1694 3547 1815 3602 quae
1842 3543 1921 3588 est

343 3633 472 3689 erga
501 3620 696 3683 Deum,
732 3621 1044 3676 hominibus
1073 3635 1169 3690 per
1194 3622 1364 3692 legem
1395 3623 1769 3688 constituerit,
1803 3633 1926 3691 post

346 3711 550 3768 deinde
582 3711 892 3768 iibertatem
928 3714 1008 3768 eis
1037 3713 1351 3768 donaverit.
1387 3713 1454 3768 Et
1480 3715 1533 3769 iu
1571 3730 1639 3770 eo
1664 3717 1808 3786 quod
1841 3718 1923 3771 di-

345 3802 459 3859 cit:
505 3822 524 3855 ι
564 3803 833 3869 Quoniam
878 3819 1070 3858 servus
1098 3804 1274 3858 nescit
1303 3805 1430 3874 quid
1461 3805 1631 3860 faciat
1666 3807 1924 3862 dominus

344 3896 505 3963 ejus;
547 3913 564 3946 ο
598 3895 962 3964 ignorantiam
1001 3895 1218 3950 servilis
1259 3897 1443 3967 populi
1480 3898 1794 3955 manifestat
1827 3915 1924 3969 per

345 3999 504 4041 suum
538 3985 854 4041 adventum.
885 3990 941 4040 In
963 3999 1027 4039 eo
1050 3997 1233 4042 autem
1258 3989 1402 4059 quod
1431 3991 1637 4046 amicos
1665 3991 1756 4046 Dei
1792 3994 1925 4049 dicit

345 4091 475 4133 suos
504 4078 820 4147 discipulos,
857 4079 1144 4134 manifeste
1178 4082 1415 4135 ostendit
1438 4098 1497 4137 se
1534 4098 1654 4139 esse
1682 4083 1922 4141 Verbum

346 4169 468 4237 Dei,
503 4183 668 4237 quem
695 4180 751 4224 et
783 4167 1062 4228 Abraham
1093 4173 1400 4228 voluntarie
1444 4183 1501 4229 et
1544 4176 1666 4231 sine
1696 4178 1925 4234 vinculis

344 4272 574 4333 propter
601 4268 1024 4333 generositatem
1059 4265 1182 4321 lidei
1212 4281 1478 4335 sequens,
1508 4269 1718 4325 amicus
1745 4269 1926 4328 factus

343 4363 431 4408 est
459 4354 623 4409 Deo“.
656 4355 762 4409 Sed
794 4370 970 4426 neque
1003 4357 1235 4413 Abrahae
1263 4359 1559 4414 amicitiam
1589 4371 1809 4431 propter
1841 4365 1926 4418 in-

344 4445 644 4517 digentiam
672 4450 967 4518 assumpsit
989 4449 1085 4504 Dei
1117 4449 1379 4516 Verbum,
1411 4451 1686 4508 exsistens
1715 4455 1784 4509 ab
1814 4455 1920 4512 ini-

2028 578 2254 635 diuetur
2281 572 2392 650 (93)
2419 589 2565 632 eam.

2579 703 2811 762 CAPUT
2847 701 2966 759 XIV
2989 703 3055 762 ⁸⁸.

2031 822 2090 882 Si
2116 823 2259 895 «μίξις⁸
2273 820 2509 895 obsequii
2539 817 2714 895 exigat
2740 818 2807 872 ab
2828 817 3039 895 {nomine
3068 815 3235 895 _D.e_ns,
3267 831 3314 870 st
3343 813 3608 895 hominem

2101 884 2420 953 condiderit,
2449 884 2715 944 vocaverit
2738 903 2803 958 ac
2829 885 3031 958 legibus
3062 885 3477 958 informaverit,
3513 884 3607 938 uni

2099 961 2327 1020 hominis
2367 959 2529 1015 saluti
2589 957 2822 1013 consulit
2847 953 2897 1021 τ’
2924 971 3030 1010 non
3081 953 3292 1010 homins
3339 953 3604 1024 indigens,

2101 1035 2194 1090 sed
2224 1037 2280 1090 in
2307 1031 2450 1087 hunc
2497 1028 2750 1099 beneficia
2779 1026 2948 1099 gratis
2978 1026 3191 1081 omnino
3226 1025 3468 1096 conferre
3493 1031 3610 1079 stit-

2101 1105 2248 1160 deus.

2104 1225 2156 1278 Ι.
2187 1220 2357 1292 Igitur
2384 1215 2542 1273 initio
2566 1229 2673 1270 non
2699 1211 2860 1285 quasi
2884 1210 3137 1282 indigens
3177 1208 3322 1265 Deus
3342 1206 3606 1276 hominis,

2031 1312 2323 1387 plasmavit
2349 1309 2551 1372 Adam,
2573 1305 2670 1363 sed
2693 1314 2753 1361 ut
2786 1302 3018 1362 haberet
3037 1302 3094 1359 in
3120 1317 3282 1372 quem
3310 1299 3610 1358 collocaret

2032 1421 2128 1464 sua
2159 1402 2450 1462 benellcia.
2481 1398 2604 1456 Non
2628 1398 2774 1460 enim
2813 1395 2989 1452 solum
3026 1404 3161 1450 ante
3182 1395 3354 1450 Adam
3375 1435 3393 1461 ,
3426 1394 3522 1449 sed
3552 1403 3611 1448 et

2034 1505 2160 1553 ante
2181 1509 2398 1550 omnem
2438 1490 2813 1548 conditionem
2850 1485 3194 1557 glorificabat
3233 1483 3472 1540 Verbum
3500 1480 3611 1538 Pa-

2035 1598 2174 1644 trem
2201 1602 2386 1651 suum,
2421 1597 2648 1639 manens
2673 1582 2730 1638 in
2750 1595 2852 1649 eo;
2882 1588 2943 1636 et
2975 1579 3095 1650 ipse
3129 1594 3160 1634 a
3194 1576 3360 1633 Patre
3402 1574 3611 1633 elarill-

2031 1677 2258 1734 cabatur
2277 1674 2412 1750 (9'5),
2443 1671 2908 1745 quemadmodum
2933 1670 3049 1740 ipsa
3077 1668 3154 1724 ait
3182 1686 3198 1724 :
3236 1686 3256 1721 ι
3292 1668 3476 1735 Pater,
3498 1665 3612 1723 cla-

2032 1770 2182 1826 rilica
2225 1783 2312 1824 me
2355 1765 2610 1824 claritate
2640 1778 2803 1834 quam
2827 1761 2994 1819 habui
3017 1763 3157 1834 apud
3189 1771 3262 1826 te,
3288 1760 3610 1832 priusquam

1962 1855 2003 1912 Β
2032 1863 2268 1918 mundus
2299 1857 2536 1915 fleret“.
2581 1876 2602 1911 ι
2637 1855 2747 1912 Nec
2780 1864 2980 1912 nostro
3011 1854 3321 1909 ministerio
3353 1852 3611 1923 indigens

2023 1955 2187 2026 jussit
2239 1962 2298 2007 ut
2334 1968 2457 2010 eum
2501 1964 2891 2024 sequeremur;
2936 1947 3034 2006 sed
3082 1947 3241 2003 nobis
3293 1945 3426 2016 ipsis
3445 1944 3611 2000 attri-

2031 2047 2204 2102 buens
2234 2044 2344 2119 (94)
2379 2045 2632 2102 salutem.
2655 2042 2822 2113 Sequi
2848 2039 2999 2098 enim
3027 2038 3401 2104 Salvatorem,
3438 2036 3611 2108 partit

2030 2141 2216 2211 cipare
2251 2148 2336 2195 est
2360 2138 2594 2193 salutem
2622 2155 2637 2191 :
2667 2146 2721 2191 et
2739 2134 2895 2206 sequi
2925 2133 3109 2189 lumen
3133 2171 3148 2199 ,
3181 2131 3464 2203 percipere
3496 2128 3610 2203 (95)

2030 2241 2115 2288 est
2143 2231 2344 2288 lumen.
2370 2229 2474 2298 Qui
2516 2235 2700 2284 autem
2729 2226 2783 2281 in
2815 2224 3023 2281 lumine
3045 2232 3194 2284 sunt,
3223 2237 3332 2277 non
3361 2221 3464 2292 ipsi
3496 2219 3609 2295 (96)

2030 2325 2213 2380 lumen
2243 2323 2576 2385 illuminant,
2610 2321 2707 2377 sed
2753 2318 3134 2374 illuminantur
3177 2325 3235 2372 et
3264 2316 3614 2372 illustrantur

2030 2420 2190 2472 abeo
2227 2435 2239 2471 :
2273 2415 2373 2484 ipsi
2409 2415 2630 2483 quidem
2659 2411 2711 2466 ei
2747 2411 2886 2466 nihil
2934 2417 3236 2481 praestant,
3279 2405 3609 2466 beneficium

2030 2519 2208 2566 autem
2241 2509 2610 2579 percipientes
2650 2506 3034 2563 illuminantur
3082 2519 3111 2558 a
3162 2501 3389 2558 lumine.
3431 2497 3524 2555 Sic
3553 2504 3613 2553 et

2029 2601 2270 2656 servitus
2299 2613 2428 2670 erga
2459 2597 2656 2664 Deum,
2689 2596 2804 2654 Deo
2823 2596 3046 2667 quidem
3074 2594 3211 2650 nihil
3240 2602 3486 2665 praestat,
3509 2607 3613 2646 nec

2030 2709 2168 2765 opus
2199 2707 2282 2749 est
2328 2691 2441 2748 Deo
2477 2692 2723 2747 humano
2747 2689 3050 2760 obsequio;
3105 2689 3226 2759 ipse
3282 2695 3464 2743 autem
3518 2699 3611 2740 se-

2030 2786 2322 2859 quentibus
2347 2792 2407 2841 et
2429 2785 2797 2840 servientibus
2827 2784 2878 2837 ei
2913 2783 3083 2837 vitam
3104 2823 3120 2846 ,
3158 2790 3214 2835 et
3258 2781 3610 2849 incorrupte-

2031 2883 2223 2944 lam,et
2244 2877 2468 2949 gloriam
2487 2873 3043 2940 aeternamattribuit,
3090 2871 3420 2928 beneficium
3470 2881 3613 2934 prte-

2033 2980 2191 3027 stans
2222 2967 2595 3025 servientibus
2625 2966 2727 3022 sibi
2752 2965 2826 3020 ob
2853 2966 2903 3019 id
2933 2962 3080 3035 quod
3119 2962 3387 3025 serviunt,
3431 2969 3490 3016 et
3519 2976 3611 3014 se-

2031 3064 2332 3136 quentibus
2367 3063 2437 3117 ob
2477 3062 2532 3117 id
2557 3061 2704 3132 quod
2735 3068 3077 3130 sequuntur,
3116 3057 3212 3112 sed
3259 3071 3367 3110 non
3400 3055 3610 3111 beneli-

2032 3157 2176 3211 cium
2206 3155 2278 3209 ab
2300 3154 2388 3210 eis
2420 3153 2730 3222 percipiens
2761 3150 2872 3226 (97)
2908 3167 2922 3205 :
2953 3157 3038 3206 est
3081 3150 3228 3205 enim
3258 3147 3414 3203 dives
3435 3186 3452 3211 ,
3483 3161 3612 3217 per-

2031 3245 2232 3309 lectus,
2255 3255 2310 3300 et
2330 3245 2451 3301 sine
2483 3244 2806 3312 indigentia.
2853 3242 3087 3312 Propter
3137 3241 3241 3296 hoc
3281 3248 3464 3295 autem
3512 3250 3612 3293 es-

2031 3338 2204 3408 quirit
2234 3337 2377 3394 Deus
2401 3339 2469 3393 ab
2498 3335 2815 3392 hominibus
2844 3335 3194 3398 servitutem,
3231 3341 3315 3400 ut,
3349 3331 3613 3403 quoniam

2029 3442 2114 3487 est
2145 3431 2321 3486 bonus
2343 3439 2400 3485 et
2427 3426 2768 3494 misericors,
2809 3425 3126 3483 benefaciat
3154 3425 3240 3482 eis
3263 3464 3279 3492 ,
3309 3424 3401 3495 qui
3425 3436 3613 3493 perse-

2031 3529 2226 3576 verant
2274 3523 2327 3576 in
2363 3519 2628 3576 servitute
2654 3519 2798 3589 ejus.
2850 3519 2907 3574 in
2954 3526 3221 3590 quantum
3276 3515 3421 3571 enim
3472 3515 3617 3570 Deus

2030 3613 2197 3687 244
2231 3614 2428 3668 nullius
2453 3613 2706 3684 indigens
2734 3613 2870 3684 (93),
2897 3614 2950 3668 iu
2976 3621 3188 3668 tantum
3219 3611 3383 3668 horno
3405 3611 3614 3680 indiget

2032 3707 2126 3762 Dei
2156 3707 2558 3762 communione.
2584 3704 2711 3761 Ηεεο
2741 3706 2890 3760 enim
2925 3704 3098 3775 gloria
3134 3703 3392 3768 hominis,
3424 3716 3613 3772 perse-

2032 3815 2224 3855 verare
2259 3815 2325 3855 ac
2365 3812 2693 3873 permanere
2737 3799 2790 3853 in
2840 3801 2932 3855 Dei
2963 3799 3258 3855 servitute.
3291 3796 3361 3854 Et
3389 3805 3614 3869 propter

2033 3891 2136 3947 hoc
2160 3891 2382 3947 dicebat
2413 3891 2696 3961 discipulis
2732 3890 3000 3948 Dominus
3031 3909 3046 3946 :
3075 3909 3096 3944 ι
3126 3890 3242 3946 Non
3271 3905 3367 3946 vos
3391 3902 3480 3945 me
3505 3890 3618 3944 cleo

2031 3983 2323 4053 gistis,sed
2357 3999 2459 4054 ego
2484 3983 2624 4054 elegi
2652 4001 2748 4040 vos
2768 3985 2810 4016 ι’
2834 4025 2851 4049 ,
2891 4003 2911 4038 ι
2947 3983 3270 4056 signiﬁcans
3295 4025 3309 4050 ,
3342 3981 3609 4054 quoniam

2031 4091 2139 4131 non
2168 4075 2272 4146 ipsi
2299 4075 2681 4148 glorilicabant
2705 4093 2858 4143 eum,
2887 4087 3181 4146 sequentes
3208 4089 3333 4129 eum
3363 4091 3378 4139 ;
3429 4073 3525 4128 sed
3557 4071 3612 4126 in

2030 4193 2096 4233 eo
2124 4179 2270 4248 quod
2305 4189 2667 4250 sequerentur
2697 4178 2890 4233 Filium
2916 4177 3037 4242 Dei,
3060 4174 3515 4247 glorilleabantur
3543 4172 3614 4228 ab

2033 4285 2117 4326 eo.
2163 4272 2233 4328 Et
2269 4273 2467 4328 iterum
2508 4289 2522 4326 :
2564 4290 2584 4324 ε
2621 4269 2758 4327 Volo
2791 4281 2851 4326 ut
2881 4273 2968 4326 ubi
2997 4285 3099 4342 ego
3146 4285 3266 4324 sum
3292 4311 3306 4333 ,
3357 4269 3432 4322 ibi
3470 4277 3525 4322 et
3555 4265 3611 4322 bi

2032 4362 2160 4427 sint,
2209 4371 2269 4417 ut
2305 4363 2526 4418 videant
2571 4363 2876 4419 claritatem
2927 4361 3204 4428 meum";
3258 4381 3275 4414 ›
3336 4376 3441 4416 non
3475 4372 3613 4413 vane

2032 4454 2270 4523 glorians
2328 4469 2491 4524 super
2537 4455 2678 4520 hoc,
2744 4456 2840 4511 sed
2893 4456 3125 4527 gloriam
3174 4468 3330 4508 suam
3385 4451 3614 4522 partici-

346 4537 424 4591 tio
456 4536 734 4608 perlectus
776 4560 785 4594 :
825 4558 845 4591 ‹
887 4540 1195 4609 Antequam
1230 4541 1375 4595 enim
1418 4543 1700 4598 Abraham
1754 4557 1918 4613 esset,
1953 4569 1998 4626 ι)
2033 4544 2148 4614 pari
2210 4545 2320 4619 (99)
2380 4544 2568 4601 volens
2660 4544 2942 4614 discipulis
2999 4545 3146 4610 suis,
3203 4545 3270 4596 de
3313 4542 3515 4613 quibus
3556 4550 3611 4595 et

344 4639 444 4698 ego
474 4629 654 4691 sum’,
703 4646 722 4680 ι
759 4629 968 4706 inquit;
999 4632 1092 4686 sed
1143 4639 1202 4684 ut
1249 4632 1349 4701 ipsi
1397 4633 1630 4688 Abralue
1684 4635 1917 4693 donaret

343 4728 605 4774 sternam
642 4718 833 4782 vitam,
863 4723 1133 4777 exsistens
1164 4725 1359 4790 bonus,
1390 4724 1645 4792 quoniam
1675 4728 1915 4783 amicitia

2025 4640 2190 4694 lsaias
2223 4640 2299 4694 ait
2319 4639 2457 4694 :tAb
2481 4638 2698 4695 oriente
2722 4640 3000 4694 attraham
3027 4652 3216 4694 semen
3251 4645 3427 4700 tuum,
3459 4645 3515 4690 et
3544 4635 3614 4690 ab

2026 4746 2220 4786 occasu
2244 4731 2495 4796 colligam
2533 4740 2585 4785 te
2617 4739 2716 4788 :et
2742 4730 2921 4785 dicam
2958 4729 3250 4800 Aquiloni:
3289 4727 3521 4790 Adduc;
3557 4736 3612 4780 ct

416 4813 651 4897 {Matth
686 4815 866 4897 v,_’:i5.
890 4816 1140 4897 __'_Joan.
1172 4835 1273 4886 xv,
1308 4818 1394 4897 l_5._
1469 4820 1490 4851 ⁸
1524 4820 1637 4875 Jac.
1674 4823 1856 4889 xt,9.5.
1935 4827 1956 4860 ⁹
1983 4825 2137 4883 Joan.
2177 4844 2273 4884 vm
2300 4870 2314 4894 ,
2346 4827 2436 4884 58.
2511 4828 2554 4859 ¹⁰
2579 4827 2713 4897 Cap.
2775 4825 3015 4884 XXVIII.
3096 4829 3137 4859 “
3161 4825 3320 4883 Joan.
3363 4841 3507 4890 xvn,
3553 4825 3608 4881 5.

346 4886 389 4918 ’³
413 4882 572 4940 Joan.
601 4900 690 4952 xv,
723 4883 808 4941 l6.
890 4887 930 4918 "
966 4886 1126 4944 loan.
1159 4882 1296 4954 Xlill,
1331 4890 1424 4947 9.4.

342 4978 635 5106 gt‘fallas.
683 4988 742 5035 ut
771 4991 824 5036 et
850 4983 1108 5040 Arundel.
1164 4986 1217 5040 in
1261 5003 1370 5057 quo
1413 4989 1636 5060 legitur,
1688 4991 1920 5045 homini-

417 5121 528 5193 (86)
563 5121 692 5193 ilwc
730 5134 925 5176 autem.
961 5122 1152 5179 Omnia
1184 5126 1389 5182 addunt
1418 5131 1577 5185 oditt.
1598 5146 1719 5186 cum
1744 5133 1924 5188 Arun-

346 5190 455 5246 del.
482 5190 535 5246 et
566 5192 732 5249 Merc.
757 5194 814 5248 2.

342 5261 627 5387 “85,802.15:
684 5266 1032 5321 ertendcntis.
1097 5264 1163 5320 Et
1216 5268 1536 5335 dilatamis,
1571 5271 1791 5326 additur
1863 5275 1914 5327 in

343 5399 528 5526 misti)
580 5402 862 5458 Alimenta.
925 5404 980 5460 in
1052 5406 1182 5461 edit.
1240 5408 1414 5463 Oxon.
1446 5424 1763 5481 perperam,
1818 5415 1924 5470 διε-

417 5541 530 5685 (89)
572 5542 683 5626 (ioc
708 5546 983 5612 majorem.
1020 5547 1174 5602 Eras.
1207 5560 1260 5602 et
1290 5547 1515 5617 Gallas.,
1544 5569 1602 5606 eo
1626 5556 1813 5623 magis.

441 5611 510 5665 90
546 5612 1058 5685 Dicam...quoniam
1083 5618 1361 5672 omnimlta
1382 5619 1612 5676 Feuard.
1643 5624 1693 5676 in
1719 5640 1803 5678 ma

441 5611 530 5685 90)
546 5611 1058 5696 Dicamumuoniam
1083 5618 1361 5696 ontn_in.lta
1382 5611 1612 5696 feuard.
1643 5624 1693 5676 in
1713 5611 1920 5696 ἵκω-8.,

342 5678 602 5765 Clarum...
651 5678 834 5765 Ottob.
874 5696 936 5765 et
989 5687 1167 5765 γοδς..
1197 5689 1248 5741 in
1285 5691 1498 5765 quibus
1546 5695 1710 5755 etiam
1756 5678 1918 5763 pain;

342 5753 717 5826 po_s_t,di‘cam.
750 5756 804 5808 in
838 5756 958 5810 aliis
986 5760 1173 5810 dico...
1208 5753 1348 5826 quia.

417 5820 525 5896 (9i)
559 5823 762 5892 Patre,
805 5828 1156 5898 rnanij'ssiari.
1208 5820 1295 5884 Sx.
1347 5829 1577 5889 Feuartl.
1628 5835 1680 5889 in
1719 5852 1915 5911 marg"

2029 4995 2290 5134 flarent”
2333 4997 2488 5052 Voss.
2520 5007 2576 5051 et
2607 4997 2817 5051 Arund.
2845 4996 3063 5058 Uzeteri,
3097 4991 3257 5048 Patre
3290 5010 3402 5047 meo
3429 5033 3442 5054 .
3487 5004 3611 5048 ποια

2055 5081 2151 5119 ecr.

2055 5081 2151 5119 εει,

2101 5135 2210 5208 (92)
2250 5137 2664 5208 Aggrediuntur.
2699 5136 2825 5208 Le.
2857 5137 3182 5208 suscipiunt.

2100 5206 2211 5277 (95)
2235 5206 2679 5277 clariﬁcabatur.
2701 5207 2826 5270 Alii,
2849 5206 3284 5277 gloriﬁcabat'tr.

2101 5275 2208 5349 (94)
2236 5275 2417 5349 _Nobis
2448 5279 2576 5346 ipsis
2616 5275 2927 5349 attribucirs.
2951 5275 3119 5331 Editt.
3152 5292 3278 5331 cum
3313 5275 3523 5331 Arund.
3559 5286 3610 5331 et

2033 5347 2201 5401 Merc.
2229 5347 2284 5410 Ξ,
2320 5359 2375 5400 ut
2407 5349 2557 5402 nobis
2583 5349 2708 5414 ipsis
2735 5348 3070 5402 attribueret.

2104 5418 2214 5487 (95)
2250 5415 2545 5487 .l’ercipere.
2578 5420 2667 5474 Sic
2699 5433 2830 5472 mss.
2877 5418 2932 5471 In
2962 5417 3129 5471 Editt.
3159 5417 3498 5486 participare.

2099 5486 2209 5558 (9b)
2240 5488 2372 5553 ipsi.
2408 5486 2640 5543 Fcuard.
2676 5489 2730 5541 in
2762 5504 2935 5558 marg.
2969 5499 3026 5541 et
3060 5488 3240 5558 Voss,
3272 5489 3466 5554 ipsum.

2104 5557 2216 5630 (9T;
2240 5561 2318 5611 Ab
2348 5560 2427 5630 eis
2471 5560 2780 5624 percipiens.
2835 5557 2910 5612 ua
2954 5569 3104 5612 vetus
3142 5557 3376 5630 Fcuaril.
3408 5558 3606 5624 cndu,

2028 5627 2265 5684 Clarum.
2300 5639 2356 5682 et
2392 5628 2547 5682 Voss.
2580 5630 2710 5691 Alii,
2745 5631 2857 5697 ipso
2887 5631 2952 5681 ab
2984 5631 3059 5682 eis
3088 5628 3426 5698 percipiente.

2099 5703 2214 5770 (98)
2245 5699 2463 5755 Nullius
2496 5701 2759 5768 indigens.
2791 5700 2980 5761 Editt.,
3012 5701 3210 5752 nullius
3235 5700 3453 5769 indiget.

2101 5770 2209 5842 (99)
2241 5770 2580 5841 Participari.
2611 5772 2716 5835 AL,
2754 5770 3097 5841 participare.
