4222 6320
672 349 808 408 1011

1410 348 1471 407 S.
1510 349 1767 407 [BENE]
1800 349 2107 408 EPISCOPI
2144 346 2626 407 LUGDUNENSIS
2662 345 3145 402 ET'MARTYRIS

3767 342 3903 398 i018

669 470 874 528 Austro
905 482 921 527 ε
952 469 1069 527 Noli
1095 470 1385 541 prohibere
1417 488 1432 527 :
1461 471 1777 543 attrahe(l)
1813 472 1957 528 ﬁlios
1983 487 2134 528 meos
2164 474 2231 528 de
2260 476 2308 534 Α
2333 486 2431 543 per
2458 470 2658 526 multas
2684 468 2998 525 vocationes
3028 465 3140 539 (10)
3166 473 3499 536 praestruens
3517 479 3613 522 eos
3644 478 3899 535 perseve-

669 560 992 634 longinquo,
1029 571 1086 619 et
1131 563 1273 617 ﬁlias
1318 578 1469 619 meas
1513 579 1545 618 a
1588 564 2005 620 summitatibus
2050 573 2233 629 terrae,

666 667 860 709 omnes
886 664 1150 725 quotquot
1175 657 1352 710 vocati
1385 664 1513 709 sunt
1556 656 1636 727 (2)
1675 655 1728 710 in
1754 656 1973 712 nomine
1996 670 2137 711 meo.
2178 655 2236 710 In

666 743 842 817 gloria
876 745 1021 799 enim
1064 758 1182 799 mea
1232 746 1556 816 prtcparavi,
1604 754 1660 802 et
1698 744 1963 811 formavi,
2026 757 2081 802 et
2135 748 2237 802 feci

667 835 901 893 cum“.r
934 837 1204 903 Hocideo,
1230 839 1486 905 quoniam
1516 838 1857 910 rubicunque
1878 849 1962 896 est
1982 840 2235 905 cadaver,

670 927 801 985 illuc
847 930 1324 999 congregahuntnr
1357 939 1413 986 et
1450 931 1731 1002 aquilae",
1783 951 1802 985 ι
1847 932 2239 1001 participantes

670 1019 855 1090 gloria
886 1020 1098 1075 Domini
1144 1022 1280 1089 :qui
1310 1031 1364 1077 et
1387 1022 1669 1089 formavit,
1706 1033 1761 1077 et
1797 1023 1863 1078 ad
1886 1022 1991 1077 hoc
2026 1038 2241 1092 praepa-

668 1112 947 1180 ravitnos,
974 1125 1056 1183 ut,
1080 1114 1204 1170 dum
1231 1129 1420 1170 sumus
1448 1129 1573 1170 cum
1594 1128 1683 1181 eo,
1708 1115 2099 1187 participemus
2124 1115 2240 1187 glo-

670 1204 770 1261 riae
791 1205 932 1276 ejus.

742 1299 801 1353 2.
836 1297 929 1354 Sic
953 1311 1008 1353 et
1040 1298 1184 1355 Deus
1220 1301 1287 1356 ab
1326 1301 1487 1357 initio
1526 1301 1800 1358 hominem
1856 1301 2074 1371 quidem
2120 1300 2239 1371 pla-

675 1390 879 1444 Smavit
918 1400 1143 1460 propter
1185 1406 1339 1445 suam
1404 1391 1873 1461 muniﬁcentiam;
1900 1392 2243 1463 patriarchas

674 1494 805 1535 vero
832 1480 994 1551 elegit
1022 1492 1247 1552 propter
1275 1484 1493 1539 illorum
1521 1484 1785 1553 salutem;
1825 1484 2080 1555 populum
2112 1498 2242 1539 vero

675 1570 1073 1642 praeformahat
1104 1576 1181 1645 (3)
1206 1576 1406 1631 docens
1440 1576 1808 1642 indocibilem,
1844 1578 1997 1648 sequi
2030 1578 2239 1643 Deum;

672 1663 966 1732 praphetas
1012 1676 1143 1720 vero
1189 1669 1549 1736 praestruehat
1599 1668 1653 1722 in
1698 1678 1843 1724 terra
1871 1710 1886 1733 ,
1918 1685 2243 1726 assuescens

674 1754 953 1809 hominem
982 1766 1205 1825 portare
1228 1758 1345 1825 ejus
1376 1759 1637 1829 Spiritum
1665 1803 1680 1828 ,
1711 1772 1768 1817 et
1803 1765 2241 1818 communionem

2342 577 2491 628 rare,
2522 571 2580 617 et
2612 562 2823 617 servire
2849 560 3002 615 Deo:
3034 573 3131 629 per
3173 573 3236 616 ea
3275 572 3394 628 quae
3438 567 3599 613 erant
3642 556 3900 621 secunda,

2343 658 2415 710 ad
2441 655 2615 725 prima
2642 650 2844 710 vocans
2867 652 3004 726 (ll),
3028 654 3132 709 hoc
3152 661 3255 718 est,
3288 664 3385 721 per
3408 651 3612 719 typica,
3646 647 3712 702 ad
3744 660 3899 712 vers;

2342 758 2397 805 et
2427 763 2525 819 per
2549 746 2864 817 temporalia
2888 786 2904 808 .
2929 748 2997 799 ad
3026 754 3263 811 aeterna;
3292 752 3348 798 et
3388 758 3486 814 per
3511 742 3757 798 carnalia
3780 780 3798 805 ,
3836 740 3903 794 ad

2344 840 2647 910 spiritalia;
2679 848 2735 893 et
2762 853 2860 907 per
2877 846 3116 905 terrena,
3150 836 3217 893 ad
3245 834 3521 901 celestis;
3551 833 3907 903 quemadmo-

2344 932 2470 986 dum
2498 940 2553 985 et
2582 931 2783 986 dictum
2814 938 2898 985 est
2924 928 3088 1001 Moysi
3115 945 3129 983 :
3152 926 3419 995 Quoniam
3472 943 3491 977 ι
3528 923 3697 980 facies
3722 923 3910 979 omnia

2340 1020 2497 1091 juxta
2519 1029 2702 1091 typum
2732 1034 2923 1074 eorum
2955 1032 3075 1087 qua:
3098 1017 3278 1071 vidisti
3310 1017 3362 1071 in
3396 1025 3579 1071 monte
3593 1006 3659 1070 ι’.
3694 1034 3714 1069 ι
3754 1016 3907 1083 Qua-

2346 1110 2592 1181 draginta
2637 1108 2785 1165 enim
2836 1105 3027 1163 diebus
3090 1107 3333 1165 discebat
3380 1119 3571 1166 tenere
3622 1120 3912 1181 sermones

2349 1200 2465 1265 Dei,
2491 1199 2908 1257 etcharacteres
2941 1199 3218 1263 ctelestes,
3245 1209 3300 1254 et
3324 1198 3590 1271 imagines
3611 1199 3911 1270 spiritales,

2346 1300 2401 1343 et
2451 1290 2919 1361 praeﬁgurationes
2959 1290 3299 1356 futurorum,
3349 1292 3807 1363 quemadmodum
3854 1301 3913 1347 et

2345 1380 2543 1436 Paulus
2570 1383 2647 1439 ait
2674 1400 2688 1436 :
2724 1401 2742 1433 ‹
2770 1381 3032 1437 Bibebant
3053 1384 3197 1438 enim
3226 1384 3293 1438 de
3318 1384 3567 1453 sequenti
3587 1382 3701 1454 (12)
3730 1391 3913 1452 petra:

2346 1483 2499 1543 petra
2530 1483 2710 1529 autem
2738 1485 2857 1529 erat
2877 1474 3208 1531 Christus".
3247 1495 3266 1529 ι
3312 1475 3378 1531 Ει
3414 1490 3611 1531 rursus.
3637 1475 3914 1546 praedictis

2348 1566 2458 1631 his,
2484 1581 2605 1636 quae
2634 1568 2685 1622 in
2712 1568 2827 1639 lege
2857 1578 3003 1631 sunt,
3036 1568 3217 1625 intulit
3251 1586 3264 1623 :
3297 1587 3314 1620 ι
3353 1569 3547 1624 Omnia
3584 1578 3766 1625 autem
3798 1567 3919 1640 (13)

2346 1656 2461 1711 haec
2491 1659 2544 1712 in
2595 1658 2765 1727 ﬁgura
2796 1660 3091 1715 veniebant
3120 1660 3225 1715 illis
3264 1678 3279 1713 :
3314 1661 3524 1729 scripta
3571 1672 3699 1715 sunt
3731 1670 3917 1719 autem.

2349 1754 2415 1808 ad
2446 1753 2843 1821 correptionem
2870 1751 2980 1825 (14)
3018 1764 3280 1819 nostram,
3306 1754 3360 1808 in
3383 1766 3519 1823 quos
3548 1752 3674 1809 ﬁnis
3688 1751 3920 1810 saeuit».

674 1842 881 1899 habere
933 1860 1056 1900 cum
1099 1846 1211 1902 Deo
1245 1865 1259 1902 :
1306 1850 1422 1917 ipse
1449 1852 1671 1919 quidem
1720 1853 1921 1908 nullius
1958 1854 2241 1924 indigens;
2279 1835 2321 1889 Β
2355 1860 2475 1898 Tum
2505 1844 2802 1899 devenit".
2840 1864 2858 1896 ι
2884 1844 2992 1901 Per
3033 1855 3188 1918 typos
3214 1847 3360 1900 enim
3394 1843 3506 1918 (l5)
3535 1844 3821 1900 discebant
3847 1843 3920 1899 tl-

674 1936 762 1992 bis
789 1953 919 1994 vero
954 1939 1044 2008 qui
1082 1939 1325 2011 indigent
1352 1940 1466 2009 ejus
1496 1942 1599 2015 (4),
1635 1960 1788 1999 suam
1814 1946 2061 2015 prtebens
2093 1960 2245 2001 com-

674 2030 988 2083 munionem
1019 2041 1105 2086 :et
1131 2032 1216 2086 his
1252 2033 1343 2102 qui
1375 2034 1425 2087 ei
1458 2035 1894 2101 complacehant,
1930 2036 2247 2092 fabricatio-

673 2131 801 2172 nem
834 2119 1047 2185 salutis,
1082 2131 1141 2174 ut
1165 2124 1524 2189 architectus,
1554 2126 1837 2181 delineans
1863 2166 1879 2190 ,
1918 2135 1974 2181 et
2021 2143 2131 2181 non
2166 2129 2247 2180 vi-

676 2207 932 2264 dentibus
985 2211 1041 2265 in
1087 2210 1323 2283 Egyptn
1369 2229 1400 2269 a
1453 2214 1752 2284 semetipso
1803 2216 1939 2273 daus
1996 2215 2246 2270 dncatio-

677 2313 803 2354 nem
837 2300 955 2372 (5);
998 2311 1056 2359 et
1097 2303 1184 2357 his
1222 2304 1311 2374 qui
1338 2304 1567 2374 inquieti
1590 2315 1747 2361 erant
1777 2306 1829 2360 in
1872 2320 2079 2370 eremo,
2110 2306 2248 2362 dans

676 2391 1017 2459 aptissimam
1049 2392 1245 2464 legem,
1280 2402 1335 2449 et
1369 2394 1455 2450 bis
1477 2394 1573 2464 qui
1611 2396 1663 2450 in
1693 2395 1893 2452 bonam
1928 2404 2127 2452 terram
2161 2399 2245 2454 in-

680 2483 972 2547 troierunt,
1005 2483 1225 2555 dignam
1249 2486 1499 2557 praebens
1523 2488 1895 2545 bacreditatem
1917 2509 1931 2557 ;
1956 2500 2011 2546 et
2041 2492 2129 2547 his
2154 2493 2248 2561 qui

674 2583 1073 2631 convertuntur
1104 2578 1181 2659 ad,
1198 2576 1437 2644 Patrem,
1474 2582 1782 2649 saginatum
1806 2584 2063 2637 occidens
2100 2585 2244 2637 vitu-

676 2663 812 2729 lum,
843 2676 898 2719 et
929 2666 1162 2734 primam
1188 2669 1383 2727 stolam
1406 2670 1612 2725 donans
1644 2689 1659 2725 :
1685 2673 1865 2728 multis
1893 2676 2069 2728 modis
2098 2690 2249 2729 com-

675 2770 890 2825 ponens
917 2758 1214 2813 humannm
1242 2774 1417 2828 genus
1456 2763 1526 2816 ad
1584 2764 2001 2819 consonantiam
2035 2764 2245 2821 salutis.

677 2846 744 2903 Et
774 2859 994 2919 propter
1029 2852 1130 2907 hoc
1154 2849 1390 2908 Joannes
1422 2854 1477 2908 in
1502 2837 1831 2925 Apocalypsi
1861 2858 1969 2911 ait:
2003 2876 2023 2913 (
2055 2857 2122 2913 Et
2146 2872 2246 2912 vox

676 2940 798 3009 ejus
860 2942 1019 3010 quasi
1079 2956 1183 2997 vox
1253 2958 1519 3013 aquarum
1578 2946 1962 3002 multarum".
2027 2967 2046 3001 ι
2115 2948 2250 3005 Vere

677 3034 823 3090 enim
871 3050 1026 3105 aquae
1078 3036 1263 3093 multa:
1308 3038 1547 3109 Spiritus
1604 3041 1718 3114 (6),
1750 3044 2006 3113 quoniam
2062 3046 2247 3113 dives,

678 3137 735 3183 et
783 3127 1043 3197 quoniam
1101 3143 1331 3199 magnus
1388 3139 1473 3187 est
1516 3130 1704 3189 Pater.
1775 3134 1844 3187 Et
1903 3150 1999 3206 per
2060 3151 2251 3193 omnes

679 3219 807 3276 illos
866 3220 1142 3277 transiens
1203 3221 1477 3287 Verbum,
1543 3226 1663 3280 sine
1745 3226 1950 3281 invidia
2036 3228 2249 3283 utilita-

682 3320 789 3365 tem
835 3312 1133 3379 prtestabat
1162 3313 1246 3371 eis
1276 3315 1366 3383 qui
1422 3315 1655 3386 subjecti
1703 3318 1809 3373 sibi
1861 3328 2040 3387 erant,
2100 3322 2249 3375 omni

678 3401 981 3458 conditioni
1038 3414 1432 3475 congruentem
1480 3416 1536 3465 et
1584 3418 1770 3478 aptam
1802 3406 1980 3479 legem
2007 3412 2252 3468 conscri-

677 3489 832 3549 bene.

752 3584 808 3645 3.
840 3585 931 3643 Sic
956 3596 1143 3647 autem
1168 3599 1223 3644 et
1246 3589 1444 3660 popqu
1476 3588 1809 3647 tabernaculi
1846 3589 2163 3659 factionem,
2199 3602 2255 3649 et

682 3675 1103 3734 cdiﬁcationem
1131 3680 1338 3750 templi,
1373 3689 1426 3735 et
1450 3678 1765 3743 Levitarum
1790 3680 2140 3745 electionem,
2160 3698 2252 3739 sa-

679 3769 890 3824 criﬁcia
920 3784 1137 3839 quoque
1164 3782 1221 3827 et
1255 3772 1561 3828 oblationes
1580 3812 1593 3835 ,
1627 3780 1682 3829 et
1710 3772 2037 3829 monitiones
2067 3774 2166 3847 (7),
2195 3784 2251 3831 et

681 3862 952 3931 reliquam
983 3879 1199 3925 omnem
1235 3864 1350 3936 lege
1384 3866 1460 3939 (8)
1500 3867 1775 3923 statuebat
1800 3866 2248 3925 deservitionem.

680 3951 801 4022 Ipse
832 3954 1052 4023 quidem
1084 3956 1287 4013 nullius
1330 3959 1525 4015 horum
1558 3970 1644 4016 est
1681 3962 1963 4032 indigens;
1998 3972 2085 4019 est
2107 3964 2255 4019 enim

680 4058 897 4116 semper
918 4048 1112 4117 plenus
1142 4050 1398 4105 omnibus
1434 4052 1613 4117 honls,
1658 4068 1991 4125 omnemque
2020 4056 2250 4112 odorem

678 4140 1008 4205 suavitatis,
1058 4150 1114 4195 et
1162 4157 1356 4198 omnes
1409 4146 1835 4201 suaveolentium
1868 4149 2253 4217 vaporationes

680 4235 891 4291 habens
914 4235 969 4289 in
1002 4249 1083 4299 se,
1111 4236 1278 4289 etiam
1304 4244 1605 4306 antequam
1634 4236 1848 4309 Moyses
1870 4250 2018 4295 esset
2044 4257 2059 4294 :
2094 4238 2255 4298 facile

684 4337 869 4385 autem
895 4327 963 4388 ad
992 4326 1140 4381 idola
1161 4335 1525 4383 revertentem
1554 4328 1632 4400 (9)
1670 4328 1929 4399 populum
1950 4330 2253 4395 erudiebat,

743 4424 789 4461 "
817 4423 921 4483 lsa.
958 4436 1111 4482 xutt.
1139 4420 1174 4473 5
1194 4430 1249 4491 et
1269 4435 1423 4491 seqq.

684 4497 772 4555 11.
849 4493 895 4525 ³⁸
919 4492 1076 4547 Deut.
1100 4506 1153 4553 v,
1183 4490 1274 4545 εξ.
1351 4490 1539 4564 “Cap.
1570 4492 1763 4550 XXIX.

757 4590 838 4655 (1)
870 4589 1111 4644 Attrahe.
1133 4588 1193 4643 In
1219 4587 1457 4647 Clarom.
1492 4596 1551 4645 et
1577 4591 1760 4655 γοδς..
1788 4593 2079 4647 attraham.

760 4658 836 4735 (2)
863 4658 1057 4715 Omnes
1087 4660 1544 4735 quotquot_voeati
1564 4672 1712 4735 sunt.
1765 4662 2087 4735 Sic_omnes
2116 4677 2250 4717 mss.

685 4729 1002 4786 cuiu'sacro
1031 4738 1209 4802 textu.
1238 4730 1307 4781 At
1336 4730 1514 4793 Eras.,
1553 4729 1750 4802 Gallas.
1791 4741 1845 4785 et
1868 4732 2098 4787 Feuard.
2131 4748 2255 4802 per-

688 4816 912 4873 per-am,
927 4815 1005 4853 om
1013 4815 1103 4873 nes
1124 4800 1262 4873 enim
1282 4808 1531 4873 quotquot
1558 4801 1727 4855 vocati
1750 4802 1900 4873 estis.

761 4869 838 4942 (5)
874 4867 1381 4942 Ρτίςίονῃιαραιέιμ
1413 4867 1678 4942 Cl_arom.,
1704 4871 1915 4942 Arund.
1945 4881 2000 4927 et
2017 4869 2180 4925 Merc.
2200 4872 2253 4925 1.

689 4942 748 5062 lfn
771 4936 953 5062 "vetgr':
976 4936 1213 5001 Feuard.
1239 4936 1361 4996 cod.
1386 4950 1441 4994 et
1467 4937 1648 5002 Voss.,
1684 4940 2034 5011 prwfomwt;
2060 4942 2114 4997 in
2137 4942 2259 4996 aliis

714 5025 865 5062 arma
901 5027 931 5062 a
960 5047 973 5059 .

714 5017 973 5063 armabat.

690 5011 973 5082 formabat.

766 5078 840 5151 (4)
873 5077 1124 5151 indigent
1154 5081 1299 5151 ejus.
1324 5076 1439 5151 AL,
1471 5078 1762 5149 indigentes
1793 5088 1916 5135 sunt
1949 5079 2088 5151 ejus.

786 5147 838 5205 5)
870 5148 1235 5203 Ducatiouem.
1268 5147 1375 5203 Pro
1396 5147 1633 5205 ductum.

694 5287 739 5342 Μ
766 5216 841 5291 (6)
874 5217 1128 5341 ἓρὶτὶιιιε.
1160 5216 1257 5271 Dei
1285 5218 1495 5272 addunt
1539 5220 1696 5274 editt.
1745 5234 1867 5274 cum
1918 5219 2174 5276 Arundel.
2207 5229 2265 5279 et

747 5304 859 5342 crc.
936 5330 948 5342 .

747 5304 859 5343 crc.
892 5304 948 5343 Ζ.

793 5360 847 5414 7)
877 5357 947 5411 Et
973 5358 1303 5413 monitiones.
1332 5357 1535 5412 Desunt
1563 5358 1616 5412 in
1638 5359 1874 5414 Clarom.

791 5426 843 5497 8)
871 5427 1031 5497 Lege.
1061 5428 1153 5483 Sic
1174 5426 1411 5483 Clarom.
1450 5439 1504 5482 et
1537 5426 1719 5493 Voss.;
1748 5430 1955 5493 caeteri,
1979 5429 2127 5497 legis.

793 5361 822 5412 7
877 5360 947 5411 Et
973 5360 1303 5413 monitiones.
1332 5360 1535 5412 Desunt
1563 5360 1616 5412 in
1638 5360 1874 5414 Clarom.

791 5432 823 5481 8
871 5427 1029 5496 Lege.
1061 5428 1153 5483 Sic
1174 5426 1411 5483 Clarom.
1450 5439 1504 5482 et
1537 5426 1719 5493 Voss.;
1748 5430 1955 5493 caeteri,
1979 5429 2127 5497 legis.

768 5360 847 5572 ἑθξ
876 5494 1129 5581 Facile...
1169 5508 1523 5581 revertentem.
1569 5498 1660 5553 Sic
1702 5499 1941 5581 Claﬁom.
1978 5516 2101 5555 cum
2153 5516 2261 5581 quo

700 5568 972 5622 eot'nsentlt
1000 5568 1183 5636 quoad
1210 5575 1542 5637 postremam
1576 5584 1763 5625 vocem
1798 5570 1990 5635 Voss.;
2027 5568 2212 5626 caeteri
2243 5610 2259 5637 ,

698 5637 1206 5711 (“dieingwevertﬂ
1264 5708 1279 5711 _
1380 5706 1425 5711 Α-
2258 5638 2261 5642 ’

774 5707 887 5778 (l0)
915 5704 1240 5761 Vocationes.
1264 5708 1339 5762 lla
1368 5706 1627 5780 Clarum,
1652 5725 1817 5780 quam
1841 5710 2122 5766 lectionem
2148 5727 2262 5764 ma-

706 5780 796 5834 lim
825 5792 988 5855 quam
1013 5780 1380 5835 advocationes
1426 5779 1508 5836 vel
1551 5779 1914 5853 avocation“,
1962 5792 2020 5839 ut
2062 5782 2261 5839 habent

2352 1950 2500 1993 mere
2522 1936 2716 2003 Deum,
2740 1946 2800 1991 et
2832 1951 3191 2008 perseverare
3223 1938 3277 1992 in
3299 1937 3578 2006 obsequiis
3612 1934 3749 2005 ejus.

2940 2070 3167 2127 CAPUT
3208 2071 3321 2129 XV.

2354 2182 2460 2249 Qui
2484 2187 2645 2253 legem
2676 2187 2971 2245 naturalem
3002 2202 3095 2240 seu
3141 2185 3458 2254 Decalogum
3500 2188 3772 2254 hominum
3805 2201 3923 2239 cor-

2422 2246 2572 2310 dibus
2596 2260 2820 2323 primum
2858 2258 3141 2310 inscribere
3169 2257 3296 2309 satis
3326 2246 3584 2309 hab-uerat
3613 2246 3779 2319 Deus,
3811 2254 3924 2309 He-

2425 2328 2711 2389 brarorum,
2750 2327 2989 2379 libertate
3011 2344 3110 2379 sua
3133 2327 3459 2379 abutentiunt
3482 2366 3496 2391 ,
3541 2326 3921 2393 concupiscen-

2425 2398 2551 2449 tiam
2570 2397 2799 2464 graviori
2827 2396 2956 2465 legis
2988 2394 3236 2466 Mosaicte
3258 2396 3389 2465 jugo
3413 2398 3701 2466 refrenare,
3736 2398 3845 2448 imo
3873 2404 3926 2450 et

2427 2466 2559 2534 leges
2586 2468 2844 2533 quasdam
2868 2465 3217 2533 particulares
3249 2466 3311 2519 ob
3336 2468 3590 2519 duritiam
3623 2466 3799 2520 cordis
3830 2480 3922 2519 eo-

2426 2551 2541 2589 rum
2563 2546 2796 2589 statuere
2811 2536 3140 2601 postmodum
3160 2550 3365 2589 necesse
3394 2535 3598 2588 habuit.

2426 2671 2477 2725 l.
2507 2668 2699 2740 itaque
2720 2671 2826 2736 lex,
2854 2680 2906 2725 et
2937 2670 3224 2739 disciplina
3251 2678 3374 2725 erat
3399 2669 3526 2735 illis,
3550 2677 3607 2724 et
3636 2670 3927 2741 prophetia

2358 2762 2691 2817 futurorum.
2720 2761 2857 2818 Nam
2890 2764 3030 2818 Deus
3068 2764 3247 2833 primo
3275 2765 3493 2833 quidem
3522 2778 3620 2832 per
3648 2762 3925 2817 naturalia

2356 2863 2647 2925 praecepta,
2700 2870 2822 2925 quae
2868 2858 2935 2911 ab
2985 2856 3140 2912 initio
3173 2857 3336 2913 inﬁxa
3384 2860 3535 2914 dedit
3587 2857 3923 2924 hominibus,

2358 2946 2657 3004 admonens
2690 2961 2786 3002 eos
2807 2988 2823 3014 ,
2863 2946 2918 3002 id
2950 2956 3032 3003 est
3062 2962 3165 3019 per
3199 2948 3524 3020 Decalogum
3560 2950 3701 3019 (quae
3724 2948 3773 3003 si
3802 2948 3925 3017 quis

2371 3058 2480 3099 non
2511 3042 2723 3104 fecerit,
2751 3055 2859 3096 non
2884 3040 3049 3096 habet
3077 3038 3365 3109 salutem),
3403 3040 3535 3094 nihil
3566 3040 3687 3109 plus
3722 3037 3799 3095 ab
3846 3040 3927 3095 eis

2357 3134 2668 3206 exquisivit.
2697 3131 3160 3200 Quemadmodum
3186 3130 3399 3202 Moyses
3424 3132 3477 3186 in
3504 3130 3930 3187 Deuteronomio

2354 3228 2469 3283 ait:
2514 3246 2534 3280 ι
2568 3225 2635 3281 lli
2669 3240 2949 3282 semiones
2973 3239 3188 3291 omnes,
3217 3239 3355 3295 quos
3381 3223 3594 3280 locutus
3621 3234 3711 3280 est
3739 3224 3931 3281 Domi-.

2355 3334 2460 3374 nus
2486 3318 2553 3373 ad
2580 3332 2795 3373 omnem
2824 3330 3151 3389 synagogam
3172 3315 3408 3370 ﬁliorum
3442 3313 3606 3369 Israel
3630 3316 3685 3368 in
3715 3324 3927 3381 monte,

2352 3418 2409 3465 et
2432 3408 2569 3464 nihil
2596 3409 2795 3479 adjecit
2822 3406 2936 3480 (I6)
2967 3425 2982 3463 :
3017 3416 3073 3462 et
3100 3406 3319 3475 scripsit
3352 3420 3415 3461 ea
3446 3407 3499 3461 in
3527 3404 3737 3461 duabus
3768 3405 3927 3462 tabu-

2354 3502 2421 3558 lis
2448 3502 2697 3572 lapideis,
2724 3508 2778 3557 et
2813 3500 2965 3556 dedit
2994 3500 3122 3555 mihi
3150 3500 3194 3533 ³ο
3242 3516 3289 3563 ;ι
3324 3506 3549 3568 propter
3587 3498 3690 3555 hoc
3721 3510 3781 3552 ut
3828 3513 3924 3554 cu-

2358 3596 2627 3650 stodirent
2648 3603 2915 3665 pracepta
2944 3591 3001 3646 hi
3025 3590 3120 3661 qui
3143 3589 3313 3645 velint
3336 3589 3490 3659 sequi
3517 3604 3639 3643 eum
3657 3590 3723 3644 “.
3740 3588 3813 3643 At
3834 3587 3928 3643 ubi

2358 3689 2603 3744 conversi
2645 3694 2772 3742 sunt
2814 3686 2869 3740 in
2898 3683 3052 3739 vituli
3082 3683 3409 3747 factionem,
3442 3690 3499 3737 et
3546 3681 3751 3736 reversi
3796 3690 3928 3735 sunt

2357 3777 2556 3833 animis
2584 3779 2698 3832 suis
2737 3776 2792 3831 in
2839 3773 3135 3846 Egyptum
3156 3812 3170 3837 ,
3203 3772 3346 3827 servi
3380 3784 3480 3841 pro
3509 3770 3698 3826 liberis
3721 3786 3925 3827 concu-

2358 3853 2635 3942 piscentes
2666 3883 2810 3935 esse,
2851 3878 3036 3945 aptam
3071 3866 3532 3935 concupiscentia
3557 3879 3671 3919 sua
3694 3878 3921 3935 accepe-

2362 3971 2489 4018 runt
2542 3961 2805 4031 reliquam
2860 3960 3202 4025 servitutem,
3254 3976 3284 4013 a
3331 3957 3493 4030 255
3553 3958 3665 4012 Deo
3703 3957 3923 4027 quidem

2362 4070 2470 4110 non
2522 4052 2936 4108 abscindentem
2985 4050 3122 4125 (l7),
3168 4050 3225 4105 in
3272 4050 3553 4105 servitutis
3585 4060 3769 4104 autem
3797 4048 3923 4120 jugo

2358 4146 2727 4201 dominantem
2782 4145 2861 4201 eis
2907 4162 2923 4198 :
2979 4142 3435 4213 quemadmodum
3484 4138 3744 4197 Ezechiel
3793 4156 3923 4212 pro-

2360 4239 2524 4304 pheta
2568 4252 2762 4293 causas
2796 4236 2916 4293 talis
2966 4236 3105 4306 legis
3146 4238 3286 4292 data:
3318 4234 3591 4299 reddens,
3645 4236 3773 4290 ait:
3812 4252 3831 4286 ‹
3862 4233 3931 4290 Et

2361 4339 2482 4400 post
2534 4330 3034 4401 concupiscentiam
3084 4330 3269 4385 cordis
3308 4330 3390 4384 sui
3440 4329 3551 4401 (l8)
3590 4336 3750 4383 erant
3780 4327 3921 4383 oculi

1502 4424 1546 4456 "
1570 4424 1770 4500 yatth.
1794 4440 1943 4491 xxiv,
1975 4426 2067 4483 28.
2130 4427 2176 4463 “
2192 4428 2362 4500 Apoc.
2388 4445 2429 4493 ι,
2470 4430 2557 4491 15.
2621 4431 2663 4464 ⁸⁷
2692 4430 2865 4486 Exod.
2906 4445 3035 4495 xxv,
3063 4429 3145 4485 ω.

2287 4443 2362 4485 oc.
2388 4445 2429 4493 ι,
2470 4430 2557 4491 15.
2621 4431 2663 4464 ⁸⁷
2692 4430 2865 4486 Exod.
2906 4445 3035 4495 xxv,
3063 4429 3153 4485 ω.
3219 4428 3303 4483 “ll
3328 4427 3621 4496 Cor.x,‘.
3695 4429 3738 4463 υ
3764 4427 3921 4495 ibid,

2287 4599 2333 4655 Ι)
2361 4594 2476 4658 alii,
2504 4595 2629 4665 quia
2663 4592 2857 4650 melius
2881 4590 3115 4663 quadrat
3158 4590 3227 4646 ad
3260 4588 3544 4660 sequentia
3569 4630 3583 4649 .
3618 4596 3676 4643 et
3717 4588 3788 4642 ad
3817 4587 3924 4643 Ire-

2361 4680 2460 4719 lliBl
2488 4680 2733 4719 sconum.

2434 4681 2460 4718 ιι
2488 4681 2733 4733 scopum.

2434 4733 2545 4805 (11)
2596 4732 2821 4805 Vocans.
2871 4730 2951 4786 Ita
3003 4728 3265 4805 Clarom._
3296 4727 3378 4805 ln_
3412 4729 3651 4805 Feuard.
3717 4742 3919 4797 marg.,

2362 4801 2569 4858 Arund.
2609 4814 2664 4867 et
2689 4804 2871 4868 Voss.,
2899 4816 3183 4868 provocans
3212 4801 3305 4865 ,°in
3330 4801 3476 4866 aliis,
3510 4802 3798 4854 aduocans.

2441 4820 2569 4857 una.
2609 4820 2664 4867 et
2695 4820 2871 4868 voss.,
2935 4820 3183 4855 rovocans
3212 4820 3305 4865 μη
3330 4820 3476 4866 alus,
3510 4820 3798 4854 aduocans.

2437 4873 2548 4955 (l2)
2577 4871 2845 4956 Sequenti.
2887 4820 3139 4955 .gpiritali
3177 4870 3322 4995 (Exod
3367 4871 3495 4926 huic
3530 4870 3650 4923 loco
3677 4867 3926 4950 pramit-

2437 4960 2499 4995 ur
2526 4960 2579 4995 In
2611 4946 2765 4995 edut.
2797 4952 2852 4995 et
2887 4959 2939 4995 In
2963 4949 3164 4995 nostrts
3243 4982 3257 4995 .
3288 4937 3357 4994 Τ.
3394 4938 3802 4995 exemplaribus
3830 4952 3926 4991 cx-

2369 4937 2499 5005 titur
2526 4937 2579 4997 in
2611 4937 2765 5004 editt.
2797 4952 2852 5005 et
2887 4937 2944 4996 in'
2963 4939 3164 5007 nostris
3192 4937 3357 5010 N._'l‘.
3394 4938 3802 5010 exemplaribus
3830 4952 3926 5010 ex-

2368 5013 2558 5084 punxi,
2588 5014 2715 5084 quia
2748 5014 2811 5084 in,
2832 5011 2979 5084 nullo
3004 5023 3230 5084 prorsus
3258 5008 3445 5084 Irenaei
3493 5007 3598 5065 ms.
3629 5007 3821 5063 codice
3848 5007 3925 5060 le-

2369 5078 2622 5155 gitur,_et_'
2643 5082 2712 5137 ab
2726 5078 3297 5155 editoribuspdditum
3335 5081 3567 5155 videtur.

2466 5152 2550 5224 l5)
2581 5151 2773 5224 ania
2793 5162 2991 5206 autem.
3028 5148 3230 5224 Desunt
3260 5150 3313 5203 in
3344 5147 3583 5224 Clarom.

2469 5217 2554 5287 u')
2585 5221 3002 5291 Correptionem.
3031 5217 3144 5284 ΑΙ..
3178 5220 3571 5291 correctionem.

2466 5292 2550 5362 15)
2582 5286 2760 5362 Enim;
2806 5292 2970 5362 Editt.
2996 5289 3427 5362 cum_Arund.et
3460 5287 3625 5362 Merc.
3661 5286 3741 5362 2,
3776 5302 3922 5356 ergo.

2438 5355 2551 5433 (16)
2584 5361 2651 5416 Et
2679 5359 3054 5433 nihiladjecit.
3091 5355 3589 5433 Nihilnegligentia
3620 5355 3922 5433 scribarum

2368 5422 2629 5487 omissum
2662 5430 2841 5485 addidi
2870 5422 2979 5483 tum
3017 5443 3084 5482 ex
3119 5428 3234 5498 ipso
3261 5422 3464 5485 Irenaeo
3503 5428 3645 5483 lttl'ra
3667 5442 3792 5496 cap.
3838 5422 3923 5488 16.

2370 5519 2424 5556 ιι.
2456 5501 2509 5564 4,
2544 5513 2653 5556 tum
2679 5517 2745 5557 ex
2782 5502 2897 5571 ipso
2922 5497 3327 5571 Biblico’textu.

2440 5571 2551 5641 (l7)
2594 5567 3011 5626 Abscindentem.
3042 5568 3292 5638 ,Clarout.
3339 5581 3397 5627 et
3422 5567 3607 5633 νοῦ..
3636 5568 3923 5621 absceden-

2367 5654 2488 5695 tem.

2439 5712 2556 5783 (18)
2575 5701 2763 5783 Cordis
2784 5709 2887 5783 sui.
2919 5706 3055 5783 13X}
3082 5710 3281 5768 habent
3306 5710 3412 5767 τῶν
3444 5710 3697 5783 πατέρων
3725 5707 3924 5774 αὐτῶν.

2368 5799 2473 5841 nou
2507 5780 2605 5854 τῆς
2636 5779 2860 5853 καρδίας
2885 5778 3082 5835 αὐτῶν.
