4222 6320
262 395 401 452 ίυιδ
1425 395 1707 452 CONTRA
1742 391 1929 449 ΗΑΞΡιΙ

1842 391 2083 450 ERESES
2117 392 2246 451 LIB.
2281 391 2361 450 IV.
3374 397 3509 456 1οη

263 533 476 587 corum,
506 530 563 576 et
585 534 685 592 ego
711 520 837 576 dedi
869 522 950 577 eis
986 529 1259 592 praecepta
1301 535 1410 579 non
1434 520 1581 581 bona
1609 519 1748 592 (19),
1783 528 1841 575 et
1865 520 1915 579 Α
1945 524 2129 587 aptum
2178 515 2397 571 duritiae
2445 529 2634 570 eorum
2690 514 2897 589 repudii
2952 524 3280 587 prmceptttm
3318 514 3428 590 (27)
3474 533 3507 572 a

259 610 703 681 iustiﬁcationes,
738 613 793 671 in
822 614 1028 683 quibus
1059 628 1169 669 non
1208 613 1399 675 vivent
1423 613 1480 668 in
1510 613 1592 669 eis
1616 613 1683 669 ²¹.
1721 630 1740 665 ι
1769 611 1839 666 Et
1947 607 2131 679 Moyse
2160 616 2504 680 acceperunt.
2535 608 2603 663 Et
2645 608 2772 677 quid
2807 610 3039 664 dicimus
3085 608 3151 665 de
3180 610 3360 665 Veteri
3400 608 3510 665 'l‘e‘

262 701 441 761 Lucas
486 712 668 760 autem
723 703 1079 774 Stephanum,
1144 704 1239 775 qui
1290 704 1500 773 primus
1556 704 1610 758 in
1645 702 1834 758 diaco—

264 796 415 852 nium
443 794 557 868 (20)
579 795 647 851 ab
676 795 936 866 apostolis
957 795 1173 853 electus
1196 805 1317 863 est,
1351 804 1408 853 et
1450 795 1656 865 primus
1685 796 1835 852 occi-

262 900 361 942 sus
386 898 470 943 est
497 896 721 957 propter
746 886 950 942 Christi
986 887 1311 957 martyrium
1341 926 1359 953 ,
1404 887 1484 942 sic
1518 887 1729 942 dixisse
1766 886 1835 943 de

262 975 450 1048 Moyse
487 978 742 1047 scripsit:
772 996 793 1030 ι
823 976 918 1034 llle
936 978 1154 1048 quidem
1180 978 1394 1047 accepit
1425 986 1700 1048 prmeepta
1723 976 1835 1048 (21)

262 1067 361 1123 Dei
397 1067 527 1134 vivi,
561 1068 696 1124 dare
727 1066 905 1134 vobis,
943 1068 1029 1125 cui
1068 1069 1363 1125 noluerunt
1391 1070 1619 1125 obedire
1649 1079 1837 1141 patres

262 1160 434 1215 vestri
465 1156 598 1233 (22),
636 1161 734 1216 sed
776 1161 1095 1232 abiecerunt
1121 1170 1177 1218 et
1215 1160 1465 1218 conversi
1504 1171 1634 1218 sunt
1668 1163 1839 1218 corde

263 1266 365 1308 suo
392 1251 448 1307 in
476 1251 793 1323 Egyptum,
830 1254 1080 1311 dicentes
1130 1257 1198 1312 ad
1242 1256 1468 1312 Aaron:
1516 1256 1630 1312 Fac
1674 1256 1838 1313 nobis

267 1344 426 1410 deos,
450 1345 543 1414 qui
570 1360 670 1401 nos
693 1346 1055 1413 antecedant;
1095 1345 1314 1420 Moyses
1338 1349 1483 1405 enim
1520 1350 1615 1420 qui
1646 1348 1835 1403 eduxit

260 1448 367 1490 nos
395 1434 464 1491 de
497 1445 643 1490 terra
692 1436 937 1509 Egypti,
972 1440 1108 1509 quid
1146 1442 1195 1496 ei
1232 1439 1551 1511 contigerit,
1610 1440 1835 1510 ignora-

261 1540 410 1581 mus.
438 1526 506 1581 Et
533 1528 764 1585 vitulum
791 1530 1040 1588 fecerunt
1070 1531 1125 1587 in
1155 1533 1346 1588 diebus
1370 1532 1501 1595 illis,
1529 1542 1587 1585 et
1620 1530 1837 1586 obtule-

262 1625 394 1673 runt
436 1618 712 1677 sacriﬁcia
765 1622 931 1690 idolo,
984 1634 1039 1681 et
1067 1624 1416 1692 ,ltetabantur
1443 1625 1498 1678 in
1528 1624 1690 1679 factis
1721 1638 1837 1677 ma-

258 1725 430 1767 nuum
459 1728 705 1770 suarum.
738 1716 1023 1772 Convertit
1056 1726 1235 1773 autem
1288 1718 1428 1773 Deus
1450 1758 1466 1782 ,
1508 1725 1561 1773 et
1609 1716 1837 1772 tradidit

258 1815 359 1859 cos
385 1806 593 1862 servire
617 1808 950 1863 exercitibus
980 1809 1104 1865 caeli
1128 1850 1143 1876 ,
1170 1809 1625 1879 quemadmodum
1685 1808 1831 1865 scri-

260 1902 415 1963 ptum
439 1904 523 1951 est
550 1897 603 1952 in
633 1896 773 1953 libro
801 1901 1191 1969 prophetarum
1218 1915 1233 1954 :
1267 1900 1524 1971 Nunquid
1555 1900 1831 1956 sacriﬁcia

258 1994 317 2040 et
346 1985 651 2045 oblationes
683 1990 960 2045 obtttlistis
1003 1991 1141 2046 mihi
1186 1992 1348 2047 annis
1382 1993 1739 2062 quadraginta
1775 1993 1831 2047 in

257 2091 467 2147 eremo,
525 2081 721 2137 domus
754 2081 956 2137 israel?
998 2092 1054 2139 et
1080 2085 1367 2153 accepistis
1419 2086 1832 2140 tabernaculum

258 2166 499 2235 Moloch,
526 2178 582 2225 et
610 2171 822 2227 stellam
850 2173 945 2229 Dei
978 2172 1092 2246 (23)
1124 2173 1423 2246 Rempham
1452 2174 1588 2248 (24),
1628 2176 1833 2246 ﬁguras

259 2273 404 2329 quas
444 2256 697 2330 fecistis,
746 2262 980 2320 adorare
1011 2265 1203 2331 eas“;
1246 2285 1265 2318 ι
1300 2266 1589 2322 manifeste
1617 2267 1833 2347 signiﬁ-

258 2364 415 2418 cans,
445 2352 703 2422 quoniam
734 2369 842 2410 non
874 2355 944 2411 ab
979 2355 1153 2413 altero
1182 2356 1295 2414 Deo
1318 2357 1444 2413 talis
1467 2357 1575 2413 illis
1590 2359 1715 2413 data
1746 2359 1833 2413 lex

259 2452 385 2510 est,
435 2444 530 2499 sed
576 2445 645 2501 ab
694 2448 887 2503 eodem
923 2449 1062 2519 ipso,
1109 2460 1236 2520 apta
1285 2451 1501 2507 illorum
1556 2453 1832 2507 servituti.

260 2532 606 2607 Quapropter
635 2547 691 2593 et
717 2539 770 2593 in
809 2540 996 2597 Exodo
1022 2546 1088 2596 ad
1124 2541 1343 2613 Moysen
1388 2543 1521 2599 dicit
1552 2561 1567 2599 :
1603 2561 1622 2596 ι
1660 2544 1834 2600 Emit—

258 2633 371 2682 tam
394 2638 521 2685 ante
544 2638 595 2685 te
611 2631 857 2702 angelum
884 2647 1061 2688 meum
1082 2632 1192 2705 (25)
1218 2652 1231 2689 :
1260 2648 1364 2689 non
1381 2635 1523 2689 enim
1546 2636 1834 2691 ascendant

260 2728 466 2787 tecum,
496 2723 755 2792 quoniam
783 2724 1011 2794 populus
1042 2726 1190 2780 dura:
1218 2726 1448 2781 cervicis
1488 2740 1549 2781 es
1563 2727 1610 2758 “
1634 2726 1771 2800 (26).
1811 2747 1830 2779 ι

329 2813 387 2869 2.
422 2812 491 2869 Et
512 2829 620 2869 non
648 2814 826 2870 solum
853 2817 974 2881 hoc,
1003 2818 1094 2872 sed
1126 2825 1180 2872 et
1208 2830 1474 2888 praecepta
1506 2820 1750 2889 quaedam
1805 2833 1835 2873 a

259 2902 448 2976 Moyse
476 2904 652 2974 posita
689 2908 770 2961 eis
800 2916 1024 2977 propter
1052 2909 1312 2963 duritiam
1350 2909 1585 2976 illorum,
1619 2910 1836 2980 etquod

259 2993 469 3049 nollent
504 3007 627 3049 esse
658 2994 911 3065 subjecti,
953 2996 1326 3054 manifestavit
1379 2998 1662 3064 Dominus,
1710 3015 1835 3055 cum

257 3083 529 3141 dixissent
568 3084 621 3139 ei
682 3103 696 3140 :
736 3103 755 3138 ι
792 3085 975 3154 Quare
1000 3102 1129 3159 ergo
1170 3088 1385 3162 Moyses
1411 3092 1672 3162 praecepit
1704 3093 1836 3147 dare

257 3175 509 3233 libellum
569 3178 797 3247 repudii,
832 3189 887 3236 et
932 3182 1210 3237 remittere
1254 3183 1523 3241 uxorem?
1577 3203 1596 3237 ι
1650 3185 1837 3242 dicens

255 3275 389 3330 eis:
432 3291 453 3327 ε
494 3276 621 3333 Haec
652 3274 809 3329 vobis
856 3282 1083 3343 propter
1134 3272 1390 3329 duritiam
1442 3274 1625 3330 cordis
1664 3278 1837 3332 vestri

251 3363 543 3431 permisit,
597 3363 666 3418 ab
706 3362 866 3417 initio
896 3370 1075 3414 autem
1108 3375 1215 3418 non
1273 3362 1348 3416 ita
1398 3360 1780 3430 factumest";
1812 3380 1832 3413 ι

253 3451 479 3525 Moysen
530 3454 752 3524 quidem
798 3467 1089 3518 excusans,
1135 3453 1294 3522 quasi
1351 3453 1563 3509 ﬁdelem
1595 3469 1835 3523 servum;

253 3560 429 3601 unum
460 3554 668 3611 autem,
700 3547 793 3616 qui
826 3545 895 3600 ab
942 3545 1100 3601 initio
1125 3544 1427 3600 masculum
1468 3556 1523 3600 et
1574 3545 1834 3601 feminam

252 3635 414 3702 fecit,
448 3635 615 3692 Deum
666 3638 960 3702 conﬁtens;
1027 3637 1147 3693 illos
1192 3647 1372 3693 autem
1422 3653 1664 3707 arguens
1704 3647 1827 3693 tan-

254 3742 427 3799 quam
487 3727 677 3793 duros,
716 3737 773 3784 et
828 3742 935 3786 non
977 3727 1279 3799 subjectos.
1337 3727 1403 3783 Et
1453 3738 1681 3800 pr0pter
1731 3729 1834 3783 hoc

333 4009 350 4025 ο
599 3988 614 4026 Ι
659 4008 700 4026 ο.
763 4009 779 4026 ο
1044 4007 1084 4026 η
1188 4006 1206 4024 ο
1352 4016 1353 4023 η

333 4009 350 4025 .
464 3988 505 4005 ’⁸
537 3988 700 4037 ωια.,
722 3988 779 4026 o.
856 3988 901 4002 "
923 3988 1084 4036 1010.,
1112 3988 1206 4025 τε).

329 4153 471 4227 (19)⁸
506 4151 786 4227 Praecepta
839 4168 945 4207 non
998 4152 1253 4227 bona._ld
1307 4164 1408 4216 est.
1476 4164 1537 4210 ut
1591 4152 1829 4227 explicat

255 4222 684 4285 Feuardentius,
724 4231 995 4291 praecepta
1029 4226 1096 4279 de
1128 4225 1345 4287 ritibus.
1380 4222 1703 4289 ueomeniis,
1734 4240 1827 4279 sa-

258 4293 510 4354 criﬁciis,
543 4306 665 4363 qua:
688 4292 907 4363 propria
936 4293 1140 4347 virtute
1172 4308 1271 4349 nec
1292 4293 1689 4360 iustiﬁcabant,
1723 4309 1826 4347 nec

255 4364 327 4421 ad
371 4364 677 4432 perfectum
724 4362 1069 4417 adducebant
1092 4364 1451 4419 observantes
1501 4363 1593 4419 sed
1624 4365 1833 4418 umbra:

255 4444 421 4488 erant
449 4437 756 4487 futurorum
799 4433 1089 4486 bonorum.

330 4502 448 4575 (20)
489 4503 878 4575 Diaconium.‘
908 4501 1149 4575 Clarom.
1192 4513 1248 4556 et
1304 4500 1490 4567 Voss.,
1541 4502 1830 4569 diacouio;

258 4570 524 4630 Arumlcl.
555 4580 610 4626 et
648 4572 815 4625 Merc.
851 4570 905 4633 2,
929 4572 1231 4626 diaconum.

331 4640 445 4763 (2i)
478 4640 751 4709 Praecepta
809 4640 904 4693 Dei
955 4644 1057 4721 nivi
1103 4642 1239 4720 dare
1272 4641 1435 4693 vobis.
1483 4640 1622 4695 Editi
1668 4640 1734 4696 N.
1763 4641 1827 4697 T.

331 4712 418 4763 td.
461 4712 683 4763 habent.
716 4709 872 4763 λόγια
920 4710 1117 4763 ζωντα.
1151 4711 1335 4763 δουναι
1378 4708 1527 4763 ἡμῖν.
1563 4712 1670 4763 Sed
1700 4728 1827 4763 tuss.

256 4708 699 4784 coddnhabent,‘
716 4709 872 4779 λόγια
920 4710 1117 4784 ζῶνῖα,
1151 4708 1527 4784 δοῦναι-ἡμῖν.
1563 4712 1670 4784 Sed
1700 4728 1829 4784 mss.

257 4778 634 4852 collegii_Novi
663 4778 843 4852 Oxon.
871 4795 994 4852 cum
1038 4779 1243 4852 Irenaeo
1274 4778 1454 4852 habei,
1488 4781 1637 4852 ὑμῖν,
1666 4782 1829 4852 vobis.

336 4849 449 4922 (22)
476 4849 666 4922 Patres
686 4850 863 4904 uestri.
891 4848 963 4922 ln_
986 4850 1189 4905 nostris
1209 4848 1630 4919 exemplaribus,
1666 4851 1833 4910 πατέ-

260 4918 564 4994 ριξδέμῶκο
593 4932 770 4994 ρριτεε
788 4920 987 4994 9W5.-

330 4987 447 5060 (25)
481 4988 723 5060 Stellam
778 4987 899 5060 Dei.
929 4989 1127 5060 _Vocem
1162 4988 1280 5060 Dei,
1312 5004 1433 5057 qum
1483 4989 1683 5060 legitur
1715 5000 1828 5044 tum

257 5060 317 5117 in
341 5057 517 5120 LXX.
552 5058 746 5123 Amos,
778 5072 830 5129 ν,
878 5058 970 5118 26.
1007 5071 1118 5113 tum
1159 5060 1213 5112 in
1241 5058 1452 5113 Graecis
1513 5057 1831 5129 Latinisque

258 5130 521 5186 Actorum
592 5128 1038 5195 exemplaribus,
1106 5130 1367 5183 omittunt
1423 5141 1533 5184 vet.
1592 5128 1825 5184 Feuai-d.

257 5198 427 5269 codd.
458 5208 515 5254 et
551 5197 733 5269 γοδς.)
771 5200 1001 5269 εειιᾲνοχ
1035 5197 1213 5269 ὑμῶν,
1236 5213 1397 5269 quam
1444 5199 1651 5254 addunt
1696 5199 1827 5253 editi

256 5268 564 5324 Bibliorum
594 5267 834 5333 codices,
858 5267 1012 5322 deest
1036 5266 1089 5323 in
1124 5284 1231 5323 me.
1254 5266 1576 5339 Cantabrig.
1601 5270 1831 5340 perinde

260 5347 323 5390 ut
350 5338 404 5390 in
439 5338 668 5390 Irenaeo.

260 5347 323 5393 ut
350 5347 404 5391 in
439 5347 668 5394 ιτεηωο.

331 5404 444 5479 (24)
472 5405 773 5479 Resupnum.
801 5403 1181 5479 septuaginta,
1235 5406 1485 5476 Ῥαιφάν,
1508 5406 1827 5477 Theodotio,

255 5474 607 5547 dpaé'ptuotv,
632 5477 686 5531 id
714 5486 796 5531 est
818 5474 1207 5547 obscuritatem,
1234 5474 1471 5534 vertunt.

334 5493 604 5600 Ἔωσιν,
632 5493 686 5531 ια
714 5493 796 5531 est
818 5493 1207 5545 ooscumatem,
1234 5493 1471 5534 vertunt.

334 5552 355 5617 (
436 5546 607 5617 )Ante
630 5554 679 5601 te
720 5545 962 5617 angelum
994 5562 1191 5617 meum.
1224 5549 1320 5603 Sic
1344 5563 1467 5603 cunt
1496 5546 1705 5603 Irenaeo
1733 5550 1832 5605 lia-

257 5614 355 5691 bet
385 5615 698 5691 cod._Alex.
731 5614 825 5691 τὸν
860 5616 1087 5685 ἄγγελόν
1129 5634 1229 5688 μου
1271 5618 1537 5691 πρότερόν
1567 5634 1661 5671 σου
1697 5634 1711 5647 ο
1734 5622 1829 5675 ,θα

258 5686 420 5743 editt.
452 5684 558 5743 πρὸ
582 5682 872 5743 προσώπου
899 5682 1015 5740 seu.

335 5755 448 5828 (26)
481 5754 578 5809 Et.
624 5754 702 5810 lta
725 5754 1015 5829 AClarom”
1044 5756 1204 5814 Voss.
1251 5769 1308 5814 et
1353 5759 1519 5817 Grab.
1552 5759 1705 5829 juxta
1737 5776 1821 5821 sa-

262 5821 438 5887 crum'
457 5836 685 5883 textum.
717 5821 912 5882 Caeteri
947 5821 1257 5897 perperam.
1286 5840 1382 5885 est.

1947 711 2229 759 stamento
2280 700 2431 756 haec?
2472 700 2911 771 quandoquidem
2937 711 2991 755 et
3020 702 3072 756 in
3106 700 3258 756 Novo
3287 703 3512 771 apostoli

1942 795 2051 852 hoc
2082 794 2229 850 idem
2256 792 2529 848 facientes
2557 793 2909 848 inveniuntur
2947 802 3170 864 prapter
3198 793 3512 864 praedictam

1946 901 2193 953 causam,
2243 886 2432 941 statim
2477 884 2696 940 dicente
2725 883 2897 939 Paulo
2928 901 2943 939 :
2976 903 2996 937 ι
3051 884 3175 940 Haec
3204 894 3384 941 autem
3414 901 3516 956 ego

1944 978 2090 1046 dico,
2128 993 2235 1033 non
2271 976 2540 1032 Dominus
2566 974 2632 1029 ".
2689 993 2709 1027 ι
2748 974 2819 1029 Ει
2844 976 3082 1031 iterum:
3124 998 3141 1029 ι
3178 976 3291 1031 Hoc
3330 988 3514 1031 autem

1944 1070 2068 1127 dico
2102 1069 2404 1126 secundum
2437 1066 2856 1138 indulgentiam,
2892 1082 3000 1122 non
3033 1068 3331 1125 secundum
3378 1083 3516 1137 pra:-

1944 1173 2163 1235 ceptum
2216 1163 2283 1217 ”.
2324 1181 2345 1215 ι
2401 1162 2465 1217 Et
2499 1162 2692 1218 iterum
2743 1180 2757 1217 :
2797 1178 2817 1214 ε
2877 1160 2953 1215 De
2984 1159 3286 1231 virginibus
3331 1167 3517 1215 autem

1949 1265 2285 1328 praeceptum
2316 1254 2534 1311 Domini
2568 1269 2675 1310 non
2727 1252 2943 1319 habeo;
2987 1249 3279 1308 consilium
3331 1260 3515 1307 autem

1945 1350 2034 1418 do,
2071 1357 2332 1418 tanquam
2368 1346 2806 1401 misericordiam
2839 1353 3170 1401 consecutus
3201 1358 3231 1397 a
3262 1344 3518 1410 Domino,

1944 1447 2007 1493 ut.
2038 1437 2210 1492 ﬁdelis
2234 1437 2338 1492 sim
2366 1436 2413 1469 ¹⁶
2453 1434 2585 1510 (28).
2625 1455 2642 1487 ι
2696 1434 2805 1491 Sed
2843 1440 2900 1490 et
2930 1434 3041 1489 alio
3088 1434 3213 1489 loco
3242 1432 3353 1505 (29)
3383 1433 3461 1487 ait
3499 1448 3512 1483 :

1950 1551 1969 1585 ι
2022 1530 2100 1587 Ne
2137 1539 2309 1586 tentet
2340 1544 2441 1585 vos
2497 1530 2737 1585 Satanas
2788 1538 3013 1599 propter
3058 1527 3518 1584 incontinentiam

1942 1634 2183 1679 vestram
2217 1622 2282 1677 ²⁹.
2312 1641 2332 1675 ι
2366 1620 2422 1677 Si
2459 1622 2626 1693 igitur
2654 1621 2787 1677 etin
2820 1618 2973 1677 Novo
3000 1619 3351 1679 Testamento
3374 1633 3522 1690 qua:—

1943 1719 2067 1771 dam
2120 1723 2391 1785 praecepta
2460 1712 2758 1768 secundum
2814 1713 3218 1782 ignoscentiam
3284 1709 3518 1780 apostoli

1948 1805 2313 1862 concedentes
2356 1803 2731 1870 inveniuntur,
2781 1812 3008 1874 propter
3039 1801 3399 1873 quorumdam
3438 1800 3519 1855 in-

1873 1877 1918 1933 Β
1945 1894 2372 1959 continentiam,
2404 1902 2467 1949 ut
2494 1909 2599 1950 non
2636 1894 2897 1951 obdurati
2933 1896 3089 1964 tales,
3134 1897 3189 1951 in
3232 1904 3402 1950 totum
3423 1894 3520 1951 de-

1944 1999 2231 2057 sperantes
2276 1986 2504 2043 salutem
2566 2001 2744 2053 suam,
2790 1996 3057 2057 apostatae
3116 1988 3251 2042 ﬁant
3302 2002 3331 2041 a
3373 1986 3518 2052 Deo;

1940 2095 2047 2134 non
2075 2089 2288 2151 oportet
2321 2079 2536 2145 mirari,
2560 2080 2605 2134 si
2637 2089 2696 2134 et
2720 2081 2773 2134 in
2795 2077 2979 2136 Veteri
2997 2079 3350 2135 Testamento
3378 2080 3519 2133 idem

1941 2172 2085 2227 Deus
2114 2172 2223 2227 tale
2258 2171 2466 2243 aliquid
2510 2172 2683 2231 voluit
2714 2172 2831 2227 ﬁeri
2879 2187 2983 2243 pro
3030 2172 3269 2227 utilitate
3308 2170 3519 2243 populi,

1943 2264 2178 2317 illiciens
2209 2276 2301 2319 eos
2356 2279 2455 2332 per
2487 2264 2779 2333 praedictas
2824 2264 3261 2329 observationes,
3314 2275 3375 2318 ut
3418 2278 3518 2333 per

1941 2368 2036 2409 eas
2068 2352 2301 2408 salutem
2346 2353 2597 2425 Decalogi
2629 2352 2741 2428 (30)
2785 2356 3148 2411 observantes
3192 2355 3303 2409 sint
3325 2352 3438 2427 (3t)
3465 2360 3522 2409 et

1940 2449 2145 2505 detemi
2179 2448 2288 2524 (32)
2336 2451 2403 2507 ab
2452 2464 2518 2505 eo
2574 2466 2681 2505 non
2738 2462 3153 2508 reverterentur
3185 2451 3253 2507 ad
3288 2452 3521 2507 idolola-

1945 2541 2122 2604 triam,
2158 2555 2259 2595 nec
2293 2549 2554 2608 apostataa
2583 2539 2780 2596 ﬁerent
2832 2556 2862 2595 a
2904 2541 3037 2609 Deo,
3088 2542 3183 2597 sed
3214 2551 3326 2597 toto
3354 2542 3520 2599 corde

1943 2630 2214 2685 discerent
2240 2630 2467 2699 diligere
2492 2643 2637 2685 eum.
2685 2629 2743 2686 Si
2789 2641 2972 2687 autem
3015 2634 3264 2703 quidam,
3295 2644 3520 2705 propter

1944 2722 2320 2779 inobcdientes
2350 2720 2631 2780 lsraelitas
2656 2725 2989 2796 etperditos,
3019 2725 3299 2780 inﬁrmum
3328 2727 3521 2782 dicunt

1945 2815 2080 2885 legis
2117 2816 2421 2881 doctorem,
2458 2816 2740 2871 invenient
2771 2818 2824 2870 in
2853 2832 2918 2871 ea
2938 2816 3243 2882 vocatione,
3269 2834 3391 2889 qua:
3431 2830 3518 2874 est

1943 2906 2246 2963 secundum
2304 2922 2424 2973 nos,
2473 2906 2672 2962 multos
2728 2909 2947 2978 quidem
3012 2919 3255 2975 vocatos,
3318 2927 3520 2981 paucos

1944 3012 2078 3053 vero
2103 2998 2339 3066 electos;
2393 3007 2449 3055 et
2478 2999 2816 3056 intrinsecus
2845 2999 3021 3071 lupos,
3051 3016 3081 3055 a
3106 3000 3241 3057 foris
3265 3018 3395 3058 vero
3429 3004 3519 3059 in-

1945 3093 2110 3147 dutos
2137 3090 2306 3161 pelles
2332 3090 2511 3146 ovium
2544 3100 2649 3155 ;'et
2679 3090 2730 3146 id
2771 3092 2915 3163 quod
2968 3102 3089 3150 erat
3116 3107 3332 3164 semper
3378 3096 3523 3153 Iibe-

1945 3198 2067 3237 rum
2094 3194 2147 3237 et
2173 3197 2287 3238 suae
2329 3184 2618 3253 potestatis
2648 3183 2700 3237 in
2735 3182 2974 3250 homine,
3016 3200 3235 3255 semper
3264 3201 3521 3244 servasse

1946 3274 2140 3338 Deum,
2174 3282 2229 3330 et
2268 3289 2421 3330 suam
2475 3276 2917 3331 exhortationem
2966 3292 2981 3333 :
3016 3277 3520 3348 utjustejudicen-

1946 3371 2036 3418 tur
2063 3360 2175 3436 (55)
2204 3363 2295 3435 qui
2326 3379 2435 3417 non
2468 3363 2730 3420 obediunt
2757 3365 2832 3427 ei,
2859 3366 3122 3436 quoniam
3150 3382 3258 3422 non
3292 3367 3518 3424 obedie-

1946 3465 2075 3509 runt
2095 3455 2146 3510 ei
2164 3471 2178 3522 ;
2194 3463 2249 3510 et
2264 3454 2357 3525 qui
2370 3453 2691 3513 obedierunt
2711 3459 2767 3509 et
2791 3452 3141 3512 crediderunt
3158 3458 3231 3525 ei,
3245 3460 3520 3516 honoren-

1946 3555 2035 3602 tur
2066 3545 2611 3616 incorruptibilitate.

2377 3637 2544 3710 253
2578 3636 2805 3695 cspur
2843 3638 2965 3698 xv:
3013 3641 3081 3695 ιο.

1944 3726 2057 3783 Nec
2084 3729 2518 3796 circumcisionis,
2547 3744 2639 3782 nec
2682 3732 2912 3786 aliarum
2947 3733 3385 3787 ceremoniarum
3434 3735 3516 3791 lc-

1405 3914 1559 3969 seqq.
1634 3901 1679 3933 “
1710 3899 1881 3956 Exod.
1921 3915 2125 3967 xxxttt,
2175 3900 2234 3966 2,
2257 3899 2314 3954 3.
2416 3898 2464 3931 ”
2492 3896 2682 3953 Matth.
2740 3912 2852 3965 ιιι,
2881 3897 2936 3967 7,
2966 3899 3023 3959 8.
3129 3898 3223 3955 ⁸⁸1
3256 3898 3382 3958 Cor.
3416 3914 3514 3967 νη,

1278 3969 1323 4003 ³⁸
1352 3968 1511 4037 lbid.,
1536 3969 1590 4025 5.
1667 3969 1712 4001 “
1737 3970 1870 4040 Cap.
1905 3969 2076 4027 XXX.

2006 4151 2121 4276 (272
2150 4150 2738 4236 Depudiipraceptsm.
2771 4152 3108 4225 Proscriptum
3152 4152 3241 4209 hic
3266 4161 3324 4210 et
3351 4153 3518 4226 paulo

2009 4234 2059 4276 st
2111 4234 2257 4276 auus
2290 4233 2509 4276 acetntt.
2544 4236 2642 4276 oro
2669 4222 2873 4276 reaula.

1935 4222 2257 4298 ροέιξΙίιιΞειε
2290 4222 2509 4298 ascivit.
2544 4236 2642 4291 Pro
2669 4222 2873 4298 τεθμιιει

2029 4290 2120 4365 28)
2150 4290 2287 4365 Sim.
2313 4289 2477 4365 Editt.
2512 4289 2873 4365 cuui‘Ar'und.
2908 4301 2965 4365 et
2997 4292 3167 4365 Merc.
3197 4289 3253 4365 2,
3283 4312 3472 4352 essent.

2036 4360 2124 4431 29)
2158 4362 2282 4417 Alio
2322 4360 2467 4431 placo.
2520 4360 2746 4417 Scilicet
2798 4360 2959 4430 paulo
2981 4360 3256 4431 superius,
3296 4380 3445 4421 vers.
3479 4367 3515 4424 5

1937 4430 2409 4513 ejusdemcapitis
2439 4446 2539 4495 vit,
2570 4431 2744 4500 Epist.
2778 4431 2797 4485 Ι
2836 4431 2904 4513 a_d
2948 4430 3198 4513 Corinth.
3227 4433 3383 4503 juxta
3404 4452 3514 4513 _no-

1938 4499 2112 4559 siram
2145 4499 2467 4572 divisionem
2494 4519 2509 4567 ;
2540 4499 2663 4572 quas
2692 4516 2834 4572 cum;
2864 4499 3070 4572 Irenaei
3106 4499 3243 4558 :evo'
3269 4506 3513 4562 nondum

1864 4548 1909 4602 θ
1937 4548 2230 4633 obtineret,
2261 4548 2371 4625 imo
2401 4548 2523 4629 cum
2543 4548 2647 4645 hoc
2677 4569 2881 4645 saeculo
2920 4548 3165 4626 Paulinae
3188 4548 3512 4645 Epi'éiéia'é'iii

1939 4645 2119 4712 capita
2157 4649 2437 4712 etversus
2466 4640 2706 4712 nondum
2741 4640 3015 4712 distincta:
3038 4640 3247 4709 essent,
3276 4660 3382 4699 non
3409 4649 3513 4700 ιιιὶ-

1940 4709 2133 4786 ruinsi
2181 4710 2235 4768 id
2259 4710 2335 4786 ad
2354 4709 2520 4786 alium
2566 4710 2744 4786 locum
2791 4711 3067 4780 pertinere
3111 4713 3335 4780 dixerit,
3364 4717 3513 4786 quod

1939 4781 2185 4851 ejusdem
2218 4780 2415 4849 capitis
2436 4794 2561 4851 esse
2582 4781 2914 4851 diceremus.

2010 4851 2123 4920 (3.0)
2157 4848 2398 4921 Salutem
2426 4849 2699 4919 Decalogi.
2729 4848 2787 4905 ld
2815 4858 2918 4912 est,
2954 4852 3131 4921 inquit
3176 4852 3375 4915 Grab.,
3406 4851 3513 4909 De-

1938 4919 2213 4992 calogutn,
2264 4919 2419 4992 cujus
2469 4921 2861 4992 observatione
2898 4919 3084 4992 homo
3112 4922 3343 4977 salutem
3377 4940 3508 4978 con-

1938 4989 2211 5113 selqu'ttur.
2254 4990 2323 5044 At
2359 4990 2615 5060 suspicor
2645 5004 2743 5058 pro
2780 4989 3005 5045 salutem
3026 5034 3041 5058 ,
3074 4990 3359 5065 legendum
3388 5009 3510 5049 esse

1938 5078 1994 5113 σα
2020 5073 2141 5113 lem.

1937 5073 2141 5115 saltem.

2006 5132 2119 5201 (5i)
2159 5128 2506 5201 Obsefpantes
2565 5129 2692 5186 sint.
2749 5128 2844 5184 Sic
2878 5138 3034 5185 vetus
3089 5130 3326 5190 Feuard.
3358 5134 3506 5201 cod.,

1938 5196 2183 5256 Clarout.
2212 5208 2266 5250 ct
2296 5196 2478 5266 Voss.,
2510 5213 2755 5269 quorum
2794 5200 3123 5257 auctoritate
3174 5212 3285 5257 tres
3316 5196 3502 5265 voces,

1939 5286 2159 5324 munera
2209 5269 2332 5324 deut
2360 5269 2431 5333 ei,
2463 5268 2587 5339 quae
2634 5268 2817 5339 statim
2861 5281 3175 5339 sequuntur
3216 5272 3271 5326 in
3323 5273 3501 5333 editis.

1937 5340 2202 5409 expunxi,
2240 5348 2427 5409 utpote
2454 5337 2575 5407 quae
2619 5338 2760 5409 haud
2790 5337 3102 5409 cohereant
3129 5357 3251 5397 cum
3281 5353 3507 5398 antece-

1936 5407 2194 5464 dentibus
2229 5417 2282 5462 et
2303 5407 2809 5475 consequentibus.
2858 5407 2965 5465 Nec
2991 5412 3138 5468 enim
3179 5411 3269 5466 hic
3294 5414 3361 5467 de
3388 5427 3506 5466 mu-

1938 5479 2282 5563 aeribusaut
2312 5477 2599 5563 sacrificiis
2650 5479 2853 5563 agitur,
2880 5480 2986 5563 sed
3014 5480 3102 5563 de_
3132 5480 3313 5536 libello
3340 5497 3504 5563 repu-

1938 5548 2037 5618 dii,
2067 5547 2301 5618 aliisque
2329 5546 2617 5613 similibus,
2657 5546 2779 5616 q'uze
2828 5551 3027 5618 p0pulo
3071 5550 3227 5605 dura:
3272 5546 3505 5607 cervicis

1939 5615 2163 5691 indulsit
2192 5615 2359 5691 Dens,
2388 5631 2454 5670 nc
2471 5615 2763 5673 severioris
2789 5615 2925 5689 legis
2950 5620 3259 5691 impatiens,
3287 5623 3355 5678 ad
3384 5621 3505 5678 ido«

1936 5687 2207 5741 lolatriam
2236 5687 2565 5743 declinaret.

2012 5756 2125 5826 (32)
2157 5754 2386 5826 Deteuli.
2421 5756 2582 5811 Deest
2612 5757 2664 5811 in
2695 5756 2852 5812 liras.
2881 5769 2938 5812 ct
2973 5757 3177 5816 Gallos.

2013 5825 2126 5900 (33)
2147 5825 2485 5883 ludicetttttr.
2519 5826 2632 5897 AL,
2673 5828 3006 5883 damnentur.
