4222 6320
745 384 884 445 1015

1513 385 1564 444 S.
1603 382 1862 444 IRENJEI
1896 384 2208 444 EPISCOP]
2246 383 2731 443 LUGDUNENSIS
2758 385 2848 442 ET
2883 384 3243 443 MARTYRIS

3856 383 4003 440 ιοισ

814 506 1012 578 galiunt
1046 509 1238 560 virtute
1271 507 1520 580 collatam
1531 523 1658 580 esse
1683 507 2259 580 perfectamjustitiam
2291 524 2311 562 :
2341 510 2389 570 Α
2415 508 2651 563 rantiam
2678 499 2844 564 totius
2871 508 2976 564 diei
3008 522 3134 580 erga
3175 507 3343 562 Deum
3382 505 3768 563 deservitiotiis
3796 509 3998 563 edoce-

808 576 964 646 atque
986 580 1238 647 abrogata
1265 579 1376 632 hinc
1417 593 1449 629 a
1479 576 1690 633 Christo
1723 577 1915 647 fuisse.
1945 579 2144 647 rigente
2171 594 2311 632 sem-

810 662 925 720 per,
956 646 1454 720 imoinealescente.
1482 664 1588 720 qua
1624 646 1912 720 nunquam
1956 646 2064 704 non
2105 649 2313 705 astricti

811 717 1029 786 fuerunt
1049 716 1310 784 homines,
1343 715 1591 789 Decalogi
1614 717 1744 788 lege.

811 833 869 890 Ι.
893 831 1168 900 Quoniam
1201 839 1385 886 autem
1413 841 1471 886 et
1499 831 1979 888 circumcisionem
2009 845 2117 886 non
2152 831 2311 902 quasi

736 924 1260 981 consummatricem
1287 924 1538 994 iustitiae,
1568 925 1664 981 sed
1702 926 1755 979 in
1802 927 1961 997 signo
1988 938 2107 980 eam
2159 924 2311 980 dedit

733 1016 900 1076 Deus.
925 1026 987 1070 ut
1014 1016 1384 1088 cognoscihile
1413 1025 1729 1087 perseveret
1753 1031 1929 1087 genus
1957 1016 2215 1081 Abrahae,
2239 1030 2309 1071 ex

732 1107 851 1175 ipsa
895 1107 1187 1178 Scriptura
1239 1109 1522 1164 discimus.
1558 1125 1578 1161 ι
1635 1108 1800 1177 Dixit,
1841 1129 1863 1162 s
1898 1108 2045 1164 enim
2101 1107 2305 1178 inquit,

742 1218 761 1251 ι
800 1201 942 1256 Deus
968 1199 1038 1257 ad
1061 1201 1341 1257 Abraham
1364 1215 1385 1255 ξ
1410 1198 1854 1257 Circumcidetur
1879 1214 2043 1255 omne
2089 1213 2308 1255 mascu-

730 1293 901 1348 linum
927 1303 1194 1359 vestrum,
1239 1301 1296 1349 et
1343 1293 1746 1350 circumcidetis
1779 1306 1999 1350 carnem
2047 1292 2303 1364 praeputii

729 1384 920 1452 vestri,
949 1385 1004 1440 in
1031 1385 1189 1456 signa
1221 1383 1334 1458 (3t)
1371 1385 1686 1440 testamenti
1707 1385 1851 1441 inter
1881 1400 1969 1441 me
1990 1393 2046 1440 et
2077 1398 2175 1440 vos
2201 1383 2301 1439 “.s

731 1474 845 1529 lloc
879 1475 1021 1532 idem
1050 1477 1118 1532 de
1151 1475 1407 1532 Sabhatis
1437 1475 1695 1533 Ezechiel
1737 1476 1999 1548 propheta
2030 1477 2148 1532 ait:
2183 1493 2203 1529 ι
2238 1475 2308 1531 Et

727 1567 969 1624 Sabhata
1001 1584 1120 1624 mea
1148 1569 1270 1624 dedi
1300 1571 1401 1632 eis,
1451 1578 1513 1624 ut
1539 1570 1653 1626 sint
1686 1571 1740 1623 in
1779 1571 1937 1642 signo
1964 1571 2104 1625 inter
2129 1585 2221 1626 me
2249 1578 2306 1626 et

727 1657 896 1727 ipsos,
924 1669 984 1715 ut
1008 1660 1464 1729 sciantquoniam
1497 1674 1599 1730 ego
1637 1660 1924 1726 Dominus,
1957 1660 2052 1730 qui
2095 1660 2303 1716 sanctiv

726 1755 833 1807 lico
860 1767 954 1808 eos
972 1751 1014 1787 ³²
1034 1750 1171 1824 (35).
1208 1770 1228 1804 ι
1263 1752 1330 1806 Et
1369 1752 1423 1807 in
1463 1752 1653 1808 Exodo
1683 1755 1825 1809 Deus
1851 1753 1928 1807 ait
1949 1754 2015 1808 ad
2043 1751 2298 1824 Moysen:

2419 600 2571 657 bant.
2605 619 2625 653 t
2655 598 2936 657 Estlmati
2963 600 3110 658 enim
3140 614 3350 665 sumus,
3377 618 3399 653 ι
3433 599 3510 654 ait
3537 598 3821 670 apostolus
3843 597 3994 656 Pau-

2420 689 2530 754 lus,
2566 707 2586 743 ι
2624 699 2736 745 tota
2763 689 2852 744 die
2885 697 2948 744 ut
2971 703 3102 745 oves
3125 688 3424 744 occisionis
3454 687 3534 754 ⁸⁸;
3567 706 3587 740 ι
3619 687 3829 745 scilicet
3854 702 3994 744 con-

2420 782 2641 847 secratl,
2682 791 2737 837 et
2764 780 3141 836 ministrantes
3169 779 3318 836 omni
3351 790 3594 849 tempore
3619 779 3742 835 lldei
3764 790 3988 839 nostris.

2417 884 2472 933 et
2497 883 2915 945 perseverantes
2933 873 3076 939 ei,et
3093 873 3434 930 abstinentes
3454 871 3524 928 ah
3549 872 3698 928 omni
3729 871 3994 934 avaritia.

2417 983 2527 1024 non
2554 968 2924 1037 arquirentes,
2941 981 3045 1022 nec
3069 965 3411 1036 possidentes
3433 964 3719 1020 thesauros
3739 963 3796 1018 in
3818 972 3968 1019 terra

2417 1059 2875 1116 Manilestabatur
2918 1069 3097 1114 autem
3125 1067 3181 1113 et
3232 1065 3490 1126 tanquam
3520 1053 3589 1109 de
3611 1069 3676 1110 ea
3709 1051 3828 1128 (38)
3868 1068 3995 1120 que

2415 1151 2561 1209 facta
2593 1161 2742 1216 sunt,
2777 1150 3045 1221 requietio
3087 1148 3206 1214 Dei,
3239 1147 3345 1203 hoc
3368 1156 3452 1203 est
3507 1161 3759 1218 regnum.
3789 1147 3847 1201 in
3879 1158 3996 1215 quo

2414 1244 2766 1314 requiescens
2795 1243 2958 1298 homo
3000 1241 3090 1298 ille
3121 1238 3215 1310 qui
3243 1239 3673 1309 perseveraverit
3710 1237 3825 1293 Deo
3850 1236 3992 1294 assi-

2413 1345 2586 1402 stere,
2614 1334 2964 1409 participahit
2996 1333 3066 1389 de
3086 1348 3275 1390 mensa
3303 1331 3420 1389 Dei.

2482 1473 2539 1529 2.
2565 1472 2636 1528 Et
2664 1473 2791 1544 quia
2825 1488 2932 1529 non
2959 1487 3061 1545 per
3089 1473 3207 1527 htec
3242 1469 3646 1540 iustiﬁcabatur
3672 1468 3860 1532 homo,
3893 1464 3985 1520 sed

2413 1565 2468 1620 in
2511 1564 2672 1636 signo
2717 1566 2849 1621 data
2903 1574 3032 1621 sunt
3081 1563 3304 1635 populo,
3355 1561 3620 1624 ostendit,
3670 1560 3817 1629 quod
3870 1557 3988 1626 ipse

2409 1657 2686 1713 Abraham
2716 1657 2836 1713 sine
2863 1656 3283 1713 circumcisione
3313 1664 3372 1711 et
3425 1654 3548 1710 sine
3592 1649 3988 1708 observatione

2412 1747 2800 1816 Sabbatorum,
2843 1766 2864 1802 s
2919 1748 3152 1804 credidit
3183 1748 3317 1814 Deo,
3352 1754 3406 1803 et
3437 1753 3752 1815 reputatum
3791 1750 3878 1798 est
3905 1739 3984 1796 illi

734 1862 754 1895 ι
796 1843 858 1899 Et
888 1843 1130 1900 Sabbata
1161 1857 1279 1896 mea
1313 1841 1689 1898 observ-abitis
1719 1858 1733 1896 :
1777 1842 1886 1897 erit
1912 1843 2058 1896 enim
2085 1843 2302 1912 signum
2331 1872 2380 1934 Β
2409 1840 2478 1898 ad
2504 1838 2795 1908 justitiam,
2825 1849 2882 1896 et
2903 1840 3113 1897 amicus
3147 1838 3242 1896 Dei
3269 1847 3499 1896 vocatus
3527 1844 3612 1893 est
3639 1835 3764 1934 "1s
3797 1833 3985 1934 Sed-et

727 1935 869 2003 apud
928 1950 1014 1989 tne
1047 1933 1197 1990 vobis
1238 1931 1350 2005 (56)
1400 1933 1453 1987 in
1503 1934 1887 2003 generationes
1917 1945 2132 1988 vestras
2163 1933 2229 1988 ³⁸.
2273 1953 2293 1987 i

725 2026 784 2080 In
813 2025 970 2097 signo
1001 2041 1132 2095 ergo
1162 2025 1285 2080 data
1307 2033 1439 2080 sunt
1467 2025 1583 2078 hmc
1609 2041 1623 2079 :
1655 2039 1760 2079 nou
1795 2033 1976 2080 autem
2003 2025 2122 2080 sine
2153 2039 2300 2095 sym-

723 2117 853 2173 bolo
883 2126 1042 2172 erant
1093 2118 1270 2185 signa,
1306 2118 1358 2172 id
1402 2127 1508 2181 est,
1550 2117 1672 2172 sine
1716 2127 2062 2187 argumento,
2120 2132 2298 2188 neque

722 2212 920 2275 otiosa,
955 2220 1214 2280 tanquam
1242 2224 1364 2279 quae
1393 2225 1422 2263 a
1465 2210 1714 2279 sapiente
1742 2207 1956 2263 artiﬁce
1997 2207 2295 2277 darentur;

722 2303 818 2357 sed
850 2303 1151 2356 secundum
1179 2315 1400 2355 carnem
1438 2300 1785 2356 circumcisio
1817 2301 2293 2356 circumcisionetn

721 2394 1073 2464 signiﬁcabat
1123 2393 1238 2465 (37)
1282 2394 1604 2464 spiritalem.
1664 2395 1900 2462 Etenim,
1930 2415 1949 2449 ι
1989 2411 2107 2460 ηοει,
2145 2415 2166 2450 s
2219 2395 2298 2449 ait

721 2487 1039 2558 Apostolus,
1072 2505 1092 2539 ι
1143 2487 1452 2542 circumcisi
1489 2501 1679 2540 sumus
1721 2488 2142 2543 circumcisione
2185 2501 2293 2541 non

721 2578 1036 2633 manulacta
1094 2578 1158 2632 “.
1198 2597 1218 2630 ι
1273 2577 1340 2632 Et
1377 2577 1638 2646 propheta
1673 2579 1750 2632 ait
1794 2597 1810 2635 :
1847 2598 1865 2631 ι
1903 2579 2296 2636 Circutncidite

718 2671 985 2725 duritiam
1015 2669 1198 2724 cordis
1227 2669 1392 2725 veStri
1421 2669 1485 2724 ⁸³.
1526 2687 1543 2721 ι
1579 2668 1811 2723 Sabbata
1842 2682 2022 2724 autem
2048 2685 2299 2740 perseve-

818 2765 859 2796 “
886 2763 1023 2821 Gen.
1062 2779 1194 2825 χιιι.
1224 2763 1259 2818 9
1309 2777 1462 2829 seqq.
1566 2763 1610 2795 ⁸³
1648 2763 1846 2818 Ezecli.
1901 2779 1993 2830 xx,
2024 2765 2110 2821 12.

716 2834 767 2873 ³⁸
797 2834 960 2890 Rom.
993 2849 1114 2899 vin,
1153 2834 1243 2888 56.
1335 2835 1377 2865 "
1405 2832 1594 2889 Jacob.
1639 2848 1701 2901 ti,
1727 2835 1817 2888 25.

795 2958 912 3027 (54)
942 2955 1012 3014 Its
1057 2960 1232 3023 signo.
1276 2955 1370 3012 Sic
1421 2957 1659 3012 Feuard.
1717 2957 1770 3011 in
1827 2971 2020 3025 marg.,
2051 2955 2290 3010 Clarom.

722 3040 779 3082 et
814 3028 997 3090 Voss.,
1036 3031 1238 3096 quibus
1268 3042 1333 3081 ex
1372 3037 1526 3093 parte
1555 3029 1829 3096 consentit
1861 3029 1986 3081 cod.
2022 3027 2288 3080 Alexand.

722 3101 776 3154 in
825 3115 936 3167 quo
981 3095 1180 3169 legitur
1214 3099 1271 3150 ὲν
1314 3097 1544 3168 σημείῳ.
1597 3095 1656 3152 lu
1716 3098 1958 3166 reliquis,
1990 3106 2040 3150 et
2086 3101 2186 3150 erit
2236 3097 2289 3149 in

721 3186 955 3224 sianum.

769 3187 1240 3304 ξῪέἷξὲἱῑῖι’διιιιεεὸιῖεο
1278 3255 1384 3292 eos.
1428 3236 1505 3292 Ita
1533 3239 1688 3293 Voss.
1734 3239 1886 3308 juxta
1918 3250 2128 3292 sacrum
2169 3236 2292 3289 cod.

720 3308 983 3370 Clarom.,
1010 3307 1287 3376 sanctiﬁco
1318 3311 1372 3361 in
1395 3309 1504 3373 eis;
1543 3310 1658 3370 alii,
1687 3307 1957 3377 sancti/ica
1984 3322 2095 3377 vos.

792 3379 907 3449 (56)
949 3378 1067 3449 Erit
1100 3374 1240 3449 enim
1283 3379 1490 3446 signum
1519 3381 1661 3449 apud
1712 3397 1791 3432 me
1842 3374 2002 3449 ratiis.
2052 3375 2143 3449 Sic
2169 3374 2296 3429 Cla-

725 3444 952 3504 roiuﬁet
997 3448 1153 3501 Voss.
1183 3444 1345 3514 juxta
1385 3450 1504 3502 cod.
1535 3448 1805 3502 Aloxand.
1845 3467 1857 3503 :
1896 3447 2011 3500 Em
2045 3444 2154 3516 γὰρ
2207 3462 2296 3516 ση-

722 3522 872 3590 μεῖον
906 3518 1037 3590 παρ’
1068 3519 1190 3590 ἐμ.φὶ
1239 3518 1335 3590 καὶ
1388 3519 1537 3589 ι’ρμίν.
1571 3519 1714 3571 Etliti
1748 3533 1890 3590 vero
1914 3517 2118 3590 habent
2149 3533 2161 3568 :
2199 3531 2294 3586 ση-

721 3586 871 3660 μεῖόν
897 3586 1012 3642 ὲστί
1040 3586 1171 3660 πάρ’
1201 3588 1326 3658 ἐμοὶ
1352 3586 1443 3642 κὰ)
1472 3591 1528 3642 ὲν
1556 3591 1717 3660 ὑμῖν(
1745 3588 1834 3660 -Εχ
1877 3586 2058 3660 Ireumi
2112 3596 2290 3660 autem

717 3655 893 3725 iextu,
929 3669 979 3714 et
1010 3655 1138 3713 ante
1185 3655 1330 3712 vobis
1364 3655 1638 3714 excidisse
1669 3658 1902 3712 videtur.
1957 3659 2027 3710 At
2079 3655 2288 3721 reliqua

714 3727 960 3794 ejusdem
995 3730 1329 3795 exemplaria
1357 3744 1638 3795 perperam
1672 3730 1724 3780 in
1754 3745 1851 3796 pro
1886 3729 2023 3781 enim
2047 3726 2286 3796 habent.

791 3799 902 3869 (57)
932 3792 1306 3869 Signiﬁcabat.
1343 3792 1509 3853 Editt.
1549 3815 1670 3854 cum
1701 3792 1907 3852 Aruud.
1934 3807 1990 3851 et
2037 3795 2202 3850 Merc.
2228 3792 2283 3861 2,

713 3868 1119 3940 prof/igurabat.

787 3939 902 4010 (58)
937 3938 1010 3991 De
1038 3955 1099 3992 ea
1154 3937 1314 4007 Lege,
1346 3941 1429 3992 vel
1465 3950 1688 4005 post_ea,
1725 3939 1808 4010 vel
1841 3939 1906 3991 de
1933 3937 2022 3989 iis.

788 4006 902 4081 (59)
926 4010 1146 4081 Accepit
1173 4006 1442 4062 mensuras
1474 4011 1679 4063 mundi.
1716 4009 1849 4062 Vide
1883 4023 2002 4078 cap.
2031 4006 2100 4071 X,
2137 4023 2192 4060 ιι.
2231 4006 2284 4071 i,

712 4077 896 4137 notaui
921 4077 1010 4132 29.

786 4150 899 4221 (40)
932 4148 1188 4221 Secunda
1216 4150 1601 4221 generationis.
1624 4151 1696 4203 ita
1735 4149 1964 4202 Fouard.
1996 4147 2048 4200 in
2083 4163 2281 4216 marg.,

719 4217 900 4284 Voss,
949 4219 1187 4272 Clarom.
1219 4217 1292 4271 et
1343 4217 1508 4274 Grab.
1540 4219 1669 4280 Alii,
1721 4221 2006 4272 secundum
2063 4233 2284 4286 genera-

711 4297 899 4344 tiones.
955 4287 1057 4342 Per
1089 4292 1345 4342 mundum
1378 4297 1557 4343 autem
1612 4291 1852 4343 secunda:
1898 4288 2277 4356 generationis,

711 4361 967 4431 intelligit
1013 4359 1276 4413 mundum
1326 4368 1449 4427 post
1488 4359 1749 4413 diluvium
1792 4358 1958 4413 veluti
1992 4371 2277 4411 renascen-

709 4443 840 4485 tem.

784 4497 896 4570 (tl)
925 4498 1211 4568 Legatione
1263 4500 1332 4552 ad
1370 4501 1583 4566 angelos
1633 4502 1972 4568 fungebatur.
2011 4497 2124 4551 Vox
2185 4497 2281 4552 Dei

705 4586 871 4638 quam
899 4571 1023 4623 huic
1042 4572 1294 4640 commoti
1334 4571 1664 4640 prauuittunt
1714 4571 1863 4622 editt.
1895 4572 2042 4622 deest
2080 4570 2132 4620 in
2165 4579 2276 4640 vet.

708 4642 832 4694 cod.
860 4639 1119 4703 Fenard.,
1153 4638 1394 4692 Clarum.
1424 4649 1479 4692 et
1512 4641 1668 4692 Voss.
1713 4640 1849 4705 Quid
1880 4640 1949 4692 sit
1977 4649 2160 4691 autem
2193 4639 2275 4690 di-

707 4713 892 4762 vinum
961 4709 1092 4762 illud
1139 4707 1433 4777 legationis
1486 4725 1684 4763 munus
1741 4711 1885 4778 quod
1935 4711 2000 4762 ad
2057 4709 2279 4779 angelos

706 4780 880 4835 obivit
905 4779 1114 4838 Enocli.
1147 4788 1200 4831 et
1243 4780 1333 4846 qui
1387 4781 1492 4830 sint
1531 4781 1607 4832 illi
1640 4782 1840 4847 angeli,
1889 4783 2047 4847 paulo
2081 4781 2280 4832 obseu-

708 4853 844 4904 rius.
897 4851 970 4902 Ex
1028 4865 1150 4902 mox
1179 4851 1548 4918 sequentibus
1604 4851 1780 4917 colligi
1839 4864 1997 4918 posse
2043 4849 2276 4909 videtur,

706 4923 972 4975 lrcnzcttin
1004 4917 1384 4990 tttttttjttstitto
1431 4931 1692 4990 martyre,
1725 4917 2097 4986 Athenagora,
2156 4919 2280 4974 Cle-

707 5001 892 5044 :neutc
922 4991 1110 5053 Alex.,
1143 4988 1398 5054 ΤυιΊιιΗἼ
1428 4988 1735 5050 Lactantio,
1757 4993 1985 5058 aliisque
2021 5005 2122 5042 non
2156 5005 2282 5058 pau-

707 5064 791 5113 cis
824 5062 1087 5119 sensisse,
1139 5060 1362 5126 angelos
1393 5071 1671 5128 apostolus
1721 5061 1773 5112 in
1819 5061 2025 5128 peccati
2061 5073 2277 5125 puniant

709 5130 1019 5198 pnecipites
1050 5130 1103 5182 in
1161 5139 1362 5182 terrain
1413 5139 1580 5192 actos,
1616 5130 1903 5182 mulierum
1941 5139 2130 5198 captos
2158 5145 2280 5197 spc-

707 5204 815 5264 cic,
851 5216 972 5251 cum
1003 5201 1069 5252 iis
1109 5198 1210 5253 sub
1250 5200 1482 5252 humana
1521 5200 1694 5251 forma
1733 5205 1902 5268 stupri
1937 5201 2279 5266 (misuetudi-

708 5285 832 5322 item
866 5270 1150 5333 habuisse,
1177 5285 1403 5335 eamque
1442 5273 1608 5322 ruitz-ut
1640 5271 1704 5321 iis
1727 5273 2068 5324 oecusionem
2093 5270 2278 5322 luisse.

706 5341 778 5395 lis
825 5340 1078 5393 omnibus
1113 5342 1319 5393 erroris
1351 5355 1532 5393 causa.
1561 5341 1660 5391 luit
1700 5342 1841 5407 quod
1876 5339 2011 5394 Gen.
2044 5355 2093 5391 tv
2124 5339 2189 5392 de
2217 5339 2280 5402 li-

707 5413 906 5463 liorum
941 5408 1038 5462 Dei
1072 5424 1365 5477 congressu
1390 5426 1508 5461 cum
1531 5411 1746 5477 ﬁliabus
1772 5411 2038 5463 hominum
2064 5410 2280 5475 legitur.

709 5481 814 5533 l’ro
852 5480 982 5546 [iliis
1018 5479 1108 5532 Dei
1134 5480 1351 5533 codices
1382 5482 1598 5546 quidam
1628 5482 1897 5533 habebant
1920 5520 1931 5534 .
1967 5481 2136 5549 angeli
2165 5479 2282 5541 Dei,

711 5561 771 5602 ut
803 5551 962 5602 l’ltilo
987 5551 1116 5617 legit
1148 5552 1198 5603 itt
1240 5550 1332 5603 lib.
1365 5550 1438 5603 De
1465 5552 1786 5619 gigantibus,
1817 5561 1870 5602 et-
1897 5551 2092 5604 Eus’eb.
2121 5550 2213 5603 lib.
2252 5565 2284 5600 ν

712 5569 771 5602 ιιι
803 5569 962 5602 t'tlllo
987 5569 1116 5617 tegit
1148 5569 1198 5603 Ill
1240 5569 1332 5603 un.
1365 5569 1438 5603 ue
1465 5569 1512 5619 gl
1553 5569 1786 5612 ttnttvus,
1817 5569 1870 5602 et-
1897 5569 2092 5604 nosco.
2121 5569 2213 5603 ιιυ.
2252 5569 2284 5600 v

712 5622 792 5673 De
823 5636 1053 5684 pra’par.
1099 5636 1302 5688 evang,
1339 5635 1458 5687 cap.
1506 5569 1560 5681 ἕ,
1609 5637 1672 5674 ac
1705 5623 1934 5689 August.
1971 5622 2062 5674 lib.
2103 5635 2170 5673 tv
2206 5619 2284 5671 De

711 5691 886 5753 ιιι-Νη
923 5705 1043 5758 cap.
1086 5691 1176 5743 9.5.
1207 5693 1305 5754 Qui
1344 5706 1474 5743 vero
1501 5693 1640 5758 ﬁlios
1685 5693 1776 5744 Dei
1816 5693 2088 5759 legebant,
2120 5704 2286 5758 ange-

714 5760 801 5812 lus
831 5770 1037 5821 tamen,
1072 5764 1239 5829 priori
1271 5761 1517 5813 versione
1563 5764 1793 5830 decepti,
1844 5761 2282 5831 interpretaban-

718 5846 825 5895 till,
876 5843 930 5885 ut
969 5832 1259 5887 obset’t‘aat
1293 5833 1571 5902 Clat'ysosl.
1623 5835 1809 5889 ltoutil.
1857 5832 1926 5887 22
1976 5834 2030 5889 in
2064 5832 2281 5897 Cenem,

2211 2766 2257 2798 ³⁸
2279 2767 2452 2825 Exod.
2491 2783 2647 2833 xxn,
2688 2767 2776 2822 ll.

2408 1931 2511 1990 Lot
2561 1933 2684 1988 sine
2736 1933 3160 1990 circumcisione
3207 1932 3437 1989 eductus
3463 1939 3548 1986 est
3589 1930 3658 1988 de
3701 1927 3980 1993 Sodomis.

2405 2027 2716 2098 percipiens
2766 2026 2997 2083 salutem
3035 2041 3065 2082 ιι
3097 2025 3225 2083 Deo.
3252 2024 3388 2081 Item
3437 2025 3545 2079 Deo
3594 2021 3820 2093 placens
3847 2019 3981 2083 Noe.

2405 2136 2525 2176 cum
2554 2130 2703 2178 esset
2731 2120 3179 2184 incircumcisus,
3214 2119 3429 2189 accepit
3457 2130 3747 2174 mensuras
3795 2113 3982 2170 mundi

2404 2211 2516 2282 (59)
2548 2212 2802 2267 secundat
2831 2210 3202 2282 generationis
3228 2207 3363 2282 (ιο).
3419 2207 3528 2264 Sed
3555 2216 3611 2263 et
3644 2205 3837 2262 Enoch
3865 2204 3987 2260 sine

2404 2304 2823 2360 circumcisione
2855 2304 3079 2370 placens
3112 2302 3245 2370 Deo,
3277 2316 3399 2357 cum
3434 2309 3580 2357 esset
3611 2300 3797 2360 homo,
3829 2298 3978 2371 lega-

2404 2402 2552 2456 tione
2580 2401 2648 2454 ad
2697 2397 2925 2468 angelos
2964 2397 3291 2465 fungebatur
3323 2391 3456 2466 (41),
3484 2403 3541 2446 et
3577 2391 3879 2446 translatus
3901 2396 3984 2444 est

2402 2488 2537 2563 (42),
2576 2501 2632 2546 et
2672 2497 3036 2547 conservatur
3073 2502 3246 2557 usque
3275 2500 3419 2541 nunc
3449 2485 3605 2539 testis
3626 2482 3758 2552 justi
3785 2481 3982 2552 iudicii

2404 2581 2500 2637 Dei
2536 2599 2550 2635 :
2582 2581 2840 2650 quoniam
2891 2579 3068 2651 angeli
3105 2580 3326 2650 quidem
3376 2573 3712 2645 transgressi
3753 2571 3979 2628 decide-

2405 2684 2533 2727 runt
2556 2674 2609 2728 in
2637 2683 2838 2727 terram
2872 2673 2926 2727 in
2951 2671 3217 2741 judicium
3249 2668 3382 2743 (45);
3416 2670 3581 2724 homo
3629 2675 3811 2721 autem
3861 2661 3982 2732 pla-

2872 2767 2919 2801 "
2944 2765 3158 2823 Coloss.
3214 2783 3276 2833 tt,
3305 2767 3391 2820 tl.
3520 2763 3565 2795 ⁸³
3590 2762 3749 2816 Deut.
3784 2776 3842 2826 x,
3889 2756 3978 2813 ω.

2400 2966 2455 3014 et
2503 2955 2836 3011 Tlieodoret.
2889 2965 3085 3026 quaest.
3149 2955 3319 3026 l7iin
3359 2955 3557 3012 Genes.
3599 2953 3979 3026 llic.quc_loos

2397 3026 2603 3080 erroris
2632 3023 2920 3083 exstitisse
2941 3026 3174 3082 videtur.
3217 3025 3426 3089 Quibus
3455 3025 3780 3094 suppositis,
3811 3023 3979 3094 facile

2397 3097 2714 3164 intelligitur
2759 3097 2890 3165 quid
2922 3099 3126 3168 situea
3165 3096 3503 3168 Enocho_ad
3525 3093 3774 3168 angelos
3804 3093 3978 3168 a‘Deo

2323 3186 2366 3244 ρ
2400 3161 2726 3244 demandata
2769 3161 2987 3244 legatio.
3021 3165 3148 3220 Vult
3176 3181 3382 3244 nempe
3407 3161 3976 3244 irena-us,_Enoc_hn_t_n

2405 3239 2473 3291 ad
2503 3248 2844 3307 stupratores
2871 3237 3273 3307 illosrangelos,
3298 3246 3367 3307 _et
3415 3237 3483 3291 ad
3526 3238 3775 3292 homines
3805 3237 3873 3291 ali
3905 3237 3978 3293 iis

2404 3309 2458 3361 in
2495 3305 2860 3361 idololatriam
2909 3305 3222 3376 fmdamque
3258 3305 3518 3362 vitiorum
3549 3308 3840 3363 colluviem
3871 3307 3976 3363 de—

2403 3392 2636 3448 mersos,
2673 3385 2930 3448 tanquam
2970 3376 3062 3448 Dei
3103 3378 3411 3448 ministrum
3447 3386 3610 3445 atque
3643 3378 3974 3448 prophetam

2402 3446 2699 3502 accessisse
2740 3446 2988 3502 divinum
3015 3446 3284 3516 judicium
3322 3445 3792 3503 denuntiaturum.
3847 3448 3975 3502 Haec

2399 3519 2585 3586 utique
2613 3532 2678 3570 ex
2712 3518 3023 3586 apocrypho
3056 3517 3264 3572 Enochi
3292 3516 3432 3570 libro
3463 3529 3779 3586 mutuatum,
3803 3519 3976 3572 luisse

2401 3585 2662 3640 Irenaeum
2721 3602 2827 3641 non
2865 3585 3224 3652 dubitaverit,
3265 3587 3514 3656 quisquis
3550 3589 3694 3656 apud
3739 3585 3968 3640 Tertull.

2399 3658 2490 3712 lib.
2543 3657 2620 3710 De
2671 3657 2877 3722 idolol.,
2924 3672 3045 3726 cap.
3082 3658 3378 3727 4,1cgcrit,
3437 3659 3716 3713 Euocliutu
3767 3659 3970 3726 spiritu

2398 3728 2717 3796 prephctico
2775 3728 3130 3796 praedixisse,
3187 3729 3366 3782 omnia
3423 3730 3703 3789 elementa.
3765 3745 3970 3782 omnem

2395 3799 2579 3850 mundi
2608 3815 2842 3858 censum,
2869 3815 2987 3866 qua:
3009 3798 3159 3861 cmlo,
3185 3813 3304 3868 quae
3334 3801 3494 3862 mari,
3522 3815 3640 3867 qua:
3663 3810 3807 3853 terra
3839 3816 3969 3852 con—

2396 3872 2648 3932 tinentur,
2675 3870 2728 3920 in
2759 3868 3124 3922 idololatriam
3159 3883 3400 3922 versuros
3425 3871 3716 3931 dmmonas.
3736 3880 3783 3922 et
3810 3870 3970 3936 spiri-

2393 3947 2477 3990 tus
2510 3940 2833 3992 desertorum
2863 3938 3192 4006 angelorum,
3223 3948 3278 3990 ut
3311 3954 3406 4007 pro
3441 3937 3551 3991 Deo
3579 3941 3833 3993 adversus
3864 3938 3970 3992 Do-

2393 4010 2589 4060 minum
2620 4021 3071 4061 cansecrarentur.
3093 4008 3323 4076 Denique
3358 4009 3492 4061 idem
3522 4009 3699 4063 Enoclt
3729 4010 3889 4063 simul
3919 4022 3967 4062 et

2393 4077 2617 4131 cultores
2673 4079 2827 4137 idoli.
2875 4087 2924 4131 et
2979 4079 3328 4146 fabricatores
3387 4080 3444 4131 in
3495 4081 3966 4133 contntinationem

2391 4149 2737 4215 pra'damnat.
2775 4148 2910 4202 Tum
2965 4159 3022 4202 ut
3075 4149 3233 4202 dictis
3285 4150 3443 4202 [idem
3500 4150 3795 4213 conciliet,
3856 4167 3967 4206 non

2392 4219 2661 4272 modicum
2699 4218 3060 4288 fragmentum
3091 4234 3155 4272 ex
3209 4219 3415 4273 Enochi
3448 4218 3587 4274 libro
3629 4219 3822 4275 refert.
3855 4223 3966 4280 Ad-

2391 4290 2576 4356 ditque
2594 4304 2715 4359 cap.
2747 4289 2848 4345 15:
2883 4288 3011 4343 lltrc
3039 4289 3203 4356 igitur
3223 4289 3288 4343 ab
3314 4289 3470 4341 initio
3500 4290 3796 4356 praevidens
3841 4288 3961 4358 Spi-

2391 4361 2521 4411 ritus
2557 4370 2793 4426 sanctus,
2825 4360 2984 4413 etiam
3030 4360 3164 4412 ostia
3194 4361 3250 4413 in
3290 4360 3715 4425 superstitionem
3743 4377 3966 4421 versura

2388 4431 2688 4494 prwcecinit
2716 4446 2811 4496 per
2837 4430 3262 4494 antiquissimum
3289 4427 3594 4497 prop/teram
3625 4429 3833 4484 Enoclt.
3882 4433 3964 4485 Ac

2388 4500 2619 4566 denique
2645 4500 2735 4552 lib.
2775 4500 2849 4553 De
2875 4501 3054 4552 habitu
3081 4501 3344 4565 muliebr.,
3363 4501 3550 4566 οειιιμι,
3577 4502 3961 4555 auctoritatem

2389 4569 2510 4621 libri
2545 4570 2750 4623 Enocb.
2786 4570 3064 4633 vindicat,
3123 4571 3374 4633 huncque
3423 4571 3617 4623 divina:
3665 4570 3964 4639 legationis

2389 4655 2583 4693 munus
2610 4641 2833 4702 abiisse,
2863 4642 2932 4691 ita
2966 4655 3287 4707 persuasum
3315 4640 3522 4703 habuit,
3550 4650 3608 4692 ut
3645 4639 3780 4696 huic
3805 4644 3861 4695 in
3898 4659 3962 4696 eo

2390 4726 2614 4763 tnuuerc
2652 4712 2982 4764 successisse
3030 4710 3138 4764 Noe
3176 4720 3410 4779 asserat.
3455 4708 3652 4779 Igitur.
3711 4713 3809 4774 ait,
3851 4715 3962 4766 sine

2387 4779 2546 4832 dubio
2579 4781 2748 4848 potuit
2793 4780 2908 4833 Noe
2948 4781 3002 4832 in
3048 4776 3441 4848 prardicatioms
3475 4776 3808 4848 delegatione
3837 4800 3958 4835 suc-

2388 4851 2601 4903 cessisse
2633 4850 2866 4905 Enoclto.
2899 4851 3032 4916 Quae
3061 4850 3380 4905 Tertulliani
3415 4849 3582 4904 verba
3615 4852 3738 4905 ideo
3780 4854 3957 4914 retuli,

2389 4922 2512 4986 quia
2547 4921 2732 4975 lrenaai
2763 4921 2924 4976 dictis
2959 4935 3062 4973 non
3092 4937 3314 4990 parvam
3346 4921 3518 4974 lucem
3547 4920 3785 4974 alIerunt
3837 4940 3962 4976 con-

2391 4993 2738 5060 liriuantque,
2791 5007 2854 5044 ea
2905 5006 3027 5057 quae
3079 5003 3311 5060 uterque
3345 4993 3414 5044 de
3447 4991 3654 5045 Enoclti
3694 4996 3963 5060 plwlllCtl-

2393 5065 2559 5124 tione,
2588 5073 2642 5115 et
2682 5063 2747 5115 ad
2784 5061 3108 5115 libidinosus
3140 5062 3384 5130 angelos,
3427 5073 3834 5131 correptosque
3892 5067 3960 5116 ab

2392 5133 2456 5204 iis
2492 5133 2740 5185 homines
2768 5131 3037 5204 legatione
3079 5134 3268 5198 refert,
3296 5147 3359 5187 ex
3392 5132 3617 5201 praelato
3645 5136 3960 5204 apocrypha

2392 5202 2528 5254 llbt'O
2559 5204 2747 5254 haustu
2782 5203 2964 5255 fuisse.

2462 5274 2571 5341 (ti)
2614 5273 2678 5325 la‘t
2745 5277 3040 5326 translatus
3098 5282 3193 5326 est.
3249 5272 3306 5326 lit
3361 5274 3669 5343 paradisum
3724 5277 3956 5336 scilicet,

2392 5347 2476 5394 ubi
2505 5349 2707 5404 primus
2734 5346 2932 5410 positus
2977 5352 3052 5395 est
3094 5344 3267 5404 homo,
3303 5345 3394 5398 ubi
3427 5355 3481 5398 et
3521 5361 3643 5397 cuin
3697 5346 3813 5398 Elia
3847 5362 3960 5398 ma-

2393 5415 2539 5465 nebit
2586 5430 2748 5482 usque
2793 5415 2864 5464 ad
2896 5417 3422 5479 consummationem,
3455 5426 3513 5478 ut
3557 5418 3798 5482 explicat
3851 5418 3960 5470 Ire-

2394 5499 2543 5536 nmus
2592 5486 2682 5537 lib.
2735 5499 2787 5558 γ.
2827 5485 3215 5558 οξιιιηῦηαιιω
3264 5486 3332 5537 ab
3376 5486 3439 5558 iis
3477 5488 3816 5555 presbyteris,
3868 5490 3960 5558 qui

2393 5564 2511 5625 sunt
2542 5554 2895 5623 apostolorum
2922 5553 3188 5621 discipuli,
3212 5553 3487 5625 accepisse
3519 5573 3576 5609 se
3605 5559 3758 5610 dicit.

2465 5624 2577 5690 (45)
2609 5625 2922 5677 Deciderunt
2954 5628 3008 5676 in
3036 5632 3232 5677 terram
3258 5626 3314 5677 in
3347 5624 3640 5695 judicium.
3694 5627 3848 5682 Hanc
3878 5629 3959 5682 le-

2395 5695 2630 5748 ctionem
2655 5711 2813 5762 quant
2841 5696 3129 5763 genuinam
3158 5710 3378 5759 censeo,
3411 5697 3560 5752 solus
3583 5699 3811 5752 exhibet
3836 5699 3957 5752 cod.

2395 5767 2629 5820 Clarum.
2667 5767 2800 5820 Nam
2831 5768 3012 5820 caeleri
3036 5781 3225 5820 omnes
3255 5769 3514 5822 omittunt
3553 5769 3609 5821 in
3645 5777 3863 5822 terram.
3893 5770 3959 5822 At

2397 5841 2582 5894 eodem
2612 5839 2769 5894 modo
2844 5846 2896 5891 et
2933 5838 3123 5892 iisdem
3169 5853 3300 5907 pene
3343 5840 3520 5895 verbis
3562 5839 3807 5911 loquitur
3838 5839 3956 5896 Cie
