4222 6320
267 393 359 451 ιοι
371 393 405 443 7

1466 397 1748 455 CONTRA
1785 397 2128 455 HERESES
2156 398 2287 457 LIB.
2326 397 2418 456 IV.

3375 409 3518 468 “"8

265 525 399 567 cens
444 512 746 570 translatus
767 523 850 570 est
880 514 934 570 lu
958 514 1208 572 salutem.
1256 517 1362 573 Sed
1385 530 1441 574 et
1484 518 1698 589 reliqua
1729 534 1830 574 au-
1858 533 1908 593 Α
1935 519 2145 575 locutus
2177 528 2262 575 est
2290 517 2558 575 Dominus
2580 518 2650 575 ad
2675 534 2896 577 omnem
2921 536 3252 594 synagegam
3281 522 3516 584 ﬁliorum

267 613 376 660 tem
424 607 608 662 omnis
657 606 948 662 multitudo
991 621 1206 674 eorum,
1248 609 1342 680 qui
1396 617 1524 666 ante
1555 611 1836 666 Abraham

261 691 485 752 fuerunt
532 695 697 766 justi,
742 705 799 754 et
840 712 1032 753 eorum
1076 699 1539 770 patriarcharum,
1565 700 1661 772 qui
1709 710 1838 756 ante

261 784 502 859 Iloysem
533 787 778 852 fuerunt,
811 799 868 845 et
900 789 1020 847 sine
1046 791 1133 846 his
1161 807 1283 862 qua
1307 793 1571 863 prodicta
1605 801 1754 859 sunt,
1781 801 1837 848 et

261 877 386 932 sine
409 876 525 948 lege
549 877 721 950 Moysi
741 877 1222 948 justiilcabantnr.
1270 881 1738 949 Quemadmodum
1777 890 1835 938 et

261 965 382 1034 ipse
425 965 640 1040 Moyses
698 967 757 1026 in
819 968 1246 1026 Denteronomio
1286 971 1367 1027 ait
1417 972 1486 1027 ad
1535 970 1832 1042 populum:

267 1075 290 1109 ι
325 1057 582 1115 Dominus
639 1059 784 1116 Deus
840 1068 966 1117 tuus
1009 1069 1398 1119 testamentum
1451 1062 1727 1135 disposuit
1776 1063 1834 1118 in

260 1146 450 1207 ﬂoreb
476 1165 490 1200 ε
525 1161 584 1208 et
611 1166 718 1208 non
760 1152 1012 1222 patribus
1041 1155 1246 1212 vestris
1274 1154 1549 1228 disposuit
1574 1154 1836 1212 Dominus

260 1248 650 1299 testamentum
687 1245 812 1312 hoc,
843 1245 944 1301 sed
974 1246 1044 1301 ad
1075 1260 1176 1303 vos
1199 1247 1266 1304 ⁸⁸.
1299 1266 1321 1302 s

333 1334 390 1391 3.
419 1333 604 1402 Quare
649 1337 819 1408 igitur
845 1338 1095 1410 patribus
1118 1353 1225 1396 nou
1265 1339 1540 1410 disposuit
1568 1338 1836 1396 Dominus

261 1429 691 1482 testamentum?
725 1431 864 1498 Quia
900 1450 922 1485 ι
969 1432 1059 1489 lex
1085 1447 1194 1490 non
1219 1440 1304 1488 est
1335 1432 1516 1502 posita
1541 1431 1707 1502 justis
1737 1432 1841 1490 δέ»

251 1519 387 1591 justi
417 1531 600 1575 autem
647 1529 832 1591 patres
859 1523 1123 1582 virtutem
1175 1523 1432 1596 Decalogi
1463 1525 1832 1596 conscriptam

257 1609 524 1667 habentes
559 1611 615 1668 in
648 1614 904 1672 cordibus
935 1623 991 1672 et
1039 1616 1332 1674 animabus
1372 1616 1512 1685 suis,
1541 1617 1832 1688 diligentes

258 1698 375 1771 (44)
423 1701 645 1759 scilicet
690 1704 862 1760 Deum
913 1707 1008 1775 qui
1052 1706 1185 1764 fecit
1234 1723 1353 1773 eos,
1396 1719 1453 1762 et
1494 1708 1833 1765 abstinentes

257 1804 394 1860 erga
435 1795 753 1863 proximum
795 1797 866 1852 ab
911 1797 1180 1868 iniustitia
1221 1813 1238 1850 :
1289 1807 1512 1869 propter
1535 1800 1681 1869 quod
1722 1815 1830 1855 non

1942 609 2110 667 lsrael
2155 610 2211 666 iu
2269 619 2480 676 monte,
2522 618 2580 666 et
2636 610 2778 668 nihil
2822 612 3028 685 adjecit
3057 613 3105 647 “
3142 614 3286 690 (53);
3324 635 3345 670 s
3380 618 3515 676 nihil

1941 702 2110 769 enim,
2177 701 2635 772 quemadmodum
2682 705 3057 776 pmdiximus,
3101 707 3380 780 indigebat
3444 711 3518 770 ab

1941 791 2046 847 eis.
2079 790 2147 847 Et
2173 791 2372 849 iterum
2419 791 2636 866 Moyses
2657 796 2779 851 ait:
2815 813 2836 848 s
2865 794 2931 851 Et
2970 811 3136 866 nunc,
3163 798 3352 867 Israel,
3383 801 3518 871 quid

1942 884 2203 942 Dominus
2263 885 2406 942 Deus
2451 895 2578 942 tuus
2628 885 2873 956 postulat
2945 901 2978 943 a
3028 897 3103 957 te,
3150 889 3256 945 nisi
3320 889 3518 947 timere

1941 981 2230 1038 Dominum
2261 982 2628 1048 Deumtuum,
2681 982 2964 1040 ambulare
3014 984 3070 1039 in
3105 984 3360 1042 omnibus
3410 985 3519 1044 viis

1940 1075 2081 1146 ejus.
2109 1083 2168 1131 et
2194 1074 2427 1146 diligere
2451 1089 2598 1142 eum,
2644 1083 2700 1130 et
2738 1075 2949 1132 servire
2991 1075 3222 1134 Domino
3277 1076 3388 1134 Deo
3419 1086 3517 1135 tuo

1939 1180 2006 1221 ex
2037 1174 2151 1223 toto
2181 1165 2349 1224 corde
2387 1171 2503 1232 tuo,
2547 1173 2604 1222 et
2632 1181 2702 1222 ex
2728 1176 2838 1223 tota
2862 1166 3047 1222 anima
3077 1178 3170 1225 tua
3206 1167 3292 1224 “7
3323 1187 3345 1222 ι
3388 1168 3519 1227 Hae

1937 1266 2123 1313 autem
2176 1255 2478 1328 gloriosum
2531 1257 2752 1327 quidem
2809 1256 3085 1317 faciebant
3131 1259 3430 1327 hominem,
3458 1258 3514 1317 id

1939 1345 2083 1414 quod
2110 1345 2302 1401 deerat
2331 1347 2384 1402 el
2428 1345 2734 1417 implentia,
2792 1345 2846 1402 id
2894 1355 2983 1405 est
3036 1348 3336 1405 amicitiam
3372 1347 3510 1418 Dei;

1941 1436 2052 1492 Deo
2073 1445 2258 1492 autem
2303 1437 2646 1509 praestabant
2684 1437 2830 1494 nihil
2863 1456 2879 1494 :
2910 1453 3010 1496 nec
3040 1441 3188 1495 enim
3235 1440 3517 1519 indigebat

1941 1525 2081 1584 Deus
2128 1527 2420 1586 dilectione
2476 1527 2741 1585 hominis.
2801 1528 3001 1585 Deerat
3057 1539 3238 1588 autem
3302 1531 3515 1590 homini

1937 1619 2111 1688 gloria
2164 1618 2283 1687 Dei,
2307 1633 2473 1691 quam
2521 1619 2672 1676 nullo
2711 1621 2872 1676 modo
2925 1629 3139 1693 poterat
3208 1623 3513 1695 percipere,

1938 1709 2042 1764 nisi
2075 1722 2172 1779 per
2202 1723 2326 1764 eam
2354 1708 2798 1781 obsequentium,
2825 1724 2948 1780 qua
2968 1719 3053 1767 est
3072 1725 3201 1780 erga
3230 1711 3420 1771 Deum.
3445 1712 3516 1769 Et

1937 1809 2162 1869 propter
2192 1801 2296 1856 hoc
2328 1800 2526 1856 iterum
2565 1798 2781 1872 Moyses
2805 1800 2884 1855 ait
2907 1801 2990 1857 eis
3016 1818 3033 1856 :
3066 1817 3088 1855 ι
3126 1799 3280 1873 Elige
3310 1803 3506 1868 vitam.

257 1881 366 1938 fuit
387 1898 613 1942 necesse
630 1887 910 1944 admoneri
935 1903 1030 1944 eos
1045 1887 1209 1963 247
1227 1889 1580 1960 correptoriis
1603 1890 1822 1958 litteris,
1853 1890 1899 1946 Β
1928 1899 1987 1946 ιιι
2015 1892 2168 1946 vivas
2200 1899 2258 1946 tu
2283 1899 2337 1946 et
2357 1905 2542 1947 semen
2569 1903 2743 1957 tuum,
2775 1891 3002 1963 diligere
3025 1893 3311 1948 Dominum
3338 1892 3513 1948 Deum

254 1977 386 2046 quia
426 1978 706 2035 habebant
745 1980 800 2036 in
833 1983 1146 2052 semetipsis
1184 1981 1461 2049 justitiam
1503 1984 1658 2054 legis.
1693 1983 1828 2038 Cum

254 2078 438 2124 alitem
470 2071 586 2126 hac
602 2069 818 2140 Iustitia
846 2082 903 2128 et
925 2073 1306 2143 dilectio,qu:e
1330 2083 1452 2130 erat
1473 2088 1605 2145 erga
1634 2074 1827 2144 Deum,

253 2163 424 2217 cessit
463 2161 576 2236 (45)
629 2163 684 2218 in
719 2165 1076 2231 oblivionem,
1134 2174 1192 2220 et
1239 2167 1512 2222 exstincta
1565 2175 1714 2222 esset
1772 2167 1829 2222 in

251 2251 511 2324 Egypto,
559 2256 874 2312 necessario
928 2254 1075 2312 Deus
1119 2267 1342 2329 propter
1389 2256 1621 2314 multam
1670 2272 1828 2315 suam

252 2359 384 2416 erga
408 2346 658 2402 homines
671 2343 783 2419 (46)
810 2346 1244 2403 benevolentiam
1266 2349 1620 2417 semetipsum
1641 2357 1829 2404 osten-

251 2437 422 2492 debat
451 2452 553 2508 per
583 2451 798 2502 vocem,
831 2447 889 2494 et
913 2438 1102 2494 eduxit
1129 2438 1198 2495 de
1217 2438 1457 2511 Egypto
1484 2440 1739 2512 populum
1771 2441 1827 2496 in

253 2525 460 2581 virtute
505 2523 641 2598 (47),
670 2527 748 2584 uti
797 2543 990 2584 rursus
1040 2529 1196 2584 lieret
1229 2531 1394 2586 homo
1445 2531 1744 2602 discipulus
1773 2542 1829 2588 et

250 2627 500 2674 sectator
528 2619 654 2686 Dei;
685 2627 740 2674 et
764 2618 1042 2690 amigebat
1072 2620 1280 2677 indicto
1308 2623 1619 2691 audientes,
1649 2634 1826 2679 utnon

251 2718 665 2766 contemnerent
690 2726 815 2767 eum
852 2713 946 2783 qui
981 2727 1042 2768 se
1067 2712 1240 2779 fecit;
1275 2723 1335 2770 et
1378 2729 1579 2771 manna
1623 2715 1826 2771 cibavit

251 2814 380 2857 eum
419 2801 560 2874 (48),
591 2805 666 2857 uti
719 2804 1050 2860 rationalem
1075 2805 1827 2878 acciperentescam,quem-

233 2896 550 2949 ‘admodum
592 2904 649 2951 et
693 2895 904 2967 Moyses
952 2897 1008 2951 in
1061 2895 1486 2954 Deuteronomio
1519 2899 1597 2953 ait
1635 2915 1650 2954 :
1689 2917 1709 2951 ι
1756 2898 1827 2955 Et

253 2985 459 3040 cibavit
485 2984 596 3058 (49)
635 2995 690 3042 te
732 3002 954 3056 manna,
1003 2989 1150 3057 quod
1195 3003 1304 3047 nou
1347 2989 1593 3046 sciebant
1641 3001 1827 3061 patres

255 3078 359 3141 tui.
389 3077 468 3132 uti
512 3091 836 3150 cognoscas,
861 3080 1125 3149 quoniam
1159 3095 1268 3136 non
1299 3083 1351 3136 in
1380 3094 1526 3153 pane
1554 3082 1670 3139 solo
1696 3085 1829 3139 vivit

253 3168 370 3242 (50)
402 3173 589 3236 homo,
615 3171 709 3226 sed
729 3172 779 3225 in
801 3173 947 3227 omni
979 3172 1147 3228 verbo
1175 3173 1293 3240 Dei,
1323 3175 1466 3242 quod
1490 3179 1740 3246 procedit
1761 3181 1828 3234 de

1939 1991 2112 2049 tuum,
2137 1981 2402 2038 exaudire
2430 1980 2544 2053 (54)
2573 1995 2764 2039 vocem
2813 1985 2953 2056 ejus,
3001 1991 3059 2038 et
3105 1983 3516 2056 apprehendere

1934 2086 2059 2127 eum
2127 2073 2384 2142 quoniam
2415 2072 2532 2129 hac
2556 2081 2645 2130 est
2681 2071 2791 2128 vita
2829 2082 2947 2140 tua,
2979 2081 3037 2129 et
3085 2073 3368 2146 longitudo
3396 2074 3516 2130 die-

1936 2178 2057 2219 rum
2089 2173 2304 2221 tuorum
2333 2166 2401 2219 “.
2445 2182 2467 2218 s
2492 2162 2550 2219 ln
2579 2179 2744 2235 quam
2769 2165 2934 2220 vitam
2967 2174 3302 2236 praestruens
3335 2165 3516 2221 homi-

1935 2269 2082 2318 nem,
2111 2253 2363 2327 Decalogi
2398 2255 2624 2325 quidem
2651 2255 2821 2312 verba
2851 2258 2969 2327 ipse
3013 2271 3112 2328 per
3159 2258 3514 2328 semetipsum

1933 2345 2189 2402 omnibus
2240 2344 2493 2402 similiter
2541 2344 2806 2402 Dominus
2859 2345 3074 2402 locutus
3116 2355 3251 2402 est:
3299 2356 3356 2402 et
3386 2349 3514 2405 ideo

1933 2437 2182 2493 similiter
2227 2447 2551 2508 permanent
2585 2439 2729 2508 apud
2803 2451 2902 2494 nos
2928 2478 2945 2504 ,
2997 2437 3376 2494 extensionem
3451 2449 3511 2493 et

1933 2541 2307 2600 augmentum,
2373 2531 2468 2587 sed
2530 2543 2641 2586 non
2700 2529 3114 2586 dissolutionem
3182 2529 3510 2602 accipientia

1933 2635 2031 2690 per
2062 2621 2338 2676 carnalem
2363 2618 2480 2689 ejus
2501 2619 2821 2675 adventum.

2002 2710 2057 2766 5.
2117 2708 2412 2767 Servitutis
2464 2717 2645 2766 autem
2711 2718 2978 2781 pracepta
3063 2711 3357 2781 separatim
3411 2725 3511 2782 per

1933 2799 2153 2872 Moysen
2217 2803 2473 2881 praecepit
2534 2800 2766 2872 populo,
2838 2811 2964 2873 apta
3030 2803 3244 2859 illorum
3320 2805 3511 2861 erudi-

1936 2893 2067 2947 tioni
2093 2891 2248 2963 (55);
2278 2892 2740 2962 quemadmodum
2795 2892 2912 2961 ipse
2960 2891 3174 2965 Moyses
3202 2894 3278 2949 sit
3314 2915 3325 2952 :
3376 2911 3396 2948 s
3439 2893 3510 2950 Et

1934 2986 2065 3040 mihi
2093 2986 2348 3055 pmceplt
2373 2984 2632 3040 Dominus
2664 2985 2718 3040 in
2746 2993 2990 3053 tempore
3019 2985 3131 3049 illo,
3181 2986 3366 3042 dicere
3408 3001 3508 3040 vo-

1933 3076 2018 3131 bis
2050 3073 2469 3146 justiiicationes
2502 3086 2557 3130 et
2579 3074 2785 3146 judicia
2810 3073 2876 3128 “.
2911 3093 2931 3128 ι
2953 3073 3081 3131 Haec
3117 3090 3272 3146 ergo,
3307 3075 3507 3147 quain

1934 3170 2274 3230 servitutem;
2306 3176 2362 3222 et
2391 3167 2684 3239 insignum
2730 3167 2856 3224 data
2915 3175 3042 3223 sunt
3086 3166 3212 3233 illis,
3268 3167 3510 3224 circum-

252 3241 354 3321 ore
379 3263 523 3335 ejus,
557 3267 690 3320 vivit
717 3265 826 3336 (5|)
851 3268 1013 3322 homo
1039 3267 1107 3322 “.
1156 3286 1178 3322 s
1208 3267 1253 3300 “
1283 3241 1354 3323 Et
1379 3241 1507 3340 erga
1543 3269 1714 3326 Deum
1745 3272 1828 3327 di-
1855 3241 1900 3300 ο
1934 3262 2152 3332 scripsit
2178 3260 2290 3334 (50)
2314 3275 2454 3315 novo
2482 3259 2747 3316 libertatis
2770 3268 3118 3315 testamento.
3154 3259 3286 3327 Qua
3316 3270 3501 3316 autem

252 3354 546 3413 lectionem
579 3359 944 3427 przecipiebat,
973 3369 1030 3414 et
1074 3374 1200 3414 eam
1235 3374 1356 3430 quae
1405 3361 1474 3416 ad
1514 3363 1825 3431 proximum

253 3445 628 3516 estjostitiam
663 3450 994 3516 insinuabat,
1029 3460 1089 3504 nt
1111 3465 1216 3506 nec
1257 3450 1516 3521 injustas,
1550 3469 1650 3510 nec
1682 3455 1825 3510 indi-

255 3553 394 3609 gnus
419 3540 490 3595 sit
514 3540 655 3604 Deo:
688 3549 1018 3611 pmstruens
1045 3543 1158 3615 (52)
1183 3543 1458 3600 hominem
1486 3562 1583 3616 per
1608 3547 1826 3601 Decalo-

254 3647 382 3702 gum
403 3632 619 3687 insuam
640 3633 964 3699 amicitiam,
987 3645 1042 3690 et
1060 3651 1178 3691 eam
1215 3652 1338 3706 quae
1353 3639 1500 3692 circa
1518 3637 1828 3706 proximum

253 3732 343 3777 est
383 3725 730 3780 concordiam
775 3724 918 3796 (qua
962 3729 1181 3797 quidem
1231 3729 1330 3798 ipsi
1379 3730 1680 3796 proderant
1726 3731 1828 3786 ho-

253 3812 434 3883 mini);
469 3814 602 3867 nihil
636 3826 816 3869 tamen
842 3817 1118 3887 indigeute
1147 3815 1256 3871 Deo
1286 3816 1355 3869 ab
1385 3817 1628 3870 homine.

325 3903 380 3957 4.
423 3903 648 3974 Propter
689 3907 795 3961 hoc
844 3907 1127 3974 Scriptura
1173 3907 1249 3960 ait
1283 3929 1292 3956 :
1331 3925 1349 3957 ι
1393 3906 1503 3961 llos
1545 3921 1824 3962 sermones

329 3996 375 4068 as
406 3997 560 4051 Dem.
605 3997 754 4068 v.72,
791 3997 882 4068 ⁸³³
916 3996 1099 4068 ΙΤξηι.
1123 4015 1162 4062 I,
1195 3999 1247 4052 9.
1345 3999 1391 4032 ’⁸⁸
1444 4001 1600 4056 Delli.
1634 4015 1751 4068 νιιι,
1773 4001 1826 4055 5.

250 4064 302 4099 ⁸⁸
326 4066 482 4121 Deut.
509 4082 640 4134 nx,
666 4067 753 4130 i9,
783 4065 872 4121 ΞΟ.
947 4067 993 4102 δ’
1015 4067 1170 4124 Deut.
1197 4085 1267 4134 iv,
1293 4069 1380 4124 14.

255 4173 418 4232 mens
448 4159 726 4232 Alex.lib.
749 4163 799 4216 ἶιι
833 4160 1077 4229 Picdag.,
1106 4177 1226 4231 cap.
1258 4165 1313 4217 2.
1349 4161 1578 4227 Horum,
1617 4165 1819 4232 inquit,

253 4230 512 4301 indicium
534 4231 624 4284 tibi
655 4232 879 4301 prwbeut
904 4232 1094 4301 angeli,
1117 4230 1207 4301 qui
1236 4232 1328 4286 Dei
1376 4230 1819 4300 pulchritudinem

256 4298 604 4372 reliquerunt,
637 4298 855 4372 propter:
877 4298 1320 4372 pulchritudinem
1363 4298 1480 4370 quas
1529 4305 1814 4372 ﬂaccesait,

256 4379 464 4442 actam
496 4371 662 4442 multi
682 4369 944 4438 (τοσοῦτοι
989 4371 1133 4442 lego,
1166 4387 1285 4442 non
1317 4369 1592 4442 τόσοῦτόν)
1624 4389 1650 4427 e
1696 4372 1818 4427 caelo

256 4435 459 4503 delapsi
494 4450 618 4492 sunt
648 4435 701 4492 in
731 4446 944 4502 terram,
986 4435 1125 4494 mu
1157 4455 1213 4494 ιιι
1251 4435 1602 4496 Strom.:1am
1624 4458 1743 4496 vero
1776 4452 1825 4496 et

256 4506 432 4589 angeli
468 4509 705 4589 quidam,
740 4512 1364 4589 intemperantia_ducti,‘
1385 4513 1506 4565 victi
1537 4513 1826 4589 cupiditate
1857 4532 1902 4589 ι)

258 4574 364 4629 huc
410 4592 439 4629 e
482 4574 615 4631 caelo
649 4574 975 4633 deciderunt.
1008 4580 1244 4646 Angelos
1293 4574 1458 4635 etiam
1505 4574 1716 4649 propter
1748 4583 1829 4634 in-

259 4649 664 4719 tentperantiam
690 4666 862 4711 suam,
909 4651 962 4702 in
1009 4651 1261 4703 sa'culum
1303 4651 1553 4706 cecidisse
1579 4652 1644 4704 de
1675 4651 1826 4719 caelo,

264 4716 458 4788 scribit
493 4718 742 4788 Ambros.
778 4719 870 4778 lib.
901 4733 916 4772 t
949 4719 1023 4772 De
1048 4720 1230 4788 uirgin.
1642 4723 1648 4728 ’

346 4784 461 4860 (is)
510 4784 765 4860 Xintuens
791 4784 1414 4860 Decalogi...’animabus
1436 4790 1829 4860 suis,idiligen-

264 4855 364 4908 tes.
398 4855 476 4909 ita
508 4855 933 4919 Eras.,Gailas..
965 4855 1229 4920 Clarom..
1255 4861 1464 4912 Arund.
1496 4870 1550 4914 et
1578 4855 1742 4914 Merc.
1769 4861 1826 4925 2,

263 4925 422 4995 longe
461 4927 651 4982 melius
676 4943 834 4995 quam
878 4927 1132 4994 Fennrd.,
1170 4929 1334 4982 Grali.
1367 4941 1420 4982 et
1447 4929 1605 4984 Voss.
1635 4933 1828 4986 virtute

264 4992 579 5071 Dec-alogi...
632 4992 910 5071 animabus
943 4998 1054 5050 suis
1083 4992 1245 5068 legem
1273 5001 1570 5071 diligentes.
1623 5001 1828 5071 Nempe

263 5077 363 5132 pro
392 5066 583 5136 uirtute
614 5068 822 5134 reposui
851 5069 1106 5130 virtutem,
1133 5066 1185 5122 et
1211 5066 1446 5136 expunxi
1474 5070 1652 5136 legem.

340 5135 449 5205 (45)
479 5135 670 5190 Cessit.
697 5137 786 5191 Sic
807 5152 995 5191 omnes
1018 5152 1170 5199 mss.,
1198 5147 1250 5190 at
1273 5135 1718 5205 editt.,cesairset.

363 5204 450 5271 l6)
487 5208 626 5276 Erga
657 5208 912 5260 homines.
951 5208 1156 5260 Desunt
1179 5209 1230 5260 iu
1263 5204 1501 5262 Cinrotu.
1533 5219 1586 5262 et
1615 5207 1767 5264 Voss.

357 5276 445 5347 47)
483 5278 700 5332 Virtute.
734 5276 1177 5347 Vossnjustitia.

360 5345 448 5418 48)
485 5347 632 5420 (dum.
700 5345 946 5420 (Sciliget
996 5346 1296 5420 populum.)
1327 5348 1417 5401 Sic
1478 5346 1712 5404 Feuard.
1773 5350 1824 5403 in

263 5415 458 5483 marg;
492 5415 728 5471 Clarum.
753 5427 808 5472 et
841 5415 1005 5470 Voss.
1023 5415 1237 5481 Caeleri,
1268 5435 1376 5470 eos.

357 5487 446 5552 49)
474 5487 694 5541 Cibavit.
737 5487 792 5541 in
841 5487 1018 5553 Eras.,
1052 5485 1280 5550 Gaiias.,
1323 5487 1585 5554 Claiom.,
1618 5489 1824 5543 Arund.

261 5567 320 5609 et
344 5556 505 5612 Merc.
535 5557 586 5619 ἳ,
617 5559 802 5612 cibaui.

337 5625 450 5694 (fill)
500 5627 652 5682 Vivit.
714 5631 894 5695 Eras.,
950 5626 1173 5693 Gallus,
1242 5627 1434 5694 Grab.,
1504 5628 1711 5682 Arund.
1774 5636 1829 5684 et

265 5695 432 5749 Merc.
465 5699 518 5760 2,
548 5701 695 5754 viret.

343 5768 454 5835 (Si)
501 5768 654 5823 Vicit.
696 5769 860 5823 Merc.
910 5769 964 5835 εἰ,
1013 5783 1134 5823 cum
1185 5767 1351 5827 Grah.
1411 5770 1636 5832 iterum,
1671 5769 1820 5820 vivet.

271 5839 359 5890 διε·
389 5841 599 5908 ψιὶἷειιι
635 5844 919 5911 utrobique
974 5842 1173 5896 habent
1223 5851 1405 5898 nostra
1454 5840 1596 5899 sacri
1648 5846 1824 5898 textus

1933 3352 2226 3418 naturalia,
2255 3361 2310 3407 et
2334 3351 2603 3416 liberalia,
2627 3360 2684 3407 et
2711 3351 3020 3405 communia
3047 3349 3317 3414 omnium,
3343 3351 3497 3406 auxit

1931 3455 1988 3498 et
2011 3444 2276 3509 dilatavit,
2308 3444 2427 3497 sine
2455 3442 2658 3496 invidia
2683 3439 2907 3511 largiter
2938 3440 3153 3496 donans
3196 3439 3509 3496 hominibus

1936 3551 2038 3606 per
2072 3536 2442 3606 adoptionem,
2485 3532 2704 3589 Patrem
2751 3532 2897 3588 scire
2943 3532 3136 3598 Deum,
3188 3541 3244 3588 et
3287 3532 3509 3604 diligere

1931 3642 2056 3682 eum
2077 3642 2143 3682 ex
2173 3635 2288 3682 toto
2317 3627 2500 3689 corde,
2532 3634 2587 3680 et
2623 3624 2740 3681 sine
2782 3624 3166 3680 adversatione
3205 3621 3320 3693 (57)
3352 3624 3510 3692 sequi

1933 3723 2048 3790 ejus
2072 3718 2333 3784 Verbum,
2358 3731 2463 3771 non
2497 3726 2703 3771 tantum
2741 3709 3087 3772 abstinentes
3118 3731 3148 3769 a
3185 3716 3344 3770 malis
3379 3731 3509 3785 ope-

1934 3809 2255 3872 rationibus,
2315 3808 2409 3862 sed
2461 3805 2627 3860 etiam
2683 3822 2710 3858 a
2768 3805 3227 3875 concupiscentiis
3287 3820 3506 3860 earum.

1929 3900 2095 3954 Auxit
2118 3908 2300 3953 autem
2346 3898 2510 3954 etiam
2559 3899 2855 3953 timorem:
2888 3897 3030 3956 illius
3072 3899 3217 3952 enim
3277 3897 3401 3967 plus
3435 3898 3507 3953 ti-

1924 3999 1968 4034 ⁸⁸
2019 3998 2150 4068 Cap.
2183 3993 2375 4051 XXXI.
2469 3994 2516 4026 ⁸³
2563 3993 2719 4049 Deut.
2762 4011 2815 4060 γ,
2847 3991 2938 4047 22.
3048 3990 3093 4024 ⁸³
3148 3991 3305 4049 Deut.
3334 3989 3504 4057 ωε.

1925 4161 2292 4240 exemplaria;
2350 4160 2448 4217 sed
2499 4172 2747 4240 praesens
2803 4167 3012 4240 tempus
3065 4158 3359 4240 autnlegit,
3413 4168 3509 4240 aut

1926 4229 2430 4356 sci-ligsiadirenteus,
2467 4229 2516 4284 si
2535 4229 2931 4298 antiquioribus
2978 4243 3042 4284 ac
3087 4229 3326 4284 melioris
3365 4238 3509 4287 non:

1926 4320 1988 4356 C0
2067 4341 2082 4356 ο
2187 4318 2268 4356 es.

1926 4304 2082 4358 codd.
2113 4304 2268 4357 lides.

2002 4373 2114 4441 (5'2)
2145 4371 2491 4426 Prmtruens.
2519 4369 2612 4424 Sic
2641 4383 2770 4426 mss.
2803 4367 2860 4424 lu
2885 4371 3064 4436 editt.,
3107 4378 3461 4441 prwstruente
3482 4387 3505 4436 ,-

1931 4442 1984 4498 iu
2013 4445 2272 4508 ωλι-σω..
2296 4451 2622 4503 perstruens.

2002 4513 2116 4580 (55)
2149 4511 2211 4565 Et
2236 4507 2367 4568 nihil
2389 4510 2607 4580 adjecit.
2640 4509 2678 4570 l.
2709 4508 2933 4580 e.7nihil
2990 4509 3109 4579 plus
3142 4508 3213 4562 ab
3255 4507 3338 4563 eis
3371 4515 3507 4562 tunc

1934 4579 2248 4651 chuisivit,
2283 4582 2385 4635 nisi
2435 4579 2602 4651 solam
2636 4579 3384 4651 Decalogi_observationem,
3447 4586 3507 4651 ut

1933 4647 2181 4722 superius
2235 4647 2701 4722 explicathinitio
2747 4647 3016 4722 cap._XV,
3056 4662 3181 4703 nam
3237 4648 3504 4702 servitutis

1972 4719 2354 4791 decepta,un
2377 4719 2668 4785 sacriﬁcia,
2723 4719 3047 4782 oblationes,
3097 4727 3229 4791 e_t_c.,
3287 4729 3503 4786 specta-

1972 4738 2354 4791 razcepta,qua:
2377 4738 2668 4785 sacrlucm,
2723 4738 3047 4782 curationes,
3097 4738 3229 4780 etc.,
3287 4738 3503 4786 specta-

1932 4738 2083 4856 ﬁuni,
2117 4791 2429 4857 separatim,
2457 4791 2560 4844 hoc
2590 4799 2690 4853 est,
2724 4799 2929 4860 postea
2967 4804 3061 4860 per
3109 4785 3328 4857 Moysen
3367 4801 3504 4857 pra-

1935 4863 2065 4929 cepit
2094 4861 2310 4930 populo,
2355 4870 2412 4913 ut
2437 4859 2586 4930 addit
2614 4859 2770 4930 paulo
2794 4865 2936 4930 post.
3012 4929 3015 4930 ν
3096 4929 3102 4930 ί
3351 4908 3364 4924 ,

2005 4925 2117 5001 (54⁷)
2146 4925 2431 5001 Exaudire.
2481 4928 2558 5001 Ita
2612 4925 3041 5001 recte_'l"euard.
3091 4929 3146 4983 in
3181 4925 3503 5001 ma_rg_.,_(lt-

1937 4995 2072 5066 toh.,
2114 5001 2293 5062 Voss.,
2320 4999 2484 5054 Merc.
2522 4999 2558 5052 2
2580 5009 2635 5054 et
2665 4998 2855 5068 Grab.,
2916 5000 3038 5068 quia
3097 5009 3149 5053 et
3178 4999 3230 5053 in
3265 4995 3401 5050 LXX
3432 4996 3506 5051 ie-

1934 5073 2094 5143 gitur,
2123 5070 2455 5143 elsaxodsw,
2477 5073 2604 5143 sine
2618 5069 2729 5143 atat.
2765 5067 2820 5122 lu
2844 5067 3074 5143 __cieteris
3103 5081 3150 5123 et
3187 5070 3396 5143 audire.

2005 5141 2118 5211 (55)
2150 5141 2476 5194 Eruditioni.
2526 5140 2742 5193 Addunt
2790 5139 2946 5211 editt.
2978 5141 3086 5211 sine
3137 5137 3498 5211 castigationi.

1935 5206 2039 5264 Sed
2073 5206 2171 5265 has
2197 5226 2356 5265 voces
2377 5211 2614 5280 expunxi
2642 5210 2963 5280 auctoritate
2988 5208 3222 5264 Clarom.
3243 5206 3295 5263 et
3321 5206 3498 5280 Yoss.,

1936 5297 2126 5352 purum
2154 5283 2422 5352 siquidem
2451 5278 2750 5352 potumque
2775 5278 3062 5352 glossema
3103 5288 3217 5352 gest,
3254 5278 3497 5352 additum

1934 5348 1963 5402 a
2001 5348 2273 5419 quopiam,
2328 5352 2414 5405 cui
2453 5348 2564 5403 ‘vox
2607 5348 2846 5410 παιδεία,
2869 5350 3287 5419 castigationem,
3319 5349 3499 5415 potius

1934 5437 2095 5491 qualn
2117 5418 2472 5491 eruditionem
2509 5421 2610 5491 hoc
2634 5421 2753 5491 loco
2781 5418 3090 5491 signiﬁcare
3120 5418 3425 5491 videbatur.

2004 5489 2116 5558 (56)
2147 5488 2590 5558 Circumscripsit.
2630 5489 2672 5541 Ι.
2711 5504 2764 5542 e.
2820 5487 3065 5558 abolevit,
3095 5504 3121 5540 e
3150 5487 3494 5558 mcdio__tnlit.

1932 5553 2020 5613 lta'
2046 5553 2279 5615 Feuard.
2317 5561 2367 5612 in
2402 5553 2598 5627 marg.,
2634 5558 2894 5624 Clarom.,
2928 5553 3186 5612 Arundel.
3230 5568 3285 5610 et
3313 5553 3494 5621 Voss,

1934 5631 2123 5684 melius
2144 5645 2306 5699 quam
2336 5631 2447 5693 alii,
2479 5629 2869 5683 circumcinxit.

2001 5701 2115 5769 (57)
2146 5695 2536 5753 Ᾱιιυεηαιὶοιιε.
2589 5701 2681 5754 Sic
2728 5699 2958 5755 Clurom.
3001 5708 3056 5753 et
3107 5698 3284 5760 V0584
3315 5695 3498 5755 exteri

1935 5773 2108 5826 mimus
2141 5781 2304 5835 recte,
2337 5769 2685 5824 aversatione.
