4222 6320
742 404 883 464 1019

1486 400 1543 458 S.
1582 400 1843 459 lRENE'l
1882 396 2192 456 EPISCOPI
2222 390 2705 452 LUGDUNENSiS
2739 390 2828 446 ET
2863 384 3222 445 MARTYRIS

3842 376 3976 435 1020

734 539 888 583 more
915 533 1126 596 oportet
1156 537 1319 595 quam
1351 536 1563 588 servos,
1586 530 1642 577 et
1662 520 1924 590 majorem
1961 518 2303 573 dilectionem
2334 515 2381 573 Α
2410 510 2896 574 bolocaustomata,
2947 520 3069 578 qua:
3119 501 3249 557 nihil
3290 501 3370 596 eis
3424 505 3652 568 prosunt
3701 495 3767 552 ad
3812 494 3974 567 justl-

734 614 941 675 habere
975 616 1028 671 in
1064 624 1295 686 patrem.
1322 614 1391 671 Et
1431 623 1649 685 propter
1701 615 1807 669 hoc
1857 613 1934 665 ait
1985 610 2250 666 Dominus
2283 631 2295 665 :

734 720 761 759 s
793 703 1021 761 Omnem
1060 719 1366 761 sermonem
1397 705 1629 759 Otiosum
1669 718 1830 774 quem
1886 702 2044 757 locuti
2098 700 2301 756 fuerint

730 802 1005 867 homines,
1055 802 1281 859 reddent
1334 814 1435 871 pro
1486 813 1552 855 eo
1602 800 1871 854 rationem
1921 799 1973 852 in
2029 798 2117 851 die
2156 797 2302 867 judi-

730 898 801 959 cii
829 897 907 961 “;
945 917 965 950 ι
1001 906 1091 955 et:
1131 916 1151 949 ι
1181 895 1283 964 Qui
1317 896 1516 952 viderit
1558 894 1839 950 mulierem
1894 895 1962 949 ad
2004 897 2299 965 concupis-

731 989 959 1043 cendum
1008 1001 1150 1043 eam.
1196 986 1310 1055 jam
1364 987 1666 1041 moechatus
1718 996 1803 1041 est
1855 1002 1973 1041 eam
2018 986 2073 1040 in
2136 988 2301 1040 corde

730 1090 831 1133 suo
858 1076 943 1141 δ’,
980 1095 998 1127 ι
1032 1086 1088 1131 et
1120 1095 1133 1131 :
1164 1094 1184 1129 ε
1216 1076 1318 1143 Qui
1357 1077 1621 1132 irascitur
1654 1077 1809 1133 l'ratri
1844 1092 1939 1133 suo
1958 1076 2077 1131 sine
2107 1092 2298 1142 causa,

728 1179 855 1220 reus
879 1164 1207 1232 eritjudicio
1232 1164 1312 1231 “;
1348 1184 1368 1217 ι
1411 1177 1469 1220 ιιι
1498 1166 1758 1232 sciamus,
1791 1166 2051 1235 quoniam
2078 1182 2183 1220 non
2210 1180 2301 1221 so-

728 1254 843 1311 lum
872 1254 1139 1311 factorum
1187 1258 1477 1314 reddemus
1520 1259 1788 1313 rationem
1847 1259 1977 1325 Deo,
2026 1269 2083 1313 ut
2125 1260 2296 1325 servi,

728 1345 825 1400 sed
846 1345 1010 1401 etiam
1040 1360 1354 1401 sermonum
1378 1358 1434 1402 et
1462 1348 1867 1417 cogitationum,
1899 1359 2153 1419 tanquam
2206 1348 2299 1419 qui

727 1447 785 1492 et
812 1438 1084 1493 libertatis
1118 1447 1443 1511 potestatem
1488 1442 1860 1508 acceperimus
1893 1460 1906 1495 :
1944 1442 1996 1495 in
2036 1456 2148 1510 qua
2184 1455 2299 1494 ma-

728 1526 813 1597 gis
838 1528 1101 1597 probatur
1135 1529 1321 1595 homo,
1348 1529 1397 1583 si
1423 1540 1757 1596 revereatur,
1796 1538 1853 1583 et
1882 1529 2090 1593 timeat,
2126 1537 2180 1585 et
2208 1526 2298 1581 di-

727 1620 862 1691 ligat
896 1619 1203 1676 Dominum.
1249 1619 1319 1674 Et
1356 1629 1578 1690 propter
1618 1621 1721 1677 boc
1771 1619 1968 1675 Petrus
2010 1621 2087 1675 ait
2122 1639 2142 1673 ‹
2191 1635 2297 1675 non

723 1713 1093 1767 velamentum
1139 1714 1366 1768 malitia:
1423 1713 1625 1769 habere
1679 1728 1778 1769 nos
1822 1713 2128 1769 libertatem
2164 1712 2233 1779 δ’,
2272 1731 2292 1767 ι

724 1804 821 1859 sed
846 1804 910 1860 ad
935 1805 1310 1875 probationem
1328 1804 1441 1875 (58)
1466 1818 1520 1859 et
1556 1806 2047 1861 manifestationem
2078 1805 2224 1861 fidei.

1248 1895 1332 1951 CA
1345 1896 1479 1953 PUT
1521 1895 1655 1951 XVII
1699 1897 1768 1951 '°.

724 1963 893 2020 Deum
930 1968 1182 2037 veteribus
1211 1977 1261 2020 et
1298 1968 1487 2037 typicis
1538 1966 1891 2037 oblationibus
1920 1983 1984 2021 ac
2016 1966 2295 2034 sacrificiis

795 2052 899 2089 non
922 2035 1228 2105 indiguisse,
1260 2035 1351 2091 nec
1372 2053 1462 2106 per
1484 2053 1544 2090 ea
1570 2036 1803 2089 homines
1829 2054 2000 2091 veram
2022 2037 2294 2106 justitiam

796 2107 1041 2174 consequi
1070 2106 1321 2171 potuisse.
1356 2106 1563 2159 Idcirco
1602 2107 1975 2176 iisiabrogatis
2003 2124 2190 2159 novum
2232 2122 2293 2159 ac

792 2190 970 2228 verum
1027 2176 1142 2233 noni
1203 2176 1495 2229 testamen'li
1521 2175 2032 2244 sacriﬁciumipsius
2062 2177 2293 2245 corporis

795 2260 859 2299 ac
907 2246 1182 2315 sang_uinis
1226 2245 1420 2315 Christi
1467 2246 1765 2298 institutum
1801 2246 1988 2315 fuisse,
2033 2256 2141 2301 toto
2175 2252 2295 2302 orbe

795 2316 998 2382 nomini
1020 2313 1232 2368 Domini
1254 2315 1602 2382 oﬂerendum.

794 2382 849 2437 1.
892 2381 1161 2451 Quoniam
1186 2381 1366 2438 autem
1404 2399 1510 2439 non
1551 2383 1803 2453 indigens
1842 2385 1984 2439 Deus
2026 2388 2297 2443 servitute

719 2488 931 2541 eorum,
965 2477 1057 2532 sed
1091 2484 1312 2546 propter
1339 2476 1483 2546 ipsos
1511 2476 1772 2546 quasdam
1812 2478 2195 2536 observantius
2239 2483 2294 2535 in

723 2567 845 2638 lege
872 2567 1209 2637 przeceperit,
1242 2567 1561 2635 plenissime
1591 2569 1868 2639 propheta:
1914 2572 2179 2627 indicant.
2228 2572 2297 2631 Et

722 2675 913 2717 rursus
939 2658 1197 2730 quoniam
1259 2674 1367 2717 nou
1419 2658 1630 2728 indiget
1679 2662 1823 2716 Deus
1871 2662 2149 2719 oblatione
2202 2680 2297 2721 eo-

720 2766 841 2809 rum
876 2751 1013 2821 (59),
1044 2750 1137 2806 sed
1164 2759 1392 2821 propter
1419 2751 1595 2820 ipsum
1618 2753 1711 2822 qui
1739 2751 1955 2819 olierat,
1990 2755 2293 2821 hominem,

723 2840 1019 2899 manifeste
1045 2840 1312 2897 Dominus
1350 2842 1554 2907 docuit,
1601 2843 2059 2911 quemadmodum
2108 2856 2296 2902 osten-

719 2930 921 2987 dimus.
955 2929 1011 2986 Si
1043 2930 1259 3000 quando
1286 2932 1431 2986 enim
1476 2932 1810 3003 negligentes
1864 2948 1959 2991 eos
2000 2936 2293 3006 justitiam,

720 3034 781 3084 et
799 3024 1137 3083 abstinentes
1162 3038 1196 3081 a
1229 3025 1523 3083 dilectione
1574 3026 1670 3083 Dei
1697 3029 1937 3095 videbat,
1981 3045 2083 3101 per
2121 3032 2297 3088 sacri-

722 3117 847 3175 ﬁcia
882 3127 1067 3174 autem
1096 3127 1153 3175 et
1188 3117 1429 3190 reliquas
1456 3118 1664 3188 typicas
1691 3120 2070 3179 observantias
2095 3133 2295 3194 putau-

719 3220 808 3267 tes
831 3210 1115 3281 propitlari
1146 3211 1337 3277 Deum,
1385 3211 1601 3267 dicebat
1652 3212 1734 3269 eis
1793 3213 2018 3270 Samuel
2074 3216 2293 3285 quidem
2324 3220 2369 3283 c

718 3302 848 3359 sic:
884 3320 905 3354 ι
942 3300 1057 3357 Non
1084 3302 1199 3356 vult
1227 3304 1367 3358 Deus
1409 3303 1726 3365 holocausta
1762 3314 1818 3361 et
1866 3304 2163 3372 sacrificia,
2194 3307 2291 3363 sed

719 3394 839 3450 vult
874 3394 1129 3451 exaudiri
1169 3408 1358 3449 vocem
1404 3409 1582 3451 suam.
1625 3394 1790 3463 Ecce,
1840 3398 2055 3454 auditus
2114 3398 2293 3457 bonus

720 3500 887 3555 super
940 3485 1269 3544 sacriﬁcium
1321 3484 1471 3557 (60),
1509 3494 1563 3543 et
1612 3487 1833 3545 auditus
1870 3504 2035 3559 super
2080 3492 2291 3562 adipem

722 3578 961 3637 arietum
987 3576 1057 3632 ἰ.
1096 3596 1115 3630 ι
1151 3577 1317 3651 248
1344 3578 1513 3634 David
1540 3590 1723 3635 autem
1751 3581 1829 3635 ait
1857 3598 1873 3635 :
1910 3599 1928 3633 ι
1954 3581 2293 3637 Sacriﬁcium

719 3666 1123 3727 etoblationem
1156 3668 1605 3735 noluisti;aures
1629 3669 1740 3740 (61)
1779 3680 1965 3727 autem
2016 3672 2291 3743 perfecisti

722 3759 856 3815 mihi
884 3776 899 3813 :
931 3757 1248 3815 holocausta
1279 3759 1445 3815 etiam
1474 3758 1590 3831 (62)
1614 3776 1711 3831 pro
1741 3761 1939 3820 delicto
1971 3780 2076 3821 non
2103 3776 2289 3837 postu-

717 3846 847 3904 lasti
913 3848 981 3904 ⁸³.
1018 3866 1039 3902 s
1102 3847 1315 3904 Docens
1387 3864 1485 3906 eos
1552 3850 1809 3921 quoniam
1884 3854 2287 3915 obauditionem

722 3940 838 3998 vult
867 3939 983 4012 (63)
1010 3939 1173 4007 Deus,
1198 3954 1322 4012 qua:
1354 3950 1546 3999 servat
1570 3958 1685 4013 eos,
1735 3958 1898 4015 quam
1936 3947 2204 4005 sacriﬁcia
2242 3956 2297 4004 et

785 4062 842 4097 “
874 4061 1192 4133 Matth)",
1218 4061 1309 4119 56.
1364 4061 1429 4133 κδ’
1457 4060 1652 4118 Matth.
1686 4081 1739 4129 v,
1799 4065 1889 4121 28.
1965 4067 2009 4098 δ’
2034 4066 2191 4130 Ibid.,
2252 4067 2343 4122 22.
2421 4068 2465 4102 δ’
2494 4065 2513 4120 l
2545 4065 2689 4120 Petr.
2721 4080 2787 4127 ιι,

2421 4068 2465 4102 δ’
2494 4065 2513 4120 l
2545 4065 2689 4120 Petr.
2721 4080 2787 4127 ιι,
2824 4062 2912 4117 16.
2985 4062 3031 4133 '3
3069 4061 3200 4133 Cap.
3236 4061 3447 4133 XXXII.

724 4130 845 4207 ᾖ*
871 4133 938 4207 _'_'
965 4132 1108 4207 Psal.
1142 4148 1333 4199 suis,
1361 4132 1415 4186 7.
1512 4133 1725 4191 "Psal.
1749 4136 1907 4203 ι,18,
1935 4136 2024 4193 19.
2104 4137 2149 4171 ⁵⁸
2183 4137 2325 4193 Psal.
2368 4154 2519 4207 sua,
2557 4136 2611 4203 9,
2658 4150 2789 4204 seqq

2368 4154 2519 4207 sua,
2557 4136 2611 4203 9,
2658 4150 2810 4204 seqq.

721 4202 771 4244 π
806 4202 968 4271 lbid.,
992 4202 1061 4258 ιδ
1082 4216 1234 4274 seqq.

795 4322 913 4395 (58)
942 4323 1434 4395 Adiprobationent.
1491 4321 1569 4395 Ita
1614 4321 1875 4395 _Clarom.
1923 4321 1980 4377 In
2025 4323 2287 4390 Feuard.,

721 4391 974 4450 Grabiet
1005 4391 1191 4457 Voss"
1256 4394 1325 4446 ad
1352 4392 1815 4461 approbationem;
1840 4391 1895 4446 in
1921 4395 2134 4450 steteris
2166 4409 2290 4450 cur-

727 4473 904 4533 t'upte.
935 4464 1005 4533 ad
1034 4463 1484 4533 propitiatiouent.

2408 606 2535 658 tiam
2578 620 2594 657 :
2638 612 2693 658 et
2731 616 2930 656 novum
2975 598 3134 655 simul
3191 594 3519 667 prophetans
3571 598 3973 647 testamentum.

2406 694 2744 751 Manifestius
2768 701 2953 747 autem
2978 690 3153 745 adhuc
3189 688 3242 743 in
3272 684 3728 758 quinquagesimo
3759 682 3973 751 psalmo

2404 785 2472 839 de
2504 784 2589 838 his
2615 782 2690 835 ait
2733 799 2746 835 :
2780 798 2799 831 ι
2831 772 3098 847 Quoniam
3125 777 3171 834 si
3197 775 3466 831 voluisses
3500 771 3852 833 sacriﬁcium,
3884 770 3977 826 de-

2406 875 2612 931 dissem
2648 874 2836 941 utique
2878 888 2893 926 :
2934 869 3266 925 holocaustis
3311 882 3419 921 non
3460 862 3841 920 delectaberis.
3878 859 3977 916 Sa-

2404 962 2667 1019 criﬁcium
2695 961 2805 1015 Deo
2830 961 3055 1029 spiritus
3075 956 3514 1021 contribulatus;
3555 970 3651 1009 cor
3678 952 3973 1009 contritum

2403 1066 2457 1111 et
2484 1055 2828 1109 humiliatum
2858 1052 3125 1106 Dominus
3157 1063 3264 1105 non
3289 1056 3513 1117 spernet
3538 1045 3585 1078 ³⁸
3613 1044 3751 1117 (61).
3790 1063 3810 1096 ι
3837 1043 3971 1111 Quo-

2406 1148 2550 1201 niam
2582 1159 2713 1213 ergo
2743 1142 2876 1197 nihil
2935 1142 3143 1211 indiget
3192 1140 3358 1205 Deus,
3408 1137 3463 1192 in
3515 1151 3581 1193 eo
3613 1136 3817 1205 quiest
3854 1143 3978 1189 ante

2406 1237 2551 1293 hunc
2572 1236 2780 1306 psalmo
2810 1234 2928 1289 ait:
2966 1251 2985 1285 ‹
3015 1231 3131 1287 Non
3174 1230 3439 1301 accipiam
3474 1228 3541 1285 de
3582 1229 3747 1283 domo
3778 1238 3870 1283 tua
3902 1226 3979 1283 vi-

2406 1324 2567 1389 tulos,
2592 1339 2695 1379 nec
2726 1324 2794 1378 de
2819 1322 3075 1393 gregibus
3120 1321 3227 1376 tuis
3255 1320 3465 1375 hircos.
3532 1316 3801 1385 Quoniam
3847 1330 3980 1371 mea

2405 1426 2532 1473 sunt
2556 1429 2751 1471 omnes
2772 1414 2961 1469 bestia:
2987 1420 3164 1474 terras,
3204 1410 3450 1477 iumenta
3509 1408 3560 1462 in
3604 1408 3888 1463 montibus
3925 1415 3979 1462 et

2403 1508 2572 1563 boves
2626 1522 2642 1559 :
2697 1504 2929 1575 cognovi
2968 1501 3153 1557 omnia
3200 1498 3437 1554 volatilia
3471 1497 3617 1561 cceli,
3669 1506 3726 1551 et
3772 1495 3981 1565 species

2402 1599 2519 1669 agri
2560 1611 2771 1653 mecum
2810 1603 2914 1651 est.
2972 1594 3029 1649 Si
3074 1593 3361 1655 esuriero,
3414 1605 3523 1645 non
3578 1590 3757 1643 dicam
3821 1588 3918 1642 tibi
3961 1601 3977 1641 :

2404 1703 2556 1744 meus
2581 1699 2667 1743 est
2692 1688 2838 1742 enim
2870 1685 3022 1742 orbis
3051 1694 3231 1749 teme,
3262 1693 3318 1737 et
3342 1682 3623 1751 plenitudo
3659 1680 3799 1751 ejus.
3830 1678 3980 1733 Nun-

2404 1779 2534 1851 quid
2567 1778 2906 1833 tnanducabo
2931 1789 3125 1830 carnes
3170 1784 3477 1837 taurorum,
3512 1782 3608 1825 aut
3654 1770 3977 1839 sanguinem

2324 1870 2367 1927 B
2397 1872 2675 1926 hircorum
2690 1869 2891 1941 potabo
2906 1866 2953 1901 “
2969 1867 3021 1922 li
3047 1866 3249 1922 Deinde
3263 1879 3330 1921 ue
3348 1864 3471 1935 quis
3494 1870 3671 1933 putet,
3692 1868 3979 1932 propterea

2403 1962 2545 2031 quod
2582 1963 2938 2026 irasceretur,
2970 1972 3095 2013 eum
3135 1971 3393 2013 recusare
3440 1957 3581 2017 haec,
3622 1952 3811 2016 infert,
3848 1965 3981 2006 cou-

2402 2057 2578 2113 silium
2610 2055 2660 2109 ei
2690 2055 2827 2109 dans
2862 2071 2877 2108 :
2908 2070 2927 2105 ‹
2972 2050 3192 2107 lmmola
3242 2047 3734 2108 Deo.sacrilicium
3775 2045 3982 2111 laudis,

2401 2156 2458 2203 et
2484 2146 2650 2202 redde
2688 2144 2978 2200 Attissimo
3010 2152 3135 2198 vota
3170 2150 3289 2207 tua,
3336 2150 3391 2197 et
3429 2141 3621 2196 invoca
3656 2152 3742 2193 me
3792 2139 3850 2191 in
3892 2137 3984 2193 die

2402 2239 2771 2295 tribulationis
2811 2245 2957 2301 tuae,
3006 2242 3063 2291 et
3116 2234 3351 2305 eripiam
3399 2241 3486 2300 te,
3533 2242 3591 2287 et
3645 2230 3983 2302 gloriﬁcabis

2401 2345 2488 2386 me
2513 2331 2594 2393 ";
2628 2347 2651 2381 ι
2680 2328 2765 2383 illa
2791 2328 3031 2398 quidem,
3061 2340 3160 2394 per
3201 2340 3322 2395 qua:
3365 2322 3636 2394 putabant
3678 2331 3981 2392 peccantes

2402 2421 2687 2491 prepitiarl
2752 2420 2945 2485 Deum,
2999 2418 3251 2471 abnuens
3296 2413 3411 2487 (65)
3438 2418 3471 2482 ξι
3512 2414 3632 2469 batc
3662 2423 3846 2469 autem
3870 2410 3981 2484 (66)

2403 2527 2498 2583 per
2522 2526 2642 2582 qua:
2676 2510 3007 2579 justilicatur
3043 2509 3232 2573 homo,
3280 2515 3337 2562 et
3386 2506 3787 2577 appropinquat
3845 2507 3981 2571 Deo,

2405 2605 2659 2658 hortatur
2699 2612 2755 2657 et
2797 2601 3084 2657 admouet.
3140 2598 3255 2654 Hoc
3292 2598 3437 2653 idem
3492 2607 3673 2653 autem
3717 2606 3772 2653 et
3815 2597 3981 2653 Isaias

2402 2694 2529 2748 ait:
2578 2710 2598 2745 s
2634 2692 2753 2758 Quo
2782 2690 2916 2747 mihi
2977 2689 3377 2744 multitudinem
3434 2688 3835 2746 sacriﬁciorum
3888 2708 3977 2747 ve-

2401 2785 2680 2842 strorum?
2719 2784 2852 2840 dicit
2877 2784 3161 2841 Dominus.
3196 2784 3397 2840 Plenus
3416 2800 3536 2839 sum
3578 2784 3647 2841 “.
3686 2804 3706 2838 ι
3751 2785 3821 2840 Et
3857 2801 3974 2841 cum

2406 2878 2689 2933 abnuisset
2720 2877 3211 2942 holocaustomata,
3240 2888 3298 2933 et
3319 2877 3609 2944 sacriﬁcia,
3656 2887 3713 2933 et
3745 2877 3987 2936 oblatio-‘

2402 2984 2519 3033 nes,
2543 2971 2704 3025 etiam
2728 2979 2785 3025 et
2805 2969 2917 3042 (67)
2944 2970 3279 3035 neomenias,
3307 2979 3363 3026 et
3387 2970 3652 3037 Sabbata,
3678 2983 3738 3027 et
3772 2972 3971 3039 ferias,

2402 3073 2458 3121 et
2494 3064 2759 3135 reliquam
2794 3064 3111 3119 universam
3145 3075 3567 3134 consequentem
3589 3067 3676 3121 his
3711 3066 3979 3122 observa-

2404 3157 2625 3224 tionem,
2652 3156 2860 3222 intulit,
2900 3155 3139 3211 suadens
3189 3156 3268 3211 eis
3319 3165 3443 3226 Qum
3489 3158 3749 3213 salutaria
3796 3171 3923 3216 sunt
3960 3180 3975 3216 :

2404 3267 2425 3302 s
2453 3246 2755 3312 Lavamini,
2791 3245 2977 3301 mundi
3001 3255 3197 3311 estote,
3231 3244 3445 3302 auferte
3475 3250 3748 3318 nequitias
3781 3266 3813 3305 a
3845 3266 3976 3307 cor-

2400 3340 2561 3399 dibus
2596 3344 2790 3400 vestris
2822 3344 2891 3399 ab
2920 3342 3091 3398 oculis
3141 3340 3252 3415 (68)
3284 3345 3420 3403 meis
3450 3366 3465 3402 :
3506 3349 3739 3404 desinite
3766 3364 3795 3403 a
3821 3350 3979 3405 mali-

2402 3437 2493 3493 tiis
2519 3438 2734 3503 vestris,
2780 3438 2975 3494 discite
3010 3438 3210 3494 bonum
3258 3438 3459 3506 facere,
3510 3442 3781 3509 exquirite
3837 3441 3980 3510 ludi-

2402 3529 2571 3597 cium,
2624 3531 2800 3586 eruite
2840 3546 2963 3587 eum
2998 3534 3089 3602 qui
3135 3534 3392 3606 iniuriam
3450 3536 3675 3605 patitur,
3732 3534 3980 3603 iudicate

2400 3623 2622 3695 pupillo,
2654 3634 2711 3680 et
2734 3624 3031 3694 justillcate
3083 3628 3329 3696 viduam,
3365 3636 3423 3685 et
3468 3629 3671 3695 venite,
3732 3628 3981 3700 dispute-

2397 3735 2542 3787 mus,
2574 3720 2706 3776 dicit
2732 3719 2995 3775 Dominus
3019 3718 3087 3776 ".
3129 3738 3148 3771 ι

2463 3833 2521 3889 2.
2558 3831 2677 3889 Non
2719 3830 2863 3887 enim
2916 3831 3059 3887 sicut
3121 3834 3282 3887 homo
3316 3839 3492 3887 motus
3534 3830 3668 3904 (69),
3709 3839 3767 3886 ut
3816 3825 3978 3887 multi

2404 3925 2607 3983 audent
2644 3926 2854 3991 dicere,
2884 3923 3108 3980 divertit
3143 3938 3330 3980 eorum
3362 3924 3634 3981 sacriﬁcia
3677 3920 3830 3995 (70);
3875 3922 3974 3979 sed

3547 4064 3590 4095 "
3632 4061 3655 4135 i
3704 4063 3836 4135 lieg.
3880 4080 3972 4135 av,

2898 4132 2945 4165 ⁸³
2994 4132 3147 4197 lbitl.,
3204 4132 3291 4197 H,
3339 4133 3425 4189 15.
3526 4135 3573 4165 ⁵⁸
3628 4134 3730 4190 lsa.
3787 4132 3831 4199 ι.
3872 4133 3964 4191 il.

2395 4321 2543 4395 psal.
2583 4337 2708 4378 aus
2754 4320 3024 4395 probavit,
3054 4322 3302 4395 quoniam
3330 4323 3482 4395 nihil
3533 4324 3732 4395 indiget
3788 4323 3975 4391 Deus;

2400 4390 2510 4447 ium
2533 4393 2635 4447 hac
2659 4390 2904 4461 sequenti
2932 4390 3078 4448 aliud
3099 4390 3204 4448 sibi
3223 4394 3562 4461 probandum
3587 4390 3667 4449 ei
3685 4395 3876 4451 versic.
3906 4390 3974 4450 N

2396 4470 2453 4518 et
2490 4462 2833 4545 ihneittsdem
2871 4461 3384 4545 psalmbproponit,
3440 4478 3642 4545 nempc_
3685 4475 3797 4545 vet:
3842 4463 3977 4545 legis

784 4530 909 4614 .(59)
946 4530 1171 4587 Eorum.
1206 4532 1376 4588 Editt.
1404 4546 1527 4588 cum
1553 4530 1764 4587 Arund.
1807 4539 1863 4587 et
1898 4530 2063 4590 Merc.
2098 4533 2156 4603 2,
2198 4536 2297 4590 ItO-
2329 4555 2374 4611 ι)
2404 4530 2691 4615 sacriﬁciis
2731 4539 2787 4587 et
2813 4530 3179 4615 caeremoniis.
3212 4530 3379 4615 Deum
3428 4548 3533 4615 non
3570 4530 3820 4615 placari,
3871 4530 3970 4591 sed

800 4672 914 4740 (60)
969 4673 1197 4727 Auditus
1250 4672 1415 4727 bonus
1472 4670 2027 4743 superrsacriﬁcium.
2098 4672 2296 4729 Nostra

726 4740 907 4866 ἷῶνσ
924 4742 1255 4813 exemplaria
1276 4750 1473 4798 sonant
1498 4759 1515 4797 :
1538 4740 1767 4799 auditus
1793 4740 1951 4810 super
1973 4744 2295 4812 sacriﬁcium

763 4828 945 4866 onunn

763 4828 945 4866 onum.

797 4882 912 4953 (61)
943 4882 1132 4953 Aures.
1159 4879 1217 4936 In
1236 4880 1397 4938 editis
1418 4880 1525 4936 τῶν
1553 4883 1607 4935 0'
1630 4880 1792 4938 codd.
1816 4889 1948 4939 utet
1964 4883 2127 4945 Hebr.
2154 4900 2205 4947 ι,
2234 4882 2295 4945 5,

723 4950 1164 5021 habeturgoibpa,
1194 4967 1401 5021 corpus.

822 5020 913 5086 62)
950 5019 1151 5078 Etiam.
1178 5019 1306 5086 Alii,
1335 5030 1527 5079 autem.

822 5089 913 5160 63)
956 5089 1097 5146 Vult.
1122 5090 1213 5146 Sic
1241 5106 1403 5160 mss.,
1433 5100 1490 5145 at
1516 5091 1702 5159 Eras.,
1734 5090 1940 5149 Gallas.
1967 5101 2025 5149 et
2059 5092 2291 5152 Feuard.

726 5161 1065 5218 scripserunt
1090 5161 1309 5218 mavult.

802 5229 1204 5303 (64)_Dontinns
1230 5247 1333 5303 non
1354 5242 1582 5303 spernet.
1608 5230 1701 5288 Sic
1731 5232 1937 5291 Arund.
1969 5241 2024 5303 et
2040 5231 2206 5289 Merc.
2238 5235 2294 5301 1,

728 5299 1159 5425 ‘uxta'Gnecum
1198 5300 1307 5357 τῶν
1440 5301 1803 5368 temonem.
1842 5303 1899 5358 In
1952 5302 2190 5359 Clarum.
2238 5299 2295 5361 et

784 5387 918 5425 nss..
958 5379 1176 5425 suerint.
1203 5370 1259 5425 ln
1290 5373 1429 5425 aliis.
1461 5373 1625 5425 Deus.
1644 5390 1749 5425 non
1774 5373 2045 5425 despicies.

761 5368 918 5443 iuss.,
958 5370 1176 5443 spernit.
1203 5370 1259 5425 ln
1290 5368 1429 5437 aliis,
1461 5373 1625 5439 Deus,
1644 5390 1749 5427 non
1774 5373 2045 5443 despicies.

806 5440 1239 5510 (65),Abnuens.
1303 5443 1525 5498 Addunt
1575 5444 1732 5500 editt.
1782 5440 1904 5499 cum
1973 5441 2181 5498 Arund.
2241 5451 2296 5498 et

731 5509 906 5584 hiare.
930 5509 987 5575 Ξ,
1009 5512 1379 5584 “ostendens
1415 5513 1554 5584 quod
1587 5515 1695 5582 ipse
1733 5512 1929 5567 nullius
1967 5514 2039 5567 rei
2076 5513 2292 5584 indiget.

732 5580 840 5635 Sed
871 5591 1040 5652 totum
1076 5581 1178 5637 hoc
1202 5580 1575 5652 comma'cum
1605 5580 1744 5638 desit
1786 5584 1849 5652 in
1896 5580 2295 5652 antiquioribus

730 5661 792 5722 et
823 5649 1067 5722 melioris
1104 5661 1247 5705 nota:
1266 5653 1424 5706 codd.
1449 5650 1691 5707 Clarom.
1723 5660 1779 5707 et
1809 5650 1991 5717 Voss.,
2035 5649 2289 5722 expunxi.

731 5719 878 5791 Quin
904 5720 1048 5775 enim
1071 5729 1318 5791 assutum
1348 5722 1440 5784 sit,
1470 5731 1525 5776 et
1552 5722 1659 5778 huc
1694 5722 1762 5791 ab
1793 5722 1972 5791 aliquo
2007 5719 2291 5777 recentiori

739 5789 881 5847 male
917 5789 1260 5860 translatum,
1298 5788 1442 5846 haud
1487 5792 1693 5846 dubito.
1726 5788 2019 5860 Postquam
2045 5791 2188 5845 enim
2237 5791 2291 5860 in

738 5859 973 5925 praeced.
998 5860 1243 5931 periodo,
1270 5874 1337 5919 ex
1364 5860 1647 5920 versiculis
1674 5862 1730 5933 9,
1784 5858 1887 5936 10,
1916 5861 2005 5933 11,
2054 5860 2143 5931 12,
2202 5858 2292 5933 to,

2403 4602 2772 4672 sanctioribus
2806 4610 2863 4654 et
2894 4602 3067 4672 magis
3098 4600 3436 4672 spiritalibus
3464 4600 3674 4658 hostiis.

2474 4671 2587 4742 (66)
2615 4670 2747 4743 Haec
2776 4679 2969 4725 autem.
3000 4670 3154 4726 Hauc
3179 4671 3490 4737 lectionem,
3548 4688 3668 4743 qua:
3708 4683 3791 4729 est
3846 4677 3969 4732 cod.

2405 4739 2588 4809 νοέω,
2623 4740 2806 4795 malim
2833 4753 2997 4809 quam
3028 4751 3372 4805 ceterorum,
3402 4743 3483 4798 his
3512 4739 3706 4806 autent.

2476 4808 2590 4883 (67)
2618 4809 2798 4883 Etiam
2826 4808 2895 4869 et.
2935 4808 3247 4883 Superﬂuas
3280 4827 3464 4883 voces,
3512 4823 3559 4866 et
3604 4816 3795 4878 adhuc.
3851 4830 3974 4883 que

2403 4880 2489 4936 bis
2513 4880 2919 5005 praingttuntur
2941 4881 2997 4937 iu
3014 4880 3209 4948 editt.,
3230 4882 3466 4952 expunxi
3485 4884 3818 4941 auctoritate
3844 4880 3971 4940 Cla-

2404 4965 2543 5005 rom.
2575 4968 2607 5005 e
2699 4965 2808 5005 oss.

2404 4965 2543 5009 rom.
2575 4960 2630 5007 et
2657 4960 2808 5005 Voss.

2474 5020 2689 5104 (usus
2718 5020 2903 5076 oculis.
2928 5019 3613 5104 Eras.,__Gallas..Arund.,
3638 5022 3805 5081 Merc.
3852 5024 3889 5079 Ω
3914 5036 3972 5081 et

2406 5092 2536 5148 edit.
2570 5092 2771 5159 Oxum,
2798 5105 2974 5145 coram
3002 5092 3191 5149 oculis.

2478 5161 2589 5231 (69)
2617 5159 2789 5217 Homo
2814 5171 3005 5215 motus.
3056 5161 3151 5216 Sic
3192 5174 3339 5227 recte
3385 5162 3645 5225 Clarom.,
3696 5164 3858 5223 Voss.
3916 5176 3974 5221 et

2402 5229 2931 5305 Grab.'(quar_tquan_t_
2987 5240 3168 5305 tamen
3216 5233 3558 5305 intoleranda
3602 5235 3971 5305 typographu-

2403 5318 2524 5377 rum
2580 5300 2799 5377 incuria
2847 5302 3025 5356 adhuc
3066 5300 3280 5377 legatur
3329 5303 3387 5357 in
3413 5302 3533 5377 ejus
3564 5300 3967 5377 {ditantis-tus).

2400 5371 2593 5428 επιενί
2628 5378 2903 5440 corrupte,
2949 5381 3127 5440 mutus
3178 5372 3354 5435 homo.
3414 5369 3535 5427 Iam
3570 5370 3876 5430 Cotelerius
3904 5369 3973 5430 a'd

2402 5440 2693 5515 Clementis
2726 5439 2898 5515 Epist.
2947 5441 3018 5493 ad
3032 5439 3313 5515 ACo_rintli._
3346 5440 3374 5515 §
3403 5442 3459 5515 8_,
3499 5442 3786 5515 legendum
3839 5459 3972 5499 con-

2396 5510 2605 5593 iecerat
2628 5508 3135 5593 ἱναικξλιοφο..δθς1
3158 5508 3390 5593 genuina
3420 5508 3652 5593 lectione
3693 5515 3968 5593 restituta,

2403 5580 2611 5654 inutilis
2656 5580 2840 5654 evadit
2888 5580 3192 5654 doctissimi
3238 5582 3342 5654 viri
3389 5582 3746 5653 conjectura:
3794 5585 3970 5654 siqui-

2404 5652 2524 5732 dem
2556 5660 2725 5705 motus
2776 5648 2866 5705 hic
2918 5649 3192 5721 signiﬁcat
3236 5650 3379 5707 idem
3439 5648 3604 5722 atque
3654 5648 3968 5720 consumitis,

2402 5730 2593 5774 tratus.

2477 5786 2819 5862 (7O)AEorum
2845 5789 3129 5857 sacriﬁcia.
3166 5788 3343 5862 Erae"
3374 5788 3601 5862 Gallas.,
3645 5792 3877 5850 Feuard.
3920 5802 3971 5848 et

2406 5858 2577 5921 Merc.
2601 5858 2654 5929 Ξ,
2689 5859 2868 5918 minus
2902 5871 3069 5930 recte,
3093 5858 3432 5931 sacriﬁcium.
