  <div class='ocr_page' id='page_1' title='image "/cluster/home/n/w/nwhite01/storage/ocr_20150623/7 pars.1/pst.000005711833/556.png"; bbox 0 0 4222 6320; ppageno 0'>
   <div class='ocr_carea' id='block_1_1' title="bbox 201 360 329 421">
    <p class='ocr_par' dir='ltr' id='par_1_1' title="bbox 201 360 329 421">
     <span class='ocr_line' id='line_1_1' title="bbox 201 360 329 421; baseline -0.016 0"><span class='ocrx_word' id='word_1_1' title='bbox 201 360 329 421; x_wconf 68' lang='lat' dir='ltr'><strong>lim</strong></span> 
     </span>
    </p>
   </div>
   <div class='ocr_carea' id='block_1_2' title="bbox 1370 352 2311 415">
    <p class='ocr_par' dir='ltr' id='par_1_2' title="bbox 1370 352 2311 415">
     <span class='ocr_line' id='line_1_2' title="bbox 1370 352 2311 415; baseline 0.004 -4"><span class='ocrx_word' id='word_1_2' title='bbox 1370 352 1648 412; x_wconf 72' lang='lat' dir='ltr'><strong>CONTRA</strong></span> <span class='ocrx_word' id='word_1_3' title='bbox 1678 352 2020 413; x_wconf 73' lang='lat' dir='ltr'><strong>ILERESES</strong></span> <span class='ocrx_word' id='word_1_4' title='bbox 2050 355 2178 414; x_wconf 85' lang='lat' dir='ltr'><strong>LlB&#39;.</strong></span> <span class='ocrx_word' id='word_1_5' title='bbox 2218 353 2311 415; x_wconf 74' lang='lat' dir='ltr'><strong>IV.</strong></span> 
     </span>
    </p>
   </div>
   <div class='ocr_carea' id='block_1_3' title="bbox 3306 351 3447 412">
    <p class='ocr_par' dir='ltr' id='par_1_3' title="bbox 3306 351 3447 412">
     <span class='ocr_line' id='line_1_3' title="bbox 3306 351 3447 412; baseline -0.014 0"><span class='ocrx_word' id='word_1_6' title='bbox 3306 351 3447 412; x_wconf 64' lang='grc' dir='ltr'>ιω</span> 
     </span>
    </p>
   </div>
   <div class='ocr_carea' id='block_1_4' title="bbox 198 476 3443 551">
    <p class='ocr_par' dir='ltr' id='par_1_4' title="bbox 198 476 3443 551">
     <span class='ocr_line' id='line_1_4' title="bbox 198 476 3443 551; baseline -0.002 -13"><span class='ocrx_word' id='word_1_7' title='bbox 198 481 463 538; x_wconf 85' lang='lat' dir='ltr'><strong>miserans</strong></span> <span class='ocrx_word' id='word_1_8' title='bbox 505 491 709 535; x_wconf 84' lang='lat' dir='ltr'><strong>eorum</strong></span> <span class='ocrx_word' id='word_1_9' title='bbox 730 477 984 543; x_wconf 64' lang='lat' dir='ltr'><strong>caicitati,</strong></span> <span class='ocrx_word' id='word_1_10' title='bbox 1007 484 1063 533; x_wconf 87' lang='lat' dir='ltr'><strong>et</strong></span> <span class='ocrx_word' id='word_1_11' title='bbox 1089 490 1277 531; x_wconf 89' lang='lat' dir='ltr'><strong>verum</strong></span> <span class='ocrx_word' id='word_1_12' title='bbox 1324 476 1655 533; x_wconf 92' lang='lat' dir='ltr'><strong>sacriﬁcium</strong></span> <span class='ocrx_word' id='word_1_13' title='bbox 1694 478 1779 533; x_wconf 90' lang='lat' dir='ltr'><strong>in-</strong></span> <span class='ocrx_word' id='word_1_14' title='bbox 1804 484 1848 541; x_wconf 71' lang='grc' dir='ltr'><strong>Α</strong></span> <span class='ocrx_word' id='word_1_15' title='bbox 1881 478 2104 535; x_wconf 67' lang='lat' dir='ltr'><strong>malitia</strong></span> <span class='ocrx_word' id='word_1_16' title='bbox 2137 477 2253 551; x_wconf 84' lang='lat'>(76)</span> <span class='ocrx_word' id='word_1_17' title='bbox 2287 492 2418 543; x_wconf 69' lang='lat' dir='ltr'><strong>suae,</strong></span> <span class='ocrx_word' id='word_1_18' title='bbox 2447 485 2503 534; x_wconf 87' lang='lat' dir='ltr'><strong>et</strong></span> <span class='ocrx_word' id='word_1_19' title='bbox 2524 477 2653 533; x_wconf 78' lang='lat' dir='ltr'><strong>facti</strong></span> <span class='ocrx_word' id='word_1_20' title='bbox 2685 486 2814 534; x_wconf 89' lang='lat' dir='ltr'><strong>sunt</strong></span> <span class='ocrx_word' id='word_1_21' title='bbox 2851 486 3176 548; x_wconf 87' lang='lat' dir='ltr'><strong>retrorsum,</strong></span> <span class='ocrx_word' id='word_1_22' title='bbox 3229 486 3286 535; x_wconf 90' lang='lat' dir='ltr'><strong>et</strong></span> <span class='ocrx_word' id='word_1_23' title='bbox 3336 494 3443 532; x_wconf 85' lang='lat' dir='ltr'><strong>non</strong></span> 
     </span>
    </p>
   </div>
   <div class='ocr_carea' id='block_1_5' title="bbox 198 563 3444 641">
    <p class='ocr_par' dir='ltr' id='par_1_5' title="bbox 198 563 3444 641">
     <span class='ocr_line' id='line_1_5' title="bbox 198 563 3444 641; baseline 0 -16"><span class='ocrx_word' id='word_1_24' title='bbox 198 568 441 637; x_wconf 85' lang='lat' dir='ltr'><strong>sinuans,</strong></span> <span class='ocrx_word' id='word_1_25' title='bbox 474 566 618 639; x_wconf 87' lang='lat' dir='ltr'><strong>quod</strong></span> <span class='ocrx_word' id='word_1_26' title='bbox 648 564 939 624; x_wconf 78' lang='lat' dir='ltr'><strong>offerentes</strong></span> <span class='ocrx_word' id='word_1_27' title='bbox 981 565 1419 637; x_wconf 88' lang='lat' dir='ltr'><strong>propitiabuntur</strong></span> <span class='ocrx_word' id='word_1_28' title='bbox 1463 563 1660 633; x_wconf 90' lang='lat' dir='ltr'><strong>Deum,</strong></span> <span class='ocrx_word' id='word_1_29' title='bbox 1713 576 1773 623; x_wconf 95' lang='lat' dir='ltr'><strong>ut</strong></span> <span class='ocrx_word' id='word_1_30' title='bbox 1879 570 1945 625; x_wconf 89' lang='lat' dir='ltr'><strong>ad</strong></span> <span class='ocrx_word' id='word_1_31' title='bbox 1970 570 2157 641; x_wconf 81' lang='lat' dir='ltr'><strong>priora</strong></span> <span class='ocrx_word' id='word_1_32' title='bbox 2191 570 2257 625; x_wconf 79' lang='grc'><strong>⁸⁸.</strong></span> <span class='ocrx_word' id='word_1_33' title='bbox 2312 588 2334 623; x_wconf 76' lang='grc' dir='ltr'><strong><em>ι</em></strong></span> <span class='ocrx_word' id='word_1_34' title='bbox 2387 570 2457 625; x_wconf 84' lang='lat' dir='ltr'><strong>Et</strong></span> <span class='ocrx_word' id='word_1_35' title='bbox 2480 568 2677 625; x_wconf 83' lang='lat' dir='ltr'><strong>iterum</strong></span> <span class='ocrx_word' id='word_1_36' title='bbox 2719 584 2817 640; x_wconf 91' lang='lat' dir='ltr'><strong>per</strong></span> <span class='ocrx_word' id='word_1_37' title='bbox 2846 570 3099 626; x_wconf 89' lang='lat' dir='ltr'><strong>eumdem</strong></span> <span class='ocrx_word' id='word_1_38' title='bbox 3146 568 3322 640; x_wconf 87' lang='lat' dir='ltr'><strong>ipsum</strong></span> <span class='ocrx_word' id='word_1_39' title='bbox 3356 570 3444 625; x_wconf 91' lang='lat' dir='ltr'><strong>di-</strong></span> 
     </span>
    </p>
   </div>
   <div class='ocr_carea' id='block_1_6' title="bbox 196 656 1754 728">
    <p class='ocr_par' dir='ltr' id='par_1_6' title="bbox 196 656 1754 728">
     <span class='ocr_line' id='line_1_6' title="bbox 196 656 1754 728; baseline -0.001 -13"><span class='ocrx_word' id='word_1_40' title='bbox 196 660 265 715; x_wconf 83' lang='lat' dir='ltr'><strong>sh</strong></span> <span class='ocrx_word' id='word_1_41' title='bbox 294 674 361 714; x_wconf 89' lang='lat' dir='ltr'><strong>eo</strong></span> <span class='ocrx_word' id='word_1_42' title='bbox 381 658 551 715; x_wconf 86' lang='lat' dir='ltr'><strong>vitam</strong></span> <span class='ocrx_word' id='word_1_43' title='bbox 585 656 910 728; x_wconf 90' lang='lat' dir='ltr'><strong>percipiant.</strong></span> <span class='ocrx_word' id='word_1_44' title='bbox 961 656 1422 723; x_wconf 84' lang='lat' dir='ltr'><strong>Quemadmodum</strong></span> <span class='ocrx_word' id='word_1_45' title='bbox 1465 657 1598 713; x_wconf 91' lang='lat' dir='ltr'><strong>alibi</strong></span> <span class='ocrx_word' id='word_1_46' title='bbox 1628 657 1709 713; x_wconf 89' lang='lat' dir='ltr'><strong>ait</strong></span> <span class='ocrx_word' id='word_1_47' title='bbox 1738 676 1754 713; x_wconf 93' lang='lat'><strong>:</strong></span> 
     </span>
    </p>
   </div>
   <div class='ocr_carea' id='block_1_7' title="bbox 201 746 1769 824">
    <p class='ocr_par' dir='ltr' id='par_1_7' title="bbox 201 746 1769 824">
     <span class='ocr_line' id='line_1_7' title="bbox 201 746 1769 824; baseline 0 -18"><span class='ocrx_word' id='word_1_48' title='bbox 201 769 222 806; x_wconf 72' lang='grc' dir='ltr'><strong>ε</strong></span> <span class='ocrx_word' id='word_1_49' title='bbox 250 748 594 807; x_wconf 89' lang='lat' dir='ltr'><strong>Sacriﬁcium</strong></span> <span class='ocrx_word' id='word_1_50' title='bbox 641 748 752 824; x_wconf 86' lang='lat' dir='ltr'>(7i)</span> <span class='ocrx_word' id='word_1_51' title='bbox 796 748 909 805; x_wconf 86' lang='lat' dir='ltr'><strong>Deo</strong></span> <span class='ocrx_word' id='word_1_52' title='bbox 959 764 1057 803; x_wconf 91' lang='lat' dir='ltr'><strong>cor</strong></span> <span class='ocrx_word' id='word_1_53' title='bbox 1101 746 1569 816; x_wconf 70' lang='lat' dir='ltr'><strong>contribulatum;</strong></span> <span class='ocrx_word' id='word_1_54' title='bbox 1634 751 1769 806; x_wconf 91' lang='lat' dir='ltr'><strong>odor</strong></span> 
     </span>
    </p>
   </div>
   <div class='ocr_carea' id='block_1_8' title="bbox 196 841 1764 917">
    <p class='ocr_par' dir='ltr' id='par_1_8' title="bbox 196 841 1764 917">
     <span class='ocr_line' id='line_1_8' title="bbox 196 841 1764 917; baseline -0.001 -17"><span class='ocrx_word' id='word_1_55' title='bbox 196 843 483 900; x_wconf 86' lang='lat' dir='ltr'><strong>suavitatis</strong></span> <span class='ocrx_word' id='word_1_56' title='bbox 507 841 639 911; x_wconf 85' lang='lat' dir='ltr'><strong>Deo,</strong></span> <span class='ocrx_word' id='word_1_57' title='bbox 663 858 761 899; x_wconf 89' lang='lat' dir='ltr'><strong>cor</strong></span> <span class='ocrx_word' id='word_1_58' title='bbox 789 843 1099 899; x_wconf 89' lang='lat' dir='ltr'><strong>clariﬁcans</strong></span> <span class='ocrx_word' id='word_1_59' title='bbox 1124 858 1249 899; x_wconf 90' lang='lat' dir='ltr'><strong>eum</strong></span> <span class='ocrx_word' id='word_1_60' title='bbox 1272 845 1369 914; x_wconf 88' lang='lat' dir='ltr'><strong>qui</strong></span> <span class='ocrx_word' id='word_1_61' title='bbox 1397 846 1710 917; x_wconf 89' lang='lat' dir='ltr'><strong>plasmavit.</strong></span> <span class='ocrx_word' id='word_1_62' title='bbox 1742 862 1764 899; x_wconf 84' lang='lat' dir='ltr'><strong>s</strong></span> 
     </span>
    </p>
   </div>
   <div class='ocr_carea' id='block_1_9' title="bbox 198 933 1771 1008">
    <p class='ocr_par' dir='ltr' id='par_1_9' title="bbox 198 933 1771 1008">
     <span class='ocr_line' id='line_1_9' title="bbox 198 933 1771 1008; baseline 0.001 -17"><span class='ocrx_word' id='word_1_63' title='bbox 198 933 257 992; x_wconf 87' lang='lat' dir='ltr'><strong>Si</strong></span> <span class='ocrx_word' id='word_1_64' title='bbox 277 934 421 991; x_wconf 89' lang='lat' dir='ltr'><strong>enim</strong></span> <span class='ocrx_word' id='word_1_65' title='bbox 454 933 697 990; x_wconf 83' lang='lat' dir='ltr'><strong>irascens</strong></span> <span class='ocrx_word' id='word_1_66' title='bbox 722 934 991 991; x_wconf 89' lang='lat' dir='ltr'><strong>abnueret</strong></span> <span class='ocrx_word' id='word_1_67' title='bbox 1034 936 1150 993; x_wconf 65' lang='lat' dir='ltr'><strong>haec</strong></span> <span class='ocrx_word' id='word_1_68' title='bbox 1189 953 1379 996; x_wconf 90' lang='lat' dir='ltr'><strong>eorum</strong></span> <span class='ocrx_word' id='word_1_69' title='bbox 1432 937 1549 1008; x_wconf 77' lang='lat'>(72)</span> <span class='ocrx_word' id='word_1_70' title='bbox 1594 937 1771 993; x_wconf 85' lang='lat' dir='ltr'><strong>sacri-</strong></span> 
     </span>
    </p>
   </div>
   <div class='ocr_carea' id='block_1_10' title="bbox 196 1025 1767 1106">
    <p class='ocr_par' dir='ltr' id='par_1_10' title="bbox 196 1025 1767 1106">
     <span class='ocr_line' id='line_1_10' title="bbox 196 1025 1767 1106; baseline 0.004 -23"><span class='ocrx_word' id='word_1_71' title='bbox 196 1026 344 1091; x_wconf 87' lang='lat' dir='ltr'><strong>ﬁcia,</strong></span> <span class='ocrx_word' id='word_1_72' title='bbox 376 1034 636 1097; x_wconf 87' lang='lat' dir='ltr'><strong>tanquam</strong></span> <span class='ocrx_word' id='word_1_73' title='bbox 652 1025 746 1097; x_wconf 88' lang='lat' dir='ltr'><strong>qui</strong></span> <span class='ocrx_word' id='word_1_74' title='bbox 776 1026 983 1097; x_wconf 90' lang='lat' dir='ltr'><strong>indigni</strong></span> <span class='ocrx_word' id='word_1_75' title='bbox 1028 1042 1215 1085; x_wconf 83' lang='lat' dir='ltr'><strong>essent</strong></span> <span class='ocrx_word' id='word_1_76' title='bbox 1252 1030 1519 1106; x_wconf 83' lang='lat' dir='ltr'><strong>consequi</strong></span> <span class='ocrx_word' id='word_1_77' title='bbox 1548 1033 1767 1090; x_wconf 83' lang='lat' dir='ltr'><strong>miseri-</strong></span> 
     </span>
    </p>
   </div>
   <div class='ocr_carea' id='block_1_11' title="bbox 194 1116 1768 1194">
    <p class='ocr_par' dir='ltr' id='par_1_11' title="bbox 194 1116 1768 1194">
     <span class='ocr_line' id='line_1_11' title="bbox 194 1116 1768 1194; baseline 0.006 -21"><span class='ocrx_word' id='word_1_78' title='bbox 194 1117 435 1174; x_wconf 84' lang='lat' dir='ltr'><strong>cordiam</strong></span> <span class='ocrx_word' id='word_1_79' title='bbox 476 1116 613 1185; x_wconf 76' lang='lat' dir='ltr'><strong>eius,</strong></span> <span class='ocrx_word' id='word_1_80' title='bbox 661 1132 765 1173; x_wconf 94' lang='lat' dir='ltr'><strong>non</strong></span> <span class='ocrx_word' id='word_1_81' title='bbox 819 1119 1009 1190; x_wconf 91' lang='lat' dir='ltr'><strong>utique</strong></span> <span class='ocrx_word' id='word_1_82' title='bbox 1061 1121 1271 1178; x_wconf 81' lang='lat' dir='ltr'><strong>eisdem</strong></span> <span class='ocrx_word' id='word_1_83' title='bbox 1308 1123 1445 1194; x_wconf 83' lang='lat' dir='ltr'><strong>ipsis</strong></span> <span class='ocrx_word' id='word_1_84' title='bbox 1490 1126 1768 1191; x_wconf 85' lang='lat' dir='ltr'><strong>suaderet.</strong></span> 
     </span>
    </p>
   </div>
   <div class='ocr_carea' id='block_1_12' title="bbox 195 1210 1767 1287">
    <p class='ocr_par' dir='ltr' id='par_1_12' title="bbox 195 1210 1767 1287">
     <span class='ocr_line' id='line_1_12' title="bbox 195 1210 1767 1287; baseline 0.008 -24"><span class='ocrx_word' id='word_1_85' title='bbox 195 1223 295 1285; x_wconf 88' lang='lat' dir='ltr'><strong>per</strong></span> <span class='ocrx_word' id='word_1_86' title='bbox 321 1224 442 1281; x_wconf 82' lang='lat' dir='ltr'><strong>quae</strong></span> <span class='ocrx_word' id='word_1_87' title='bbox 462 1210 663 1267; x_wconf 85' lang='lat' dir='ltr'><strong>salvari</strong></span> <span class='ocrx_word' id='word_1_88' title='bbox 694 1221 916 1279; x_wconf 84' lang='lat' dir='ltr'><strong>possent</strong></span> <span class='ocrx_word' id='word_1_89' title='bbox 965 1210 1102 1286; x_wconf 78' lang='lat'>(75).</span> <span class='ocrx_word' id='word_1_90' title='bbox 1157 1213 1262 1270; x_wconf 87' lang='lat' dir='ltr'><strong>Sed</strong></span> <span class='ocrx_word' id='word_1_91' title='bbox 1311 1218 1571 1287; x_wconf 85' lang='lat' dir='ltr'><strong>quoniam</strong></span> <span class='ocrx_word' id='word_1_92' title='bbox 1625 1218 1767 1275; x_wconf 89' lang='lat' dir='ltr'><strong>Deus</strong></span> 
     </span>
    </p>
   </div>
   <div class='ocr_carea' id='block_1_13' title="bbox 195 1302 1765 1371">
    <p class='ocr_par' dir='ltr' id='par_1_13' title="bbox 195 1302 1765 1371">
     <span class='ocr_line' id='line_1_13' title="bbox 195 1302 1765 1371; baseline 0.008 -14"><span class='ocrx_word' id='word_1_93' title='bbox 195 1302 513 1358; x_wconf 86' lang='lat' dir='ltr'><strong>misericors</strong></span> <span class='ocrx_word' id='word_1_94' title='bbox 544 1311 652 1370; x_wconf 91' lang='lat' dir='ltr'><strong>est,</strong></span> <span class='ocrx_word' id='word_1_95' title='bbox 680 1316 788 1358; x_wconf 91' lang='lat' dir='ltr'><strong>non</strong></span> <span class='ocrx_word' id='word_1_96' title='bbox 817 1303 1053 1361; x_wconf 88' lang='lat' dir='ltr'><strong>abscidit</strong></span> <span class='ocrx_word' id='word_1_97' title='bbox 1096 1322 1193 1364; x_wconf 90' lang='lat' dir='ltr'><strong>eos</strong></span> <span class='ocrx_word' id='word_1_98' title='bbox 1231 1324 1260 1363; x_wconf 90' lang='lat' dir='ltr'><strong>a</strong></span> <span class='ocrx_word' id='word_1_99' title='bbox 1313 1309 1455 1365; x_wconf 90' lang='lat' dir='ltr'><strong>bono</strong></span> <span class='ocrx_word' id='word_1_100' title='bbox 1514 1313 1765 1371; x_wconf 90' lang='lat' dir='ltr'><strong>consilio.</strong></span> 
     </span>
    </p>
   </div>
   <div class='ocr_carea' id='block_1_14' title="bbox 195 1392 1768 1470">
    <p class='ocr_par' dir='ltr' id='par_1_14' title="bbox 195 1392 1768 1470">
     <span class='ocr_line' id='line_1_14' title="bbox 195 1392 1768 1470; baseline 0.007 -21"><span class='ocrx_word' id='word_1_101' title='bbox 195 1392 335 1449; x_wconf 78' lang='lat' dir='ltr'><strong>Nam</strong></span> <span class='ocrx_word' id='word_1_102' title='bbox 368 1410 466 1464; x_wconf 89' lang='lat' dir='ltr'><strong>per</strong></span> <span class='ocrx_word' id='word_1_103' title='bbox 492 1394 788 1450; x_wconf 83' lang='lat' dir='ltr'><strong>Jeremiam</strong></span> <span class='ocrx_word' id='word_1_104' title='bbox 815 1411 941 1453; x_wconf 89' lang='lat' dir='ltr'><strong>cum</strong></span> <span class='ocrx_word' id='word_1_105' title='bbox 972 1398 1244 1455; x_wconf 81' lang='lat' dir='ltr'><strong>dixisset:</strong></span> <span class='ocrx_word' id='word_1_106' title='bbox 1276 1419 1295 1453; x_wconf 75' lang='grc' dir='ltr'><strong><em>ι</em></strong></span> <span class='ocrx_word' id='word_1_107' title='bbox 1329 1402 1447 1470; x_wconf 89' lang='lat' dir='ltr'><strong>Quo</strong></span> <span class='ocrx_word' id='word_1_108' title='bbox 1472 1402 1606 1458; x_wconf 86' lang='lat' dir='ltr'><strong>mihi</strong></span> <span class='ocrx_word' id='word_1_109' title='bbox 1644 1404 1768 1461; x_wconf 85' lang='lat' dir='ltr'><strong>thus</strong></span> 
     </span>
    </p>
   </div>
   <div class='ocr_carea' id='block_1_15' title="bbox 190 1481 1769 1566">
    <p class='ocr_par' dir='ltr' id='par_1_15' title="bbox 190 1481 1769 1566">
     <span class='ocr_line' id='line_1_15' title="bbox 190 1481 1769 1566; baseline 0.005 -26"><span class='ocrx_word' id='word_1_110' title='bbox 190 1484 258 1540; x_wconf 86' lang='lat' dir='ltr'><strong>de</strong></span> <span class='ocrx_word' id='word_1_111' title='bbox 288 1481 431 1540; x_wconf 86' lang='lat' dir='ltr'><strong>Saba</strong></span> <span class='ocrx_word' id='word_1_112' title='bbox 460 1482 690 1552; x_wconf 85' lang='lat' dir='ltr'><strong>aﬁ‘ertis,</strong></span> <span class='ocrx_word' id='word_1_113' title='bbox 728 1494 783 1541; x_wconf 88' lang='lat' dir='ltr'><strong>et</strong></span> <span class='ocrx_word' id='word_1_114' title='bbox 810 1486 1212 1543; x_wconf 80' lang='lat' dir='ltr'><strong>cinnamomum</strong></span> <span class='ocrx_word' id='word_1_115' title='bbox 1258 1490 1324 1546; x_wconf 91' lang='lat' dir='ltr'><strong>de</strong></span> <span class='ocrx_word' id='word_1_116' title='bbox 1365 1501 1509 1547; x_wconf 87' lang='lat' dir='ltr'><strong>terra</strong></span> <span class='ocrx_word' id='word_1_117' title='bbox 1551 1494 1769 1566; x_wconf 86' lang='lat' dir='ltr'><strong>longin-</strong></span> 
     </span>
    </p>
   </div>
   <div class='ocr_carea' id='block_1_16' title="bbox 190 1576 1770 1654">
    <p class='ocr_par' dir='ltr' id='par_1_16' title="bbox 190 1576 1770 1654">
     <span class='ocr_line' id='line_1_16' title="bbox 190 1576 1770 1654; baseline 0.008 -25"><span class='ocrx_word' id='word_1_118' title='bbox 190 1576 334 1646; x_wconf 73' lang='lat' dir='ltr'><strong>qua?</strong></span> <span class='ocrx_word' id='word_1_119' title='bbox 368 1576 841 1633; x_wconf 87' lang='lat' dir='ltr'><strong>bolocaustomata</strong></span> <span class='ocrx_word' id='word_1_120' title='bbox 891 1588 971 1654; x_wconf 53' lang='lat' dir='ltr'><strong>et.</strong></span> <span class='ocrx_word' id='word_1_121' title='bbox 993 1580 1264 1636; x_wconf 86' lang='lat' dir='ltr'><strong>sacriﬁcia</strong></span> <span class='ocrx_word' id='word_1_122' title='bbox 1311 1592 1494 1638; x_wconf 88' lang='lat' dir='ltr'><strong>vestra</strong></span> <span class='ocrx_word' id='word_1_123' title='bbox 1529 1600 1637 1640; x_wconf 92' lang='lat' dir='ltr'><strong>non</strong></span> <span class='ocrx_word' id='word_1_124' title='bbox 1670 1586 1770 1643; x_wconf 80' lang='lat' dir='ltr'><strong>de-</strong></span> 
     </span>
    </p>
   </div>
   <div class='ocr_carea' id='block_1_17' title="bbox 190 1668 1767 1737">
    <p class='ocr_par' dir='ltr' id='par_1_17' title="bbox 190 1668 1767 1737">
     <span class='ocr_line' id='line_1_17' title="bbox 190 1668 1767 1737; baseline 0.006 -13"><span class='ocrx_word' id='word_1_125' title='bbox 190 1668 529 1725; x_wconf 85' lang='lat' dir='ltr'><strong>lectaverunt</strong></span> <span class='ocrx_word' id='word_1_126' title='bbox 553 1686 640 1726; x_wconf 88' lang='lat' dir='ltr'><strong>me</strong></span> <span class='ocrx_word' id='word_1_127' title='bbox 676 1670 766 1737; x_wconf 81' lang='grc'><strong>⁶⁸;</strong></span> <span class='ocrx_word' id='word_1_128' title='bbox 818 1690 838 1725; x_wconf 83' lang='lat' dir='ltr'><strong>s</strong></span> <span class='ocrx_word' id='word_1_129' title='bbox 885 1670 1074 1727; x_wconf 84' lang='lat' dir='ltr'><strong>intulit</strong></span> <span class='ocrx_word' id='word_1_130' title='bbox 1110 1690 1173 1726; x_wconf 71' lang='grc' dir='ltr'><strong>τι</strong></span> <span class='ocrx_word' id='word_1_131' title='bbox 1222 1674 1421 1731; x_wconf 82' lang='lat' dir='ltr'><strong>Audite</strong></span> <span class='ocrx_word' id='word_1_132' title='bbox 1456 1691 1767 1733; x_wconf 90' lang='lat' dir='ltr'><strong>sermonem</strong></span> 
     </span>
    </p>
   </div>
   <div class='ocr_carea' id='block_1_18' title="bbox 192 1751 1765 1828">
    <p class='ocr_par' dir='ltr' id='par_1_18' title="bbox 192 1751 1765 1828">
     <span class='ocr_line' id='line_1_18' title="bbox 192 1751 1765 1828; baseline 0.007 -14"><span class='ocrx_word' id='word_1_133' title='bbox 192 1759 427 1828; x_wconf 85' lang='lat' dir='ltr'><strong>Domini,</strong></span> <span class='ocrx_word' id='word_1_134' title='bbox 479 1762 659 1817; x_wconf 89' lang='lat' dir='ltr'><strong>omnis</strong></span> <span class='ocrx_word' id='word_1_135' title='bbox 717 1760 879 1817; x_wconf 86' lang='lat' dir='ltr'><strong>Juda.</strong></span> <span class='ocrx_word' id='word_1_136' title='bbox 939 1761 1067 1818; x_wconf 67' lang='lat' dir='ltr'><strong>Haec</strong></span> <span class='ocrx_word' id='word_1_137' title='bbox 1107 1751 1240 1820; x_wconf 78' lang='lat' dir='ltr'><strong>dicit</strong></span> <span class='ocrx_word' id='word_1_138' title='bbox 1294 1765 1559 1824; x_wconf 87' lang='lat' dir='ltr'><strong>Dominus</strong></span> <span class='ocrx_word' id='word_1_139' title='bbox 1619 1769 1765 1825; x_wconf 86' lang='lat' dir='ltr'><strong>Deus</strong></span> 
     </span>
    </p>
   </div>
   <div class='ocr_carea' id='block_1_19' title="bbox 1877 658 3446 733">
    <p class='ocr_par' dir='ltr' id='par_1_19' title="bbox 1877 658 3446 733">
     <span class='ocr_line' id='line_1_19' title="bbox 1877 658 3446 733; baseline -0.003 -16"><span class='ocrx_word' id='word_1_140' title='bbox 1877 675 2008 717; x_wconf 89' lang='lat' dir='ltr'><strong>cens</strong></span> <span class='ocrx_word' id='word_1_141' title='bbox 2040 676 2056 716; x_wconf 90' lang='lat'><strong>:</strong></span> <span class='ocrx_word' id='word_1_142' title='bbox 2090 678 2111 713; x_wconf 75' lang='grc' dir='ltr'>ι</span> <span class='ocrx_word' id='word_1_143' title='bbox 2142 659 2248 715; x_wconf 85' lang='lat' dir='ltr'><strong>Sed</strong></span> <span class='ocrx_word' id='word_1_144' title='bbox 2283 660 2337 715; x_wconf 89' lang='lat' dir='ltr'><strong>in</strong></span> <span class='ocrx_word' id='word_1_145' title='bbox 2362 658 2467 715; x_wconf 85' lang='lat' dir='ltr'><strong>hoc</strong></span> <span class='ocrx_word' id='word_1_146' title='bbox 2490 659 2755 732; x_wconf 76' lang='lat' dir='ltr'><strong>glorietur</strong></span> <span class='ocrx_word' id='word_1_147' title='bbox 2781 661 2873 732; x_wconf 86' lang='lat' dir='ltr'><strong>qui</strong></span> <span class='ocrx_word' id='word_1_148' title='bbox 2912 659 3201 733; x_wconf 81' lang='lat' dir='ltr'><strong>gloriatur.</strong></span> <span class='ocrx_word' id='word_1_149' title='bbox 3237 659 3446 715; x_wconf 89' lang='lat' dir='ltr'><strong>intelli-</strong></span> 
     </span>
    </p>
   </div>
   <div class='ocr_carea' id='block_1_20' title="bbox 1876 750 3446 824">
    <p class='ocr_par' dir='ltr' id='par_1_20' title="bbox 1876 750 3446 824">
     <span class='ocr_line' id='line_1_20' title="bbox 1876 750 3446 824; baseline -0.001 -17"><span class='ocrx_word' id='word_1_150' title='bbox 1876 767 2004 824; x_wconf 92' lang='lat' dir='ltr'><strong>gere</strong></span> <span class='ocrx_word' id='word_1_151' title='bbox 2032 760 2087 808; x_wconf 93' lang='lat' dir='ltr'><strong>et</strong></span> <span class='ocrx_word' id='word_1_152' title='bbox 2108 752 2254 808; x_wconf 88' lang='lat' dir='ltr'><strong>scire</strong></span> <span class='ocrx_word' id='word_1_153' title='bbox 2276 750 2535 821; x_wconf 88' lang='lat' dir='ltr'><strong>quoniam</strong></span> <span class='ocrx_word' id='word_1_154' title='bbox 2568 768 2671 823; x_wconf 89' lang='lat' dir='ltr'><strong>ego</strong></span> <span class='ocrx_word' id='word_1_155' title='bbox 2700 766 2819 808; x_wconf 90' lang='lat' dir='ltr'><strong>sum</strong></span> <span class='ocrx_word' id='word_1_156' title='bbox 2848 751 3131 817; x_wconf 85' lang='lat' dir='ltr'><strong>Dominus,</strong></span> <span class='ocrx_word' id='word_1_157' title='bbox 3183 751 3274 822; x_wconf 91' lang='lat' dir='ltr'><strong>qui</strong></span> <span class='ocrx_word' id='word_1_158' title='bbox 3300 751 3446 806; x_wconf 75' lang='lat' dir='ltr'><strong>facio</strong></span> 
     </span>
    </p>
   </div>
   <div class='ocr_carea' id='block_1_21' title="bbox 1879 840 3438 913">
    <p class='ocr_par' dir='ltr' id='par_1_21' title="bbox 1879 840 3438 913">
     <span class='ocr_line' id='line_1_21' title="bbox 1879 840 3438 913; baseline -0.004 -16"><span class='ocrx_word' id='word_1_159' title='bbox 1879 842 2339 908; x_wconf 89' lang='lat' dir='ltr'><strong>misericordiam,</strong></span> <span class='ocrx_word' id='word_1_160' title='bbox 2361 852 2418 899; x_wconf 93' lang='lat' dir='ltr'><strong>et</strong></span> <span class='ocrx_word' id='word_1_161' title='bbox 2430 842 2727 913; x_wconf 74' lang='lat' dir='ltr'><strong>justitiam,</strong></span> <span class='ocrx_word' id='word_1_162' title='bbox 2758 841 3095 913; x_wconf 72' lang='lat' dir='ltr'><strong>etiudicium</strong></span> <span class='ocrx_word' id='word_1_163' title='bbox 3124 840 3179 896; x_wconf 81' lang='lat' dir='ltr'><strong>iu</strong></span> <span class='ocrx_word' id='word_1_164' title='bbox 3206 850 3349 896; x_wconf 87' lang='lat' dir='ltr'><strong>terra</strong></span> <span class='ocrx_word' id='word_1_165' title='bbox 3378 860 3393 896; x_wconf 91' lang='lat'><strong>:</strong></span> <span class='ocrx_word' id='word_1_166' title='bbox 3419 859 3438 891; x_wconf 74' lang='grc' dir='ltr'><strong>ο</strong></span> 
     </span>
    </p>
   </div>
   <div class='ocr_carea' id='block_1_22' title="bbox 1877 930 3447 1001">
    <p class='ocr_par' dir='ltr' id='par_1_22' title="bbox 1877 930 3447 1001">
     <span class='ocr_line' id='line_1_22' title="bbox 1877 930 3447 1001; baseline 0 -14"><span class='ocrx_word' id='word_1_167' title='bbox 1877 933 2058 988; x_wconf 88' lang='lat' dir='ltr'><strong>intulit</strong></span> <span class='ocrx_word' id='word_1_168' title='bbox 2088 947 2105 988; x_wconf 91' lang='lat'><strong>:</strong></span> <span class='ocrx_word' id='word_1_169' title='bbox 2142 950 2162 986; x_wconf 73' lang='grc' dir='ltr'>ι</span> <span class='ocrx_word' id='word_1_170' title='bbox 2198 932 2468 1001; x_wconf 86' lang='lat' dir='ltr'><strong>Quoniam</strong></span> <span class='ocrx_word' id='word_1_171' title='bbox 2506 933 2563 989; x_wconf 90' lang='lat' dir='ltr'><strong>in</strong></span> <span class='ocrx_word' id='word_1_172' title='bbox 2594 933 2681 991; x_wconf 86' lang='lat' dir='ltr'><strong>bis</strong></span> <span class='ocrx_word' id='word_1_173' title='bbox 2707 933 2956 990; x_wconf 84' lang='lat' dir='ltr'><strong>voluntas</strong></span> <span class='ocrx_word' id='word_1_174' title='bbox 3001 948 3121 989; x_wconf 89' lang='lat' dir='ltr'><strong>mea</strong></span> <span class='ocrx_word' id='word_1_175' title='bbox 3171 942 3278 999; x_wconf 87' lang='lat' dir='ltr'><strong>est,</strong></span> <span class='ocrx_word' id='word_1_176' title='bbox 3312 930 3447 989; x_wconf 90' lang='lat' dir='ltr'><strong>dicit</strong></span> 
     </span>
    </p>
   </div>
   <div class='ocr_carea' id='block_1_23' title="bbox 1878 1022 3444 1094">
    <p class='ocr_par' dir='ltr' id='par_1_23' title="bbox 1878 1022 3444 1094">
     <span class='ocr_line' id='line_1_23' title="bbox 1878 1022 3444 1094; baseline -0.002 -13"><span class='ocrx_word' id='word_1_177' title='bbox 1878 1025 2255 1091; x_wconf 58' lang='lat' dir='ltr'><strong>Dominus“;</strong></span> <span class='ocrx_word' id='word_1_178' title='bbox 2293 1044 2313 1081; x_wconf 75' lang='grc' dir='ltr'><strong><em>ι</em></strong></span> <span class='ocrx_word' id='word_1_179' title='bbox 2341 1025 2441 1082; x_wconf 90' lang='lat' dir='ltr'><strong>sed</strong></span> <span class='ocrx_word' id='word_1_180' title='bbox 2474 1026 2660 1081; x_wconf 87' lang='lat' dir='ltr'><strong>nonin</strong></span> <span class='ocrx_word' id='word_1_181' title='bbox 2694 1024 2999 1094; x_wconf 87' lang='lat' dir='ltr'><strong>sacriﬁciis,</strong></span> <span class='ocrx_word' id='word_1_182' title='bbox 3033 1039 3133 1081; x_wconf 88' lang='lat' dir='ltr'><strong>nec</strong></span> <span class='ocrx_word' id='word_1_183' title='bbox 3182 1024 3237 1079; x_wconf 90' lang='lat' dir='ltr'><strong>in</strong></span> <span class='ocrx_word' id='word_1_184' title='bbox 3288 1022 3444 1080; x_wconf 83' lang='lat' dir='ltr'><strong>holo-</strong></span> 
     </span>
    </p>
   </div>
   <div class='ocr_carea' id='block_1_24' title="bbox 1876 1114 3445 1183">
    <p class='ocr_par' dir='ltr' id='par_1_24' title="bbox 1876 1114 3445 1183">
     <span class='ocr_line' id='line_1_24' title="bbox 1876 1114 3445 1183; baseline -0.002 -12"><span class='ocrx_word' id='word_1_185' title='bbox 1876 1116 2339 1183; x_wconf 85' lang='lat' dir='ltr'><strong>caustomatibus,</strong></span> <span class='ocrx_word' id='word_1_186' title='bbox 2386 1114 2503 1173; x_wconf 85' lang='lat' dir='ltr'><strong>&#39;nee</strong></span> <span class='ocrx_word' id='word_1_187' title='bbox 2563 1116 2620 1173; x_wconf 87' lang='lat' dir='ltr'><strong>in</strong></span> <span class='ocrx_word' id='word_1_188' title='bbox 2683 1114 3072 1174; x_wconf 85' lang='lat' dir='ltr'><strong>oblationibus.</strong></span> <span class='ocrx_word' id='word_1_189' title='bbox 3128 1114 3245 1172; x_wconf 80' lang='lat' dir='ltr'><strong>Non</strong></span> <span class='ocrx_word' id='word_1_190' title='bbox 3298 1115 3445 1172; x_wconf 86' lang='lat' dir='ltr'><strong>enim</strong></span> 
     </span>
    </p>
   </div>
   <div class='ocr_carea' id='block_1_25' title="bbox 1882 1210 3434 1282">
    <p class='ocr_par' dir='ltr' id='par_1_25' title="bbox 1882 1210 3434 1282">
     <span class='ocr_line' id='line_1_25' title="bbox 1882 1210 3434 1282; baseline 0 -17"><span class='ocrx_word' id='word_1_191' title='bbox 1882 1210 2258 1282; x_wconf 87' lang='lat' dir='ltr'><strong>principaliter</strong></span> <span class='ocrx_word' id='word_1_192' title='bbox 2285 1211 2421 1276; x_wconf 52' lang='lat' dir='ltr'><strong>haec,</strong></span> <span class='ocrx_word' id='word_1_193' title='bbox 2469 1210 2564 1267; x_wconf 85' lang='lat' dir='ltr'><strong>sed</strong></span> <span class='ocrx_word' id='word_1_194' title='bbox 2608 1211 2907 1267; x_wconf 86' lang='lat' dir='ltr'><strong>secundum</strong></span> <span class='ocrx_word' id='word_1_195' title='bbox 2959 1210 3434 1280; x_wconf 85' lang='lat' dir='ltr'><strong>consequentiam,</strong></span> 
     </span>
    </p>
   </div>
   <div class='ocr_carea' id='block_1_26' title="bbox 1875 1302 3446 1374">
    <p class='ocr_par' dir='ltr' id='par_1_26' title="bbox 1875 1302 3446 1374">
     <span class='ocr_line' id='line_1_26' title="bbox 1875 1302 3446 1374; baseline -0.002 -15"><span class='ocrx_word' id='word_1_196' title='bbox 1875 1313 1930 1359; x_wconf 92' lang='lat' dir='ltr'><strong>et</strong></span> <span class='ocrx_word' id='word_1_197' title='bbox 1964 1314 2184 1374; x_wconf 84' lang='lat' dir='ltr'><strong>propter</strong></span> <span class='ocrx_word' id='word_1_198' title='bbox 2209 1302 2527 1373; x_wconf 68' lang='lat' dir='ltr'><strong>praedictam</strong></span> <span class='ocrx_word' id='word_1_199' title='bbox 2551 1318 2771 1359; x_wconf 87' lang='lat' dir='ltr'><strong>causam</strong></span> <span class='ocrx_word' id='word_1_200' title='bbox 2808 1302 2999 1359; x_wconf 84' lang='lat' dir='ltr'><strong>habuit</strong></span> <span class='ocrx_word' id='word_1_201' title='bbox 3022 1302 3274 1373; x_wconf 91' lang='lat' dir='ltr'><strong>populus.</strong></span> <span class='ocrx_word' id='word_1_202' title='bbox 3301 1302 3446 1358; x_wconf 89' lang='lat' dir='ltr'><strong>sicut</strong></span> 
     </span>
    </p>
   </div>
   <div class='ocr_carea' id='block_1_27' title="bbox 1875 1390 3445 1465">
    <p class='ocr_par' dir='ltr' id='par_1_27' title="bbox 1875 1390 3445 1465">
     <span class='ocr_line' id='line_1_27' title="bbox 1875 1390 3445 1465; baseline 0.001 -18"><span class='ocrx_word' id='word_1_203' title='bbox 1875 1392 2072 1447; x_wconf 87' lang='lat' dir='ltr'><strong>iterum</strong></span> <span class='ocrx_word' id='word_1_204' title='bbox 2102 1392 2272 1449; x_wconf 85' lang='lat' dir='ltr'><strong>Isaias</strong></span> <span class='ocrx_word' id='word_1_205' title='bbox 2296 1393 2374 1447; x_wconf 90' lang='lat' dir='ltr'><strong>ait</strong></span> <span class='ocrx_word' id='word_1_206' title='bbox 2400 1411 2414 1447; x_wconf 89' lang='lat'><strong>:</strong></span> <span class='ocrx_word' id='word_1_207' title='bbox 2448 1411 2469 1446; x_wconf 85' lang='grc'><strong>‹</strong></span> <span class='ocrx_word' id='word_1_208' title='bbox 2499 1390 2613 1447; x_wconf 82' lang='grc' dir='ltr'><strong>Νοη</strong></span> <span class='ocrx_word' id='word_1_209' title='bbox 2644 1393 2779 1448; x_wconf 77' lang='lat' dir='ltr'><strong>milii</strong></span> <span class='ocrx_word' id='word_1_210' title='bbox 2811 1408 2941 1449; x_wconf 88' lang='lat' dir='ltr'><strong>oves</strong></span> <span class='ocrx_word' id='word_1_211' title='bbox 2962 1390 3075 1465; x_wconf 87' lang='lat'>(77)</span> <span class='ocrx_word' id='word_1_212' title='bbox 3104 1390 3445 1449; x_wconf 78' lang='lat' dir='ltr'><strong>holocausta-</strong></span> 
     </span>
    </p>
   </div>
   <div class='ocr_carea' id='block_1_28' title="bbox 1877 1482 3441 1547">
    <p class='ocr_par' dir='ltr' id='par_1_28' title="bbox 1877 1482 3441 1547">
     <span class='ocr_line' id='line_1_28' title="bbox 1877 1482 3441 1547; baseline 0.001 -12"><span class='ocrx_word' id='word_1_213' title='bbox 1877 1483 2037 1539; x_wconf 86' lang='lat' dir='ltr'><strong>matis</strong></span> <span class='ocrx_word' id='word_1_214' title='bbox 2060 1483 2161 1547; x_wconf 88' lang='lat' dir='ltr'><strong>tui,</strong></span> <span class='ocrx_word' id='word_1_215' title='bbox 2190 1497 2291 1539; x_wconf 86' lang='lat' dir='ltr'><strong>nec</strong></span> <span class='ocrx_word' id='word_1_216' title='bbox 2336 1483 2394 1539; x_wconf 90' lang='lat' dir='ltr'><strong>in</strong></span> <span class='ocrx_word' id='word_1_217' title='bbox 2440 1482 2730 1539; x_wconf 87' lang='lat' dir='ltr'><strong>sacriﬁciis</strong></span> <span class='ocrx_word' id='word_1_218' title='bbox 2776 1484 2881 1539; x_wconf 87' lang='lat' dir='ltr'><strong>tuis</strong></span> <span class='ocrx_word' id='word_1_219' title='bbox 2930 1482 3249 1539; x_wconf 89' lang='lat' dir='ltr'><strong>clariﬁcasti</strong></span> <span class='ocrx_word' id='word_1_220' title='bbox 3303 1498 3441 1539; x_wconf 87' lang='lat' dir='ltr'><strong>me:</strong></span> 
     </span>
    </p>
   </div>
   <div class='ocr_carea' id='block_1_29' title="bbox 1877 1574 3444 1645">
    <p class='ocr_par' dir='ltr' id='par_1_29' title="bbox 1877 1574 3444 1645">
     <span class='ocr_line' id='line_1_29' title="bbox 1877 1574 3444 1645; baseline 0 -16"><span class='ocrx_word' id='word_1_221' title='bbox 1877 1590 1982 1630; x_wconf 92' lang='lat' dir='ltr'><strong>non</strong></span> <span class='ocrx_word' id='word_1_222' title='bbox 2014 1575 2234 1631; x_wconf 88' lang='lat' dir='ltr'><strong>servisti</strong></span> <span class='ocrx_word' id='word_1_223' title='bbox 2264 1575 2396 1630; x_wconf 88' lang='lat' dir='ltr'><strong>mihi</strong></span> <span class='ocrx_word' id='word_1_224' title='bbox 2440 1575 2494 1629; x_wconf 90' lang='lat' dir='ltr'><strong>in</strong></span> <span class='ocrx_word' id='word_1_225' title='bbox 2532 1574 2841 1641; x_wconf 88' lang='lat' dir='ltr'><strong>sacriﬁciis,</strong></span> <span class='ocrx_word' id='word_1_226' title='bbox 2884 1590 2985 1631; x_wconf 89' lang='lat' dir='ltr'><strong>nec</strong></span> <span class='ocrx_word' id='word_1_227' title='bbox 3031 1575 3239 1645; x_wconf 88' lang='lat' dir='ltr'><strong>aliquid</strong></span> <span class='ocrx_word' id='word_1_228' title='bbox 3288 1574 3444 1630; x_wconf 81' lang='lat' dir='ltr'><strong>labo-</strong></span> 
     </span>
    </p>
   </div>
   <div class='ocr_carea' id='block_1_30' title="bbox 1876 1660 3445 1721">
    <p class='ocr_par' dir='ltr' id='par_1_30' title="bbox 1876 1660 3445 1721">
     <span class='ocr_line' id='line_1_30' title="bbox 1876 1660 3445 1721; baseline -0.003 -1"><span class='ocrx_word' id='word_1_229' title='bbox 1876 1664 2020 1720; x_wconf 87' lang='lat' dir='ltr'><strong>riose</strong></span> <span class='ocrx_word' id='word_1_230' title='bbox 2046 1664 2221 1720; x_wconf 80' lang='lat' dir='ltr'><strong>fecisti</strong></span> <span class='ocrx_word' id='word_1_231' title='bbox 2254 1665 2309 1719; x_wconf 88' lang='lat' dir='ltr'><strong>in</strong></span> <span class='ocrx_word' id='word_1_232' title='bbox 2338 1665 2499 1720; x_wconf 81' lang='lat' dir='ltr'><strong>thure</strong></span> <span class='ocrx_word' id='word_1_233' title='bbox 2529 1678 2545 1718; x_wconf 91' lang='lat'><strong>:</strong></span> <span class='ocrx_word' id='word_1_234' title='bbox 2576 1677 2679 1719; x_wconf 87' lang='lat' dir='ltr'><strong>nec</strong></span> <span class='ocrx_word' id='word_1_235' title='bbox 2722 1672 2999 1721; x_wconf 83' lang='lat' dir='ltr'><strong>mercatus</strong></span> <span class='ocrx_word' id='word_1_236' title='bbox 3056 1677 3116 1719; x_wconf 90' lang='lat' dir='ltr'><strong>es</strong></span> <span class='ocrx_word' id='word_1_237' title='bbox 3171 1660 3305 1717; x_wconf 84' lang='lat' dir='ltr'><strong>mihi</strong></span> <span class='ocrx_word' id='word_1_238' title='bbox 3356 1676 3445 1716; x_wconf 88' lang='lat' dir='ltr'><strong>ar-</strong></span> 
     </span>
    </p>
   </div>
   <div class='ocr_carea' id='block_1_31' title="bbox 1874 1752 3442 1826">
    <p class='ocr_par' dir='ltr' id='par_1_31' title="bbox 1874 1752 3442 1826">
     <span class='ocr_line' id='line_1_31' title="bbox 1874 1752 3442 1826; baseline -0.002 -16"><span class='ocrx_word' id='word_1_239' title='bbox 1874 1766 2039 1826; x_wconf 89' lang='lat' dir='ltr'><strong>gento</strong></span> <span class='ocrx_word' id='word_1_240' title='bbox 2069 1757 2375 1824; x_wconf 88' lang='lat' dir='ltr'><strong>incensum,</strong></span> <span class='ocrx_word' id='word_1_241' title='bbox 2420 1770 2522 1811; x_wconf 90' lang='lat' dir='ltr'><strong>nec</strong></span> <span class='ocrx_word' id='word_1_242' title='bbox 2566 1755 2780 1825; x_wconf 84' lang='lat' dir='ltr'><strong>adipem</strong></span> <span class='ocrx_word' id='word_1_243' title='bbox 2834 1752 3001 1826; x_wconf 59' lang='grc'><strong>249</strong></span> <span class='ocrx_word' id='word_1_244' title='bbox 3046 1752 3442 1810; x_wconf 89' lang='lat' dir='ltr'><strong>sacriﬁciorum</strong></span> 
     </span>
    </p>
   </div>
   <div class='ocr_carea' id='block_1_32' title="bbox 190 1846 3446 1925">
    <p class='ocr_par' dir='ltr' id='par_1_32' title="bbox 190 1846 3446 1925">
     <span class='ocr_line' id='line_1_32' title="bbox 190 1846 3446 1925; baseline 0.003 -18"><span class='ocrx_word' id='word_1_245' title='bbox 190 1849 355 1907; x_wconf 81' lang='lat' dir='ltr'><strong>Israel</strong></span> <span class='ocrx_word' id='word_1_246' title='bbox 389 1869 404 1906; x_wconf 82' lang='lat'><strong>:</strong></span> <span class='ocrx_word' id='word_1_247' title='bbox 442 1851 666 1923; x_wconf 88' lang='lat' dir='ltr'><strong>Dirigite</strong></span> <span class='ocrx_word' id='word_1_248' title='bbox 713 1854 830 1908; x_wconf 88' lang='lat' dir='ltr'><strong>vias</strong></span> <span class='ocrx_word' id='word_1_249' title='bbox 880 1863 1094 1911; x_wconf 88' lang='lat' dir='ltr'><strong>vestras</strong></span> <span class='ocrx_word' id='word_1_250' title='bbox 1144 1865 1200 1911; x_wconf 91' lang='lat' dir='ltr'><strong>et</strong></span> <span class='ocrx_word' id='word_1_251' title='bbox 1240 1859 1420 1912; x_wconf 89' lang='lat' dir='ltr'><strong>studia</strong></span> <span class='ocrx_word' id='word_1_252' title='bbox 1467 1869 1669 1925; x_wconf 88' lang='lat' dir='ltr'><strong>vestra,</strong></span> <span class='ocrx_word' id='word_1_253' title='bbox 1710 1870 1767 1917; x_wconf 91' lang='lat' dir='ltr'><strong>et</strong></span> <span class='ocrx_word' id='word_1_254' title='bbox 1798 1846 1840 1902; x_wconf 84' lang='grc' dir='ltr'><strong>Β</strong></span> <span class='ocrx_word' id='word_1_255' title='bbox 1872 1857 2090 1903; x_wconf 72' lang='lat' dir='ltr'><strong>tuorum</strong></span> <span class='ocrx_word' id='word_1_256' title='bbox 2132 1847 2455 1919; x_wconf 73' lang='lat' dir='ltr'><strong>concupivi;</strong></span> <span class='ocrx_word' id='word_1_257' title='bbox 2490 1847 2585 1903; x_wconf 82' lang='lat' dir='ltr'><strong>sed</strong></span> <span class='ocrx_word' id='word_1_258' title='bbox 2612 1847 2665 1900; x_wconf 82' lang='lat' dir='ltr'><strong>in</strong></span> <span class='ocrx_word' id='word_1_259' title='bbox 2695 1846 2939 1915; x_wconf 69' lang='lat' dir='ltr'><strong>peccatis</strong></span> <span class='ocrx_word' id='word_1_260' title='bbox 2987 1848 3117 1912; x_wconf 73' lang='grc' dir='ltr'><strong>ιυῑε.</strong></span> <span class='ocrx_word' id='word_1_261' title='bbox 3149 1855 3205 1901; x_wconf 76' lang='grc' dir='ltr'><strong>ει</strong></span> <span class='ocrx_word' id='word_1_262' title='bbox 3249 1846 3446 1916; x_wconf 79' lang='lat' dir='ltr'><strong>iniqui-</strong></span> 
     </span>
    </p>
   </div>
   <div class='ocr_carea' id='block_1_33' title="bbox 189 1942 1765 2013">
    <p class='ocr_par' dir='ltr' id='par_1_33' title="bbox 189 1942 1765 2013">
     <span class='ocr_line' id='line_1_33' title="bbox 189 1942 1765 2013; baseline 0.005 -15"><span class='ocrx_word' id='word_1_263' title='bbox 189 1943 520 1998; x_wconf 81' lang='lat' dir='ltr'><strong>eonstituam</strong></span> <span class='ocrx_word' id='word_1_264' title='bbox 554 1957 653 1997; x_wconf 90' lang='lat' dir='ltr'><strong>vos</strong></span> <span class='ocrx_word' id='word_1_265' title='bbox 682 1942 737 1997; x_wconf 92' lang='lat' dir='ltr'><strong>in</strong></span> <span class='ocrx_word' id='word_1_266' title='bbox 770 1943 891 2000; x_wconf 92' lang='lat' dir='ltr'><strong>loco</strong></span> <span class='ocrx_word' id='word_1_267' title='bbox 931 1944 1056 2000; x_wconf 89' lang='lat' dir='ltr'><strong>isto.</strong></span> <span class='ocrx_word' id='word_1_268' title='bbox 1092 1944 1395 2013; x_wconf 26' lang='lat' dir='ltr'><strong>Ne‘eonlisi</strong></span> <span class='ocrx_word' id='word_1_269' title='bbox 1426 1947 1640 2004; x_wconf 80' lang='lat' dir='ltr'><strong>fueritis</strong></span> <span class='ocrx_word' id='word_1_270' title='bbox 1670 1965 1765 2006; x_wconf 89' lang='lat' dir='ltr'><strong>vo-</strong></span> 
     </span>
    </p>
   </div>
   <div class='ocr_carea' id='block_1_34' title="bbox 187 2035 1764 2110">
    <p class='ocr_par' dir='ltr' id='par_1_34' title="bbox 187 2035 1764 2110">
     <span class='ocr_line' id='line_1_34' title="bbox 187 2035 1764 2110; baseline 0.004 -18"><span class='ocrx_word' id='word_1_271' title='bbox 187 2035 392 2092; x_wconf 86' lang='lat' dir='ltr'><strong>bismet</strong></span> <span class='ocrx_word' id='word_1_272' title='bbox 420 2035 475 2090; x_wconf 92' lang='lat' dir='ltr'><strong>in</strong></span> <span class='ocrx_word' id='word_1_273' title='bbox 500 2038 851 2093; x_wconf 85' lang='lat' dir='ltr'><strong>sermonibus</strong></span> <span class='ocrx_word' id='word_1_274' title='bbox 882 2038 1255 2106; x_wconf 87' lang='lat' dir='ltr'><strong>mendacibus,</strong></span> <span class='ocrx_word' id='word_1_275' title='bbox 1313 2041 1566 2110; x_wconf 84' lang='lat' dir='ltr'><strong>quoniam</strong></span> <span class='ocrx_word' id='word_1_276' title='bbox 1601 2042 1653 2096; x_wconf 92' lang='lat' dir='ltr'><strong>in</strong></span> <span class='ocrx_word' id='word_1_277' title='bbox 1684 2051 1764 2098; x_wconf 86' lang='lat' dir='ltr'><strong>to-</strong></span> 
     </span>
    </p>
   </div>
   <div class='ocr_carea' id='block_1_35' title="bbox 189 2126 1763 2203">
    <p class='ocr_par' dir='ltr' id='par_1_35' title="bbox 189 2126 1763 2203">
     <span class='ocr_line' id='line_1_35' title="bbox 189 2126 1763 2203; baseline 0.004 -22"><span class='ocrx_word' id='word_1_278' title='bbox 189 2134 302 2181; x_wconf 90' lang='lat' dir='ltr'><strong>tum</strong></span> <span class='ocrx_word' id='word_1_279' title='bbox 335 2139 441 2181; x_wconf 91' lang='lat' dir='ltr'><strong>nou</strong></span> <span class='ocrx_word' id='word_1_280' title='bbox 467 2126 767 2197; x_wconf 87' lang='lat' dir='ltr'><strong>proderunt</strong></span> <span class='ocrx_word' id='word_1_281' title='bbox 804 2128 983 2191; x_wconf 85' lang='lat' dir='ltr'><strong>vobis.</strong></span> <span class='ocrx_word' id='word_1_282' title='bbox 1031 2129 1275 2186; x_wconf 86' lang='lat' dir='ltr'><strong>dicentes</strong></span> <span class='ocrx_word' id='word_1_283' title='bbox 1301 2147 1317 2187; x_wconf 87' lang='lat'><strong>:</strong></span> <span class='ocrx_word' id='word_1_284' title='bbox 1348 2128 1630 2203; x_wconf 87' lang='lat' dir='ltr'><strong>Templum</strong></span> <span class='ocrx_word' id='word_1_285' title='bbox 1655 2130 1763 2188; x_wconf 89' lang='lat' dir='ltr'><strong>Do-</strong></span> 
     </span>
    </p>
   </div>
   <div class='ocr_carea' id='block_1_36' title="bbox 188 2216 1279 2289">
    <p class='ocr_par' dir='ltr' id='par_1_36' title="bbox 188 2216 1279 2289">
     <span class='ocr_line' id='line_1_36' title="bbox 188 2216 1279 2289; baseline 0.004 -18"><span class='ocrx_word' id='word_1_286' title='bbox 188 2216 347 2283; x_wconf 82' lang='lat' dir='ltr'><strong>mini,</strong></span> <span class='ocrx_word' id='word_1_287' title='bbox 381 2217 633 2287; x_wconf 89' lang='lat' dir='ltr'><strong>templum</strong></span> <span class='ocrx_word' id='word_1_288' title='bbox 667 2217 879 2273; x_wconf 88' lang='lat' dir='ltr'><strong>Domini</strong></span> <span class='ocrx_word' id='word_1_289' title='bbox 902 2217 1017 2289; x_wconf 71' lang='lat'>(74)</span> <span class='ocrx_word' id='word_1_290' title='bbox 1041 2229 1125 2275; x_wconf 91' lang='lat' dir='ltr'><strong>est</strong></span> <span class='ocrx_word' id='word_1_291' title='bbox 1151 2220 1223 2275; x_wconf 81' lang='lat'><strong>&quot;.</strong></span> <span class='ocrx_word' id='word_1_292' title='bbox 1260 2238 1279 2274; x_wconf 76' lang='grc' dir='ltr'><strong><em>ι</em></strong></span> 
     </span>
    </p>
   </div>
   <div class='ocr_carea' id='block_1_37' title="bbox 254 2306 1763 2385">
    <p class='ocr_par' dir='ltr' id='par_1_37' title="bbox 254 2306 1763 2385">
     <span class='ocr_line' id='line_1_37' title="bbox 254 2306 1763 2385; baseline 0.007 -24"><span class='ocrx_word' id='word_1_293' title='bbox 254 2307 313 2362; x_wconf 75' lang='lat'><strong>3.</strong></span> <span class='ocrx_word' id='word_1_294' title='bbox 357 2306 424 2362; x_wconf 85' lang='lat' dir='ltr'><strong>Et</strong></span> <span class='ocrx_word' id='word_1_295' title='bbox 473 2308 667 2365; x_wconf 88' lang='lat' dir='ltr'><strong>iterum</strong></span> <span class='ocrx_word' id='word_1_296' title='bbox 717 2309 1055 2381; x_wconf 89' lang='lat' dir='ltr'><strong>signiﬁcans,</strong></span> <span class='ocrx_word' id='word_1_297' title='bbox 1092 2312 1351 2382; x_wconf 90' lang='lat' dir='ltr'><strong>quoniam</strong></span> <span class='ocrx_word' id='word_1_298' title='bbox 1383 2328 1491 2369; x_wconf 88' lang='lat' dir='ltr'><strong>non</strong></span> <span class='ocrx_word' id='word_1_299' title='bbox 1537 2325 1763 2385; x_wconf 91' lang='lat' dir='ltr'><strong>propter</strong></span> 
     </span>
    </p>
   </div>
   <div class='ocr_carea' id='block_1_38' title="bbox 186 2396 1761 2473">
    <p class='ocr_par' dir='ltr' id='par_1_38' title="bbox 186 2396 1761 2473">
     <span class='ocr_line' id='line_1_38' title="bbox 186 2396 1761 2473; baseline 0.006 -21"><span class='ocrx_word' id='word_1_300' title='bbox 186 2396 293 2453; x_wconf 77' lang='lat' dir='ltr'><strong>hoc</strong></span> <span class='ocrx_word' id='word_1_301' title='bbox 317 2398 508 2453; x_wconf 88' lang='lat' dir='ltr'><strong>eduxit</strong></span> <span class='ocrx_word' id='word_1_302' title='bbox 532 2412 625 2455; x_wconf 90' lang='lat' dir='ltr'><strong>eos</strong></span> <span class='ocrx_word' id='word_1_303' title='bbox 652 2399 718 2454; x_wconf 91' lang='lat' dir='ltr'><strong>de</strong></span> <span class='ocrx_word' id='word_1_304' title='bbox 772 2399 1029 2473; x_wconf 64' lang='lat' dir='ltr'><strong>Egypto,</strong></span> <span class='ocrx_word' id='word_1_305' title='bbox 1088 2412 1148 2457; x_wconf 88' lang='lat' dir='ltr'><strong>ut</strong></span> <span class='ocrx_word' id='word_1_306' title='bbox 1199 2403 1470 2460; x_wconf 86' lang='lat' dir='ltr'><strong>sacriﬁcia</strong></span> <span class='ocrx_word' id='word_1_307' title='bbox 1528 2406 1578 2461; x_wconf 91' lang='lat' dir='ltr'><strong>ei</strong></span> <span class='ocrx_word' id='word_1_308' title='bbox 1625 2406 1761 2461; x_wconf 80' lang='lat' dir='ltr'><strong>oﬁ&#39;e-</strong></span> 
     </span>
    </p>
   </div>
   <div class='ocr_carea' id='block_1_39' title="bbox 189 2490 1761 2567">
    <p class='ocr_par' dir='ltr' id='par_1_39' title="bbox 189 2490 1761 2567">
     <span class='ocr_line' id='line_1_39' title="bbox 189 2490 1761 2567; baseline 0.008 -25"><span class='ocrx_word' id='word_1_309' title='bbox 189 2498 331 2553; x_wconf 87' lang='lat' dir='ltr'><strong>rant,</strong></span> <span class='ocrx_word' id='word_1_310' title='bbox 362 2491 455 2544; x_wconf 88' lang='lat' dir='ltr'><strong>sed</strong></span> <span class='ocrx_word' id='word_1_311' title='bbox 489 2498 547 2543; x_wconf 93' lang='lat' dir='ltr'><strong>ut</strong></span> <span class='ocrx_word' id='word_1_312' title='bbox 597 2490 749 2545; x_wconf 87' lang='lat' dir='ltr'><strong>obliti</strong></span> <span class='ocrx_word' id='word_1_313' title='bbox 782 2491 1109 2550; x_wconf 69' lang='lat' dir='ltr'><strong>idololatriae.</strong></span> <span class='ocrx_word' id='word_1_314' title='bbox 1139 2492 1541 2567; x_wconf 63' lang='lat' dir='ltr'><strong>Egyptiorum,</strong></span> <span class='ocrx_word' id='word_1_315' title='bbox 1573 2498 1761 2554; x_wconf 83' lang='lat' dir='ltr'><strong>audire</strong></span> 
     </span>
    </p>
   </div>
   <div class='ocr_carea' id='block_1_40' title="bbox 185 2578 1761 2659">
    <p class='ocr_par' dir='ltr' id='par_1_40' title="bbox 185 2578 1761 2659">
     <span class='ocr_line' id='line_1_40' title="bbox 185 2578 1761 2659; baseline 0.006 -26"><span class='ocrx_word' id='word_1_316' title='bbox 185 2595 381 2636; x_wconf 89' lang='lat' dir='ltr'><strong>vocem</strong></span> <span class='ocrx_word' id='word_1_317' title='bbox 420 2578 634 2635; x_wconf 90' lang='lat' dir='ltr'><strong>Domini</strong></span> <span class='ocrx_word' id='word_1_318' title='bbox 685 2594 929 2651; x_wconf 86' lang='lat' dir='ltr'><strong>possent,</strong></span> <span class='ocrx_word' id='word_1_319' title='bbox 956 2597 1078 2653; x_wconf 67' lang='lat' dir='ltr'><strong>qua</strong></span> <span class='ocrx_word' id='word_1_320' title='bbox 1106 2595 1228 2638; x_wconf 90' lang='lat' dir='ltr'><strong>erat</strong></span> <span class='ocrx_word' id='word_1_321' title='bbox 1260 2585 1340 2641; x_wconf 89' lang='lat' dir='ltr'><strong>eis</strong></span> <span class='ocrx_word' id='word_1_322' title='bbox 1386 2586 1532 2641; x_wconf 90' lang='lat' dir='ltr'><strong>salus</strong></span> <span class='ocrx_word' id='word_1_323' title='bbox 1558 2596 1614 2642; x_wconf 91' lang='lat' dir='ltr'><strong>et</strong></span> <span class='ocrx_word' id='word_1_324' title='bbox 1644 2586 1761 2659; x_wconf 79' lang='lat' dir='ltr'><strong>glo-</strong></span> 
     </span>
    </p>
   </div>
   <div class='ocr_carea' id='block_1_41' title="bbox 186 2670 1765 2741">
    <p class='ocr_par' dir='ltr' id='par_1_41' title="bbox 186 2670 1765 2741">
     <span class='ocr_line' id='line_1_41' title="bbox 186 2670 1765 2741; baseline 0.006 -15"><span class='ocrx_word' id='word_1_325' title='bbox 186 2672 294 2737; x_wconf 89' lang='lat' dir='ltr'><strong>ria,</strong></span> <span class='ocrx_word' id='word_1_326' title='bbox 327 2685 427 2741; x_wconf 92' lang='lat' dir='ltr'><strong>per</strong></span> <span class='ocrx_word' id='word_1_327' title='bbox 456 2672 705 2728; x_wconf 86' lang='lat' dir='ltr'><strong>eumdem</strong></span> <span class='ocrx_word' id='word_1_328' title='bbox 740 2670 1035 2729; x_wconf 79' lang='lat' dir='ltr'><strong>Jeremiam</strong></span> <span class='ocrx_word' id='word_1_329' title='bbox 1088 2675 1167 2729; x_wconf 91' lang='lat' dir='ltr'><strong>ait</strong></span> <span class='ocrx_word' id='word_1_330' title='bbox 1203 2694 1216 2730; x_wconf 93' lang='lat'>:</span> <span class='ocrx_word' id='word_1_331' title='bbox 1257 2694 1277 2727; x_wconf 71' lang='grc' dir='ltr'>ι</span> <span class='ocrx_word' id='word_1_332' title='bbox 1318 2676 1443 2733; x_wconf 66' lang='lat' dir='ltr'><strong>Haec</strong></span> <span class='ocrx_word' id='word_1_333' title='bbox 1480 2677 1617 2734; x_wconf 91' lang='lat' dir='ltr'><strong>dicit</strong></span> <span class='ocrx_word' id='word_1_334' title='bbox 1664 2680 1765 2735; x_wconf 83' lang='lat' dir='ltr'><strong>Do-</strong></span> 
     </span>
    </p>
   </div>
   <div class='ocr_carea' id='block_1_42' title="bbox 185 2762 1761 2838">
    <p class='ocr_par' dir='ltr' id='par_1_42' title="bbox 185 2762 1761 2838">
     <span class='ocr_line' id='line_1_42' title="bbox 185 2762 1761 2838; baseline 0.006 -22"><span class='ocrx_word' id='word_1_335' title='bbox 185 2763 413 2817; x_wconf 89' lang='lat' dir='ltr'><strong>minus:</strong></span> <span class='ocrx_word' id='word_1_336' title='bbox 445 2762 917 2820; x_wconf 83' lang='lat' dir='ltr'><strong>Hnlocaustomata</strong></span> <span class='ocrx_word' id='word_1_337' title='bbox 973 2776 1155 2820; x_wconf 88' lang='lat' dir='ltr'><strong>vestra</strong></span> <span class='ocrx_word' id='word_1_338' title='bbox 1208 2766 1447 2838; x_wconf 87' lang='lat' dir='ltr'><strong>colligite</strong></span> <span class='ocrx_word' id='word_1_339' title='bbox 1494 2784 1618 2824; x_wconf 90' lang='lat' dir='ltr'><strong>cum</strong></span> <span class='ocrx_word' id='word_1_340' title='bbox 1673 2785 1761 2826; x_wconf 83' lang='lat' dir='ltr'><strong>sa-</strong></span> 
     </span>
    </p>
   </div>
   <div class='ocr_carea' id='block_1_43' title="bbox 181 2852 1759 2925">
    <p class='ocr_par' dir='ltr' id='par_1_43' title="bbox 181 2852 1759 2925">
     <span class='ocr_line' id='line_1_43' title="bbox 181 2852 1759 2925; baseline 0.003 -15"><span class='ocrx_word' id='word_1_341' title='bbox 181 2852 421 2910; x_wconf 81' lang='lat' dir='ltr'><strong>criﬁciis</strong></span> <span class='ocrx_word' id='word_1_342' title='bbox 439 2854 660 2919; x_wconf 80' lang='lat' dir='ltr'><strong>vestris,</strong></span> <span class='ocrx_word' id='word_1_343' title='bbox 710 2864 765 2909; x_wconf 92' lang='lat' dir='ltr'><strong>et</strong></span> <span class='ocrx_word' id='word_1_344' title='bbox 787 2856 1115 2911; x_wconf 88' lang='lat' dir='ltr'><strong>manducate</strong></span> <span class='ocrx_word' id='word_1_345' title='bbox 1132 2870 1351 2913; x_wconf 87' lang='lat' dir='ltr'><strong>carnes:</strong></span> <span class='ocrx_word' id='word_1_346' title='bbox 1373 2857 1639 2925; x_wconf 88' lang='lat' dir='ltr'><strong>Quoniam</strong></span> <span class='ocrx_word' id='word_1_347' title='bbox 1652 2876 1759 2916; x_wconf 91' lang='lat' dir='ltr'><strong>non</strong></span> 
     </span>
    </p>
   </div>
   <div class='ocr_carea' id='block_1_44' title="bbox 185 2944 1759 3018">
    <p class='ocr_par' dir='ltr' id='par_1_44' title="bbox 185 2944 1759 3018">
     <span class='ocr_line' id='line_1_44' title="bbox 185 2944 1759 3018; baseline 0.004 -16"><span class='ocrx_word' id='word_1_348' title='bbox 185 2960 309 3002; x_wconf 89' lang='lat' dir='ltr'><strong>sum</strong></span> <span class='ocrx_word' id='word_1_349' title='bbox 342 2945 558 3001; x_wconf 91' lang='lat' dir='ltr'><strong>locutus</strong></span> <span class='ocrx_word' id='word_1_350' title='bbox 578 2944 691 3018; x_wconf 85' lang='lat'>(75)</span> <span class='ocrx_word' id='word_1_351' title='bbox 720 2949 788 3002; x_wconf 90' lang='lat' dir='ltr'><strong>ad</strong></span> <span class='ocrx_word' id='word_1_352' title='bbox 818 2955 1004 3017; x_wconf 83' lang='lat' dir='ltr'><strong>patres</strong></span> <span class='ocrx_word' id='word_1_353' title='bbox 1050 2960 1285 3017; x_wconf 85' lang='lat' dir='ltr'><strong>vestros,</strong></span> <span class='ocrx_word' id='word_1_354' title='bbox 1336 2964 1439 3007; x_wconf 88' lang='lat' dir='ltr'><strong>nec</strong></span> <span class='ocrx_word' id='word_1_355' title='bbox 1486 2950 1555 3007; x_wconf 90' lang='lat' dir='ltr'><strong>de</strong></span> <span class='ocrx_word' id='word_1_356' title='bbox 1600 2951 1759 3008; x_wconf 87' lang='lat' dir='ltr'><strong>bolo-</strong></span> 
     </span>
    </p>
   </div>
   <div class='ocr_carea' id='block_1_45' title="bbox 182 3036 1760 3114">
    <p class='ocr_par' dir='ltr' id='par_1_45' title="bbox 182 3036 1760 3114">
     <span class='ocr_line' id='line_1_45' title="bbox 182 3036 1760 3114; baseline 0.005 -22"><span class='ocrx_word' id='word_1_357' title='bbox 182 3036 623 3092; x_wconf 80' lang='lat' dir='ltr'><strong>caustomutibus</strong></span> <span class='ocrx_word' id='word_1_358' title='bbox 645 3045 702 3092; x_wconf 88' lang='lat' dir='ltr'><strong>et</strong></span> <span class='ocrx_word' id='word_1_359' title='bbox 741 3038 1033 3097; x_wconf 84' lang='lat' dir='ltr'><strong>sacriﬁciis</strong></span> <span class='ocrx_word' id='word_1_360' title='bbox 1082 3040 1315 3112; x_wconf 66' lang='lat' dir='ltr'><strong>praecepi</strong></span> <span class='ocrx_word' id='word_1_361' title='bbox 1362 3042 1464 3107; x_wconf 87' lang='lat' dir='ltr'><strong>eis,</strong></span> <span class='ocrx_word' id='word_1_362' title='bbox 1516 3047 1622 3114; x_wconf 81' lang='lat' dir='ltr'><strong>qua</strong></span> <span class='ocrx_word' id='word_1_363' title='bbox 1672 3042 1760 3100; x_wconf 85' lang='lat' dir='ltr'><strong>die</strong></span> 
     </span>
    </p>
   </div>
   <div class='ocr_carea' id='block_1_46' title="bbox 183 3128 1757 3209">
    <p class='ocr_par' dir='ltr' id='par_1_46' title="bbox 183 3128 1757 3209">
     <span class='ocr_line' id='line_1_46' title="bbox 183 3128 1757 3209; baseline 0.008 -26"><span class='ocrx_word' id='word_1_364' title='bbox 183 3128 353 3185; x_wconf 80' lang='lat' dir='ltr'><strong>eduxi</strong></span> <span class='ocrx_word' id='word_1_365' title='bbox 377 3144 473 3186; x_wconf 89' lang='lat' dir='ltr'><strong>eos</strong></span> <span class='ocrx_word' id='word_1_366' title='bbox 503 3130 571 3186; x_wconf 89' lang='lat' dir='ltr'><strong>de</strong></span> <span class='ocrx_word' id='word_1_367' title='bbox 615 3129 891 3203; x_wconf 69' lang='lat' dir='ltr'><strong>Egypto;</strong></span> <span class='ocrx_word' id='word_1_368' title='bbox 926 3132 1021 3189; x_wconf 90' lang='lat' dir='ltr'><strong>sed</strong></span> <span class='ocrx_word' id='word_1_369' title='bbox 1078 3148 1388 3190; x_wconf 84' lang='lat' dir='ltr'><strong>sermonem</strong></span> <span class='ocrx_word' id='word_1_370' title='bbox 1440 3134 1586 3195; x_wconf 88' lang='lat' dir='ltr'><strong>hunc</strong></span> <span class='ocrx_word' id='word_1_371' title='bbox 1617 3152 1757 3209; x_wconf 69' lang='lat' dir='ltr'><strong>prae-</strong></span> 
     </span>
    </p>
   </div>
   <div class='ocr_carea' id='block_1_47' title="bbox 178 3191 1833 3291">
    <p class='ocr_par' dir='ltr' id='par_1_47' title="bbox 178 3191 1833 3291">
     <span class='ocr_line' id='line_1_47' title="bbox 178 3191 1833 3291; baseline 0.005 -15"><span class='ocrx_word' id='word_1_372' title='bbox 178 3220 307 3291; x_wconf 80' lang='lat' dir='ltr'><strong>cepi</strong></span> <span class='ocrx_word' id='word_1_373' title='bbox 338 3220 444 3285; x_wconf 88' lang='lat' dir='ltr'><strong>eis,</strong></span> <span class='ocrx_word' id='word_1_374' title='bbox 465 3221 654 3277; x_wconf 88' lang='lat' dir='ltr'><strong>dicens</strong></span> <span class='ocrx_word' id='word_1_375' title='bbox 686 3191 935 3279; x_wconf 39' lang='lat' dir='ltr'><strong>:&quot;A-udi&#39;te</strong></span> <span class='ocrx_word' id='word_1_376' title='bbox 963 3236 1152 3280; x_wconf 88' lang='lat' dir='ltr'><strong>vocem</strong></span> <span class='ocrx_word' id='word_1_377' title='bbox 1187 3238 1388 3291; x_wconf 89' lang='lat' dir='ltr'><strong>meam,</strong></span> <span class='ocrx_word' id='word_1_378' title='bbox 1410 3191 1474 3281; x_wconf 81' lang='lat' dir='ltr'><strong>et</strong></span> <span class='ocrx_word' id='word_1_379' title='bbox 1494 3240 1592 3283; x_wconf 94' lang='lat' dir='ltr'><strong>ero</strong></span> <span class='ocrx_word' id='word_1_380' title='bbox 1617 3191 1760 3285; x_wconf 73' lang='lat' dir='ltr'><strong>Deus</strong></span> <span class='ocrx_word' id='word_1_381' title='bbox 1786 3191 1833 3255; x_wconf 65' lang='grc' dir='ltr'>Ο</span> 
     </span>
    </p>
   </div>
   <div class='ocr_carea' id='block_1_48' title="bbox 178 3315 1759 3387">
    <p class='ocr_par' dir='ltr' id='par_1_48' title="bbox 178 3315 1759 3387">
     <span class='ocr_line' id='line_1_48' title="bbox 178 3315 1759 3387; baseline 0.006 -20"><span class='ocrx_word' id='word_1_382' title='bbox 178 3322 390 3379; x_wconf 84' lang='lat' dir='ltr'><strong>vester,</strong></span> <span class='ocrx_word' id='word_1_383' title='bbox 412 3323 469 3369; x_wconf 94' lang='lat' dir='ltr'><strong>et</strong></span> <span class='ocrx_word' id='word_1_384' title='bbox 492 3328 590 3369; x_wconf 88' lang='lat' dir='ltr'><strong>vos</strong></span> <span class='ocrx_word' id='word_1_385' title='bbox 624 3315 781 3371; x_wconf 90' lang='lat' dir='ltr'><strong>eritis</strong></span> <span class='ocrx_word' id='word_1_386' title='bbox 806 3315 1042 3387; x_wconf 86' lang='lat' dir='ltr'><strong>populus</strong></span> <span class='ocrx_word' id='word_1_387' title='bbox 1071 3330 1251 3383; x_wconf 89' lang='lat' dir='ltr'><strong>meus,</strong></span> <span class='ocrx_word' id='word_1_388' title='bbox 1292 3323 1349 3371; x_wconf 92' lang='lat' dir='ltr'><strong>et</strong></span> <span class='ocrx_word' id='word_1_389' title='bbox 1397 3318 1671 3376; x_wconf 89' lang='lat' dir='ltr'><strong>ambulate</strong></span> <span class='ocrx_word' id='word_1_390' title='bbox 1704 3320 1759 3377; x_wconf 91' lang='lat' dir='ltr'><strong>in</strong></span> 
     </span>
    </p>
   </div>
   <div class='ocr_carea' id='block_1_49' title="bbox 178 3403 1761 3477">
    <p class='ocr_par' dir='ltr' id='par_1_49' title="bbox 178 3403 1761 3477">
     <span class='ocr_line' id='line_1_49' title="bbox 178 3403 1761 3477; baseline 0.006 -18"><span class='ocrx_word' id='word_1_391' title='bbox 178 3404 440 3459; x_wconf 89' lang='lat' dir='ltr'><strong>omnibus</strong></span> <span class='ocrx_word' id='word_1_392' title='bbox 461 3403 563 3459; x_wconf 89' lang='lat' dir='ltr'><strong>viis</strong></span> <span class='ocrx_word' id='word_1_393' title='bbox 590 3404 751 3469; x_wconf 87' lang='lat' dir='ltr'><strong>meis,</strong></span> <span class='ocrx_word' id='word_1_394' title='bbox 775 3420 1135 3477; x_wconf 88' lang='lat' dir='ltr'><strong>quascunque</strong></span> <span class='ocrx_word' id='word_1_395' title='bbox 1161 3421 1470 3477; x_wconf 69' lang='lat' dir='ltr'><strong>praecepero</strong></span> <span class='ocrx_word' id='word_1_396' title='bbox 1499 3410 1675 3477; x_wconf 87' lang='lat' dir='ltr'><strong>vobis,</strong></span> <span class='ocrx_word' id='word_1_397' title='bbox 1698 3420 1761 3470; x_wconf 91' lang='lat' dir='ltr'><strong>ut</strong></span> 
     </span>
    </p>
   </div>
   <div class='ocr_carea' id='block_1_50' title="bbox 180 3492 1759 3559">
    <p class='ocr_par' dir='ltr' id='par_1_50' title="bbox 180 3492 1759 3559">
     <span class='ocr_line' id='line_1_50' title="bbox 180 3492 1759 3559; baseline 0.002 -10"><span class='ocrx_word' id='word_1_398' title='bbox 180 3493 327 3549; x_wconf 83' lang='lat' dir='ltr'><strong>bene</strong></span> <span class='ocrx_word' id='word_1_399' title='bbox 346 3493 418 3547; x_wconf 86' lang='lat' dir='ltr'><strong>sit</strong></span> <span class='ocrx_word' id='word_1_400' title='bbox 448 3492 625 3549; x_wconf 85' lang='lat' dir='ltr'><strong>vobis.</strong></span> <span class='ocrx_word' id='word_1_401' title='bbox 674 3492 745 3547; x_wconf 80' lang='lat' dir='ltr'><strong>Et</strong></span> <span class='ocrx_word' id='word_1_402' title='bbox 772 3508 878 3549; x_wconf 88' lang='lat' dir='ltr'><strong>non</strong></span> <span class='ocrx_word' id='word_1_403' title='bbox 916 3494 1300 3559; x_wconf 88' lang='lat' dir='ltr'><strong>obaudierunt,</strong></span> <span class='ocrx_word' id='word_1_404' title='bbox 1356 3508 1457 3551; x_wconf 83' lang='lat' dir='ltr'><strong>nec</strong></span> <span class='ocrx_word' id='word_1_405' title='bbox 1509 3497 1759 3553; x_wconf 87' lang='lat' dir='ltr'><strong>intende-</strong></span> 
     </span>
    </p>
   </div>
   <div class='ocr_carea' id='block_1_51' title="bbox 184 3584 1760 3657">
    <p class='ocr_par' dir='ltr' id='par_1_51' title="bbox 184 3584 1760 3657">
     <span class='ocr_line' id='line_1_51' title="bbox 184 3584 1760 3657; baseline -0.001 -15"><span class='ocrx_word' id='word_1_406' title='bbox 184 3594 357 3651; x_wconf 85' lang='lat' dir='ltr'><strong>runt;</strong></span> <span class='ocrx_word' id='word_1_407' title='bbox 390 3585 485 3641; x_wconf 88' lang='lat' dir='ltr'><strong>sed</strong></span> <span class='ocrx_word' id='word_1_408' title='bbox 515 3584 942 3644; x_wconf 82' lang='lat' dir='ltr'><strong>ambulaverunt</strong></span> <span class='ocrx_word' id='word_1_409' title='bbox 982 3584 1040 3641; x_wconf 91' lang='lat' dir='ltr'><strong>in</strong></span> <span class='ocrx_word' id='word_1_410' title='bbox 1095 3586 1524 3657; x_wconf 88' lang='lat' dir='ltr'><strong>cogitationibus</strong></span> <span class='ocrx_word' id='word_1_411' title='bbox 1572 3589 1760 3645; x_wconf 86' lang='lat' dir='ltr'><strong>cordis</strong></span> 
     </span>
    </p>
   </div>
   <div class='ocr_carea' id='block_1_52' title="bbox 1872 1944 3438 2016">
    <p class='ocr_par' dir='ltr' id='par_1_52' title="bbox 1872 1944 3438 2016">
     <span class='ocr_line' id='line_1_52' title="bbox 1872 1944 3438 2016; baseline -0.004 -13"><span class='ocrx_word' id='word_1_412' title='bbox 1872 1946 2076 2003; x_wconf 89' lang='lat' dir='ltr'><strong>tatibus</strong></span> <span class='ocrx_word' id='word_1_413' title='bbox 2093 1946 2200 2003; x_wconf 90' lang='lat' dir='ltr'><strong>tuis</strong></span> <span class='ocrx_word' id='word_1_414' title='bbox 2226 1954 2352 2001; x_wconf 87' lang='lat' dir='ltr'><strong>ante</strong></span> <span class='ocrx_word' id='word_1_415' title='bbox 2383 1960 2469 2001; x_wconf 89' lang='lat' dir='ltr'><strong>me</strong></span> <span class='ocrx_word' id='word_1_416' title='bbox 2494 1944 2692 2001; x_wconf 85' lang='lat' dir='ltr'><strong>stetisti</strong></span> <span class='ocrx_word' id='word_1_417' title='bbox 2706 1945 2771 2000; x_wconf 81' lang='grc'><strong>⁸³.</strong></span> <span class='ocrx_word' id='word_1_418' title='bbox 2792 1945 2967 2014; x_wconf 91' lang='lat' dir='ltr'><strong>Super</strong></span> <span class='ocrx_word' id='word_1_419' title='bbox 2996 1960 3159 2013; x_wconf 88' lang='lat' dir='ltr'><strong>quem</strong></span> <span class='ocrx_word' id='word_1_420' title='bbox 3193 1944 3377 2016; x_wconf 84' lang='lat' dir='ltr'><strong>igitur.</strong></span> <span class='ocrx_word' id='word_1_421' title='bbox 3416 1960 3438 1997; x_wconf 83' lang='lat' dir='ltr'><strong>s</strong></span> 
     </span>
    </p>
   </div>
   <div class='ocr_carea' id='block_1_53' title="bbox 1870 2034 3446 2110">
    <p class='ocr_par' dir='ltr' id='par_1_53' title="bbox 1870 2034 3446 2110">
     <span class='ocr_line' id='line_1_53' title="bbox 1870 2034 3446 2110; baseline -0.004 -15"><span class='ocrx_word' id='word_1_422' title='bbox 1870 2042 1969 2109; x_wconf 88' lang='lat' dir='ltr'><strong>ait,</strong></span> <span class='ocrx_word' id='word_1_423' title='bbox 2010 2056 2030 2092; x_wconf 78' lang='grc' dir='ltr'>ι</span> <span class='ocrx_word' id='word_1_424' title='bbox 2066 2037 2353 2110; x_wconf 84' lang='lat' dir='ltr'><strong>aspiciam,</strong></span> <span class='ocrx_word' id='word_1_425' title='bbox 2382 2037 2487 2093; x_wconf 88' lang='lat' dir='ltr'><strong>nisi</strong></span> <span class='ocrx_word' id='word_1_426' title='bbox 2532 2052 2699 2108; x_wconf 84' lang='lat' dir='ltr'><strong>super</strong></span> <span class='ocrx_word' id='word_1_427' title='bbox 2726 2036 2985 2093; x_wconf 84' lang='lat' dir='ltr'><strong>humilem</strong></span> <span class='ocrx_word' id='word_1_428' title='bbox 3029 2034 3165 2107; x_wconf 87' lang='lat'>(78),</span> <span class='ocrx_word' id='word_1_429' title='bbox 3196 2044 3252 2090; x_wconf 91' lang='lat' dir='ltr'><strong>et</strong></span> <span class='ocrx_word' id='word_1_430' title='bbox 3290 2036 3446 2105; x_wconf 87' lang='lat' dir='ltr'><strong>quie-</strong></span> 
     </span>
    </p>
   </div>
   <div class='ocr_carea' id='block_1_54' title="bbox 1872 2126 3445 2198">
    <p class='ocr_par' dir='ltr' id='par_1_54' title="bbox 1872 2126 3445 2198">
     <span class='ocr_line' id='line_1_54' title="bbox 1872 2126 3445 2198; baseline -0.002 -12"><span class='ocrx_word' id='word_1_431' title='bbox 1872 2143 2009 2198; x_wconf 92' lang='lat' dir='ltr'><strong>tum,</strong></span> <span class='ocrx_word' id='word_1_432' title='bbox 2038 2140 2093 2186; x_wconf 87' lang='lat' dir='ltr'><strong>et</strong></span> <span class='ocrx_word' id='word_1_433' title='bbox 2147 2139 2467 2186; x_wconf 88' lang='lat' dir='ltr'><strong>trementem</strong></span> <span class='ocrx_word' id='word_1_434' title='bbox 2503 2143 2781 2183; x_wconf 88' lang='lat' dir='ltr'><strong>sermones</strong></span> <span class='ocrx_word' id='word_1_435' title='bbox 2832 2126 3249 2184; x_wconf 77' lang='lat' dir='ltr'><strong>meos“‘?Non</strong></span> <span class='ocrx_word' id='word_1_436' title='bbox 3299 2140 3445 2183; x_wconf 78' lang='lat' dir='ltr'><strong>enim</strong></span> 
     </span>
    </p>
   </div>
   <div class='ocr_carea' id='block_1_55' title="bbox 1870 2218 3445 2293">
    <p class='ocr_par' dir='ltr' id='par_1_55' title="bbox 1870 2218 3445 2293">
     <span class='ocr_line' id='line_1_55' title="bbox 1870 2218 3445 2293; baseline -0.001 -17"><span class='ocrx_word' id='word_1_437' title='bbox 1870 2220 2059 2293; x_wconf 89' lang='lat' dir='ltr'><strong>adipes</strong></span> <span class='ocrx_word' id='word_1_438' title='bbox 2088 2220 2200 2293; x_wconf 90' lang='lat'>(79)</span> <span class='ocrx_word' id='word_1_439' title='bbox 2225 2228 2281 2277; x_wconf 90' lang='lat' dir='ltr'><strong>et</strong></span> <span class='ocrx_word' id='word_1_440' title='bbox 2306 2235 2505 2276; x_wconf 79' lang='lat' dir='ltr'><strong>carnes</strong></span> <span class='ocrx_word' id='word_1_441' title='bbox 2532 2220 2764 2290; x_wconf 87' lang='lat' dir='ltr'><strong>pingues</strong></span> <span class='ocrx_word' id='word_1_442' title='bbox 2799 2218 3053 2274; x_wconf 77' lang='lat' dir='ltr'><strong>auferent</strong></span> <span class='ocrx_word' id='word_1_443' title='bbox 3080 2235 3108 2273; x_wconf 90' lang='lat' dir='ltr'><strong>a</strong></span> <span class='ocrx_word' id='word_1_444' title='bbox 3141 2230 3196 2273; x_wconf 90' lang='lat' dir='ltr'><strong>te</strong></span> <span class='ocrx_word' id='word_1_445' title='bbox 3230 2218 3445 2287; x_wconf 89' lang='lat' dir='ltr'><strong>injusti-</strong></span> 
     </span>
    </p>
   </div>
   <div class='ocr_carea' id='block_1_56' title="bbox 1872 2308 3449 2380">
    <p class='ocr_par' dir='ltr' id='par_1_56' title="bbox 1872 2308 3449 2380">
     <span class='ocr_line' id='line_1_56' title="bbox 1872 2308 3449 2380; baseline -0.001 -13"><span class='ocrx_word' id='word_1_446' title='bbox 1872 2313 1977 2369; x_wconf 91' lang='lat' dir='ltr'><strong>tias</strong></span> <span class='ocrx_word' id='word_1_447' title='bbox 2016 2320 2141 2368; x_wconf 87' lang='lat' dir='ltr'><strong>tuas</strong></span> <span class='ocrx_word' id='word_1_448' title='bbox 2168 2311 2235 2366; x_wconf 82' lang='grc'><strong>⁸⁸.</strong></span> <span class='ocrx_word' id='word_1_449' title='bbox 2262 2310 2381 2367; x_wconf 76' lang='lat' dir='ltr'><strong>Hoc</strong></span> <span class='ocrx_word' id='word_1_450' title='bbox 2408 2320 2493 2367; x_wconf 86' lang='lat' dir='ltr'><strong>est</strong></span> <span class='ocrx_word' id='word_1_451' title='bbox 2529 2308 2819 2379; x_wconf 80' lang='lat' dir='ltr'><strong>jejunium,</strong></span> <span class='ocrx_word' id='word_1_452' title='bbox 2863 2311 3009 2379; x_wconf 90' lang='lat' dir='ltr'><strong>quod</strong></span> <span class='ocrx_word' id='word_1_453' title='bbox 3037 2324 3137 2380; x_wconf 91' lang='lat' dir='ltr'><strong>ego</strong></span> <span class='ocrx_word' id='word_1_454' title='bbox 3178 2310 3337 2380; x_wconf 90' lang='lat' dir='ltr'><strong>elegi,</strong></span> <span class='ocrx_word' id='word_1_455' title='bbox 3365 2309 3449 2365; x_wconf 88' lang='lat' dir='ltr'><strong>di-</strong></span> 
     </span>
    </p>
   </div>
   <div class='ocr_carea' id='block_1_57' title="bbox 1870 2401 3449 2474">
    <p class='ocr_par' dir='ltr' id='par_1_57' title="bbox 1870 2401 3449 2474">
     <span class='ocr_line' id='line_1_57' title="bbox 1870 2401 3449 2474; baseline -0.002 -14"><span class='ocrx_word' id='word_1_456' title='bbox 1870 2406 1950 2460; x_wconf 91' lang='lat' dir='ltr'><strong>cit</strong></span> <span class='ocrx_word' id='word_1_457' title='bbox 1980 2403 2267 2459; x_wconf 87' lang='lat' dir='ltr'><strong>Dominus.</strong></span> <span class='ocrx_word' id='word_1_458' title='bbox 2295 2401 2459 2459; x_wconf 89' lang='lat' dir='ltr'><strong>Solve</strong></span> <span class='ocrx_word' id='word_1_459' title='bbox 2498 2417 2716 2458; x_wconf 89' lang='lat' dir='ltr'><strong>omnem</strong></span> <span class='ocrx_word' id='word_1_460' title='bbox 2748 2402 2947 2457; x_wconf 90' lang='lat' dir='ltr'><strong>nodum</strong></span> <span class='ocrx_word' id='word_1_461' title='bbox 2995 2402 3295 2474; x_wconf 64' lang='lat' dir='ltr'><strong>iniustitia,</strong></span> <span class='ocrx_word' id='word_1_462' title='bbox 3337 2401 3449 2457; x_wconf 85' lang='lat' dir='ltr'><strong>dis-</strong></span> 
     </span>
    </p>
   </div>
   <div class='ocr_carea' id='block_1_58' title="bbox 1870 2492 3449 2564">
    <p class='ocr_par' dir='ltr' id='par_1_58' title="bbox 1870 2492 3449 2564">
     <span class='ocr_line' id='line_1_58' title="bbox 1870 2492 3449 2564; baseline -0.003 -13"><span class='ocrx_word' id='word_1_463' title='bbox 1870 2493 2019 2551; x_wconf 81' lang='lat' dir='ltr'><strong>solve</strong></span> <span class='ocrx_word' id='word_1_464' title='bbox 2041 2507 2322 2551; x_wconf 74' lang='lat' dir='ltr'><strong>connexus</strong></span> <span class='ocrx_word' id='word_1_465' title='bbox 2354 2492 2674 2548; x_wconf 89' lang='lat' dir='ltr'><strong>violeutium</strong></span> <span class='ocrx_word' id='word_1_466' title='bbox 2704 2492 2817 2564; x_wconf 90' lang='lat'>(80)</span> <span class='ocrx_word' id='word_1_467' title='bbox 2865 2493 3341 2557; x_wconf 87' lang='lat' dir='ltr'><strong>commerciorum,</strong></span> <span class='ocrx_word' id='word_1_468' title='bbox 3371 2492 3449 2547; x_wconf 83' lang='lat' dir='ltr'><strong>di-</strong></span> 
     </span>
    </p>
   </div>
   <div class='ocr_carea' id='block_1_59' title="bbox 1868 2582 3445 2657">
    <p class='ocr_par' dir='ltr' id='par_1_59' title="bbox 1868 2582 3445 2657">
     <span class='ocr_line' id='line_1_59' title="bbox 1868 2582 3445 2657; baseline -0.001 -17"><span class='ocrx_word' id='word_1_469' title='bbox 1868 2586 2025 2641; x_wconf 89' lang='lat' dir='ltr'><strong>mitte</strong></span> <span class='ocrx_word' id='word_1_470' title='bbox 2057 2594 2343 2657; x_wconf 85' lang='lat' dir='ltr'><strong>quassatos</strong></span> <span class='ocrx_word' id='word_1_471' title='bbox 2392 2585 2447 2639; x_wconf 89' lang='lat' dir='ltr'><strong>in</strong></span> <span class='ocrx_word' id='word_1_472' title='bbox 2497 2584 2765 2653; x_wconf 88' lang='lat' dir='ltr'><strong>requiem,</strong></span> <span class='ocrx_word' id='word_1_473' title='bbox 2826 2592 2882 2639; x_wconf 92' lang='lat' dir='ltr'><strong>et</strong></span> <span class='ocrx_word' id='word_1_474' title='bbox 2936 2598 3152 2640; x_wconf 88' lang='lat' dir='ltr'><strong>omnem</strong></span> <span class='ocrx_word' id='word_1_475' title='bbox 3198 2582 3445 2639; x_wconf 84' lang='lat' dir='ltr'><strong>conscri-</strong></span> 
     </span>
    </p>
   </div>
   <div class='ocr_carea' id='block_1_60' title="bbox 1868 2675 3449 2748">
    <p class='ocr_par' dir='ltr' id='par_1_60' title="bbox 1868 2675 3449 2748">
     <span class='ocr_line' id='line_1_60' title="bbox 1868 2675 3449 2748; baseline 0 -17"><span class='ocrx_word' id='word_1_476' title='bbox 1868 2678 2107 2748; x_wconf 89' lang='lat' dir='ltr'><strong>ptionem</strong></span> <span class='ocrx_word' id='word_1_477' title='bbox 2139 2676 2391 2746; x_wconf 86' lang='lat' dir='ltr'><strong>injustam</strong></span> <span class='ocrx_word' id='word_1_478' title='bbox 2423 2676 2738 2733; x_wconf 90' lang='lat' dir='ltr'><strong>conscinde.</strong></span> <span class='ocrx_word' id='word_1_479' title='bbox 2793 2675 3008 2747; x_wconf 86' lang='lat' dir='ltr'><strong>Frange</strong></span> <span class='ocrx_word' id='word_1_480' title='bbox 3051 2676 3310 2734; x_wconf 87' lang='lat' dir='ltr'><strong>esurienti</strong></span> <span class='ocrx_word' id='word_1_481' title='bbox 3350 2690 3449 2747; x_wconf 88' lang='lat' dir='ltr'><strong>pa-</strong></span> 
     </span>
    </p>
   </div>
   <div class='ocr_carea' id='block_1_61' title="bbox 1868 2767 3447 2840">
    <p class='ocr_par' dir='ltr' id='par_1_61' title="bbox 1868 2767 3447 2840">
     <span class='ocr_line' id='line_1_61' title="bbox 1868 2767 3447 2840; baseline -0.002 -14"><span class='ocrx_word' id='word_1_482' title='bbox 1868 2784 1993 2826; x_wconf 90' lang='lat' dir='ltr'><strong>nem</strong></span> <span class='ocrx_word' id='word_1_483' title='bbox 2021 2780 2176 2825; x_wconf 90' lang='lat' dir='ltr'><strong>tuum</strong></span> <span class='ocrx_word' id='word_1_484' title='bbox 2222 2784 2290 2826; x_wconf 90' lang='lat' dir='ltr'><strong>ex</strong></span> <span class='ocrx_word' id='word_1_485' title='bbox 2318 2771 2501 2826; x_wconf 89' lang='lat' dir='ltr'><strong>animo</strong></span> <span class='ocrx_word' id='word_1_486' title='bbox 2532 2769 2667 2840; x_wconf 80' lang='lat' dir='ltr'><strong>(8i),</strong></span> <span class='ocrx_word' id='word_1_487' title='bbox 2698 2777 2756 2825; x_wconf 91' lang='lat' dir='ltr'><strong>et</strong></span> <span class='ocrx_word' id='word_1_488' title='bbox 2786 2768 3130 2839; x_wconf 88' lang='lat' dir='ltr'><strong>peregrinum</strong></span> <span class='ocrx_word' id='word_1_489' title='bbox 3162 2767 3282 2824; x_wconf 88' lang='lat' dir='ltr'><strong>sine</strong></span> <span class='ocrx_word' id='word_1_490' title='bbox 3305 2776 3447 2824; x_wconf 87' lang='lat' dir='ltr'><strong>tecto</strong></span> 
     </span>
    </p>
   </div>
   <div class='ocr_carea' id='block_1_62' title="bbox 1870 2858 3446 2926">
    <p class='ocr_par' dir='ltr' id='par_1_62' title="bbox 1870 2858 3446 2926">
     <span class='ocr_line' id='line_1_62' title="bbox 1870 2858 3446 2926; baseline -0.001 -11"><span class='ocrx_word' id='word_1_491' title='bbox 1870 2859 2033 2916; x_wconf 89' lang='lat' dir='ltr'><strong>induc</strong></span> <span class='ocrx_word' id='word_1_492' title='bbox 2065 2861 2120 2915; x_wconf 91' lang='lat' dir='ltr'><strong>in</strong></span> <span class='ocrx_word' id='word_1_493' title='bbox 2166 2860 2391 2915; x_wconf 89' lang='lat' dir='ltr'><strong>domum</strong></span> <span class='ocrx_word' id='word_1_494' title='bbox 2422 2869 2592 2922; x_wconf 89' lang='lat' dir='ltr'><strong>tuam.</strong></span> <span class='ocrx_word' id='word_1_495' title='bbox 2629 2860 2687 2917; x_wconf 90' lang='lat' dir='ltr'><strong>Si</strong></span> <span class='ocrx_word' id='word_1_496' title='bbox 2736 2859 2943 2916; x_wconf 88' lang='lat' dir='ltr'><strong>videris</strong></span> <span class='ocrx_word' id='word_1_497' title='bbox 2976 2858 3199 2924; x_wconf 89' lang='lat' dir='ltr'><strong>nudum,</strong></span> <span class='ocrx_word' id='word_1_498' title='bbox 3226 2858 3446 2926; x_wconf 91' lang='lat' dir='ltr'><strong>cooperl</strong></span> 
     </span>
    </p>
   </div>
   <div class='ocr_carea' id='block_1_63' title="bbox 1868 2947 3443 3019">
    <p class='ocr_par' dir='ltr' id='par_1_63' title="bbox 1868 2947 3443 3019">
     <span class='ocr_line' id='line_1_63' title="bbox 1868 2947 3443 3019; baseline -0.001 -13"><span class='ocrx_word' id='word_1_499' title='bbox 1868 2966 2014 3017; x_wconf 89' lang='lat' dir='ltr'><strong>eum,</strong></span> <span class='ocrx_word' id='word_1_500' title='bbox 2045 2960 2101 3007; x_wconf 93' lang='lat' dir='ltr'><strong>et</strong></span> <span class='ocrx_word' id='word_1_501' title='bbox 2124 2950 2454 3008; x_wconf 85' lang='lat' dir='ltr'><strong>domesticos</strong></span> <span class='ocrx_word' id='word_1_502' title='bbox 2482 2952 2709 3007; x_wconf 87' lang='lat' dir='ltr'><strong>seminis</strong></span> <span class='ocrx_word' id='word_1_503' title='bbox 2754 2951 2832 3005; x_wconf 93' lang='lat' dir='ltr'><strong>tui</strong></span> <span class='ocrx_word' id='word_1_504' title='bbox 2864 2964 2971 3005; x_wconf 90' lang='lat' dir='ltr'><strong>non</strong></span> <span class='ocrx_word' id='word_1_505' title='bbox 3012 2949 3280 3019; x_wconf 87' lang='lat' dir='ltr'><strong>despicies</strong></span> <span class='ocrx_word' id='word_1_506' title='bbox 3305 2947 3443 3019; x_wconf 70' lang='lat'>(83).</span> 
     </span>
    </p>
   </div>
   <div class='ocr_carea' id='block_1_64' title="bbox 1868 3040 3447 3115">
    <p class='ocr_par' dir='ltr' id='par_1_64' title="bbox 1868 3040 3447 3115">
     <span class='ocr_line' id='line_1_64' title="bbox 1868 3040 3447 3115; baseline -0.003 -13"><span class='ocrx_word' id='word_1_507' title='bbox 1868 3041 2023 3102; x_wconf 87' lang='lat' dir='ltr'><strong>Tunc</strong></span> <span class='ocrx_word' id='word_1_508' title='bbox 2050 3050 2299 3115; x_wconf 87' lang='lat' dir='ltr'><strong>erumpet</strong></span> <span class='ocrx_word' id='word_1_509' title='bbox 2331 3044 2661 3098; x_wconf 90' lang='lat' dir='ltr'><strong>matutinum</strong></span> <span class='ocrx_word' id='word_1_510' title='bbox 2692 3041 2872 3097; x_wconf 91' lang='lat' dir='ltr'><strong>lumen</strong></span> <span class='ocrx_word' id='word_1_511' title='bbox 2910 3050 3079 3104; x_wconf 90' lang='lat' dir='ltr'><strong>tuum,</strong></span> <span class='ocrx_word' id='word_1_512' title='bbox 3100 3049 3155 3095; x_wconf 91' lang='lat' dir='ltr'><strong>et</strong></span> <span class='ocrx_word' id='word_1_513' title='bbox 3181 3040 3447 3097; x_wconf 85' lang='lat' dir='ltr'><strong>sanitates</strong></span> 
     </span>
    </p>
   </div>
   <div class='ocr_carea' id='block_1_65' title="bbox 1869 3128 3450 3206">
    <p class='ocr_par' dir='ltr' id='par_1_65' title="bbox 1869 3128 3450 3206">
     <span class='ocr_line' id='line_1_65' title="bbox 1869 3128 3450 3206; baseline -0.003 -19"><span class='ocrx_word' id='word_1_514' title='bbox 1869 3140 1978 3189; x_wconf 74' lang='lat' dir='ltr'><strong>tuae</strong></span> <span class='ocrx_word' id='word_1_515' title='bbox 2023 3133 2139 3206; x_wconf 80' lang='lat'>(85)</span> <span class='ocrx_word' id='word_1_516' title='bbox 2173 3134 2335 3190; x_wconf 90' lang='lat' dir='ltr'><strong>citius</strong></span> <span class='ocrx_word' id='word_1_517' title='bbox 2365 3133 2637 3196; x_wconf 84' lang='lat' dir='ltr'><strong>orientur.</strong></span> <span class='ocrx_word' id='word_1_518' title='bbox 2676 3140 2731 3188; x_wconf 91' lang='lat' dir='ltr'><strong>et</strong></span> <span class='ocrx_word' id='word_1_519' title='bbox 2760 3132 3028 3203; x_wconf 63' lang='lat' dir='ltr'><strong>praecedet</strong></span> <span class='ocrx_word' id='word_1_520' title='bbox 3052 3140 3177 3187; x_wconf 89' lang='lat' dir='ltr'><strong>ante</strong></span> <span class='ocrx_word' id='word_1_521' title='bbox 3211 3140 3265 3186; x_wconf 90' lang='lat' dir='ltr'><strong>te</strong></span> <span class='ocrx_word' id='word_1_522' title='bbox 3284 3128 3450 3198; x_wconf 78' lang='lat' dir='ltr'><strong>justi-</strong></span> 
     </span>
    </p>
   </div>
   <div class='ocr_carea' id='block_1_66' title="bbox 1866 3221 3445 3298">
    <p class='ocr_par' dir='ltr' id='par_1_66' title="bbox 1866 3221 3445 3298">
     <span class='ocr_line' id='line_1_66' title="bbox 1866 3221 3445 3298; baseline -0.005 -13"><span class='ocrx_word' id='word_1_523' title='bbox 1866 3230 1968 3293; x_wconf 89' lang='lat' dir='ltr'><strong>tia,</strong></span> <span class='ocrx_word' id='word_1_524' title='bbox 1987 3234 2045 3280; x_wconf 90' lang='lat' dir='ltr'><strong>et</strong></span> <span class='ocrx_word' id='word_1_525' title='bbox 2075 3225 2249 3298; x_wconf 85' lang='lat' dir='ltr'><strong>gloria</strong></span> <span class='ocrx_word' id='word_1_526' title='bbox 2280 3224 2495 3281; x_wconf 89' lang='lat' dir='ltr'><strong>Domini</strong></span> <span class='ocrx_word' id='word_1_527' title='bbox 2523 3224 2637 3294; x_wconf 78' lang='grc'><strong>(84)</strong></span> <span class='ocrx_word' id='word_1_528' title='bbox 2666 3223 3033 3279; x_wconf 86' lang='lat' dir='ltr'><strong>circumdabit</strong></span> <span class='ocrx_word' id='word_1_529' title='bbox 3062 3229 3115 3277; x_wconf 87' lang='lat' dir='ltr'><strong>te</strong></span> <span class='ocrx_word' id='word_1_530' title='bbox 3150 3231 3238 3275; x_wconf 90' lang='lat' dir='ltr'><strong>:et</strong></span> <span class='ocrx_word' id='word_1_531' title='bbox 3267 3221 3445 3277; x_wconf 80' lang='lat' dir='ltr'><strong>adhuc</strong></span> 
     </span>
    </p>
   </div>
   <div class='ocr_carea' id='block_1_67' title="bbox 1866 3311 3446 3389">
    <p class='ocr_par' dir='ltr' id='par_1_67' title="bbox 1866 3311 3446 3389">
     <span class='ocr_line' id='line_1_67' title="bbox 1866 3311 3446 3389; baseline -0.005 -14"><span class='ocrx_word' id='word_1_532' title='bbox 1866 3327 1919 3375; x_wconf 90' lang='lat' dir='ltr'><strong>te</strong></span> <span class='ocrx_word' id='word_1_533' title='bbox 1958 3317 2212 3389; x_wconf 89' lang='lat' dir='ltr'><strong>loquente</strong></span> <span class='ocrx_word' id='word_1_534' title='bbox 2243 3317 2458 3371; x_wconf 88' lang='lat' dir='ltr'><strong>dicam:</strong></span> <span class='ocrx_word' id='word_1_535' title='bbox 2492 3315 2633 3373; x_wconf 85' lang='lat' dir='ltr'><strong>Ecce</strong></span> <span class='ocrx_word' id='word_1_536' title='bbox 2658 3314 2848 3371; x_wconf 88' lang='lat' dir='ltr'><strong>adsum</strong></span> <span class='ocrx_word' id='word_1_537' title='bbox 2878 3313 2943 3378; x_wconf 71' lang='lat'><strong>“.</strong></span> <span class='ocrx_word' id='word_1_538' title='bbox 2982 3331 3002 3366; x_wconf 83' lang='lat' dir='ltr'><strong>s</strong></span> <span class='ocrx_word' id='word_1_539' title='bbox 3039 3313 3105 3369; x_wconf 81' lang='lat' dir='ltr'><strong>Et</strong></span> <span class='ocrx_word' id='word_1_540' title='bbox 3151 3311 3446 3368; x_wconf 83' lang='lat' dir='ltr'><strong>Zacharias</strong></span> 
     </span>
    </p>
   </div>
   <div class='ocr_carea' id='block_1_68' title="bbox 1867 3398 3445 3473">
    <p class='ocr_par' dir='ltr' id='par_1_68' title="bbox 1867 3398 3445 3473">
     <span class='ocr_line' id='line_1_68' title="bbox 1867 3398 3445 3473; baseline -0.007 -10"><span class='ocrx_word' id='word_1_541' title='bbox 1867 3416 2051 3463; x_wconf 89' lang='lat' dir='ltr'><strong>autem</strong></span> <span class='ocrx_word' id='word_1_542' title='bbox 2096 3405 2153 3460; x_wconf 91' lang='lat' dir='ltr'><strong>in</strong></span> <span class='ocrx_word' id='word_1_543' title='bbox 2208 3403 2498 3463; x_wconf 90' lang='lat' dir='ltr'><strong>duodecim</strong></span> <span class='ocrx_word' id='word_1_544' title='bbox 2536 3402 2835 3473; x_wconf 88' lang='lat' dir='ltr'><strong>pr0phetis,</strong></span> <span class='ocrx_word' id='word_1_545' title='bbox 2880 3398 3193 3470; x_wconf 85' lang='lat' dir='ltr'><strong>signiﬁcans</strong></span> <span class='ocrx_word' id='word_1_546' title='bbox 3222 3398 3305 3453; x_wconf 88' lang='lat' dir='ltr'><strong>eis</strong></span> <span class='ocrx_word' id='word_1_547' title='bbox 3351 3409 3445 3452; x_wconf 84' lang='lat' dir='ltr'><strong>vo-</strong></span> 
     </span>
    </p>
   </div>
   <div class='ocr_carea' id='block_1_69' title="bbox 1868 3486 3448 3561">
    <p class='ocr_par' dir='ltr' id='par_1_69' title="bbox 1868 3486 3448 3561">
     <span class='ocr_line' id='line_1_69' title="bbox 1868 3486 3448 3561; baseline -0.008 -9"><span class='ocrx_word' id='word_1_548' title='bbox 1868 3496 2131 3552; x_wconf 88' lang='lat' dir='ltr'><strong>luntatem</strong></span> <span class='ocrx_word' id='word_1_549' title='bbox 2166 3494 2288 3561; x_wconf 89' lang='lat' dir='ltr'><strong>Del,</strong></span> <span class='ocrx_word' id='word_1_550' title='bbox 2322 3494 2442 3549; x_wconf 89' lang='lat' dir='ltr'><strong>ait:</strong></span> <span class='ocrx_word' id='word_1_551' title='bbox 2484 3511 2503 3547; x_wconf 79' lang='grc' dir='ltr'>ι</span> <span class='ocrx_word' id='word_1_552' title='bbox 2558 3491 2689 3548; x_wconf 69' lang='lat' dir='ltr'><strong>Haec</strong></span> <span class='ocrx_word' id='word_1_553' title='bbox 2719 3492 2853 3547; x_wconf 90' lang='lat' dir='ltr'><strong>dicit</strong></span> <span class='ocrx_word' id='word_1_554' title='bbox 2902 3490 3162 3547; x_wconf 86' lang='lat' dir='ltr'><strong>Dominus</strong></span> <span class='ocrx_word' id='word_1_555' title='bbox 3198 3486 3448 3558; x_wconf 88' lang='lat' dir='ltr'><strong>omnipo-</strong></span> 
     </span>
    </p>
   </div>
   <div class='ocr_carea' id='block_1_70' title="bbox 1866 3578 3444 3657">
    <p class='ocr_par' dir='ltr' id='par_1_70' title="bbox 1866 3578 3444 3657">
     <span class='ocr_line' id='line_1_70' title="bbox 1866 3578 3444 3657; baseline -0.008 -12"><span class='ocrx_word' id='word_1_556' title='bbox 1866 3597 2027 3645; x_wconf 87' lang='lat' dir='ltr'><strong>tens:</strong></span> <span class='ocrx_word' id='word_1_557' title='bbox 2059 3585 2322 3657; x_wconf 78' lang='lat' dir='ltr'><strong>judicium</strong></span> <span class='ocrx_word' id='word_1_558' title='bbox 2346 3584 2552 3657; x_wconf 87' lang='lat' dir='ltr'><strong>justum</strong></span> <span class='ocrx_word' id='word_1_559' title='bbox 2580 3583 2845 3655; x_wconf 68' lang='lat' dir='ltr'><strong>iudicate,</strong></span> <span class='ocrx_word' id='word_1_560' title='bbox 2879 3582 3140 3653; x_wconf 88' lang='lat' dir='ltr'><strong>pietatem</strong></span> <span class='ocrx_word' id='word_1_561' title='bbox 3185 3588 3239 3636; x_wconf 86' lang='lat' dir='ltr'><strong>et</strong></span> <span class='ocrx_word' id='word_1_562' title='bbox 3271 3578 3444 3634; x_wconf 88' lang='lat' dir='ltr'><strong>mise-</strong></span> 
     </span>
    </p>
   </div>
   <div class='ocr_carea' id='block_1_71' title="bbox 253 3721 1920 3799">
    <p class='ocr_par' dir='ltr' id='par_1_71' title="bbox 253 3721 1894 3799">
     <span class='ocr_line' id='line_1_71' title="bbox 253 3721 1894 3799; baseline 0.002 -19"><span class='ocrx_word' id='word_1_563' title='bbox 253 3724 303 3757; x_wconf 85' lang='grc'><strong>⁸⁸</strong></span> <span class='ocrx_word' id='word_1_564' title='bbox 328 3722 538 3799; x_wconf 65' lang='lat' dir='ltr'><strong>Jerem.</strong></span> <span class='ocrx_word' id='word_1_565' title='bbox 558 3740 634 3799; x_wconf 72' lang='lat' dir='ltr'><strong>vi,</strong></span> <span class='ocrx_word' id='word_1_566' title='bbox 655 3724 750 3779; x_wconf 67' lang='grc' dir='ltr'><strong>ΞΟ.</strong></span> <span class='ocrx_word' id='word_1_567' title='bbox 812 3722 859 3757; x_wconf 84' lang='grc'><strong><em>⁸⁸</em></strong></span> <span class='ocrx_word' id='word_1_568' title='bbox 883 3721 1214 3799; x_wconf 65' lang='lat' dir='ltr'><strong>{et-em._v_n.</strong></span> <span class='ocrx_word' id='word_1_569' title='bbox 1248 3722 1305 3778; x_wconf 74' lang='lat'><strong>2.</strong></span> <span class='ocrx_word' id='word_1_570' title='bbox 1369 3724 1413 3757; x_wconf 77' lang='grc'><strong>⁸⁸</strong></span> <span class='ocrx_word' id='word_1_571' title='bbox 1440 3726 1597 3799; x_wconf 52' lang='lat' dir='ltr'><strong>ibid&quot;</strong></span> <span class='ocrx_word' id='word_1_572' title='bbox 1640 3728 1705 3783; x_wconf 73' lang='grc'><strong>21</strong></span> <span class='ocrx_word' id='word_1_573' title='bbox 1740 3742 1894 3799; x_wconf 78' lang='lat' dir='ltr'><strong>seqq.</strong></span> 
     </span>
    </p>
   </div>
   <div class='ocr_carea' id='block_1_72' title="bbox 1775 3721 3442 3799">
    <p class='ocr_par' dir='ltr' id='par_1_72' title="bbox 1775 3722 3442 3799">
     <span class='ocr_line' id='line_1_72' title="bbox 1775 3722 3442 3799; baseline -0.001 -16"><span class='ocrx_word' id='word_1_574' title='bbox 1775 3742 1894 3799; x_wconf 77' lang='lat' dir='ltr'><strong>eqq.</strong></span> <span class='ocrx_word' id='word_1_575' title='bbox 1940 3726 2207 3784; x_wconf 79' lang='lat' dir='ltr'><strong>“Jerem.</strong></span> <span class='ocrx_word' id='word_1_576' title='bbox 2254 3742 2330 3794; x_wconf 79' lang='lat' dir='ltr'><strong>ix,</strong></span> <span class='ocrx_word' id='word_1_577' title='bbox 2371 3726 2466 3784; x_wconf 73' lang='grc'><strong>24.</strong></span> <span class='ocrx_word' id='word_1_578' title='bbox 2515 3725 2562 3759; x_wconf 80' lang='grc'>⁸³</span> <span class='ocrx_word' id='word_1_579' title='bbox 2598 3722 2884 3790; x_wconf 84' lang='lat' dir='ltr'><strong>lsa.xuu,</strong></span> <span class='ocrx_word' id='word_1_580' title='bbox 2934 3724 3140 3790; x_wconf 71' lang='lat' dir='ltr'><strong>9.3,‘2l.</strong></span> <span class='ocrx_word' id='word_1_581' title='bbox 3214 3724 3296 3795; x_wconf 71' lang='grc'><strong>,⁸⁸⁸</strong></span> <span class='ocrx_word' id='word_1_582' title='bbox 3337 3723 3442 3781; x_wconf 86' lang='lat' dir='ltr'><strong>lsa.</strong></span> 
     </span>
    </p>
   </div>
   <div class='ocr_carea' id='block_1_73' title="bbox 182 3791 1684 3867">
    <p class='ocr_par' dir='ltr' id='par_1_73' title="bbox 182 3791 1684 3867">
     <span class='ocr_line' id='line_1_73' title="bbox 182 3791 1684 3867; baseline 0.003 -17"><span class='ocrx_word' id='word_1_583' title='bbox 182 3810 335 3860; x_wconf 79' lang='lat' dir='ltr'><strong>uvr,</strong></span> <span class='ocrx_word' id='word_1_584' title='bbox 360 3793 419 3849; x_wconf 76' lang='lat'><strong>2.</strong></span> <span class='ocrx_word' id='word_1_585' title='bbox 495 3794 540 3827; x_wconf 83' lang='lat'>“</span> <span class='ocrx_word' id='word_1_586' title='bbox 565 3791 768 3851; x_wconf 75' lang='lat' dir='ltr'><strong>Jerem.</strong></span> <span class='ocrx_word' id='word_1_587' title='bbox 793 3808 871 3862; x_wconf 83' lang='lat' dir='ltr'><strong>xt,</strong></span> <span class='ocrx_word' id='word_1_588' title='bbox 900 3793 991 3849; x_wconf 83' lang='lat' dir='ltr'><strong>l5.</strong></span> <span class='ocrx_word' id='word_1_589' title='bbox 1065 3792 1111 3826; x_wconf 79' lang='lat'><strong>“</strong></span> <span class='ocrx_word' id='word_1_590' title='bbox 1141 3794 1248 3849; x_wconf 86' lang='lat' dir='ltr'><strong>lsa.</strong></span> <span class='ocrx_word' id='word_1_591' title='bbox 1282 3809 1439 3861; x_wconf 80' lang='lat' dir='ltr'><strong>Lvm,</strong></span> <span class='ocrx_word' id='word_1_592' title='bbox 1466 3796 1499 3849; x_wconf 82' lang='lat'><strong><em>6</em></strong></span> <span class='ocrx_word' id='word_1_593' title='bbox 1528 3812 1684 3867; x_wconf 88' lang='lat' dir='ltr'><strong>seqq.</strong></span> 
     </span>
    </p>
   </div>
   <div class='ocr_carea' id='block_1_74' title="bbox 257 3910 1756 4037">
    <p class='ocr_par' dir='ltr' id='par_1_74' title="bbox 257 3910 1756 4037">
     <span class='ocr_line' id='line_1_74' title="bbox 257 3910 1756 4037; baseline 0.001 -72"><span class='ocrx_word' id='word_1_594' title='bbox 257 3910 371 4037; x_wconf 54' lang='lat'>(7:)</span> <span class='ocrx_word' id='word_1_595' title='bbox 405 3911 549 3995; x_wconf 61' lang='lat' dir='ltr'><strong>Alibi</strong></span> <span class='ocrx_word' id='word_1_596' title='bbox 577 3912 652 3967; x_wconf 85' lang='lat' dir='ltr'><strong>ait</strong></span> <span class='ocrx_word' id='word_1_597' title='bbox 685 3927 703 3967; x_wconf 91' lang='lat'><strong><em>:</em></strong></span> <span class='ocrx_word' id='word_1_598' title='bbox 734 3912 1092 3994; x_wconf 63' lang='lat' dir='ltr'><strong>Sacriﬁcium,</strong></span> <span class='ocrx_word' id='word_1_599' title='bbox 1120 3920 1229 3992; x_wconf 56' lang='lat' dir='ltr'><strong>etc.</strong></span> <span class='ocrx_word' id='word_1_600' title='bbox 1271 3910 1533 3995; x_wconf 75' lang='lat' dir='ltr'><strong>Eumdem</strong></span> <span class='ocrx_word' id='word_1_601' title='bbox 1555 3914 1756 3981; x_wconf 87' lang='lat' dir='ltr'><strong>locum,</strong></span> 
     </span>
     <span class='ocr_line' id='line_1_75' title="bbox 279 3981 1756 4037; baseline 0 0"><span class='ocrx_word' id='word_1_602' title='bbox 279 3998 313 4037; x_wconf 94' lang='lat' dir='ltr'><strong>u</strong></span> <span class='ocrx_word' id='word_1_603' title='bbox 383 3981 932 4037; x_wconf 57' lang='lat' dir='ltr'><strong>Scrmturaemmussns</strong></span> <span class='ocrx_word' id='word_1_604' title='bbox 958 3983 1042 4036; x_wconf 81' lang='lat' dir='ltr'><strong>ius</strong></span> <span class='ocrx_word' id='word_1_605' title='bbox 1071 3981 1271 4037; x_wconf 76' lang='lat' dir='ltr'><strong>verbis.</strong></span> <span class='ocrx_word' id='word_1_606' title='bbox 1303 3982 1625 4037; x_wconf 67' lang='lat' dir='ltr'><strong>sacriﬁcium</strong></span> <span class='ocrx_word' id='word_1_607' title='bbox 1646 3982 1756 4037; x_wconf 78' lang='lat' dir='ltr'><strong>Deo</strong></span> 
     </span>
    </p>
   </div>
   <div class='ocr_carea' id='block_1_75' title="bbox 184 3981 1758 4050">
    <p class='ocr_par' dir='ltr' id='par_1_75' title="bbox 184 3981 1758 4050">
     <span class='ocr_line' id='line_1_76' title="bbox 184 3981 1758 4050; baseline 0.001 -13"><span class='ocrx_word' id='word_1_608' title='bbox 184 3981 361 4039; x_wconf 75' lang='lat' dir='ltr'><strong>veluti</strong></span> <span class='ocrx_word' id='word_1_609' title='bbox 383 3981 698 4050; x_wconf 65' lang='lat' dir='ltr'><strong>Scriptura,</strong></span> <span class='ocrx_word' id='word_1_610' title='bbox 715 3983 932 4037; x_wconf 88' lang='lat' dir='ltr'><strong>omissis</strong></span> <span class='ocrx_word' id='word_1_611' title='bbox 958 3983 1042 4036; x_wconf 85' lang='lat' dir='ltr'><strong>his</strong></span> <span class='ocrx_word' id='word_1_612' title='bbox 1071 3981 1271 4047; x_wconf 81' lang='lat' dir='ltr'><strong>verbis,</strong></span> <span class='ocrx_word' id='word_1_613' title='bbox 1303 3982 1625 4050; x_wconf 78' lang='lat' dir='ltr'><strong>sacriﬁcium</strong></span> <span class='ocrx_word' id='word_1_614' title='bbox 1646 3982 1758 4039; x_wconf 78' lang='lat' dir='ltr'><strong>Deo</strong></span> 
     </span>
    </p>
   </div>
   <div class='ocr_carea' id='block_1_76' title="bbox 182 4050 1759 4123">
    <p class='ocr_par' dir='ltr' id='par_1_76' title="bbox 182 4050 1759 4123">
     <span class='ocr_line' id='line_1_77' title="bbox 182 4050 1759 4123; baseline 0.001 -15"><span class='ocrx_word' id='word_1_615' title='bbox 182 4068 283 4108; x_wconf 81' lang='lat' dir='ltr'><strong>cor</strong></span> <span class='ocrx_word' id='word_1_616' title='bbox 332 4050 737 4123; x_wconf 67' lang='lat' dir='ltr'><strong>contribulatum</strong></span> <span class='ocrx_word' id='word_1_617' title='bbox 768 4090 785 4116; x_wconf 93' lang='lat'><strong>,</strong></span> <span class='ocrx_word' id='word_1_618' title='bbox 833 4066 955 4123; x_wconf 56' lang='lat' dir='ltr'><strong>qua;</strong></span> <span class='ocrx_word' id='word_1_619' title='bbox 996 4066 1060 4107; x_wconf 91' lang='lat' dir='ltr'><strong>ex</strong></span> <span class='ocrx_word' id='word_1_620' title='bbox 1112 4050 1321 4123; x_wconf 80' lang='lat' dir='ltr'><strong>psalmo</strong></span> <span class='ocrx_word' id='word_1_621' title='bbox 1368 4068 1401 4107; x_wconf 77' lang='grc' dir='ltr'><strong>ι.</strong></span> <span class='ocrx_word' id='word_1_622' title='bbox 1478 4054 1759 4123; x_wconf 69' lang='lat' dir='ltr'><strong>desumpta</strong></span> 
     </span>
    </p>
   </div>
   <div class='ocr_carea' id='block_1_77' title="bbox 183 4119 1757 4189">
    <p class='ocr_par' dir='ltr' id='par_1_77' title="bbox 183 4119 1757 4189">
     <span class='ocr_line' id='line_1_78' title="bbox 183 4119 1757 4189; baseline -0.001 -10"><span class='ocrx_word' id='word_1_623' title='bbox 183 4131 340 4187; x_wconf 84' lang='lat' dir='ltr'><strong>sunt,</strong></span> <span class='ocrx_word' id='word_1_624' title='bbox 402 4122 535 4175; x_wconf 90' lang='lat' dir='ltr'><strong>citat</strong></span> <span class='ocrx_word' id='word_1_625' title='bbox 586 4119 1192 4189; x_wconf 69' lang='lat' dir='ltr'><strong>Clemens&#39;Alexandr.</strong></span> <span class='ocrx_word' id='word_1_626' title='bbox 1247 4120 1341 4176; x_wconf 89' lang='lat' dir='ltr'><strong>lib.</strong></span> <span class='ocrx_word' id='word_1_627' title='bbox 1400 4135 1440 4175; x_wconf 85' lang='lat' dir='ltr'><strong>ll</strong></span> <span class='ocrx_word' id='word_1_628' title='bbox 1512 4119 1757 4189; x_wconf 74' lang='grc' dir='ltr'><strong>Ρωάάς..</strong></span> 
     </span>
    </p>
   </div>
   <div class='ocr_carea' id='block_1_78' title="bbox 184 4188 1759 4333">
    <p class='ocr_par' dir='ltr' id='par_1_78' title="bbox 184 4188 1759 4333">
     <span class='ocr_line' id='line_1_79' title="bbox 184 4188 1757 4277; baseline 0 -31"><span class='ocrx_word' id='word_1_629' title='bbox 184 4206 316 4262; x_wconf 86' lang='lat' dir='ltr'><strong>cap.</strong></span> <span class='ocrx_word' id='word_1_630' title='bbox 383 4189 662 4272; x_wconf 53' lang='lat' dir='ltr'><strong>12,-pag:</strong></span> <span class='ocrx_word' id='word_1_631' title='bbox 711 4188 839 4251; x_wconf 77' lang='grc'><strong>261.</strong></span> <span class='ocrx_word' id='word_1_632' title='bbox 892 4189 999 4245; x_wconf 86' lang='lat' dir='ltr'><strong>hoc</strong></span> <span class='ocrx_word' id='word_1_633' title='bbox 1050 4191 1263 4247; x_wconf 85' lang='lat' dir='ltr'><strong>modo:</strong></span> <span class='ocrx_word' id='word_1_634' title='bbox 1322 4191 1518 4263; x_wconf 78' lang='grc' dir='ltr'><strong>Ὀσμὴ,</strong></span> <span class='ocrx_word' id='word_1_635' title='bbox 1570 4188 1757 4277; x_wconf 30' lang='grc' dir='ltr'><strong>φηςζὶν(</strong></span> 
     </span>
     <span class='ocr_line' id='line_1_80' title="bbox 184 4258 1759 4333; baseline 0 -16"><span class='ocrx_word' id='word_1_636' title='bbox 184 4260 524 4333; x_wconf 22' lang='grc' dir='ltr'><strong>ιρωᾷίαςμτῳ</strong></span> <span class='ocrx_word' id='word_1_637' title='bbox 552 4258 693 4333; x_wconf 77' lang='grc' dir='ltr'><strong>Θεῳ,</strong></span> <span class='ocrx_word' id='word_1_638' title='bbox 724 4260 920 4333; x_wconf 80' lang='grc' dir='ltr'><strong>καρδία</strong></span> <span class='ocrx_word' id='word_1_639' title='bbox 962 4259 1258 4333; x_wconf 67' lang='grc' dir='ltr'><strong>δοξάξρυᾳα</strong></span> <span class='ocrx_word' id='word_1_640' title='bbox 1306 4259 1759 4333; x_wconf 33' lang='lat' dir='ltr'><strong>communitam</strong></span> 
     </span>
    </p>
   </div>
   <div class='ocr_carea' id='block_1_79' title="bbox 183 4277 1757 4413">
    <p class='ocr_par' dir='ltr' id='par_1_79' title="bbox 183 4277 1757 4413">
     <span class='ocr_line' id='line_1_81' title="bbox 183 4277 1757 4384; baseline 0.001 -68"><span class='ocrx_word' id='word_1_641' title='bbox 183 4277 416 4323; x_wconf 79' lang='grc' dir='ltr'><strong>ιοωοιας</strong></span> <span class='ocrx_word' id='word_1_642' title='bbox 446 4277 524 4330; x_wconf 79' lang='grc' dir='ltr'><strong>τῳ</strong></span> <span class='ocrx_word' id='word_1_643' title='bbox 552 4277 693 4384; x_wconf 52' lang='lat' dir='ltr'><strong>asin,</strong></span> <span class='ocrx_word' id='word_1_644' title='bbox 724 4277 920 4333; x_wconf 80' lang='grc' dir='ltr'>καροια</span> <span class='ocrx_word' id='word_1_645' title='bbox 962 4277 1258 4328; x_wconf 68' lang='grc' dir='ltr'><strong>οοςαςουσα</strong></span> <span class='ocrx_word' id='word_1_646' title='bbox 1306 4277 1398 4314; x_wconf 65' lang='grc' dir='ltr'><strong>τον</strong></span> <span class='ocrx_word' id='word_1_647' title='bbox 1443 4277 1757 4317; x_wconf 74' lang='grc' dir='ltr'><strong>πεπλακοτα</strong></span> 
     </span>
     <span class='ocr_line' id='line_1_82' title="bbox 184 4330 1757 4413; baseline 0 -26"><span class='ocrx_word' id='word_1_648' title='bbox 184 4330 499 4413; x_wconf 44' lang='grc' dir='ltr'><strong>αὑτήνσῂίιξ</strong></span> <span class='ocrx_word' id='word_1_649' title='bbox 528 4340 635 4413; x_wconf 85' lang='lat' dir='ltr'><strong>uta</strong></span> <span class='ocrx_word' id='word_1_650' title='bbox 699 4345 777 4413; x_wconf 53' lang='lat' dir='ltr'><strong>eo</strong></span> <span class='ocrx_word' id='word_1_651' title='bbox 798 4331 1296 4413; x_wconf 57' lang='lat' dir='ltr'><strong>mutuatnsml&#39;uisse</strong></span> <span class='ocrx_word' id='word_1_652' title='bbox 1343 4330 1594 4413; x_wconf 84' lang='lat' dir='ltr'><strong>videatur</strong></span> <span class='ocrx_word' id='word_1_653' title='bbox 1630 4331 1757 4413; x_wconf 60' lang='lat' dir='ltr'><strong>ire-</strong></span> 
     </span>
    </p>
   </div>
   <div class='ocr_carea' id='block_1_80' title="bbox 186 4396 1757 4471">
    <p class='ocr_par' dir='ltr' id='par_1_80' title="bbox 186 4396 1757 4471">
     <span class='ocr_line' id='line_1_83' title="bbox 186 4396 1757 4471; baseline 0 -15"><span class='ocrx_word' id='word_1_654' title='bbox 186 4396 363 4456; x_wconf 70' lang='lat' dir='ltr'><strong>naeus.</strong></span> <span class='ocrx_word' id='word_1_655' title='bbox 392 4396 500 4471; x_wconf 82' lang='lat' dir='ltr'><strong>Sed</strong></span> <span class='ocrx_word' id='word_1_656' title='bbox 521 4412 586 4453; x_wconf 90' lang='lat' dir='ltr'><strong>ex</strong></span> <span class='ocrx_word' id='word_1_657' title='bbox 614 4414 723 4469; x_wconf 93' lang='lat' dir='ltr'><strong>quo</strong></span> <span class='ocrx_word' id='word_1_658' title='bbox 744 4398 1041 4471; x_wconf 57' lang='lat' dir='ltr'><strong>Scriptura:</strong></span> <span class='ocrx_word' id='word_1_659' title='bbox 1070 4398 1394 4471; x_wconf 17' lang='lat' dir='ltr'><strong>librodlianc</strong></span> <span class='ocrx_word' id='word_1_660' title='bbox 1430 4402 1757 4471; x_wconf 77' lang='lat' dir='ltr'><strong>sententiam</strong></span> 
     </span>
    </p>
   </div>
   <div class='ocr_carea' id='block_1_81' title="bbox 1864 3906 3439 4040">
    <p class='ocr_par' dir='ltr' id='par_1_81' title="bbox 1864 3906 3439 4040">
     <span class='ocr_line' id='line_1_84' title="bbox 1938 3906 3439 4038; baseline -0.002 -69"><span class='ocrx_word' id='word_1_661' title='bbox 1938 3914 2049 4038; x_wconf 59' lang='lat' dir='ltr'><strong>g2)</strong></span> <span class='ocrx_word' id='word_1_662' title='bbox 2080 3913 2209 3969; x_wconf 66' lang='lat' dir='ltr'><strong>Hec</strong></span> <span class='ocrx_word' id='word_1_663' title='bbox 2226 3930 2428 3969; x_wconf 74' lang='lat' dir='ltr'><strong>eorum.</strong></span> <span class='ocrx_word' id='word_1_664' title='bbox 2460 3911 2703 3977; x_wconf 87' lang='lat' dir='ltr'><strong>Erasm.,</strong></span> <span class='ocrx_word' id='word_1_665' title='bbox 2737 3908 2968 3977; x_wconf 87' lang='lat' dir='ltr'><strong>Gallas.,</strong></span> <span class='ocrx_word' id='word_1_666' title='bbox 3003 3906 3202 3976; x_wconf 85' lang='lat' dir='ltr'><strong>Grab.,</strong></span> <span class='ocrx_word' id='word_1_667' title='bbox 3225 3908 3439 3966; x_wconf 77' lang='lat' dir='ltr'><strong>Arund.</strong></span> 
     </span>
     <span class='ocr_line' id='line_1_85' title="bbox 1864 3985 2643 4040; baseline -0.005 -1"><span class='ocrx_word' id='word_1_668' title='bbox 1864 3993 1917 4039; x_wconf 93' lang='lat' dir='ltr'><strong>et</strong></span> <span class='ocrx_word' id='word_1_669' title='bbox 1994 3999 2104 4038; x_wconf 89' lang='lat' dir='ltr'><strong>erc.</strong></span> <span class='ocrx_word' id='word_1_670' title='bbox 2136 3985 2192 4040; x_wconf 74' lang='grc'><strong>2.</strong></span> <span class='ocrx_word' id='word_1_671' title='bbox 2221 3985 2336 4040; x_wconf 66' lang='lat' dir='ltr'><strong>hac</strong></span> <span class='ocrx_word' id='word_1_672' title='bbox 2363 3998 2643 4037; x_wconf 71' lang='lat' dir='ltr'><strong>casarum.</strong></span> 
     </span>
    </p>
   </div>
   <div class='ocr_carea' id='block_1_82' title="bbox 1994 3998 2643 4047">
    <p class='ocr_par' dir='ltr' id='par_1_82' title="bbox 1994 3998 2643 4047">
     <span class='ocr_line' id='line_1_86' title="bbox 1994 3998 2643 4047; baseline -0.005 -9"><span class='ocrx_word' id='word_1_673' title='bbox 1994 3999 2104 4038; x_wconf 88' lang='lat' dir='ltr'><strong>erc.</strong></span> <span class='ocrx_word' id='word_1_674' title='bbox 2136 3998 2192 4047; x_wconf 68' lang='grc'><strong>2,</strong></span> <span class='ocrx_word' id='word_1_675' title='bbox 2221 3998 2336 4040; x_wconf 67' lang='grc' dir='ltr'><strong>ιωσ</strong></span> <span class='ocrx_word' id='word_1_676' title='bbox 2363 3998 2643 4037; x_wconf 71' lang='lat' dir='ltr'><strong>caecorum.</strong></span> 
     </span>
    </p>
   </div>
   <div class='ocr_carea' id='block_1_83' title="bbox 1935 4001 3438 4127">
    <p class='ocr_par' dir='ltr' id='par_1_83' title="bbox 1935 4001 3438 4127">
     <span class='ocr_line' id='line_1_87' title="bbox 1940 4001 2643 4047; baseline -0.004 -9"><span class='ocrx_word' id='word_1_677' title='bbox 1940 4001 2104 4038; x_wconf 77' lang='lat' dir='ltr'><strong>mere.</strong></span> <span class='ocrx_word' id='word_1_678' title='bbox 2136 4001 2192 4047; x_wconf 64' lang='grc' dir='ltr'><strong>κ.</strong></span> <span class='ocrx_word' id='word_1_679' title='bbox 2221 4001 2336 4040; x_wconf 69' lang='lat' dir='ltr'><strong>nec</strong></span> <span class='ocrx_word' id='word_1_680' title='bbox 2363 4001 2643 4037; x_wconf 71' lang='lat' dir='ltr'><strong>casarum.</strong></span> 
     </span>
     <span class='ocr_line' id='line_1_88' title="bbox 1935 4048 3438 4127; baseline -0.002 -18"><span class='ocrx_word' id='word_1_681' title='bbox 1935 4054 2047 4127; x_wconf 17' lang='lat'>(7‘5)</span> <span class='ocrx_word' id='word_1_682' title='bbox 2076 4053 2290 4109; x_wconf 82' lang='lat' dir='ltr'><strong>Saluari</strong></span> <span class='ocrx_word' id='word_1_683' title='bbox 2317 4061 2555 4127; x_wconf 51' lang='lat' dir='ltr'><strong>possent.</strong></span> <span class='ocrx_word' id='word_1_684' title='bbox 2580 4049 2730 4107; x_wconf 77' lang='lat' dir='ltr'><strong>Salui</strong></span> <span class='ocrx_word' id='word_1_685' title='bbox 2762 4065 2872 4107; x_wconf 77' lang='lat' dir='ltr'><strong>esse</strong></span> <span class='ocrx_word' id='word_1_686' title='bbox 2912 4049 2966 4105; x_wconf 89' lang='lat' dir='ltr'><strong>in</strong></span> <span class='ocrx_word' id='word_1_687' title='bbox 2994 4048 3228 4105; x_wconf 75' lang='lat' dir='ltr'><strong>Feuat‘d.</strong></span> <span class='ocrx_word' id='word_1_688' title='bbox 3262 4063 3438 4119; x_wconf 73' lang='lat' dir='ltr'><strong>marg.</strong></span> 
     </span>
    </p>
   </div>
   <div class='ocr_carea' id='block_1_84' title="bbox 1866 4121 3252 4200">
    <p class='ocr_par' dir='ltr' id='par_1_84' title="bbox 1866 4121 3252 4200">
     <span class='ocr_line' id='line_1_89' title="bbox 1866 4121 3252 4200; baseline 0 0"><span class='ocrx_word' id='word_1_689' title='bbox 1866 4121 2133 4200; x_wconf 51' lang='grc' dir='ltr'><strong>οιξῖίέξεχ</strong></span> <span class='ocrx_word' id='word_1_690' title='bbox 2163 4122 2468 4200; x_wconf 57' lang='lat' dir='ltr'><strong>Pomm)&quot;</strong></span> <span class='ocrx_word' id='word_1_691' title='bbox 2497 4121 2736 4200; x_wconf 41' lang='lat'><strong>9&#39;30!“</strong></span> <span class='ocrx_word' id='word_1_692' title='bbox 3083 4188 3097 4200; x_wconf 93' lang='lat'><strong>.</strong></span> <span class='ocrx_word' id='word_1_693' title='bbox 3219 4187 3252 4200; x_wconf 94' lang='lat'><strong>..</strong></span> 
     </span>
    </p>
   </div>
   <div class='ocr_carea' id='block_1_85' title="bbox 1938 4187 3443 4267">
    <p class='ocr_par' dir='ltr' id='par_1_85' title="bbox 1938 4187 3443 4267">
     <span class='ocr_line' id='line_1_90' title="bbox 1938 4187 3443 4267; baseline -0.001 -21"><span class='ocrx_word' id='word_1_694' title='bbox 1938 4192 2052 4267; x_wconf 68' lang='lat'>(74)</span> <span class='ocrx_word' id='word_1_695' title='bbox 2077 4187 2611 4267; x_wconf 67' lang='lat' dir='ltr'><strong>Templumpomini.</strong></span> <span class='ocrx_word' id='word_1_696' title='bbox 2648 4190 2754 4267; x_wconf 70' lang='lat' dir='ltr'><strong>Ter</strong></span> <span class='ocrx_word' id='word_1_697' title='bbox 2791 4188 3054 4258; x_wconf 86' lang='lat' dir='ltr'><strong>repetitur</strong></span> <span class='ocrx_word' id='word_1_698' title='bbox 3082 4188 3137 4244; x_wconf 92' lang='lat' dir='ltr'><strong>in</strong></span> <span class='ocrx_word' id='word_1_699' title='bbox 3167 4187 3351 4267; x_wconf 78' lang='lat' dir='ltr'><strong>editt.;</strong></span> <span class='ocrx_word' id='word_1_700' title='bbox 3383 4197 3443 4244; x_wconf 88' lang='lat' dir='ltr'><strong>at</strong></span> 
     </span>
    </p>
   </div>
   <div class='ocr_carea' id='block_1_86' title="bbox 1868 4258 3438 4325">
    <p class='ocr_par' dir='ltr' id='par_1_86' title="bbox 1868 4258 3438 4325">
     <span class='ocr_line' id='line_1_91' title="bbox 1868 4258 3438 4325; baseline -0.003 -6"><span class='ocrx_word' id='word_1_701' title='bbox 1868 4258 1993 4319; x_wconf 82' lang='lat' dir='ltr'><strong>cuin</strong></span> <span class='ocrx_word' id='word_1_702' title='bbox 2020 4258 2239 4317; x_wconf 83' lang='lat' dir='ltr'><strong>tertium</strong></span> <span class='ocrx_word' id='word_1_703' title='bbox 2264 4264 2407 4316; x_wconf 86' lang='lat' dir='ltr'><strong>absit</strong></span> <span class='ocrx_word' id='word_1_704' title='bbox 2449 4261 2517 4315; x_wconf 89' lang='lat' dir='ltr'><strong>ab</strong></span> <span class='ocrx_word' id='word_1_705' title='bbox 2556 4259 2810 4315; x_wconf 85' lang='lat' dir='ltr'><strong>omnibus</strong></span> <span class='ocrx_word' id='word_1_706' title='bbox 2844 4273 2973 4314; x_wconf 88' lang='lat' dir='ltr'><strong>mss.</strong></span> <span class='ocrx_word' id='word_1_707' title='bbox 3026 4258 3251 4325; x_wconf 87' lang='lat' dir='ltr'><strong>nostris,</strong></span> <span class='ocrx_word' id='word_1_708' title='bbox 3300 4268 3355 4314; x_wconf 88' lang='lat' dir='ltr'><strong>et</strong></span> <span class='ocrx_word' id='word_1_709' title='bbox 3406 4273 3438 4314; x_wconf 83' lang='lat' dir='ltr'><strong>a</strong></span> 
     </span>
    </p>
   </div>
   <div class='ocr_carea' id='block_1_87' title="bbox 1866 4329 2480 4393">
    <p class='ocr_par' dir='ltr' id='par_1_87' title="bbox 1866 4329 2480 4393">
     <span class='ocr_line' id='line_1_92' title="bbox 1866 4329 2480 4393; baseline -0.01 -4"><span class='ocrx_word' id='word_1_710' title='bbox 1866 4344 2016 4389; x_wconf 91' lang='lat' dir='ltr'><strong>textu</strong></span> <span class='ocrx_word' id='word_1_711' title='bbox 2044 4329 2152 4385; x_wconf 81' lang='grc' dir='ltr'><strong>τῶν</strong></span> <span class='ocrx_word' id='word_1_712' title='bbox 2177 4332 2253 4393; x_wconf 82' lang='lat'><strong>0’,</strong></span> <span class='ocrx_word' id='word_1_713' title='bbox 2286 4330 2480 4387; x_wconf 91' lang='lat' dir='ltr'><strong>delevi.</strong></span> 
     </span>
    </p>
   </div>
   <div class='ocr_carea' id='block_1_88' title="bbox 1934 4396 3421 4476">
    <p class='ocr_par' dir='ltr' id='par_1_88' title="bbox 1934 4396 3421 4476">
     <span class='ocr_line' id='line_1_93' title="bbox 1934 4396 3421 4476; baseline -0.003 -18"><span class='ocrx_word' id='word_1_714' title='bbox 1934 4402 2047 4476; x_wconf 85' lang='lat'>(75)</span> <span class='ocrx_word' id='word_1_715' title='bbox 2095 4399 2223 4463; x_wconf 81' lang='lat' dir='ltr'><strong>Non</strong></span> <span class='ocrx_word' id='word_1_716' title='bbox 2270 4418 2387 4458; x_wconf 85' lang='lat' dir='ltr'><strong>sum</strong></span> <span class='ocrx_word' id='word_1_717' title='bbox 2442 4398 2669 4455; x_wconf 80' lang='lat' dir='ltr'><strong>loeutus.</strong></span> <span class='ocrx_word' id='word_1_718' title='bbox 2719 4396 3001 4466; x_wconf 79' lang='lat' dir='ltr'><strong>Clarom.,</strong></span> <span class='ocrx_word' id='word_1_719' title='bbox 3069 4398 3116 4453; x_wconf 86' lang='lat' dir='ltr'><strong>si</strong></span> <span class='ocrx_word' id='word_1_720' title='bbox 3166 4413 3285 4453; x_wconf 81' lang='lat' dir='ltr'><strong>sum</strong></span> <span class='ocrx_word' id='word_1_721' title='bbox 3338 4399 3421 4453; x_wconf 83' lang='lat' dir='ltr'><strong>lo-</strong></span> 
     </span>
    </p>
   </div>
   <div class='ocr_carea' id='block_1_89' title="bbox 186 4464 2042 4549">
    <p class='ocr_par' dir='ltr' id='par_1_89' title="bbox 186 4464 2042 4549">
     <span class='ocr_line' id='line_1_94' title="bbox 186 4464 2042 4549; baseline 0.001 -24"><span class='ocrx_word' id='word_1_722' title='bbox 186 4481 421 4549; x_wconf 71' lang='lat' dir='ltr'><strong>uterque</strong></span> <span class='ocrx_word' id='word_1_723' title='bbox 455 4464 885 4549; x_wconf 59' lang='lat' dir='ltr'><strong>deproinpserit,’</strong></span> <span class='ocrx_word' id='word_1_724' title='bbox 923 4464 1140 4549; x_wconf 79' lang='lat' dir='ltr'><strong>diﬁicile</strong></span> <span class='ocrx_word' id='word_1_725' title='bbox 1192 4469 1339 4549; x_wconf 78' lang='lat' dir='ltr'><strong>dictu</strong></span> <span class='ocrx_word' id='word_1_726' title='bbox 1377 4480 1477 4549; x_wconf 81' lang='lat' dir='ltr'><strong>est.</strong></span> <span class='ocrx_word' id='word_1_727' title='bbox 1522 4469 1579 4525; x_wconf 88' lang='lat' dir='ltr'><strong>in</strong></span> <span class='ocrx_word' id='word_1_728' title='bbox 1612 4472 1758 4549; x_wconf 82' lang='lat' dir='ltr'><strong>nullo</strong></span> <span class='ocrx_word' id='word_1_729' title='bbox 1789 4494 1834 4549; x_wconf 73' lang='grc' dir='ltr'><strong>ι)</strong></span> <span class='ocrx_word' id='word_1_730' title='bbox 1869 4464 2042 4549; x_wconf 60' lang='lat' dir='ltr'><strong>cuius;</strong></span> 
     </span>
    </p>
   </div>
   <div class='ocr_carea' id='block_1_90' title="bbox 185 4539 1755 4621">
    <p class='ocr_par' dir='ltr' id='par_1_90' title="bbox 185 4539 1755 4621">
     <span class='ocr_line' id='line_1_95' title="bbox 185 4539 1755 4621; baseline 0 -25"><span class='ocrx_word' id='word_1_731' title='bbox 185 4541 338 4596; x_wconf 87' lang='lat' dir='ltr'><strong>enim</strong></span> <span class='ocrx_word' id='word_1_732' title='bbox 354 4552 571 4621; x_wconf 63' lang='lat' dir='ltr'><strong>eorum.</strong></span> <span class='ocrx_word' id='word_1_733' title='bbox 593 4539 693 4621; x_wconf 80' lang='lat' dir='ltr'><strong>qui</strong></span> <span class='ocrx_word' id='word_1_734' title='bbox 704 4554 858 4621; x_wconf 74' lang='lat' dir='ltr'><strong>nunc</strong></span> <span class='ocrx_word' id='word_1_735' title='bbox 875 4547 1110 4603; x_wconf 84' lang='lat' dir='ltr'><strong>exstant.</strong></span> <span class='ocrx_word' id='word_1_736' title='bbox 1127 4548 1285 4621; x_wconf 75' lang='lat' dir='ltr'><strong>prout</strong></span> <span class='ocrx_word' id='word_1_737' title='bbox 1306 4540 1475 4621; x_wconf 73' lang='lat' dir='ltr'><strong>jacet,</strong></span> <span class='ocrx_word' id='word_1_738' title='bbox 1488 4544 1755 4621; x_wconf 82' lang='lat' dir='ltr'><strong>occurrit,</strong></span> 
     </span>
    </p>
   </div>
   <div class='ocr_carea' id='block_1_91' title="bbox 185 4606 1756 4758">
    <p class='ocr_par' dir='ltr' id='par_1_91' title="bbox 185 4606 1756 4758">
     <span class='ocr_line' id='line_1_96' title="bbox 190 4606 1756 4735; baseline 0.002 -72"><span class='ocrx_word' id='word_1_739' title='bbox 190 4622 373 4679; x_wconf 89' lang='lat' dir='ltr'><strong>neque</strong></span> <span class='ocrx_word' id='word_1_740' title='bbox 404 4606 769 4690; x_wconf 71' lang='lat' dir='ltr'><strong>Ecclesiastici</strong></span> <span class='ocrx_word' id='word_1_741' title='bbox 796 4623 919 4678; x_wconf 85' lang='lat' dir='ltr'><strong>cap.</strong></span> <span class='ocrx_word' id='word_1_742' title='bbox 946 4623 1109 4675; x_wconf 87' lang='lat' dir='ltr'><strong>xxxv,</strong></span> <span class='ocrx_word' id='word_1_743' title='bbox 1131 4606 1284 4735; x_wconf 55' lang='lat' dir='ltr'><strong>&#39;Tiiod</strong></span> <span class='ocrx_word' id='word_1_744' title='bbox 1310 4606 1405 4663; x_wconf 49' lang='lat' dir='ltr'><strong>&#39;ad</strong></span> <span class='ocrx_word' id='word_1_745' title='bbox 1450 4606 1756 4692; x_wconf 68' lang='lat' dir='ltr'><strong>marginem</strong></span> 
     </span>
     <span class='ocr_line' id='line_1_97' title="bbox 185 4678 1755 4758; baseline 0 -24"><span class='ocrx_word' id='word_1_746' title='bbox 185 4678 493 4758; x_wconf 74' lang='lat' dir='ltr'><strong>Clementis</strong></span> <span class='ocrx_word' id='word_1_747' title='bbox 520 4684 762 4732; x_wconf 87' lang='lat' dir='ltr'><strong>notatum</strong></span> <span class='ocrx_word' id='word_1_748' title='bbox 783 4687 887 4742; x_wconf 85' lang='lat' dir='ltr'><strong>est,</strong></span> <span class='ocrx_word' id='word_1_749' title='bbox 928 4693 1103 4758; x_wconf 77' lang='lat' dir='ltr'><strong>neque</strong></span> <span class='ocrx_word' id='word_1_750' title='bbox 1130 4696 1159 4758; x_wconf 58' lang='grc' dir='ltr'>ξ</span> <span class='ocrx_word' id='word_1_751' title='bbox 1306 4678 1639 4758; x_wconf 64' lang='lat' dir='ltr'><strong>crediderim</strong></span> <span class='ocrx_word' id='word_1_752' title='bbox 1668 4690 1755 4758; x_wconf 79' lang='lat' dir='ltr'><strong>ta-</strong></span> 
     </span>
    </p>
   </div>
   <div class='ocr_carea' id='block_1_92' title="bbox 189 4748 1754 4817">
    <p class='ocr_par' dir='ltr' id='par_1_92' title="bbox 189 4748 1754 4817">
     <span class='ocr_line' id='line_1_98' title="bbox 189 4748 1754 4817; baseline 0 -13"><span class='ocrx_word' id='word_1_753' title='bbox 189 4764 318 4804; x_wconf 89' lang='lat' dir='ltr'><strong>men</strong></span> <span class='ocrx_word' id='word_1_754' title='bbox 380 4753 666 4817; x_wconf 85' lang='lat' dir='ltr'><strong>utrumque</strong></span> <span class='ocrx_word' id='word_1_755' title='bbox 744 4748 1044 4817; x_wconf 86' lang='lat' dir='ltr'><strong>respexisse</strong></span> <span class='ocrx_word' id='word_1_756' title='bbox 1093 4750 1161 4802; x_wconf 90' lang='lat' dir='ltr'><strong>ad</strong></span> <span class='ocrx_word' id='word_1_757' title='bbox 1227 4749 1359 4803; x_wconf 88' lang='lat' dir='ltr'><strong>illud</strong></span> <span class='ocrx_word' id='word_1_758' title='bbox 1399 4748 1754 4804; x_wconf 86' lang='lat' dir='ltr'><strong>Ecciesiasti-</strong></span> 
     </span>
    </p>
   </div>
   <div class='ocr_carea' id='block_1_93' title="bbox 187 4815 1753 4885">
    <p class='ocr_par' dir='ltr' id='par_1_93' title="bbox 187 4815 1753 4885">
     <span class='ocr_line' id='line_1_99' title="bbox 187 4815 1753 4885; baseline -0.001 -10"><span class='ocrx_word' id='word_1_759' title='bbox 187 4822 238 4875; x_wconf 89' lang='lat' dir='ltr'><strong>ci</strong></span> <span class='ocrx_word' id='word_1_760' title='bbox 276 4832 457 4875; x_wconf 72' lang='lat' dir='ltr'><strong>xxxix.</strong></span> <span class='ocrx_word' id='word_1_761' title='bbox 484 4815 746 4885; x_wconf 51' lang='lat' dir='ltr'><strong>“(juxta</strong></span> <span class='ocrx_word' id='word_1_762' title='bbox 772 4815 913 4871; x_wconf 76' lang='lat' dir='ltr'><strong>LXX</strong></span> <span class='ocrx_word' id='word_1_763' title='bbox 946 4831 963 4872; x_wconf 91' lang='lat'><strong>:</strong></span> <span class='ocrx_word' id='word_1_764' title='bbox 1001 4818 1111 4873; x_wconf 81' lang='lat' dir='ltr'><strong>Kal</strong></span> <span class='ocrx_word' id='word_1_765' title='bbox 1143 4818 1220 4881; x_wconf 83' lang='grc' dir='ltr'>ὡς</span> <span class='ocrx_word' id='word_1_766' title='bbox 1262 4817 1479 4882; x_wconf 75' lang='grc' dir='ltr'><strong>λιϐανος</strong></span> <span class='ocrx_word' id='word_1_767' title='bbox 1528 4818 1753 4874; x_wconf 81' lang='grc' dir='ltr'><strong>εὑωδιά-</strong></span> 
     </span>
    </p>
   </div>
   <div class='ocr_carea' id='block_1_94' title="bbox 190 4886 1752 4959">
    <p class='ocr_par' dir='ltr' id='par_1_94' title="bbox 190 4886 1752 4959">
     <span class='ocr_line' id='line_1_100' title="bbox 190 4886 1752 4959; baseline -0.001 -16"><span class='ocrx_word' id='word_1_768' title='bbox 190 4904 324 4959; x_wconf 55' lang='grc' dir='ltr'><strong>σατς</strong></span> <span class='ocrx_word' id='word_1_769' title='bbox 354 4886 549 4959; x_wconf 76' lang='grc' dir='ltr'><strong>ὀσμὴν,</strong></span> <span class='ocrx_word' id='word_1_770' title='bbox 580 4887 691 4959; x_wconf 12' lang='lat' dir='ltr'><strong>fatal</strong></span> <span class='ocrx_word' id='word_1_771' title='bbox 716 4886 986 4959; x_wconf 58' lang='lat' dir='ltr'><strong>avoque;</strong></span> <span class='ocrx_word' id='word_1_772' title='bbox 1017 4888 1173 4953; x_wconf 79' lang='grc' dir='ltr'><strong>ἄνθος</strong></span> <span class='ocrx_word' id='word_1_773' title='bbox 1204 4888 1281 4953; x_wconf 85' lang='grc' dir='ltr'><strong>ὼς</strong></span> <span class='ocrx_word' id='word_1_774' title='bbox 1312 4888 1514 4959; x_wconf 69' lang='grc' dir='ltr'><strong>κρίνογσ</strong></span> <span class='ocrx_word' id='word_1_775' title='bbox 1550 4887 1752 4944; x_wconf 75' lang='grc' dir='ltr'><strong>διάδοτε</strong></span> 
     </span>
    </p>
   </div>
   <div class='ocr_carea' id='block_1_95' title="bbox 185 4956 1754 5083">
    <p class='ocr_par' dir='ltr' id='par_1_95' title="bbox 185 4956 1754 5083">
     <span class='ocr_line' id='line_1_101' title="bbox 185 4956 1754 5083; baseline 0 -69"><span class='ocrx_word' id='word_1_776' title='bbox 185 4956 387 5083; x_wconf 51' lang='grc' dir='ltr'><strong>ὀῗςιὴν,</strong></span> <span class='ocrx_word' id='word_1_777' title='bbox 415 4956 507 5009; x_wconf 74' lang='grc' dir='ltr'><strong>καὶ</strong></span> <span class='ocrx_word' id='word_1_778' title='bbox 538 4957 784 5011; x_wconf 64' lang='lat' dir='ltr'><strong>civicam</strong></span> <span class='ocrx_word' id='word_1_779' title='bbox 812 4956 998 5083; x_wconf 52' lang='grc' dir='ltr'><strong>ἆσμαε·</strong></span> <span class='ocrx_word' id='word_1_780' title='bbox 1034 4956 1363 5030; x_wconf 73' lang='grc' dir='ltr'><strong>εὐλογήσατέ</strong></span> <span class='ocrx_word' id='word_1_781' title='bbox 1404 4956 1639 5042; x_wconf 37' lang='grc' dir='ltr'><strong>Κύριονι-</strong></span> <span class='ocrx_word' id='word_1_782' title='bbox 1662 4962 1754 5042; x_wconf 57' lang='lat' dir='ltr'><strong>tari</strong></span> 
     </span>
     <span class='ocr_line' id='line_1_102' title="bbox 187 5024 1752 5083; baseline 0 0"><span class='ocrx_word' id='word_1_783' title='bbox 187 5046 234 5083; x_wconf 82' lang='grc' dir='ltr'><strong>π</strong></span> <span class='ocrx_word' id='word_1_784' title='bbox 378 5027 489 5083; x_wconf 78' lang='grc' dir='ltr'><strong>τοῖς</strong></span> <span class='ocrx_word' id='word_1_785' title='bbox 545 5024 743 5083; x_wconf 64' lang='lat' dir='ltr'><strong>Imm.</strong></span> <span class='ocrx_word' id='word_1_786' title='bbox 864 5043 979 5083; x_wconf 72' lang='lat' dir='ltr'><strong>uasa</strong></span> <span class='ocrx_word' id='word_1_787' title='bbox 1025 5029 1143 5082; x_wconf 78' lang='lat' dir='ltr'><strong>(Irus</strong></span> <span class='ocrx_word' id='word_1_788' title='bbox 1202 5030 1415 5081; x_wconf 81' lang='lat' dir='ltr'><strong>odorem</strong></span> <span class='ocrx_word' id='word_1_789' title='bbox 1474 5039 1752 5083; x_wconf 72' lang='lat' dir='ltr'><strong>suavitatis</strong></span> 
     </span>
    </p>
   </div>
   <div class='ocr_carea' id='block_1_96' title="bbox 187 5024 1752 5091">
    <p class='ocr_par' dir='ltr' id='par_1_96' title="bbox 187 5024 1752 5091">
     <span class='ocr_line' id='line_1_103' title="bbox 187 5024 1752 5091; baseline 0.001 -8"><span class='ocrx_word' id='word_1_790' title='bbox 187 5024 335 5083; x_wconf 67' lang='grc' dir='ltr'><strong>πᾶσί</strong></span> <span class='ocrx_word' id='word_1_791' title='bbox 378 5027 489 5091; x_wconf 78' lang='grc' dir='ltr'><strong>τοῖς</strong></span> <span class='ocrx_word' id='word_1_792' title='bbox 545 5024 743 5091; x_wconf 75' lang='grc' dir='ltr'><strong>εργοις.</strong></span> <span class='ocrx_word' id='word_1_793' title='bbox 812 5024 979 5091; x_wconf 71' lang='lat' dir='ltr'><strong>Quasi</strong></span> <span class='ocrx_word' id='word_1_794' title='bbox 1025 5026 1143 5082; x_wconf 74' lang='lat' dir='ltr'><strong>(Irus</strong></span> <span class='ocrx_word' id='word_1_795' title='bbox 1171 5024 1415 5081; x_wconf 64' lang='lat' dir='ltr'><strong>&#39;odorem</strong></span> <span class='ocrx_word' id='word_1_796' title='bbox 1474 5024 1752 5084; x_wconf 57' lang='lat' dir='ltr'><strong>suavitatis</strong></span> 
     </span>
    </p>
   </div>
   <div class='ocr_carea' id='block_1_97' title="bbox 184 5096 1752 5168">
    <p class='ocr_par' dir='ltr' id='par_1_97' title="bbox 184 5096 1752 5168">
     <span class='ocr_line' id='line_1_104' title="bbox 184 5096 1752 5168; baseline -0.001 -14"><span class='ocrx_word' id='word_1_797' title='bbox 184 5098 434 5161; x_wconf 74' lang='lat' dir='ltr'><strong>emittite,</strong></span> <span class='ocrx_word' id='word_1_798' title='bbox 485 5105 533 5150; x_wconf 79' lang='lat' dir='ltr'><strong>et</strong></span> <span class='ocrx_word' id='word_1_799' title='bbox 568 5096 763 5168; x_wconf 66' lang='lat' dir='ltr'><strong>ﬂorele</strong></span> <span class='ocrx_word' id='word_1_800' title='bbox 787 5098 973 5168; x_wconf 73' lang='lat' dir='ltr'><strong>florem</strong></span> <span class='ocrx_word' id='word_1_801' title='bbox 1007 5098 1157 5167; x_wconf 72' lang='lat' dir='ltr'><strong>quasi</strong></span> <span class='ocrx_word' id='word_1_802' title='bbox 1205 5096 1377 5168; x_wconf 74' lang='lat' dir='ltr'><strong>lilium</strong></span> <span class='ocrx_word' id='word_1_803' title='bbox 1410 5112 1430 5153; x_wconf 90' lang='lat'><strong><em>:</em></strong></span> <span class='ocrx_word' id='word_1_804' title='bbox 1470 5098 1752 5168; x_wconf 62' lang='lat' dir='ltr'><strong>diﬁ&#39;undite</strong></span> 
     </span>
    </p>
   </div>
   <div class='ocr_carea' id='block_1_98' title="bbox 187 5165 1753 5233">
    <p class='ocr_par' dir='ltr' id='par_1_98' title="bbox 187 5165 1753 5233">
     <span class='ocr_line' id='line_1_105' title="bbox 187 5165 1753 5233; baseline 0.001 -12"><span class='ocrx_word' id='word_1_805' title='bbox 187 5168 425 5233; x_wconf 79' lang='lat' dir='ltr'><strong>odorem,</strong></span> <span class='ocrx_word' id='word_1_806' title='bbox 466 5176 516 5220; x_wconf 84' lang='lat' dir='ltr'><strong>et</strong></span> <span class='ocrx_word' id='word_1_807' title='bbox 554 5165 851 5221; x_wconf 74' lang='lat' dir='ltr'><strong>cotiauddte</strong></span> <span class='ocrx_word' id='word_1_808' title='bbox 879 5165 1142 5231; x_wconf 74' lang='lat' dir='ltr'><strong>canticum</strong></span> <span class='ocrx_word' id='word_1_809' title='bbox 1176 5181 1197 5222; x_wconf 88' lang='lat'><strong><em>:</em></strong></span> <span class='ocrx_word' id='word_1_810' title='bbox 1240 5165 1753 5223; x_wconf 44' lang='lat' dir='ltr'><strong>benedicite&#39;Douti-</strong></span> 
     </span>
    </p>
   </div>
   <div class='ocr_carea' id='block_1_99' title="bbox 188 5235 1750 5307">
    <p class='ocr_par' dir='ltr' id='par_1_99' title="bbox 188 5235 1750 5307">
     <span class='ocr_line' id='line_1_106' title="bbox 188 5235 1750 5307; baseline 0.001 -15"><span class='ocrx_word' id='word_1_811' title='bbox 188 5253 316 5307; x_wconf 64' lang='grc' dir='ltr'><strong>ειμι</strong></span> <span class='ocrx_word' id='word_1_812' title='bbox 345 5236 401 5289; x_wconf 79' lang='lat' dir='ltr'><strong>in</strong></span> <span class='ocrx_word' id='word_1_813' title='bbox 426 5236 663 5289; x_wconf 71' lang='lat' dir='ltr'><strong>omnibus</strong></span> <span class='ocrx_word' id='word_1_814' title='bbox 718 5236 959 5307; x_wconf 78' lang='lat' dir='ltr'><strong>operibus</strong></span> <span class='ocrx_word' id='word_1_815' title='bbox 992 5239 1123 5292; x_wconf 87' lang='lat' dir='ltr'><strong>suis.</strong></span> <span class='ocrx_word' id='word_1_816' title='bbox 1176 5235 1344 5305; x_wconf 75' lang='lat' dir='ltr'><strong>Cujus</strong></span> <span class='ocrx_word' id='word_1_817' title='bbox 1390 5237 1608 5307; x_wconf 87' lang='lat' dir='ltr'><strong>quidem</strong></span> <span class='ocrx_word' id='word_1_818' title='bbox 1648 5236 1750 5294; x_wconf 86' lang='lat' dir='ltr'><strong>loci</strong></span> 
     </span>
    </p>
   </div>
   <div class='ocr_carea' id='block_1_100' title="bbox 188 5252 1747 5377">
    <p class='ocr_par' dir='ltr' id='par_1_100' title="bbox 188 5252 1747 5377">
     <span class='ocr_line' id='line_1_107' title="bbox 188 5252 1747 5359; baseline 0.001 -67"><span class='ocrx_word' id='word_1_819' title='bbox 188 5253 316 5292; x_wconf 68' lang='lat' dir='ltr'><strong>sunt</strong></span> <span class='ocrx_word' id='word_1_820' title='bbox 345 5252 401 5289; x_wconf 79' lang='lat' dir='ltr'><strong>in</strong></span> <span class='ocrx_word' id='word_1_821' title='bbox 426 5252 663 5289; x_wconf 72' lang='lat' dir='ltr'><strong>omnibus</strong></span> <span class='ocrx_word' id='word_1_822' title='bbox 718 5252 959 5359; x_wconf 53' lang='lat' dir='ltr'><strong>egimus</strong></span> <span class='ocrx_word' id='word_1_823' title='bbox 992 5254 1123 5292; x_wconf 74' lang='lat' dir='ltr'><strong>suis.</strong></span> <span class='ocrx_word' id='word_1_824' title='bbox 1176 5252 1344 5305; x_wconf 68' lang='lat' dir='ltr'><strong>blljlll</strong></span> <span class='ocrx_word' id='word_1_825' title='bbox 1390 5252 1608 5307; x_wconf 78' lang='lat' dir='ltr'><strong>quidem</strong></span> <span class='ocrx_word' id='word_1_826' title='bbox 1648 5252 1747 5294; x_wconf 86' lang='lat' dir='ltr'><strong>toct</strong></span> 
     </span>
     <span class='ocr_line' id='line_1_108' title="bbox 188 5306 1747 5377; baseline 0 -15"><span class='ocrx_word' id='word_1_827' title='bbox 188 5306 347 5377; x_wconf 74' lang='lat' dir='ltr'><strong>velut</strong></span> <span class='ocrx_word' id='word_1_828' title='bbox 368 5320 577 5377; x_wconf 83' lang='lat' dir='ltr'><strong>summa</strong></span> <span class='ocrx_word' id='word_1_829' title='bbox 601 5319 724 5375; x_wconf 68' lang='lat' dir='ltr'><strong>quae</strong></span> <span class='ocrx_word' id='word_1_830' title='bbox 765 5308 1109 5377; x_wconf 7' lang='lat' dir='ltr'><strong>amgspectari</strong></span> <span class='ocrx_word' id='word_1_831' title='bbox 1132 5314 1312 5376; x_wconf 86' lang='lat' dir='ltr'><strong>potest</strong></span> <span class='ocrx_word' id='word_1_832' title='bbox 1347 5320 1410 5361; x_wconf 89' lang='lat' dir='ltr'><strong>ea</strong></span> <span class='ocrx_word' id='word_1_833' title='bbox 1458 5307 1747 5365; x_wconf 85' lang='lat' dir='ltr'><strong>sententia.</strong></span> 
     </span>
    </p>
   </div>
   <div class='ocr_carea' id='block_1_101' title="bbox 192 5375 1746 5445">
    <p class='ocr_par' dir='ltr' id='par_1_101' title="bbox 192 5375 1746 5445">
     <span class='ocr_line' id='line_1_109' title="bbox 192 5375 1746 5445; baseline 0.003 -16"><span class='ocrx_word' id='word_1_834' title='bbox 192 5376 349 5444; x_wconf 85' lang='lat' dir='ltr'><strong>Quod</strong></span> <span class='ocrx_word' id='word_1_835' title='bbox 375 5390 506 5445; x_wconf 80' lang='lat' dir='ltr'><strong>vero</strong></span> <span class='ocrx_word' id='word_1_836' title='bbox 534 5375 660 5445; x_wconf 81' lang='lat' dir='ltr'><strong>huic</strong></span> <span class='ocrx_word' id='word_1_837' title='bbox 682 5375 974 5445; x_wconf 69' lang='lat' dir='ltr'><strong>praemittat</strong></span> <span class='ocrx_word' id='word_1_838' title='bbox 1001 5375 1235 5432; x_wconf 75' lang='lat' dir='ltr'><strong>Ireiiams</strong></span> <span class='ocrx_word' id='word_1_839' title='bbox 1259 5378 1424 5432; x_wconf 89' lang='lat' dir='ltr'><strong>verba</strong></span> <span class='ocrx_word' id='word_1_840' title='bbox 1468 5377 1665 5445; x_wconf 86' lang='lat' dir='ltr'><strong>psalmi</strong></span> <span class='ocrx_word' id='word_1_841' title='bbox 1692 5393 1746 5443; x_wconf 82' lang='grc' dir='ltr'><strong>ι,</strong></span> 
     </span>
    </p>
   </div>
   <div class='ocr_carea' id='block_1_102' title="bbox 193 5444 1747 5515">
    <p class='ocr_par' dir='ltr' id='par_1_102' title="bbox 193 5444 1747 5515">
     <span class='ocr_line' id='line_1_110' title="bbox 193 5444 1747 5515; baseline 0.001 -14"><span class='ocrx_word' id='word_1_842' title='bbox 193 5460 305 5515; x_wconf 86' lang='lat' dir='ltr'><strong>non</strong></span> <span class='ocrx_word' id='word_1_843' title='bbox 322 5444 461 5515; x_wconf 87' lang='lat' dir='ltr'><strong>adeo</strong></span> <span class='ocrx_word' id='word_1_844' title='bbox 484 5444 682 5499; x_wconf 86' lang='lat' dir='ltr'><strong>mirum</strong></span> <span class='ocrx_word' id='word_1_845' title='bbox 730 5462 744 5499; x_wconf 91' lang='lat'>:</span> <span class='ocrx_word' id='word_1_846' title='bbox 791 5446 937 5500; x_wconf 89' lang='lat' dir='ltr'><strong>varia</strong></span> <span class='ocrx_word' id='word_1_847' title='bbox 992 5447 1261 5515; x_wconf 88' lang='lat' dir='ltr'><strong>siquidem</strong></span> <span class='ocrx_word' id='word_1_848' title='bbox 1312 5444 1621 5501; x_wconf 87' lang='lat' dir='ltr'><strong>testimonia</strong></span> <span class='ocrx_word' id='word_1_849' title='bbox 1679 5462 1747 5503; x_wconf 88' lang='lat' dir='ltr'><strong>ex</strong></span> 
     </span>
    </p>
   </div>
   <div class='ocr_carea' id='block_1_103' title="bbox 189 5514 1749 5587">
    <p class='ocr_par' dir='ltr' id='par_1_103' title="bbox 189 5514 1749 5587">
     <span class='ocr_line' id='line_1_111' title="bbox 189 5514 1749 5587; baseline 0.002 -19"><span class='ocrx_word' id='word_1_850' title='bbox 189 5514 361 5587; x_wconf 71' lang='lat' dir='ltr'><strong>variis</strong></span> <span class='ocrx_word' id='word_1_851' title='bbox 384 5514 516 5569; x_wconf 88' lang='lat' dir='ltr'><strong>locis</strong></span> <span class='ocrx_word' id='word_1_852' title='bbox 543 5515 857 5587; x_wconf 84' lang='lat' dir='ltr'><strong>deprompta</strong></span> <span class='ocrx_word' id='word_1_853' title='bbox 896 5515 975 5571; x_wconf 81' lang='lat' dir='ltr'><strong>sic</strong></span> <span class='ocrx_word' id='word_1_854' title='bbox 999 5514 1268 5587; x_wconf 81' lang='lat' dir='ltr'><strong>interdum</strong></span> <span class='ocrx_word' id='word_1_855' title='bbox 1296 5516 1594 5587; x_wconf 84' lang='lat' dir='ltr'><strong>conjungit,</strong></span> <span class='ocrx_word' id='word_1_856' title='bbox 1625 5530 1749 5585; x_wconf 85' lang='lat' dir='ltr'><strong>per-</strong></span> 
     </span>
    </p>
   </div>
   <div class='ocr_carea' id='block_1_104' title="bbox 190 5584 1747 5655">
    <p class='ocr_par' dir='ltr' id='par_1_104' title="bbox 190 5584 1747 5655">
     <span class='ocr_line' id='line_1_112' title="bbox 190 5584 1747 5655; baseline 0.002 -16"><span class='ocrx_word' id='word_1_857' title='bbox 190 5586 319 5655; x_wconf 81' lang='lat' dir='ltr'><strong>inde</strong></span> <span class='ocrx_word' id='word_1_858' title='bbox 371 5592 533 5653; x_wconf 85' lang='lat' dir='ltr'><strong>atque</strong></span> <span class='ocrx_word' id='word_1_859' title='bbox 547 5598 671 5655; x_wconf 71' lang='lat' dir='ltr'><strong>.uno</strong></span> <span class='ocrx_word' id='word_1_860' title='bbox 707 5586 1005 5655; x_wconf 86' lang='lat' dir='ltr'><strong>eodemque</strong></span> <span class='ocrx_word' id='word_1_861' title='bbox 1024 5586 1145 5641; x_wconf 89' lang='lat' dir='ltr'><strong>loco</strong></span> <span class='ocrx_word' id='word_1_862' title='bbox 1170 5584 1521 5641; x_wconf 63' lang='lat' dir='ltr'><strong>haberentur}</strong></span> <span class='ocrx_word' id='word_1_863' title='bbox 1557 5584 1747 5642; x_wconf 76' lang='lat' dir='ltr'><strong>Exem-</strong></span> 
     </span>
    </p>
   </div>
   <div class='ocr_carea' id='block_1_105' title="bbox 189 5653 1745 5724">
    <p class='ocr_par' dir='ltr' id='par_1_105' title="bbox 189 5653 1745 5724">
     <span class='ocr_line' id='line_1_113' title="bbox 189 5653 1745 5724; baseline 0.001 -16"><span class='ocrx_word' id='word_1_864' title='bbox 189 5654 339 5724; x_wconf 89' lang='lat' dir='ltr'><strong>plum</strong></span> <span class='ocrx_word' id='word_1_865' title='bbox 367 5653 786 5722; x_wconf 86' lang='lat' dir='ltr'><strong>suppeditabunt</strong></span> <span class='ocrx_word' id='word_1_866' title='bbox 816 5653 964 5710; x_wconf 67' lang='lat' dir='ltr'><strong>Isaia:</strong></span> <span class='ocrx_word' id='word_1_867' title='bbox 994 5656 1156 5710; x_wconf 86' lang='lat' dir='ltr'><strong>verba</strong></span> <span class='ocrx_word' id='word_1_868' title='bbox 1197 5655 1357 5723; x_wconf 89' lang='lat' dir='ltr'><strong>paulo</strong></span> <span class='ocrx_word' id='word_1_869' title='bbox 1401 5664 1526 5724; x_wconf 82' lang='lat' dir='ltr'><strong>post</strong></span> <span class='ocrx_word' id='word_1_870' title='bbox 1552 5657 1745 5721; x_wconf 86' lang='lat' dir='ltr'><strong>citata,</strong></span> 
     </span>
    </p>
   </div>
   <div class='ocr_carea' id='block_1_106' title="bbox 190 5725 1745 5799">
    <p class='ocr_par' dir='ltr' id='par_1_106' title="bbox 190 5725 1745 5799">
     <span class='ocr_line' id='line_1_114' title="bbox 190 5725 1745 5799; baseline 0.005 -22"><span class='ocrx_word' id='word_1_871' title='bbox 190 5738 300 5799; x_wconf 58' lang='lat' dir='ltr'><strong>rion</strong></span> <span class='ocrx_word' id='word_1_872' title='bbox 325 5732 542 5799; x_wconf 65' lang='lat' dir='ltr'><strong>tantum</strong></span> <span class='ocrx_word' id='word_1_873' title='bbox 575 5738 641 5799; x_wconf 67' lang='lat' dir='ltr'><strong>ex</strong></span> <span class='ocrx_word' id='word_1_874' title='bbox 670 5725 1131 5799; x_wconf 62' lang='lat' dir='ltr'><strong>Variiscapitibus</strong></span> <span class='ocrx_word' id='word_1_875' title='bbox 1173 5737 1452 5795; x_wconf 81' lang='lat' dir='ltr'><strong>exeerpta,</strong></span> <span class='ocrx_word' id='word_1_876' title='bbox 1500 5728 1594 5785; x_wconf 83' lang='lat' dir='ltr'><strong>sed</strong></span> <span class='ocrx_word' id='word_1_877' title='bbox 1625 5728 1745 5799; x_wconf 81' lang='lat' dir='ltr'><strong>qui-</strong></span> 
     </span>
    </p>
   </div>
   <div class='ocr_carea' id='block_1_107' title="bbox 189 5790 1450 5865">
    <p class='ocr_par' dir='ltr' id='par_1_107' title="bbox 189 5790 1450 5865">
     <span class='ocr_line' id='line_1_115' title="bbox 189 5790 1450 5865; baseline 0.003 -14"><span class='ocrx_word' id='word_1_878' title='bbox 189 5790 295 5854; x_wconf 82' lang='lat' dir='ltr'><strong>bus</strong></span> <span class='ocrx_word' id='word_1_879' title='bbox 314 5790 563 5854; x_wconf 72' lang='lat' dir='ltr'><strong>Jeremia:</strong></span> <span class='ocrx_word' id='word_1_880' title='bbox 585 5792 788 5854; x_wconf 86' lang='lat' dir='ltr'><strong>dictum</strong></span> <span class='ocrx_word' id='word_1_881' title='bbox 816 5790 1029 5865; x_wconf 78' lang='lat' dir='ltr'><strong>aliquod</strong></span> <span class='ocrx_word' id='word_1_882' title='bbox 1057 5797 1320 5857; x_wconf 80' lang='lat' dir='ltr'><strong>insertum</strong></span> <span class='ocrx_word' id='word_1_883' title='bbox 1338 5790 1450 5855; x_wconf 70' lang='lat' dir='ltr'><strong>&#39;est.</strong></span> 
     </span>
    </p>
   </div>
   <div class='ocr_carea' id='block_1_108' title="bbox 1936 4536 3440 4614">
    <p class='ocr_par' dir='ltr' id='par_1_108' title="bbox 1936 4536 3440 4614">
     <span class='ocr_line' id='line_1_116' title="bbox 1936 4536 3440 4614; baseline 0.001 -19"><span class='ocrx_word' id='word_1_884' title='bbox 1936 4542 2046 4614; x_wconf 83' lang='lat'>(76)</span> <span class='ocrx_word' id='word_1_885' title='bbox 2088 4537 2331 4614; x_wconf 58' lang='grc' dir='ltr'><strong>Μιιιὶιὲαεἐ</strong></span> <span class='ocrx_word' id='word_1_886' title='bbox 2358 4538 2572 4604; x_wconf 73' lang='grc' dir='ltr'><strong>Κακίας</strong></span> <span class='ocrx_word' id='word_1_887' title='bbox 2599 4538 2794 4609; x_wconf 89' lang='lat' dir='ltr'><strong>legisse</strong></span> <span class='ocrx_word' id='word_1_888' title='bbox 2813 4536 3025 4593; x_wconf 83' lang='lat' dir='ltr'><strong>videtur</strong></span> <span class='ocrx_word' id='word_1_889' title='bbox 3052 4538 3329 4607; x_wconf 70' lang='lat' dir='ltr'><strong>lrenaaus;</strong></span> <span class='ocrx_word' id='word_1_890' title='bbox 3357 4539 3440 4596; x_wconf 87' lang='lat' dir='ltr'><strong>le-</strong></span> 
     </span>
    </p>
   </div>
   <div class='ocr_carea' id='block_1_109' title="bbox 1868 4609 2389 4683">
    <p class='ocr_par' dir='ltr' id='par_1_109' title="bbox 1868 4609 2389 4683">
     <span class='ocr_line' id='line_1_117' title="bbox 1868 4609 2389 4683; baseline -0.006 0"><span class='ocrx_word' id='word_1_891' title='bbox 1868 4609 2045 4683; x_wconf 53' lang='grc' dir='ltr'><strong>εςίιίηξέ</strong></span> <span class='ocrx_word' id='word_1_892' title='bbox 2070 4624 2179 4683; x_wconf 65' lang='lat' dir='ltr'><strong>I199.</strong></span> <span class='ocrx_word' id='word_1_893' title='bbox 2194 4609 2389 4683; x_wconf 61' lang='lat' dir='ltr'><strong>mic-</strong></span> 
     </span>
    </p>
   </div>
   <div class='ocr_carea' id='block_1_110' title="bbox 1934 4677 3433 4754">
    <p class='ocr_par' dir='ltr' id='par_1_110' title="bbox 1934 4677 3433 4754">
     <span class='ocr_line' id='line_1_118' title="bbox 1934 4677 3433 4754; baseline -0.002 -17"><span class='ocrx_word' id='word_1_894' title='bbox 1934 4680 2044 4754; x_wconf 90' lang='lat'>(77)</span> <span class='ocrx_word' id='word_1_895' title='bbox 2080 4677 2213 4754; x_wconf 62' lang='lat' dir='ltr'><strong>libi</strong></span> <span class='ocrx_word' id='word_1_896' title='bbox 2238 4677 2375 4733; x_wconf 69' lang='lat' dir='ltr'><strong>om.</strong></span> <span class='ocrx_word' id='word_1_897' title='bbox 2402 4679 2671 4754; x_wconf 26' lang='lat' dir='ltr'><strong>()btulis‘ti,</strong></span> <span class='ocrx_word' id='word_1_898' title='bbox 2688 4680 2847 4754; x_wconf 56' lang='lat' dir='ltr'><strong>quod</strong></span> <span class='ocrx_word' id='word_1_899' title='bbox 2877 4679 2965 4735; x_wconf 89' lang='lat' dir='ltr'><strong>his</strong></span> <span class='ocrx_word' id='word_1_900' title='bbox 3013 4678 3241 4754; x_wconf 80' lang='lat' dir='ltr'><strong>vocibus</strong></span> <span class='ocrx_word' id='word_1_901' title='bbox 3290 4692 3433 4754; x_wconf 62' lang='lat' dir='ltr'><strong>pra-</strong></span> 
     </span>
    </p>
   </div>
   <div class='ocr_carea' id='block_1_111' title="bbox 1863 4748 3431 4820">
    <p class='ocr_par' dir='ltr' id='par_1_111' title="bbox 1863 4748 3431 4820">
     <span class='ocr_line' id='line_1_119' title="bbox 1863 4748 3431 4820; baseline -0.001 -15"><span class='ocrx_word' id='word_1_902' title='bbox 1863 4748 2382 4820; x_wconf 80' lang='lat' dir='ltr'><strong>ﬁxerunteditores,</strong></span> <span class='ocrx_word' id='word_1_903' title='bbox 2400 4751 2555 4805; x_wconf 86' lang='lat' dir='ltr'><strong>deest</strong></span> <span class='ocrx_word' id='word_1_904' title='bbox 2601 4750 2652 4804; x_wconf 95' lang='lat' dir='ltr'><strong>in</strong></span> <span class='ocrx_word' id='word_1_905' title='bbox 2678 4748 2919 4805; x_wconf 88' lang='lat' dir='ltr'><strong>Clarom.</strong></span> <span class='ocrx_word' id='word_1_906' title='bbox 2948 4756 3005 4804; x_wconf 88' lang='lat' dir='ltr'><strong>et</strong></span> <span class='ocrx_word' id='word_1_907' title='bbox 3035 4762 3154 4804; x_wconf 90' lang='lat' dir='ltr'><strong>om.</strong></span> <span class='ocrx_word' id='word_1_908' title='bbox 3192 4748 3431 4820; x_wconf 77' lang='lat' dir='ltr'><strong>Anglic.,</strong></span> 
     </span>
    </p>
   </div>
   <div class='ocr_carea' id='block_1_112' title="bbox 1862 4818 2827 4875">
    <p class='ocr_par' dir='ltr' id='par_1_112' title="bbox 1862 4818 2827 4875">
     <span class='ocr_line' id='line_1_120' title="bbox 1862 4818 2827 4875; baseline 0.001 -1"><span class='ocrx_word' id='word_1_909' title='bbox 1862 4822 1938 4875; x_wconf 96' lang='lat' dir='ltr'><strong>uti</strong></span> <span class='ocrx_word' id='word_1_910' title='bbox 1969 4835 2067 4875; x_wconf 93' lang='lat' dir='ltr'><strong>nec</strong></span> <span class='ocrx_word' id='word_1_911' title='bbox 2097 4818 2152 4874; x_wconf 87' lang='lat' dir='ltr'><strong>in</strong></span> <span class='ocrx_word' id='word_1_912' title='bbox 2182 4820 2304 4874; x_wconf 82' lang='lat' dir='ltr'><strong>cod.</strong></span> <span class='ocrx_word' id='word_1_913' title='bbox 2329 4819 2591 4875; x_wconf 83' lang='lat' dir='ltr'><strong>Alexand.</strong></span> <span class='ocrx_word' id='word_1_914' title='bbox 2626 4829 2827 4875; x_wconf 89' lang='lat' dir='ltr'><strong>exstat.</strong></span> 
     </span>
    </p>
   </div>
   <div class='ocr_carea' id='block_1_113' title="bbox 1932 4887 3434 4962">
    <p class='ocr_par' dir='ltr' id='par_1_113' title="bbox 1932 4887 3434 4962">
     <span class='ocr_line' id='line_1_121' title="bbox 1932 4887 3434 4962; baseline 0.001 -19"><span class='ocrx_word' id='word_1_915' title='bbox 1932 4889 2047 4962; x_wconf 90' lang='lat'>(78)</span> <span class='ocrx_word' id='word_1_916' title='bbox 2073 4958 2086 4962; x_wconf 27' lang='grc' dir='ltr'><strong>Α</strong></span> <span class='ocrx_word' id='word_1_917' title='bbox 2113 4887 2288 4962; x_wconf 65' lang='lat' dir='ltr'><strong>Super</strong></span> <span class='ocrx_word' id='word_1_918' title='bbox 2332 4888 2602 4962; x_wconf 62' lang='lat' dir='ltr'><strong>Iguuium.</strong></span> <span class='ocrx_word' id='word_1_919' title='bbox 2660 4889 2829 4945; x_wconf 83' lang='lat' dir='ltr'><strong>Editt.</strong></span> <span class='ocrx_word' id='word_1_920' title='bbox 2896 4900 3020 4943; x_wconf 90' lang='lat' dir='ltr'><strong>cum</strong></span> <span class='ocrx_word' id='word_1_921' title='bbox 3068 4888 3325 4944; x_wconf 83' lang='lat' dir='ltr'><strong>Arundel.</strong></span> <span class='ocrx_word' id='word_1_922' title='bbox 3375 4897 3434 4945; x_wconf 90' lang='lat' dir='ltr'><strong>et</strong></span> 
     </span>
    </p>
   </div>
   <div class='ocr_carea' id='block_1_114' title="bbox 1859 4957 2488 5021">
    <p class='ocr_par' dir='ltr' id='par_1_114' title="bbox 1859 4957 2488 5021">
     <span class='ocr_line' id='line_1_122' title="bbox 1859 4957 2488 5021; baseline -0.002 -6"><span class='ocrx_word' id='word_1_923' title='bbox 1859 4957 2036 5015; x_wconf 63' lang='lat' dir='ltr'><strong>Merc.</strong></span> <span class='ocrx_word' id='word_1_924' title='bbox 2058 4958 2113 5021; x_wconf 72' lang='lat'><strong>2.</strong></span> <span class='ocrx_word' id='word_1_925' title='bbox 2137 4958 2191 5012; x_wconf 81' lang='lat' dir='ltr'><strong>in</strong></span> <span class='ocrx_word' id='word_1_926' title='bbox 2220 4957 2488 5014; x_wconf 74' lang='lat' dir='ltr'><strong>humilem.</strong></span> 
     </span>
    </p>
   </div>
   <div class='ocr_carea' id='block_1_115' title="bbox 1922 5025 3429 5155">
    <p class='ocr_par' dir='ltr' id='par_1_115' title="bbox 1922 5025 3429 5155">
     <span class='ocr_line' id='line_1_123' title="bbox 1922 5025 3429 5155; baseline 0.001 -74"><span class='ocrx_word' id='word_1_927' title='bbox 1922 5028 2047 5155; x_wconf 47' lang='lat'>((7?)</span> <span class='ocrx_word' id='word_1_928' title='bbox 2079 5025 2202 5108; x_wconf 60' lang='lat' dir='ltr'><strong>Non</strong></span> <span class='ocrx_word' id='word_1_929' title='bbox 2224 5043 2360 5083; x_wconf 68' lang='lat' dir='ltr'><strong>enim</strong></span> <span class='ocrx_word' id='word_1_930' title='bbox 2388 5030 2595 5110; x_wconf 74' lang='lat' dir='ltr'><strong>adipes,</strong></span> <span class='ocrx_word' id='word_1_931' title='bbox 2626 5037 2738 5084; x_wconf 89' lang='lat' dir='ltr'><strong>etc.</strong></span> <span class='ocrx_word' id='word_1_932' title='bbox 2759 5026 2938 5083; x_wconf 75' lang='lat' dir='ltr'><strong>Verba</strong></span> <span class='ocrx_word' id='word_1_933' title='bbox 2965 5036 3092 5083; x_wconf 92' lang='lat' dir='ltr'><strong>sunt</strong></span> <span class='ocrx_word' id='word_1_934' title='bbox 3118 5042 3226 5084; x_wconf 92' lang='lat' dir='ltr'><strong>non</strong></span> <span class='ocrx_word' id='word_1_935' title='bbox 3249 5026 3429 5097; x_wconf 74' lang='lat' dir='ltr'><strong>lsaize,</strong></span> 
     </span>
     <span class='ocr_line' id='line_1_124' title="bbox 2014 5098 3231 5155; baseline 0.001 -3"><span class='ocrx_word' id='word_1_936' title='bbox 2014 5112 2231 5153; x_wconf 72' lang='lat' dir='ltr'><strong>erenuae</strong></span> <span class='ocrx_word' id='word_1_937' title='bbox 2272 5112 2351 5155; x_wconf 91' lang='lat' dir='ltr'><strong>xt.</strong></span> <span class='ocrx_word' id='word_1_938' title='bbox 2384 5098 2886 5155; x_wconf 79' lang='lat' dir='ltr'><strong>l5.aliuuantulum</strong></span> <span class='ocrx_word' id='word_1_939' title='bbox 2922 5098 3231 5153; x_wconf 89' lang='lat' dir='ltr'><strong>immutata.</strong></span> 
     </span>
    </p>
   </div>
   <div class='ocr_carea' id='block_1_116' title="bbox 1860 5112 3432 5241">
    <p class='ocr_par' dir='ltr' id='par_1_116' title="bbox 1860 5112 3432 5241">
     <span class='ocr_line' id='line_1_125' title="bbox 1860 5112 3231 5169; baseline -0.002 -14"><span class='ocrx_word' id='word_1_940' title='bbox 1860 5112 1955 5155; x_wconf 81' lang='lat' dir='ltr'><strong>sed</strong></span> <span class='ocrx_word' id='word_1_941' title='bbox 1980 5112 2231 5155; x_wconf 65' lang='lat' dir='ltr'><strong>serenus</strong></span> <span class='ocrx_word' id='word_1_942' title='bbox 2272 5112 2351 5163; x_wconf 88' lang='lat' dir='ltr'><strong>xt,</strong></span> <span class='ocrx_word' id='word_1_943' title='bbox 2384 5112 2886 5169; x_wconf 74' lang='lat' dir='ltr'><strong>15,anquantutum</strong></span> <span class='ocrx_word' id='word_1_944' title='bbox 2922 5112 3231 5153; x_wconf 79' lang='lat' dir='ltr'><strong>Immutata.</strong></span> 
     </span>
     <span class='ocr_line' id='line_1_126' title="bbox 1866 5164 3432 5241; baseline -0.001 -17"><span class='ocrx_word' id='word_1_945' title='bbox 1866 5236 1877 5241; x_wconf 31' lang='grc' dir='ltr'><strong>Α</strong></span> <span class='ocrx_word' id='word_1_946' title='bbox 1932 5166 2049 5241; x_wconf 85' lang='grc'><strong>(80)</strong></span> <span class='ocrx_word' id='word_1_947' title='bbox 2098 5166 2443 5224; x_wconf 73' lang='lat' dir='ltr'><strong>Violentium.</strong></span> <span class='ocrx_word' id='word_1_948' title='bbox 2472 5168 2565 5223; x_wconf 92' lang='lat' dir='ltr'><strong>Sic</strong></span> <span class='ocrx_word' id='word_1_949' title='bbox 2604 5183 2794 5225; x_wconf 85' lang='lat' dir='ltr'><strong>omnes</strong></span> <span class='ocrx_word' id='word_1_950' title='bbox 2821 5182 2953 5225; x_wconf 87' lang='lat' dir='ltr'><strong>mss.</strong></span> <span class='ocrx_word' id='word_1_951' title='bbox 3000 5164 3061 5223; x_wconf 85' lang='lat' dir='ltr'><strong>lu</strong></span> <span class='ocrx_word' id='word_1_952' title='bbox 3107 5167 3289 5233; x_wconf 88' lang='lat' dir='ltr'><strong>editt.,</strong></span> <span class='ocrx_word' id='word_1_953' title='bbox 3320 5168 3432 5223; x_wconf 77' lang='lat' dir='ltr'><strong>sio-</strong></span> 
     </span>
    </p>
   </div>
   <div class='ocr_carea' id='block_1_117' title="bbox 1856 5236 3427 5381">
    <p class='ocr_par' dir='ltr' id='par_1_117' title="bbox 1856 5236 3427 5381">
     <span class='ocr_line' id='line_1_127' title="bbox 1856 5236 3427 5381; baseline -0.002 -16"><span class='ocrx_word' id='word_1_954' title='bbox 2202 5308 2399 5381; x_wconf 61' lang='lat' dir='ltr'><strong>animo.</strong></span> <span class='ocrx_word' id='word_1_955' title='bbox 2435 5306 2583 5363; x_wconf 80' lang='lat' dir='ltr'><strong>Nihil</strong></span> <span class='ocrx_word' id='word_1_956' title='bbox 2626 5309 2713 5365; x_wconf 78' lang='lat' dir='ltr'><strong>ms</strong></span> <span class='ocrx_word' id='word_1_957' title='bbox 2756 5306 2981 5367; x_wconf 86' lang='lat' dir='ltr'><strong>vocibus</strong></span> <span class='ocrx_word' id='word_1_958' title='bbox 3028 5306 3317 5377; x_wconf 85' lang='lat' dir='ltr'><strong>respondet</strong></span> <span class='ocrx_word' id='word_1_959' title='bbox 3370 5308 3427 5363; x_wconf 74' lang='lat' dir='ltr'><strong>in</strong></span> 
     </span>
    </p>
   </div>
   <div class='ocr_carea' id='block_1_118' title="bbox 1855 5376 2270 5434">
    <p class='ocr_par' dir='ltr' id='par_1_118' title="bbox 1855 5376 2270 5434">
     <span class='ocr_line' id='line_1_128' title="bbox 1855 5376 2270 5434; baseline -0.007 0"><span class='ocrx_word' id='word_1_960' title='bbox 1855 5376 2166 5434; x_wconf 52' lang='lat' dir='ltr'><strong>crucem</strong></span> <span class='ocrx_word' id='word_1_961' title='bbox 2193 5379 2270 5432; x_wconf 85' lang='lat'><strong>0’.</strong></span> 
     </span>
    </p>
   </div>
   <div class='ocr_carea' id='block_1_119' title="bbox 1926 5444 3425 5530">
    <p class='ocr_par' dir='ltr' id='par_1_119' title="bbox 1926 5444 3425 5530">
     <span class='ocr_line' id='line_1_129' title="bbox 1926 5444 3425 5530; baseline -0.001 -28"><span class='ocrx_word' id='word_1_962' title='bbox 1926 5447 2040 5519; x_wconf 81' lang='lat'>(8‘2)</span> <span class='ocrx_word' id='word_1_963' title='bbox 2072 5447 2195 5530; x_wconf 63' lang='lat' dir='ltr'><strong>Non</strong></span> <span class='ocrx_word' id='word_1_964' title='bbox 2216 5446 2494 5530; x_wconf 53' lang='lat' dir='ltr'><strong>despicies.</strong></span> <span class='ocrx_word' id='word_1_965' title='bbox 2517 5444 2618 5530; x_wconf 60' lang='lat' dir='ltr'><strong>Sig</strong></span> <span class='ocrx_word' id='word_1_966' title='bbox 2633 5447 2863 5504; x_wconf 85' lang='lat' dir='ltr'><strong>Feuard.</strong></span> <span class='ocrx_word' id='word_1_967' title='bbox 2890 5447 2942 5529; x_wconf 77' lang='lat' dir='ltr'><strong>i_n</strong></span> <span class='ocrx_word' id='word_1_968' title='bbox 2968 5460 3169 5530; x_wconf 44' lang='lat' dir='ltr'><strong>marg?</strong></span> <span class='ocrx_word' id='word_1_969' title='bbox 3187 5445 3425 5530; x_wconf 60' lang='lat' dir='ltr'><strong>Qiayom.</strong></span> 
     </span>
    </p>
   </div>
   <div class='ocr_carea' id='block_1_120' title="bbox 1855 5514 3433 5655">
    <p class='ocr_par' dir='ltr' id='par_1_120' title="bbox 1855 5514 3433 5655">
     <span class='ocr_line' id='line_1_130' title="bbox 1855 5514 3433 5639; baseline -0.001 -67"><span class='ocrx_word' id='word_1_970' title='bbox 1855 5526 1911 5639; x_wconf 57' lang='lat' dir='ltr'><strong>3t</strong></span> <span class='ocrx_word' id='word_1_971' title='bbox 1935 5514 2107 5599; x_wconf 50' lang='grc' dir='ltr'><strong>Ὀξεῖα.</strong></span> <span class='ocrx_word' id='word_1_972' title='bbox 2137 5514 2349 5587; x_wconf 79' lang='lat' dir='ltr'><strong>Anglic.</strong></span> <span class='ocrx_word' id='word_1_973' title='bbox 2376 5517 2531 5587; x_wconf 82' lang='lat' dir='ltr'><strong>juxta</strong></span> <span class='ocrx_word' id='word_1_974' title='bbox 2576 5514 2821 5575; x_wconf 60' lang='lat' dir='ltr'><strong>Gracqu</strong></span> <span class='ocrx_word' id='word_1_975' title='bbox 2852 5517 2963 5571; x_wconf 81' lang='grc' dir='ltr'><strong>τῶν</strong></span> <span class='ocrx_word' id='word_1_976' title='bbox 2984 5516 3053 5571; x_wconf 84' lang='lat'><strong>0&#39;.</strong></span> <span class='ocrx_word' id='word_1_977' title='bbox 3096 5514 3311 5579; x_wconf 59' lang='lat' dir='ltr'><strong>Ceteri,</strong></span> <span class='ocrx_word' id='word_1_978' title='bbox 3364 5529 3433 5571; x_wconf 72' lang='lat' dir='ltr'><strong>ne</strong></span> 
     </span>
     <span class='ocr_line' id='line_1_131' title="bbox 1891 5603 2134 5655; baseline -0.012 -13"><span class='ocrx_word' id='word_1_979' title='bbox 1891 5603 2134 5655; x_wconf 66' lang='lat' dir='ltr'><strong>aspicias.</strong></span> 
     </span>
    </p>
   </div>
   <div class='ocr_carea' id='block_1_121' title="bbox 1927 5655 2545 5724">
    <p class='ocr_par' dir='ltr' id='par_1_121' title="bbox 1927 5655 2545 5724">
     <span class='ocr_line' id='line_1_132' title="bbox 1927 5655 2545 5724; baseline 0.003 -13"><span class='ocrx_word' id='word_1_980' title='bbox 1927 5656 2039 5724; x_wconf 79' lang='grc'><strong>(85)</strong></span> <span class='ocrx_word' id='word_1_981' title='bbox 2083 5655 2233 5712; x_wconf 69' lang='lat' dir='ltr'><strong>Tum.</strong></span> <span class='ocrx_word' id='word_1_982' title='bbox 2264 5656 2397 5720; x_wconf 85' lang='lat' dir='ltr'><strong>Alii,</strong></span> <span class='ocrx_word' id='word_1_983' title='bbox 2428 5660 2545 5714; x_wconf 77' lang='lat' dir='ltr'><strong>tibi.</strong></span> 
     </span>
    </p>
   </div>
   <div class='ocr_carea' id='block_1_122' title="bbox 1926 5656 3430 5798">
    <p class='ocr_par' dir='ltr' id='par_1_122' title="bbox 1926 5656 3430 5798">
     <span class='ocr_line' id='line_1_133' title="bbox 1927 5656 2545 5724; baseline 0.003 -13"><span class='ocrx_word' id='word_1_984' title='bbox 1927 5657 2016 5724; x_wconf 80' lang='grc'><strong>(85</strong></span> <span class='ocrx_word' id='word_1_985' title='bbox 2083 5656 2233 5712; x_wconf 69' lang='lat' dir='ltr'><strong>Tum.</strong></span> <span class='ocrx_word' id='word_1_986' title='bbox 2264 5656 2397 5720; x_wconf 85' lang='lat' dir='ltr'><strong>Alii,</strong></span> <span class='ocrx_word' id='word_1_987' title='bbox 2428 5660 2545 5714; x_wconf 77' lang='lat' dir='ltr'><strong>tibi.</strong></span> 
     </span>
     <span class='ocr_line' id='line_1_134' title="bbox 1926 5656 3430 5798; baseline -0.001 -15"><span class='ocrx_word' id='word_1_988' title='bbox 1926 5656 2041 5798; x_wconf 48' lang='lat'><strong>(84;</strong></span> <span class='ocrx_word' id='word_1_989' title='bbox 2071 5725 2237 5798; x_wconf 78' lang='lat' dir='ltr'><strong>Citius</strong></span> <span class='ocrx_word' id='word_1_990' title='bbox 2272 5726 2623 5798; x_wconf 14' lang='lat' dir='ltr'><strong>....7Damint&#39;.</strong></span> <span class='ocrx_word' id='word_1_991' title='bbox 2688 5727 2850 5786; x_wconf 77' lang='lat' dir='ltr'><strong>Editl.</strong></span> <span class='ocrx_word' id='word_1_992' title='bbox 2894 5740 3016 5784; x_wconf 90' lang='lat' dir='ltr'><strong>cum</strong></span> <span class='ocrx_word' id='word_1_993' title='bbox 3059 5720 3320 5787; x_wconf 77' lang='lat' dir='ltr'><strong>Aruntlol.</strong></span> <span class='ocrx_word' id='word_1_994' title='bbox 3372 5729 3430 5781; x_wconf 87' lang='lat' dir='ltr'><strong>et</strong></span> 
     </span>
    </p>
   </div>
   <div class='ocr_carea' id='block_1_123' title="bbox 1855 5796 2398 5867">
    <p class='ocr_par' dir='ltr' id='par_1_123' title="bbox 1855 5796 2398 5867">
     <span class='ocr_line' id='line_1_135' title="bbox 1855 5796 2398 5867; baseline -0.004 -13"><span class='ocrx_word' id='word_1_995' title='bbox 1855 5796 2029 5858; x_wconf 73' lang='lat' dir='ltr'><strong>Merc.</strong></span> <span class='ocrx_word' id='word_1_996' title='bbox 2054 5797 2107 5867; x_wconf 71' lang='lat'><strong>2,</strong></span> <span class='ocrx_word' id='word_1_997' title='bbox 2144 5797 2246 5855; x_wconf 78' lang='lat' dir='ltr'><strong>cito</strong></span> <span class='ocrx_word' id='word_1_998' title='bbox 2282 5796 2398 5854; x_wconf 78' lang='lat' dir='ltr'><strong>Dei.</strong></span> 
     </span>
    </p>
   </div>
  </div>
