4222 6320
824 369 968 431 1913

1562 362 1621 422 Β.
1660 361 1920 421 ιιπιειωι
1951 360 2261 422 ειηεεορι
2295 351 2788 418 ιυςυυωειδ
2815 350 2906 409 ΕΤ
2940 347 3298 409 ωτῑιιιε

3917 338 4048 398 ἰῦεό

820 493 1114 552 ricordiam
1163 491 1328 548 facite
1375 489 1745 561 unusquisque
1805 490 1873 547 ad
1928 490 2153 546 fratrem
2203 504 2379 546 suum.
2411 491 2460 550 Α
2487 499 2632 550 meo.
2664 491 2720 541 et
2749 481 3079 539 sacriﬁcium
3101 494 3343 552 purum;
3376 475 3631 548 quoniam
3670 488 3926 544 magnum
3969 480 4046 529 est

819 579 1074 648 Viduam,
1101 591 1156 638 et
1181 579 1513 651 orphanum,
1561 589 1616 636 et
1666 579 2023 651 prosclytum,
2073 589 2129 633 et
2180 593 2381 649 paupe-

818 684 935 727 rem
963 669 1130 726 nolite
1166 671 1499 742 opprimere,
1540 678 1596 726 et
1628 671 1997 739 unusquisque
2029 671 2248 730 malitia:
2273 672 2381 726 fra-

817 760 925 818 tris
958 761 1044 816 sui
1069 775 1175 816 non
1204 761 1596 820 reminiscatur
1642 760 1697 815 in
1728 760 1894 816 corde
1917 775 2016 816 suo
2043 761 2109 818 ⁸⁸.
2142 779 2161 812 s
2195 760 2262 815 Et
2284 761 2382 817 ite-

816 866 942 909 rum
973 868 1041 906 τι
1073 850 1143 906 lli
1175 859 1323 918 sunt,
1366 869 1386 906 ι
1431 851 1624 919 ἰηίιυίι,
1658 868 1680 904 ι
1717 865 2000 908 sermones
2031 865 2169 922 quos
2212 850 2381 908 facie-

817 945 909 1000 tis.
948 941 1257 1012 Loquimini
1282 942 1568 999 veritatem
1595 941 1966 1013 unusquisque
1981 943 2049 997 ad
2074 940 2380 1014 proximum

814 1050 995 1102 suum,
1020 1049 1074 1091 et
1106 1034 1371 1108 judicium
1404 1033 1691 1103 paciﬁcum
1713 1031 1957 1102 iudicate
2005 1032 2061 1088 in
2090 1032 2261 1104 portis
2286 1046 2382 1088 ve-

813 1125 969 1191 stris,
1009 1134 1062 1182 et
1089 1124 1461 1194 unusquisque
1487 1122 1747 1177 malitiam
1790 1122 1977 1178 fratris
2024 1125 2106 1179 sui
2139 1138 2244 1179 non
2293 1136 2381 1178 re-

812 1216 1022 1286 cogitet
1053 1213 1110 1270 in
1143 1212 1310 1274 corde
1344 1226 1464 1278 suo,
1505 1220 1561 1268 et
1598 1209 1927 1280 iurationem
1957 1201 2147 1266 falsam
2182 1217 2252 1265 n‘e
2294 1209 2378 1265 dia

812 1303 1057 1361 lexeritis
1088 1320 1106 1360 :
1144 1303 1401 1372 quoniam
1439 1302 1560 1358 haec
1592 1302 1779 1358 omnia
1812 1300 1926 1365 odi,
1956 1300 2090 1367 dicit
2115 1299 2380 1356 Dominus

813 1397 1156 1465 omnipotens
1183 1395 1249 1449 “.
1285 1412 1308 1448 ι
1348 1393 1414 1451 Et
1450 1393 1618 1450 David
1655 1402 1836 1450 autem
1859 1392 2110 1448 similiter
2148 1408 2164 1446 :
2197 1410 2217 1443 α
2245 1389 2380 1458 Quis

811 1495 919 1549 est.
954 1505 974 1538 ι
1040 1485 1235 1557 inquit,
1286 1505 1307 1541 ι
1364 1486 1529 1542 homo
1573 1486 1667 1557 qui
1720 1485 1835 1540 vult
1883 1484 2090 1549 vitam,
2135 1491 2188 1540 et
2234 1493 2380 1538 amat

810 1579 999 1634 videre
1043 1578 1161 1636 dies
1189 1579 1403 1636 bones?
1434 1576 1639 1635 Cohibe
1668 1577 1906 1648 linguam
1958 1587 2102 1631 tuam
2131 1591 2162 1631 a
2211 1576 2377 1643 ntan,

809 1681 869 1727 et
917 1669 1059 1726 labia
1092 1678 1206 1734 tua,
1238 1685 1309 1725 ne
1347 1668 1634 1740 loquantur
1658 1666 1864 1723 dolum.
1900 1666 2121 1724 Declina
2151 1681 2183 1721 a
2213 1665 2373 1729 malo.

807 1768 865 1816 et
893 1758 980 1816 fac
1008 1759 1208 1823 bonum
1241 1777 1257 1813 :
1292 1759 1527 1829 inquire.
1544 1772 1754 1828 pacem,
1781 1765 1837 1811 et
1868 1771 2098 1828 sequere
2127 1769 2248 1811 eam
2270 1755 2372 1814 ".s

2485 591 2683 632 nomen
2714 587 2893 630 meum
2927 573 2981 626 in
3027 571 3299 643 gentibus,
3340 567 3475 621 dicit
3506 565 3764 622 Dominus
3809 562 4048 633 omnipo-

2487 677 2606 724 tens
2629 665 2705 732 ἐς
2748 680 2769 715 s
2802 659 3246 720 manifestissime
3271 654 3586 726 signiﬁcans
3615 667 3715 725 per
3741 653 3878 718 hac,
3913 666 4044 721 quo-

2484 758 2629 813 niam
2663 756 2813 825 prior
2838 752 3059 825 quidem
3081 749 3310 822 populus
3360 747 3598 803 cessabit
3653 743 3852 801 θῆαι-ο
3906 741 4046 810 Deo;

2484 847 2635 903 omni
2660 857 2847 904 autem
2895 844 3019 901 loco
3052 841 3382 898 sacriﬁcium
3411 837 3667 894 σείει-ειυς·
3697 834 3812 910 (90)
3838 836 3891 891 ei
3919 835 4046 904 (Si),

2482 947 2540 996 et
2579 940 2683 995 hoc
2712 951 2946 1009 purum;
2996 947 3194 991 nomen
3251 941 3433 987 autem
3474 927 3592 1000 ejus
3623 928 3960 1000 gloriﬁcatur
4000 925 4049 980 in

2483 1031 2842 1188 “muriam
2858 1125 2947 1174 est
2979 1123 3158 1173 autem
3172 1112 3319 1169 aliud
3338 1124 3554 1174 uetusti,
3570 1107 3713 1176 quod
3731 1107 3788 1161 in
3809 1104 4052 1175 gentibus

2483 1209 2844 1284 gloriﬁcatur,
2895 1221 3061 1280 quam
3114 1203 3259 1276 quod
3303 1210 3389 1258 est
3440 1198 3654 1256 Domini
3715 1196 3914 1264 nostri,
3958 1209 4052 1266 per

2482 1318 2645 1375 quem
2681 1299 3020 1373 gloriﬁcatur
3047 1295 3231 1361 Pater,
3265 1301 3320 1349 et
3359 1289 3700 1363 gloriﬁtatur
3734 1284 3946 1343 homo?
3993 1284 4055 1341 Et

2481 1395 2735 1467 quoniam
2763 1390 2969 1464 proprii
2991 1387 3114 1445 Filii
3145 1385 3264 1455 eius
3287 1393 3393 1450 est,
3435 1392 3493 1439 et
3522 1383 3590 1436 ah
3643 1395 3711 1437 eo
3759 1378 3940 1434 factus
3975 1385 4055 1432 est

2483 1489 2669 1553 homo,
2702 1500 2863 1541 suum
2899 1481 3051 1536 illum
3098 1478 3212 1550 (92)
3255 1485 3437 1531 voc-at.
3486 1470 3956 1540 Quemadmodum
4011 1468 4051 1523 si

2481 1578 2606 1651 quis
2639 1590 2733 1632 rex
2764 1577 2880 1644 ipse
2931 1573 3036 1627 ﬁlii
3066 1573 3154 1626 sui
3183 1569 3370 1639 pingat
3398 1564 3709 1636 imaginem,
3737 1563 3883 1631 justo
3906 1575 4053 1616 suam

2484 1670 2628 1727 illam
2670 1667 2800 1723 dicit
2846 1663 3138 1736 imaginem
3198 1657 3496 1717 secundum
3557 1665 3874 1728 utrumque,
3917 1670 4052 1724 quo-

2486 1762 2633 1818 niam
2661 1767 2718 1816 et
2741 1757 2842 1814 ﬁlii
2861 1756 2982 1826 ejus
3009 1763 3115 1824 est,
3158 1763 3214 1810 ct
3247 1754 3505 1824 quoniam
3555 1751 3670 1822 ipse
3707 1749 3839 1805 fecit
3871 1763 3990 1802 eam
4039 1765 4051 1800 :

881 1874 938 1930 t.
975 1873 1061 1934 En
1100 1874 1297 1943 quibus
1362 1871 1613 1931 omnibus
1664 1870 2010 1927 manifestum
2067 1880 2190 1938 est,
2247 1870 2376 1941 quia
2407 1846 2451 1904 Β
2478 1853 2548 1910 δίε

2407 1846 2451 1904 Β
2478 1853 2560 1910 sic
2591 1859 2649 1907 et
2693 1849 2823 1907 Jesu
2870 1846 3076 1906 Christi
3123 1862 3340 1916 nomen,
3387 1844 3534 1917 quod
3591 1857 3690 1914 per
3743 1841 4052 1896 coiremus:

809 1978 920 2021 non
948 1965 1221 2022 sacrificia
1261 1973 1319 2019 et
1355 1963 1818 2019 holocaustomata
1849 1963 2126 2030 qumrebat
2177 1963 2250 2016 ab
2297 1961 2380 2017 eis

807 2054 984 2122 Deus;
1017 2059 1112 2113 sed
1143 2057 1322 2125 ﬁdem,
1346 2067 1402 2111 et
1427 2055 1816 2119 obedientiam.
1838 2067 1892 2112 et
1928 2055 2216 2126 justitiam,
2252 2069 2381 2124 pre-

806 2160 934 2218 pter
963 2151 1178 2207 illorum
1209 2150 1463 2207 salutem.
1510 2150 1664 2206 Sicut
1711 2151 1767 2206 in
1794 2147 1936 2205 Osee
1985 2149 2250 2218 propheta
2285 2150 2381 2203 do-

807 2256 942 2305 cens
964 2256 1061 2298 eos
1107 2243 1249 2300 Deus
1304 2257 1460 2298 suam
1497 2242 1859 2304 voluntatem,
1906 2241 2172 2297 dicebat:
2219 2257 2239 2292 ι
2277 2240 2380 2294 Mi-

807 2333 1161 2390 sericordiam
1209 2335 1331 2389 volo
1380 2336 1500 2405 plus
1545 2349 1709 2403 quam
1762 2332 2092 2388 sacriﬁcium
2149 2332 2284 2403 (85),
2327 2342 2381 2389 et

806 2422 1141 2493 agnitionem
1169 2423 1264 2479 Dei
1312 2438 1478 2493 super
1521 2423 1984 2478 holocaustomata
2015 2422 2084 2477 ⁸⁸.
2112 2441 2132 2475 s
2172 2422 2279 2477 Sed
2326 2432 2382 2478 et

807 2513 1071 2572 Dominus
1105 2522 1298 2570 noster
1319 2516 1511 2570 eadem
1549 2517 1810 2570 monebat
1838 2528 1956 2577 eos,
1984 2513 2171 2569 dicens
2206 2535 2219 2569 :
2263 2532 2282 2566 ι
2322 2514 2381 2571 Si

803 2607 952 2662 enim
980 2606 1374 2676 cognovissetis
1405 2607 1535 2677 quid
1572 2616 1657 2661 est
1692 2623 1708 2661 :
1760 2605 2184 2661 Misericordiam
2239 2607 2379 2671 volo,

803 2705 860 2750 et
904 2709 1011 2752 non
1059 2697 1413 2761 sacriﬁcium,
1454 2709 1734 2764 nunquam
1773 2695 2242 2750 condemnassetis
2296 2694 2382 2749 in-

803 2793 1066 2842 nocentes
1107 2785 1221 2857 (86)
1255 2785 1334 2840 “:
1374 2803 1394 2838 ι
1459 2785 1830 2841 testimonium
1886 2783 2112 2855 quidem
2150 2783 2382 2840 reddens

802 2876 1105 2947 prophetis,
1156 2875 1410 2946 quoniam
1461 2877 1752 2930 veritatem
1813 2875 2215 2946 praedicabant;
2257 2874 2381 2930 illos

802 2975 991 3022 autem
1021 2980 1253 3037 arguens
1279 2982 1376 3022 sua
1403 2965 1562 3034 culpa
1606 2964 1955 3033 insipientes.

874 3080 933 3139 5.
971 3081 1082 3139 Sed
1126 3092 1183 3138 et
1233 3082 1348 3137 suis
1391 3081 1672 3150 discipulis
1720 3081 1834 3153 (87)
1884 3081 2020 3137 dans
2069 3081 2378 3149 consilium,

2485 1945 2741 2001 mundum
2773 1941 3112 2015 gloriﬁcatur
3153 1940 3207 1996 in
3254 1939 3524 2004 Ecclesia,
3564 1949 3724 1992 suum
3773 1947 3902 1990 esse
3929 1946 4052 1988 eon-

2481 2035 2666 2090 ﬁtetnr
2694 2032 2877 2095 Pater,
2914 2041 2975 2086 et
3019 2031 3276 2102 quoidam
3328 2027 3457 2084 Filii
3499 2027 3623 2096 ejus
3670 2032 3780 2088 est,
3827 2033 3885 2078 et
3925 2035 4054 2092 quo-

2480 2126 2631 2181 niam
2661 2123 2779 2193 ipse
2826 2121 3076 2178 scribens
3108 2122 3184 2187 id,
3215 2120 3284 2175 ad
3304 2118 3532 2175 salutem
3559 2116 3706 2173 dedit
3751 2114 4052 2170 hominum.

2479 2215 2746 2286 Quoniam
2783 2229 2912 2284 ergo
2951 2228 3148 2269 nomen
3199 2211 3322 2269 Filii
3371 2210 3658 2281 proprium
3718 2207 3900 2263 Patris
3953 2214 4051 2271 est,

2479 2318 2536 2364 et
2581 2308 2637 2363 in
2675 2308 2786 2363 Deo
2815 2306 3185 2376 omnipotente
3221 2318 3318 2373 per
3343 2301 3528 2358 Jesum
3583 2300 3865 2357 Christum
3901 2297 4056 2353 offert

2479 2397 2746 2464 Ecclesia,
2796 2398 2936 2452 bene
2990 2397 3066 2450 ait
3124 2395 3423 2450 secundum
3465 2403 3702 2460 utraque
3747 2407 3764 2445 :
3823 2407 3844 2441 ι
3901 2388 3969 2444 Et
4003 2389 4053 2443 in

2481 2490 2632 2545 omni
2678 2488 2796 2543 loco
2833 2488 3118 2543 incensum
3169 2484 3397 2542 offertur
3439 2483 3644 2538 nomini
3696 2495 3843 2547 meo,
3876 2488 3935 2536 et
3974 2494 4054 2536 sa-

2479 2577 2753 2635 criﬁcium
2805 2592 3000 2648 purum
3033 2562 3120 2631 ’³.’
3151 2595 3172 2629 s
3214 2575 3440 2632 incensa
3499 2583 3679 2629 autem
3729 2570 3972 2628 Joannes
4003 2571 4054 2628 in

2478 2668 2827 2742 Apocalypsi.
2858 2686 2878 2721 ι
2916 2669 3194 2724 orationes
3226 2687 3246 2720 ι
3277 2681 3400 2724 esse
3425 2666 3502 2721 ait
3537 2683 3558 2718 ι
3589 2672 3906 2721 sanctorum
3929 2663 4000 2718 ".
4031 2682 4051 2716 ι

2959 2778 3066 2849 50
3101 2778 3333 2834 CAPUT
3373 2775 3630 2849 nutu.

2481 2851 2550 2909 In
2583 2851 2698 2907 sola
2725 2846 3244 2906 Ecclesi—ucdtholica
3264 2864 3381 2902 cum
3403 2846 3743 2912 simplicitate
3764 2856 3815 2902 et
3841 2846 4057 2915 institis

2551 2923 2738 2992 oﬂ'crri
2766 2937 2941 2975 verum
2980 2934 3045 2972 ac
3091 2934 3282 2992 piarunt
3301 2917 3646 2982 sacriﬁcium,
3674 2917 4056 2992 eucharistiam

2551 2985 2808 3074 uidelicet,
2836 3005 2953 3060 qua:
2979 2999 3056 3042 est
3089 2989 3260 3056 ipsum
3288 3003 3475 3056 corpus
3505 2995 3551 3041 et
3583 2987 3804 3056 sanguis
3832 2985 4052 3040 Christi.

2554 3083 2608 3141 l.
2648 3081 2816 3150 Igitur
2866 3078 3122 3135 Ecclesia:
3174 3076 3400 3140 oblatio,
3447 3091 3609 3146 quam
3645 3076 3914 3132 Dominus
3960 3075 4053 3130 do-

801 3173 1074 3241 primitias
1115 3174 1225 3229 Deo
1255 3171 1451 3228 oﬁ‘erre
1493 3188 1560 3227 ex
1585 3173 1699 3227 suis
1747 3173 2031 3240 creaturis,
2068 3187 2176 3228 non
2222 3173 2377 3244 quasi
2405 3185 2448 3244 α
2480 3172 2594 3229 cuit
2619 3170 2805 3226 offerri
2839 3170 2894 3225 in
2924 3171 3179 3224 universo
3228 3167 3452 3233 mundo,
3484 3182 3681 3238 purum
3722 3165 4055 3222 sacriﬁcium

803 3263 1091 3333 indigenti,
1123 3266 1219 3320 sed
1251 3273 1312 3320 ut
1359 3263 1461 3334 ipsi
1490 3279 1588 3320 nec
1628 3255 1977 3330 infructuosi,
2035 3277 2135 3318 nec
2183 3263 2379 3333 ingrati

804 3354 934 3417 sint,
963 3354 1208 3426 eumqui
1245 3368 1316 3410 ex
1353 3363 1604 3408 creatura
1662 3354 1818 3423 panis
1870 3363 1975 3418 est,
2036 3357 2266 3422 accepit,
2329 3363 2382 3409 et

805 3447 1012 3516 gratias
1034 3447 1168 3516 egit,
1200 3445 1389 3500 dicens
1420 3461 1435 3498 :
1473 3464 1491 3496 ι
1526 3443 1640 3498 Hoc
1690 3454 1775 3498 est
1816 3458 1997 3498 meum
2028 3458 2222 3514 corpus
2244 3443 2313 3496 ὀρ
2357 3462 2375 3495 ι

804 3536 873 3594 Et
909 3537 1131 3593 calicem
1163 3537 1434 3602 similiter,
1462 3537 1556 3606 qui
1584 3545 1669 3590 est
1712 3552 1777 3591 ex
1836 3549 1900 3591 ea
1947 3544 2222 3600 creatura,
2259 3550 2380 3605 quae

803 3638 889 3684 est
910 3629 1210 3684 secundum
1242 3642 1366 3694 nos,
1407 3643 1565 3682 suum
1604 3629 1921 3697 sanguinem
1957 3627 2235 3685 confessus
2273 3637 2376 3693 est,

802 3727 859 3774 et
902 3719 1028 3773 novi
1054 3718 1576 3772 testamentinovam
1608 3718 1792 3771 docuit
1820 3720 2182 3784 oblationem;
2215 3734 2380 3789 quam

803 3807 1051 3865 Ecclesia
1092 3810 1160 3862 ab
1192 3808 1453 3877 apostolis
1484 3808 1784 3876 accipiens,
1815 3809 1866 3862 in
1901 3811 2152 3864 universo
2178 3811 2379 3864 mundo

803 3899 962 3955 olIert
997 3901 1128 3968 Deo,
1164 3900 1212 3954 ei
1267 3901 1356 3969 qui
1395 3900 1651 3953 alimenta
1696 3900 1850 3954 nobis
1894 3909 2136 3967 prestat,
2183 3903 2376 3971 ι)τίιηί-

806 3995 913 4048 tias
941 4007 1160 4049 suorum
1191 4005 1474 4046 numerum
1509 3991 1562 4045 in
1597 4005 1735 4045 novo
1764 4000 2109 4058 testamento,
2163 3995 2229 4048 de
2263 4008 2373 4062 qua

804 4081 860 4136 in
897 4082 1180 4136 duodecim
1231 4079 1511 4151 prophetis
1566 4077 1858 4134 itialachias
1908 4079 2021 4150 (88)
2065 4082 2145 4136 sic
2188 4084 2376 4153 prasi-

804 4171 1080 4242 gniflcavit
1111 4188 1126 4225 :
1156 4190 1176 4225 ι
1215 4171 1330 4226 Νοη
1359 4181 1443 4226 est
1493 4172 1624 4225 mihi
1661 4170 1910 4226 voluntas
1947 4171 2004 4226 in
2044 4172 2215 4241 vobis,
2245 4173 2378 4230 dicit

803 4262 1069 4319 Dominus
1101 4262 1467 4332 omnipotens,
1496 4269 1551 4315 et
1587 4260 1910 4317 sacriﬁcium
1962 4277 2066 4316 non
2110 4264 2372 4333 accipiam

805 4352 873 4407 de
900 4351 1149 4406 manibus
1178 4351 1392 4406 vestris.
1447 4350 1713 4416 Quoniam
1750 4352 1816 4403 ab
1849 4359 1972 4405 ortu
2020 4351 2150 4407 soiis
2203 4367 2375 4424 usque

805 4442 873 4494 ad
899 4455 1154 4495 occasum
1204 4454 1398 4494 nomen
1456 4454 1636 4495 meum
1689 4440 2021 4495 clariﬁcatur
2071 4441 2183 4512 (89)
2232 4442 2374 4498 inter

803 4539 1020 4602 gentes,
1051 4529 1185 4585 etin
1227 4531 1376 4585 omni
1402 4530 1524 4586 loco
1561 4531 1841 4586 incensum
1894 4530 2120 4587 offertur
2161 4532 2369 4588 nomini

2483 3269 2791 3333 reputatum
2827 3270 2911 3315 est
2953 3259 3096 3330 apud
3131 3257 3320 3324 Deum,
3376 3267 3432 3312 et
3481 3266 3764 3324 acceptum
3825 3268 3912 3312 est
3957 3257 4052 3312 ei:

2484 3371 2592 3411 nou
2619 3356 2760 3426 quod
2787 3355 3027 3426 indigeat
3058 3369 3088 3407 a
3117 3352 3275 3409 nobis
3303 3353 3658 3420 sacriﬁcium,
3679 3354 3778 3410 sed
3798 3355 4054 3424 quoniam

2481 3447 2529 3504 is
2556 3449 2649 3517 qui
2683 3446 2870 3512 oflert,
2903 3445 3248 3517 gloriﬁcatur
3288 3448 3400 3519 ipse
3424 3448 3479 3502 in
3504 3460 3570 3501 eo
3598 3447 3742 3514 quod
3769 3445 3955 3508 oﬁ’ert.
4009 3447 4054 3501 si

2479 3546 2788 3608 acceptetur
2821 3536 2932 3611 (95)
2965 3552 3161 3594 munus
3189 3539 3325 3605 ejus.
3377 3536 3479 3591 Per
3513 3552 3708 3592 munus
3737 3539 3884 3591 enim
3927 3551 4053 3609 erga

2481 3645 2687 3700 regem,
2720 3640 2775 3683 et
2835 3632 3028 3691 honos,
3059 3638 3114 3684 et
3149 3628 3362 3683 affectio
3391 3628 3693 3684 ostenditur
3740 3644 3758 3683 :
3805 3627 3950 3698 quod
4003 3628 4054 3682 in

2478 3719 2624 3773 omni
2670 3718 3024 3786 simplicitate
3077 3726 3130 3772 et
3200 3716 3512 3774 innocentia
3558 3717 3824 3773 Dominus
3871 3717 4056 3772 volens

2479 3825 2578 3865 nos
2610 3807 2828 3872 oﬁ'crre,
2853 3808 3168 3878 praedicavit
3197 3809 3382 3864 dicens
3414 3822 3429 3862 :
3468 3825 3488 3860 ‹
3526 3807 3660 3863 Cuia
3698 3809 3864 3879 igitur
3892 3807 4055 3864 oll‘ers

2476 3918 2676 3956 munus
2711 3912 2858 3956 tuum
2890 3903 2958 3956 ad
2995 3902 3188 3965 altare,
3231 3911 3284 3955 ct
3328 3902 3644 3957 recordatus
3693 3904 3868 3959 fueris
3925 3919 4054 3972 quo-

2478 3993 2624 4046 niam
2659 3994 2828 4047 frater
2857 4001 2982 4047 tuus
3006 3991 3170 4046 habet
3196 3991 3401 4060 aliquid
3424 3993 3708 4046 adversum
3744 4002 3821 4060 te,
3846 3993 4054 4049 dimitte

2475 4097 2673 4138 munus
2701 4091 2849 4137 tuum
2878 4091 3004 4138 ante
3045 4083 3220 4138 altare
3247 4080 3385 4153 (96),
3424 4091 3480 4138 et
3508 4083 3647 4138 vade
3685 4084 3927 4152 primum
3971 4101 4054 4141 re-

2475 4172 2761 4230 conciliari
2789 4173 2945 4228 fratri
2974 4183 3088 4238 tuo,
3127 4181 3181 4229 et
3210 4181 3343 4230 tunc
3382 4189 3633 4230 reversus
3689 4175 3892 4232 offeres
3940 4175 4054 4249 (95)

2476 4278 2674 4319 munus
2705 4273 2858 4319 tuum
2891 4263 2958 4316 ".
2997 4283 3016 4318 ι
3053 4262 3262 4320 Oﬁcrre
3297 4265 3463 4332 igitur
3509 4274 3723 4334 oportet
3778 4267 3890 4323 Deo
3943 4270 4052 4341 pri-

2475 4353 2660 4409 mitias
2702 4355 2818 4425 ejus
2846 4363 3132 4418 creaturae,
3175 4356 3318 4410 sicut
3354 4365 3410 4409 et
3441 4353 3652 4427 Moyses
3687 4357 3767 4410 ait
3800 4376 3813 4410 :
3857 4376 3877 4412 ι
3935 4355 4050 4416 Non

2474 4445 2763 4514 apparebis
2825 4454 3036 4500 Vacuus
3089 4454 3215 4499 ante
3278 4455 3628 4513 conspectum
3695 4448 3913 4504 Domini
3959 4453 4048 4508 Dei

2477 4534 2556 4590 tul
2581 4534 2655 4602 ";
2695 4551 2715 4586 ι
2759 4542 2818 4590 ut
2844 4535 2897 4591 in
2934 4537 3133 4606 quibus
3165 4545 3352 4605 gratus
3392 4535 3505 4606 (96)
3536 4537 3748 4592 exstitit
3773 4539 3962 4608 homo,
3997 4543 4048 4598 in

876 4653 922 4723 δέ
950 4652 1177 4723 zachar.
1214 4651 1384 4723 rn,_9,
1414 4651 1503 4706 l0.
1577 4651 1623 4683 “
1649 4650 1883 4723 Zachar.
1912 4667 2030 4723 rm,
2071 4652 2264 4715 16,17.
2343 4653 2388 4686 "
2422 4652 2565 4709 Psal.
2596 4670 2794 4715 xxxi".
2820 4656 2908 4716 l5.
2936 4655 3024 4712 Η.
3103 4654 3147 4688 ⁸⁸
3181 4654 3308 4712 Ose.
3345 4671 3417 4720 rt,
3447 4657 3503 4711 6.
3580 4659 3624 4690 “
3653 4658 3842 4716 Matth.
3880 4665 4045 4723 rufi.

804 4721 1266 4796 If!’““h_:--’_‘.‘.‘f!v
1314 4721 1398 4796 39.
1438 4735 1589 4796 §§qfl-
1660 4720 2182 4796 “ﬁniuit-1.10.
2243 4723 2330 4777 “-
2398 4724 2452 4796 ΤΞ

1253 4762 1266 4784 ,
1314 4721 1398 4796 2βή
1438 4735 1589 4796 seqq.
1660 4720 2182 4796 "mugiente,
2243 4723 2330 4777 ll.
2398 4724 2452 4796 77f
2493 4725 2626 4796 Cap.
2678 4724 2919 4781 XXXIII.

3015 4727 3059 4758 "
3091 4726 3317 4783 Malach.
3376 4744 3412 4793 ι,
3447 4728 3531 4784 ll.
3637 4730 3686 4760 “
3708 4732 3882 4802 Apoc.
3907 4749 3963 4800 v,
3993 4735 4042 4790 8.

802 4790 850 4826 ⁷⁸
873 4792 1004 4862 Cap.
1030 4789 1264 4845 XXXIV.
1353 4788 1398 4824 "
1437 4790 1628 4849 Matth.
1655 4790 1815 4858 V,25,
1846 4791 1936 4846 ‘24.
1986 4792 2029 4822 ’³⁷
2056 4788 2212 4849 Deut.
2245 4809 2354 4861 xvt,
2393 4793 2476 4849 16.

876 4911 990 4982 (85)
1029 4909 1312 4978 Plusquant
1354 4909 1695 4982 sacri/icium.
1738 4909 2001 4982 Clar0m.,
2034 4923 2083 4966 et
2133 4930 2236 4968 non
2284 4932 2373 4968 sa-
2402 4920 2448 4976 D

802 4979 1087 5055 oriﬁcium.
1124 4982 1176 5033 In
1214 4980 1472 5055 Aruudel.
1508 4989 1563 5034 et
1606 4979 1768 5035 Merc.
1798 4981 1851 5045 2,
1908 4984 2173 5038 omissum
2213 4984 2370 5055 juxta

804 5049 1114 5106 Graecorum
1149 5063 1376 5109 morem,
1413 5051 1552 5112 plus.

879 5119 988 5191 (86)
1022 5119 1442 5191 ﬂisericordiant
1481 5117 1597 5191 nolo
1634 5130 1681 5172 et
1715 5135 1816 5172 non
1854 5122 2195 5189 sacriﬁcium,
2229 5141 2368 5178 nun-

804 5188 977 5260 quom'
1023 5190 1471 5260 condcmnauclis
1513 5188 1832 5260 innocentes.
1871 5192 2020 5245 Alii:
2068 5188 2366 5247 miscricor-

804 5259 948 5314 dium
976 5262 1088 5312 colo
1115 5276 1268 5327 quam
1295 5259 1616 5326 sacriﬁcium
1642 5273 1661 5312 :
1703 5276 1965 5328 nunquam
1997 5268 2366 5318 condemnare-

803 5335 870 5385 ιιι
905 5333 1248 5384 immerentes.

877 5398 987 5470 (δῖ)
1027 5401 1132 5470 Sed
1169 5409 1218 5451 ct
1250 5401 1360 5453 suis
1382 5395 1676 5470 discipulis,
1701 5406 1809 5451 etc.
1830 5398 2063 5470 Consule
2086 5401 2170 5456 dis
2201 5403 2364 5467 ert.5,

804 5467 912 5526 art.
941 5468 1001 5532 7,
1039 5469 1068 5540 ξ
1108 5469 1196 5531 80,
1227 5470 1317 5523 ubi
1361 5468 1512 5540 plura
1556 5467 1621 5521 de
1679 5469 1951 5527 sacriﬁcio
2006 5473 2366 5529 cucharistico

804 5552 872 5593 es
901 5539 1077 5593 mente
1111 5541 1292 5593 lreuuci
1322 5539 1577 5593 diximus.

883 5608 994 5681 (88)
1026 5608 1339 5681 gulae/tias.
1389 5604 1622 5661 Feuard.
1647 5606 1698 5661 in
1727 5622 1923 5678 mai-3.,
1951 5611 2286 5671 Claromont.
2311 5622 2366 5672 et

807 5677 986 5742 Voss,
1019 5677 1318 5732 Malachiel.

877 5747 989 5820 (89)
1035 5747 1393 5817 Ciariﬁcntur.
1441 5748 1565 5815 Alii,
1606 5746 1948 5816 gloriﬁcatur.

2551 4917 2662 4994 (90)
2691 4917 2927 4974 Cessabit
2956 4957 3021 4994 ..τ
3050 4921 3316 4994 offeretur.
3345 4919 3421 4974 Ita
3438 4936 3536 4994 Aex
3567 4923 3825 4979 Arundel.
3861 4931 4045 4994 posuit

2476 4986 2643 5126 eius.
2687 5004 2786 5058 pro
2826 4986 3109 5046 cessavit...
3139 4991 3376 5058 offertur.
3427 4989 3660 5047 Claram.
3697 5009 3826 5050 vero
3854 4986 4037 5061 habet,

2479 5075 2508 5113 ο
2554 5071 2780 5113 erretnr.

2479 5071 2780 5113 aIIerretnr.

2547 5126 2659 5202 (91)
2687 5127 2776 5202 Et.
2805 5126 2895 5183 Sic
2931 5144 3119 5184 omnes
3150 5145 3284 5202 mss.
3329 5129 3530 5186 melius
3548 5146 3709 5200 quam
3740 5134 3870 5189 editi
3904 5134 4036 5202 Deo,

2472 5199 2781 5280 quitaf‘paulo
2809 5207 2936 5254 ante
2952 5199 3235 5280 praecedit.

2539 5265 2650 5344 (99)
2713 5268 2898 5344 Ilium.
2946 5265 3043 5344 Sic
3076 5283 3273 5344 clunes
3329 5270 3682 5342 manuscripti
3728 5289 3827 5344 pro
3879 5277 4031 5340 illud,

2471 5339 2614 5408 quod
2631 5338 2914 5408 "reperitur
2944 5338 2996 5392 in
3026 5338 3181 5392 editi.

2544 5405 2657 5479 (9'5)
2699 5405 2888 5475 O/fert,
2925 5409 2972 5460 si
3016 5416 3332 5479 accepletur.
3387 5408 3625 5465 Claram.
3667 5414 3890 5472 inverso
3939 5431 4034 5474 or-

2471 5474 2617 5536 dine,
2638 5474 2648 5479 ⁷
2666 5474 2978 5546 acceptetur,
3013 5478 3058 5530 si
3095 5477 3264 5545 oﬂ'crt.

2543 5546 2660 5617 (94)
2699 5551 2832 5617 Aule
2866 5547 3054 5600 altare.
3096 5549 3303 5604 Aruml.
3329 5558 3383 5602 et
3413 5547 3592 5615 Voss.,
3618 5554 3688 5604 ad
3734 5557 3927 5612 altera.

2542 5616 2656 5688 (95)
2699 5616 2920 5688 Qﬁ‘eres.
2953 5617 3115 5688 Eros.
3157 5627 3212 5671 et
3241 5619 3464 5684 Gallas.,
3493 5622 3644 5688 offer.

2544 5685 2658 5760 (96)
2700 5685 2914 5740 Gratus.
2947 5686 3042 5760 Hic
3065 5699 3409 5752 acceptorum
3439 5707 3468 5741 ξι
3509 5685 3614 5743 lien
3641 5693 4028 5755 beneﬁciorum

2474 5759 2790 5826 memorem,
2837 5771 2960 5811 mox
2989 5759 3094 5813 Deo
3129 5769 3410 5829 acceptum
3456 5762 3572 5830 sign
3601 5765 3745 5821 (ἰυειῑ.
