4222 6320
270 405 411 464 1033

1382 401 1660 461 CONTRA
1694 400 2035 458 HERESES
2086 402 2214 458 LIB.
2248 400 2337 458 IV.

3361 404 3497 465 1034

263 527 513 584 omnium
572 540 778 597 capax,
819 534 876 581 et
914 525 1007 594 qui
1037 540 1067 579 a
1098 523 1311 578 nemine
1352 524 1617 592 capiatur.
1640 540 1658 575 ι
1696 521 1838 578 Bene
1867 526 1913 583 Α
1944 521 2139 576 iterum
2168 540 2182 577 :
2215 540 2235 574 ι
2263 521 2396 578 Cum
2438 530 2659 593 pararet
2688 521 2906 584 catlum,
2943 535 3094 579 eram
3135 537 3259 579 cum
3303 524 3416 594 illo,
3446 536 3503 581 et

266 625 447 670 autem
480 625 538 671 et
568 618 623 672 in
656 618 935 689 prophetis
961 614 1255 671 Halachias
1286 614 1394 667 ait:
1426 631 1446 666 ι
1472 610 1661 669 Nonne
1693 629 1833 668 unus

295 719 413 761 reus
431 706 524 777 qui
552 707 834 763 constituit
865 707 998 761 nos?
1028 705 1217 760 Nonne
1245 703 1408 760 Pater
1435 720 1575 759 unus
1604 713 1684 759 est
1712 720 1832 758 om-

269 794 419 849 nium
468 806 715 850 nostrum
747 796 816 849 ”.
849 813 867 847 ι
903 794 1318 865 Consequenter
1367 802 1547 848 autem
1592 802 1649 849 et
1688 795 1833 864 Apo-

270 887 445 942 stolus
474 887 592 942 ait:
628 904 648 939 ι
673 885 825 943 Unus
852 888 1017 951 Deus,
1041 906 1061 939 ι
1110 886 1308 955 inquit,
1345 903 1367 938 r
1389 885 1571 945 Pater.
1610 885 1700 955 qui
1736 900 1833 939 su-

266 995 369 1051 per
405 993 615 1046 omnes,
644 990 700 1035 et
742 980 794 1036 in
836 979 1088 1035 omnibus
1128 978 1284 1034 nobis
1307 978 1347 1033 ⁸.
1373 994 1394 1031 ι
1430 974 1694 1031 Similiter
1738 991 1834 1030 au-

266 1078 380 1124 tem
429 1068 691 1124 Dominus
730 1086 744 1123 :
783 1088 802 1121 ι
826 1067 1017 1123 Omnia
1069 1068 1235 1133 mihi,
1260 1086 1281 1122 ι
1329 1066 1537 1136 inquit,
1586 1082 1605 1117 ι
1638 1064 1833 1120 tradita

266 1170 395 1215 sunt
425 1174 453 1213 a
499 1158 660 1215 Patre
706 1162 903 1225 meo‘;
928 1178 947 1213 ο
985 1158 1273 1214 manifeste
1309 1159 1378 1213 ab
1411 1173 1477 1214 eo
1525 1156 1617 1227 qui
1649 1156 1832 1211 omnia

264 1249 399 1307 fecit
425 1250 552 1323 (non
584 1252 728 1306 enim
763 1252 964 1314 aliena,
991 1248 1083 1305 sed
1119 1265 1214 1304 sua
1252 1250 1475 1306 tradidit
1508 1251 1580 1307 ei.
1620 1250 1679 1305 in
1717 1264 1836 1303 omo

266 1344 430 1399 nibus
465 1354 644 1397 autem
685 1342 816 1397 nihil
850 1344 1186 1399 subtractum
1225 1352 1344 1397 est:
1377 1351 1429 1396 et
1476 1349 1695 1411 propter
1726 1340 1834 1395 hoc

265 1434 412 1489 idem
442 1444 528 1490 est
559 1432 726 1500 iudex
763 1434 1055 1489 viventium
1095 1442 1149 1487 et
1186 1442 1548 1497 mortuorum,
1582 1448 1603 1484 ι
1631 1431 1835 1487 habens

265 1524 475 1582 clavem
507 1526 673 1581 David
699 1544 712 1580 :
743 1525 973 1594 aperiet,
1001 1534 1057 1580 et
1103 1539 1263 1580 nemo
1293 1524 1547 1579 claudet:
1579 1523 1795 1579 claudet
1815 1561 1833 1590 ,

264 1625 324 1671 et
365 1630 524 1671 nemo
554 1614 763 1685 aperiet
784 1615 804 1648 ³
830 1613 965 1685 (Si).
993 1632 1012 1667 ι
1046 1613 1216 1671 Nemo
1252 1614 1398 1669 enim
1426 1614 1569 1670 alius
1594 1622 1831 1684 poterat,

265 1720 369 1762 nec
399 1708 453 1762 in
483 1706 644 1771 cmlo,
677 1720 775 1762 nec
806 1707 857 1762 in
899 1715 1069 1771 terra,
1101 1720 1200 1761 nec
1238 1705 1433 1763 subtus
1474 1714 1676 1761 terram
1706 1718 1833 1774 ape-

264 1798 378 1853 rire
416 1806 699 1867 paternum
729 1796 949 1863 librum,
976 1811 1076 1853 nec
1103 1795 1288 1853 videre
1316 1810 1461 1863 eum,
1507 1795 1612 1851 nisi
1646 1794 1833 1865 Agnus

1936 625 2059 665 cum
2086 610 2275 666 firmos
2312 610 2516 666 faceret
2550 611 2724 666 fontes
2750 611 2956 682 abyssi,
2983 615 3201 681 quando
3233 614 3389 672 fortia
3418 616 3504 672 ia-

1935 703 2115 759 ciebat
2155 701 2505 759 l‘undamenta
2545 712 2724 767 terrm,
2753 717 2903 757 eram
2943 704 3087 773 apud
3127 719 3253 761 cum
3285 717 3498 777 aptans.

1934 792 2049 862 Ego
2095 808 2247 849 eram
2292 794 2379 850 cui
2425 794 2786 865 adgaudebat,
2830 795 3074 866 quotidie
3113 805 3292 851 autem
3346 800 3503 853 laeta-

1936 886 2036 941 bar
2076 884 2187 958 (60)
2228 896 2358 941 ante
2400 885 2592 942 faciem
2632 886 2748 955 ejus
2790 888 2841 944 in
2876 888 3025 943 omni
3064 897 3337 960 tempore.
3377 907 3499 947 cum

1935 974 2214 1030 laetaretur
2254 974 2387 1030 orbe
2432 975 2698 1046 perfecto,
2739 986 2797 1033 et
2844 976 3241 1047 jocundabatur
3284 980 3397 1053 (61)
3443 982 3499 1037 in

1937 1064 2064 1119 [iliis
2092 1063 2369 1120 hominum
2397 1064 2442 1121 ".
2463 1082 2482 1116 ο

2005 1154 2169 1228 254
2201 1156 2254 1211 4.
2302 1154 2456 1213 Unus
2506 1157 2675 1224 igitur
2716 1157 2887 1223 Deus,
2931 1158 3025 1229 qui
3076 1159 3241 1215 verbo
3300 1170 3359 1216 et
3410 1176 3503 1220 sa-

1936 1248 2139 1317 pientia
2169 1247 2296 1304 fecit
2322 1257 2378 1304 et
2413 1248 2620 1317 aptavit
2658 1249 2882 1305 omnia:
2925 1250 3014 1305 hic
3051 1258 3136 1307 est
3173 1261 3355 1308 autem
3394 1252 3502 1309 De-

1938 1340 2211 1410 miurgus,
2240 1341 2333 1409 qui
2374 1350 2431 1394 et
2476 1339 2736 1395 mundum
2783 1339 2929 1396 hunc
2970 1342 3216 1400 attribuit
3262 1344 3503 1400 humano

1934 1431 2143 1502 generi,
2175 1431 2266 1501 qui
2307 1431 2602 1485 secundum
2642 1430 3069 1502 magnitudinem
3099 1434 3318 1504 quidem
3348 1436 3503 1507 igno-

1935 1532 2021 1578 tus
2066 1533 2150 1581 est
2189 1523 2437 1578 omnibus
2484 1522 2590 1583 his,
2636 1524 2729 1594 qui
2772 1525 2839 1579 ab
2885 1537 2950 1579 eo
2982 1523 3106 1578 iacti
3150 1532 3277 1580 sunt
3321 1526 3505 1596 (nemo

1933 1614 2077 1670 enim
2127 1614 2473 1683 investigarit
2520 1614 2864 1671 altitudinem
2910 1612 3050 1684 ejus,
3082 1630 3185 1671 nec
3228 1624 3504 1681 veterum,

1933 1708 2025 1775 qui
2070 1708 2396 1775 quieverunt
2424 1702 2564 1776 (62),
2605 1719 2707 1760 nec
2745 1720 2934 1762 eorum
2977 1706 3071 1776 qui
3111 1721 3258 1763 nunc
3302 1712 3502 1780 sunt);

1934 1796 2232 1851 secundum
2279 1804 2460 1852 autem
2509 1795 2851 1852 dilectionem
2898 1798 3253 1869 cognoscitur
3289 1812 3506 1870 semper

262 1887 357 1957 qui
388 1865 601 1943 occisus
630 1896 733 1950 est,
776 1896 832 1942 et
874 1888 1136 1959 sanguine
1178 1900 1277 1942 suo
1316 1886 1542 1942 redemit
1573 1886 1730 1957 nos);
1763 1885 1832 1940 ab
1863 1865 1905 1919 Β
1937 1903 2035 1960 per
2074 1902 2230 1953 eum,
2275 1903 2376 1958 per
2414 1902 2573 1959 quem
2610 1886 2892 1945 constituit
2931 1865 3137 1943 omnia.
3180 1888 3274 1945 Est
3317 1865 3502 1947 autem

262 1979 478 2044 eodem,
506 1979 595 2049 qui
625 1978 803 2033 omnia
840 1979 1004 2032 verbo
1035 1977 1185 2041 fecit,
1217 1986 1270 2031 et
1296 1976 1565 2045 sapientia
1594 1977 1826 2033 adorna-

264 2070 367 2134 vit,
390 2068 664 2138 accipiens
693 2071 932 2124 omnium
966 2078 1310 2137 potestatem,
1336 2068 1555 2139 quando
1591 2065 1829 2121 Verbum

262 2176 393 2216 caro
417 2160 615 2217 factum
648 2171 751 2225 est,
792 2170 853 2215 ut
898 2160 1351 2231 quemadmodum
1395 2161 1448 2214 in
1493 2160 1648 2215 caelis
1686 2160 1834 2228 prin-

262 2254 500 2322 cipatum
527 2253 719 2307 habuit
749 2252 983 2308 Verbum
1017 2252 1134 2319 Dei,
1156 2252 1238 2306 sic
1263 2260 1321 2307 et
1350 2252 1403 2306 in
1433 2260 1578 2307 terra
1604 2251 1832 2306 haberet

264 2342 648 2412 principatum,
681 2344 934 2411 quoniam
967 2342 1129 2397 homo
1157 2340 1353 2411 iustus,
1381 2360 1400 2394 ι
1421 2341 1514 2414 qui
1547 2351 1830 2412 peccatum

266 2449 373 2488 non
419 2432 563 2497 fecit,
593 2449 695 2489 nec
739 2434 994 2489 inventus
1038 2442 1121 2490 est
1165 2434 1323 2489 dolus
1359 2434 1412 2488 in
1453 2448 1550 2489 ore
1579 2431 1698 2503 ejus
1724 2433 1774 2498 ις
1810 2452 1827 2485 ι

266 2522 629 2593 principatum
678 2529 860 2577 autem
905 2522 1107 2577 habeat
1158 2536 1345 2577 eorum
1391 2538 1512 2593 qua:
1560 2530 1687 2577 sunt
1732 2522 1833 2575 sub

267 2624 438 2680 terra,
470 2614 583 2681 ipse
625 2613 1015 2683 primogenitus
1056 2621 1386 2668 mortuorum
1426 2614 1642 2667 factus:
1674 2621 1729 2667 et
1773 2622 1833 2667 ut

264 2704 516 2760 viderent
547 2704 750 2767 omnia,
783 2702 1239 2773 quemadmodum
1271 2703 1643 2773 prmdiximus,
1675 2718 1831 2758 suum

263 2809 480 2865 regem;
519 2805 573 2850 et
604 2805 660 2849 ut
692 2795 746 2849 in
778 2809 943 2850 carne
970 2793 1084 2865 (55)
1131 2794 1340 2850 Domini
1374 2795 1547 2849 nostri
1585 2794 1696 2866 (56)
1741 2809 1834 2851 oc-

265 2896 453 2940 currat
479 2898 706 2953 paterna
740 2886 852 2949 lux,
877 2896 928 2942 et
959 2902 990 2942 a
1024 2902 1190 2943 carne
1218 2886 1334 2956 ejus
1373 2886 1528 2941 rutila
1560 2886 1746 2942 veniat
1777 2888 1833 2944 in

268 2994 391 3046 nos,
423 2990 477 3034 et
519 2980 599 3034 sic
629 2980 789 3035 homo
833 2981 1081 3035 deveniat
1123 2980 1175 3035 in
1220 2980 1689 3049 incorruptelam,
1726 2979 1837 3035 cir-

267 3072 558 3125 cumdatus
584 3081 814 3141 paterno
839 3070 1063 3125 lumine.

1938 1980 2025 2035 hic
2056 1978 2293 2035 Verbum
2333 1980 2472 2049 ejus,
2511 1978 2773 2034 Dominus
2812 1986 3000 2034 noster
3030 1977 3190 2036 Iesus
3227 1978 3504 2045 Christus,

1934 2069 2029 2141 qui
2091 2070 2407 2125 novissimis
2468 2070 2803 2140 temporibus
2859 2073 3021 2129 homo
3076 2070 3133 2125 in
3189 2070 3503 2129 hominibus

1938 2162 2115 2217 iactus
2148 2169 2263 2224 est,
2294 2169 2352 2215 ut
2397 2160 2559 2215 linem
2592 2158 2951 2231 coniungeret
2990 2159 3282 2234 principio,
3323 2164 3377 2219 id
3421 2172 3506 2219 est

1940 2251 2210 2307 hominem
2252 2250 2381 2305 Deo.
2427 2250 2494 2305 Et
2545 2259 2835 2321 propterea
2885 2250 3164 2321 propheta:
3202 2254 3268 2307 ah
3313 2253 3502 2308 eodem

1939 2340 2115 2396 Verbo
2163 2341 2536 2411 propheticum
2590 2340 2919 2410 accipientes
2961 2341 3263 2407 charisma,
3310 2345 3507 2414 prtedi-

1937 2443 2199 2489 caverunt
2250 2431 2367 2502 ejus
2417 2432 2714 2487 secundum
2764 2445 2983 2489 carnem
3041 2434 3362 2497 adventum,
3409 2450 3507 2505 per

1938 2540 2096 2595 quem
2132 2524 2442 2579 commistio
2471 2531 2526 2576 et
2556 2523 2874 2578 communio
2919 2522 3011 2579 Dei
3055 2533 3110 2580 et
3154 2525 3388 2579 hominis
3420 2540 3507 2580 se-

1939 2616 2178 2671 cundum
2223 2614 2480 2685 placitum
2521 2612 2700 2667 Patris
2745 2612 2887 2668 facta
2926 2624 3029 2678 est,
3070 2615 3137 2669 ab
3170 2616 3325 2670 initio
3365 2632 3505 2687 prac-

1938 2708 2221 2764 nunliante
2266 2706 2443 2763 Verbo
2485 2707 2599 2772 Dei,
2650 2706 2905 2775 quoniam
2941 2708 3213 2763 videbitur
3254 2711 3394 2767 Deus
3439 2711 3509 2766 ab

1937 2797 2276 2863 hominibus,
2303 2804 2359 2852 et
2382 2796 2797 2852 conversabitur
2820 2812 2943 2851 cum
2973 2799 3053 2853 eis
3088 2813 3252 2870 super
3278 2810 3506 2866 terram,

1935 2899 1993 2946 et
2032 2889 2462 2958 colloqueretur,
2498 2899 2553 2943 et
2595 2885 2882 2942 adfuturus
2911 2900 3056 2944 esset
3086 2903 3187 2945 suo
3217 2890 3465 2961 plasmati
3488 2936 3506 2961 ,

1936 2978 2155 3033 salvans
2208 2977 2372 3044 illud,
2413 2984 2471 3031 et
2509 2976 2877 3047 perceptihilis
2917 2975 2987 3031 ab
3029 2992 3125 3045 eo,
3170 2989 3227 3035 et
3268 2980 3509 3038 liberans

1938 3083 2040 3124 nos
2073 3070 2141 3124 de
2184 3068 2434 3124 manibus
2472 3068 2720 3123 omnium
2764 3069 3060 3125 odieutium
3106 3087 3225 3140 nos,
3266 3074 3369 3130 hoc
3398 3085 3502 3138 est.

338 3182 393 3237 δ.
432 3183 499 3237 Et
550 3183 805 3252 quoniam
846 3182 1117 3247 verbum,
1162 3184 1215 3238 id
1244 3193 1329 3238 εει
1369 3182 1573 3249 Filius.
1617 3198 1835 3255 semper
1860 3199 1905 3258 α
1938 3158 2007 3212 ab
2034 3158 2297 3258 universo
2331 3157 2782 3258 transgressionis
2811 3160 3139 3258 spiritus-el.
3172 3161 3379 3220 faciens
3408 3182 3506 3258 nos

263 3288 391 3328 cum
430 3273 587 3328 Patre
621 3283 771 3337 erat,
814 3288 911 3344 per
947 3274 1111 3328 multa
1143 3274 1653 3329 demonstravimus.
1684 3275 1832 3342 Quo.

1942 3248 2148 3304 servire
2199 3250 2297 3304 sibi
2350 3249 2402 3303 in
2459 3250 2751 3303 sanctitate
2803 3258 2857 3302 et
2897 3248 3107 3317 justitia
3162 3268 3351 3311 omnes
3392 3255 3507 3311 dies

264 3365 411 3419 niam
456 3375 637 3419 autem
685 3375 742 3421 et
789 3339 1083 3435 sapientia,
1124 3380 1244 3432 qua
1283 3378 1365 3420 est
1398 3366 1657 3434 Spiritus,
1708 3339 1838 3424 verat
1943 3340 2645 3435 “,⁰⁸¹τ⁰⁸’,¹¹¹ί“⁰⁰¹¹ῗρ¹θ⁸¹¹⁸
2678 3339 2837 3393 homo
2867 3340 3129 3409 spiritum
3161 3341 3275 3407 Dei,
3308 3344 3360 3398 ίη
3389 3344 3509 3415 8¹⁰’

264 3457 408 3525 apud
456 3472 580 3511 cum
618 3455 731 3527 (57)
777 3467 906 3511 ante
960 3470 1177 3511 onmem
1227 3458 1699 3523 constitutionem,
1738 3472 1835 3526 per

266 3544 611 3599 Salomonem
644 3545 756 3598 ait:
788 3564 805 3596 ι
840 3544 982 3600 Deus
1022 3546 1283 3613 sapientia
1335 3545 1578 3601 fundavit
1610 3555 1831 3611 terram,

1943 3429 2083 3484 riam
2112 3428 2272 3484 cedat
2301 3427 2503 3483 Patris.

2010 3542 2063 3598 5.
2104 3541 2229 3597 Haec
2270 3541 2589 3611 prophetice
2629 3542 3010 3610 signiﬁcabant
3053 3544 3366 3615 prophetat,
3407 3549 3499 3609 sed

264 3638 486 3706 paravit
525 3646 706 3691 autem
740 3637 937 3691 caelum
968 3637 1273 3703 prudentia.
1301 3636 1473 3692 Sensu
1504 3638 1622 3709 ejus
1651 3640 1831 3710 abyssi
1940 3645 2046 3687 non
2074 3630 2525 3700 quemadmodum
2558 3628 2780 3698 quidam
2812 3630 3022 3698 dicunt,
3058 3631 3315 3689 invisibili
3343 3634 3507 3691 Patre

264 3736 608 3798 eruperunt,
658 3727 830 3781 nubes
882 3736 1062 3781 autem
1120 3736 1482 3780 munavernnt
1517 3744 1605 3782 ros
1627 3728 1669 3783 '.
1702 3747 1719 3780 ι
1769 3729 1835 3783 Et
1941 3724 2185 3778 omnium
2226 3725 2549 3787 exsistente,
2580 3721 2810 3778 alterum
2843 3737 2964 3779 esse
3004 3738 3149 3793 eum,
3188 3724 3281 3795 qui
3321 3739 3352 3780 a
3383 3742 3507 3795 pro-

268 3832 502 3873 rursus:
540 3832 559 3868 ι
595 3817 852 3871 Dominus
881 3808 1089 3870 creavit
1134 3832 1220 3870 me
1263 3817 1587 3885 principium
1619 3818 1830 3872 viarum
1938 3815 2117 3885 phetis
2152 3813 2425 3869 videretur
2461 3812 2609 3883 (61’);
2642 3813 2732 3882 qui
2765 3815 2819 3869 in
2860 3823 3065 3879 totum,
3111 3815 3240 3885 quid
3278 3816 3350 3871 sit
3383 3830 3506 3886 pro-

266 3922 490 3964 suarum
538 3906 592 3961 in
638 3922 798 3976 opera
836 3922 967 3972 sua,
1014 3918 1140 3962 ante
1187 3906 1385 3962 saecula
1433 3906 1544 3979 (58)
1592 3907 1835 3963 fluidas-it
1938 3906 2145 3976 phetia,
2177 3905 2442 3959 nesciunt.
2472 3902 2609 3957 Nam
2637 3903 2919 3973 prophetia
2946 3913 3028 3959 est
3064 3904 3380 3974 praedicatio
3416 3905 3504 3961 (u-

267 4009 379 4060 me,
416 3994 469 4048 in
503 3995 659 4050 initio
696 4003 984 4063 antequam
1020 4005 1218 4049 terram
1256 3994 1482 4059 faceret,
1517 3998 1831 4067 priusquam
1942 4008 2208 4061 tororum,
2253 3996 2307 4050 id
2344 4004 2429 4050 est
2461 4010 2648 4049 eorum
2680 4009 2801 4064 qua:
2834 4006 2955 4064 post
2998 4003 3179 4060 erunt,
3220 3996 3505 4067 praesigni-

265 4088 496 4157 abyssos
538 4087 894 4141 constitueret
933 4085 1065 4157 (59),
1102 4096 1155 4140 et
1201 4088 1517 4157 priusquam
1568 4092 1831 4156 procede-

269 4187 390 4230 rent
427 4175 605 4231 fontes
633 4190 920 4245 aquarum,
950 4188 1238 4245 antequam
1284 4190 1493 4234 montes
1536 4180 1832 4234 confirma-

269 4279 457 4323 rentur
483 4286 498 4322 :
528 4278 654 4321 ante
684 4282 873 4323 omnes
906 4278 1084 4321 autem
1115 4268 1282 4322 colles
1309 4270 1494 4337 genuit
1532 4285 1618 4325 me
1641 4270 1683 4323 ⁸.
1713 4288 1732 4321 ι
1772 4270 1837 4325 Et

1942 4086 2144 4141 iicatio.
2177 4083 2676 4155 Praesigniiicabaut
2716 4083 2883 4154 igitur
2920 4082 3032 4153 (δι)
3063 4084 3338 4153 propheta:
3370 4100 3507 4155 quo-

1943 4179 2087 4232 niam
2122 4177 2390 4231 videbitur
2414 4173 2556 4229 Deus
2592 4173 2660 4228 ab
2683 4172 3017 4239 hominibus;
3051 4174 3505 4243 quemadmodum

1941 4280 1995 4323 et
2023 4266 2283 4323 Dominus
2322 4266 2405 4319 ait
2440 4283 2454 4318 :
2497 4282 2517 4316 ε
2552 4264 2701 4319 Beati
2751 4263 2953 4319 mundo
3001 4264 3194 4328 corde,
3246 4266 3504 4334 quoniam

339 4362 385 4396 ⁹⁹
417 4362 644 4417 Malach.
684 4377 755 4427 ll,
791 4363 875 4415 10.
956 4364 972 4393 ¹
1013 4363 1208 4429 Ephes.
1234 4378 1308 4431 iV,
1342 4360 1389 4416 6.
1471 4366 1491 4396 ²
1523 4364 1713 4419 Matth.
1745 4379 1828 4429 xl,
1861 4364 1953 4422 27.

1861 4364 1953 4422 27.
2028 4363 2047 4394 ³
2074 4361 2244 4431 Apoc.
2304 4374 2388 4423 tn,
2415 4358 2468 4413 7.
2545 4358 2568 4390 δ
2594 4357 2613 4410 1
2639 4358 2789 4415 Petr.
2810 4374 2868 4424 ιι,
2888 4356 2979 4412 22.
3054 4367 3075 4398 ι
3104 4356 3263 4415 Prov.
3293 4373 3375 4424 Ill,
3409 4357 3501 4421 19.

264 4431 361 4487 20.
438 4433 460 4464 ⁸
477 4431 641 4488 Prov.
659 4432 863 4498 vin,22
886 4442 940 4488 et
966 4448 1118 4501 seqq.
1195 4433 1216 4464 ⁷
1239 4430 1461 4499 lbid.,27
1488 4444 1541 4487 et
1560 4449 1716 4505 seqq.

268 4556 432 4625 leget,
460 4551 603 4625 nihil
627 4550 825 4625 mirum
845 4568 860 4604 :
880 4550 1080 4625 eodem
1109 4549 1253 4625 enim
1282 4550 1448 4625 modo
1477 4560 1702 4625 cttam_m
1738 4566 1824 4625 re-
1854 4552 1899 4607 D
1928 4560 2049 4625 cum
2083 4542 2316 4625 invicem
2349 4535 3416 4625 i_ren_aei_codd.nlnIed_itt._otqni_bus,ut
3444 4552 3501 4620 et

268 4606 519 4693 péiieia
554 4620 800 4693 pluribus
844 4620 981 4693 aliis
1015 4620 1255 4693 antiquis
1282 4619 1571 4693 Patribus,
1618 4618 1826 4693 Grmcis
1870 4606 1877 4607 ί
1934 4619 2156 4693 i_u_mss.
2189 4612 2399 4666 Arund.
2426 4618 2482 4693 et
2528 4607 2691 4693 Merc.
2730 4607 2766 4661 2
2816 4606 3374 4693 legunturgduntaxat
3402 4630 3414 4665 :
3444 4615 3500 4666 in

270 4689 591 4763 praesertim,
616 4690 810 4763 quibus
843 4690 1022 4763 fuit_i_u
1065 4689 1259 4763 pretio.
1284 4689 1484 4763 llorum
1519 4690 1824 4763 testimonia

269 4757 491 4885 coillegit
530 4759 848 4823 Cotclerius,
866 4770 917 4814 et
948 4757 1154 4813 lienus:
1190 4758 1340 4812 libris
1367 4775 1394 4811 a
1423 4773 1482 4813 se
1506 4759 1666 4812 editis
1693 4774 1825 4829 pra:-

270 4847 325 4885 tn
353 4840 442 4884 sit.

270 4831 442 4886 misit.

342 4900 455 4971 (54)
483 4900 760 4970 Aperiat...
783 4908 829 4971 et
873 4896 1119 4971 ciaudet:
1151 4896 1425 4971 ciaudet...
1456 4896 1671 4971 aperiet.
1703 4895 1827 4951 Cla-

271 4966 651 5039 ruttt.,'aperiet
682 4981 725 5024 et
761 4968 965 5022 claudet
992 4981 1009 5018 :
1039 4966 1547 5039 claudrt_..._uperiet,
1567 4980 1698 5039 cum
1722 4980 1828 5034 quo

272 5042 452 5110 quoad
486 5034 716 5106 priorem
758 5049 967 5110 partem
994 5036 1264 5110 cpnseutit
1307 5034 1536 5110 Fet-ard.
1565 5036 1824 5110 in_ma_rg.

272 5102 347 5162 Ᾰι
382 5109 435 5161 in
471 5102 624 5163 Voss.
664 5102 863 5176 ubique
909 5107 960 5159 in
1012 5102 1213 5176 futuro,
1255 5107 1551 5170 aperiet...
1591 5104 1825 5157 claudet.

272 5178 548 5232 Consonat
578 5180 754 5246 quoad
777 5174 1015 5245 aperiet,
1052 5174 1215 5228 Merc.
1257 5180 1307 5228 1.
1336 5175 1393 5227 lu
1430 5175 1584 5227 editt.
1630 5176 1830 5242 ubique

276 5262 532 5317 pragsens
544 5258 771 5317 tempus.

347 5315 458 5387 (55)
495 5310 682 5370 ϐαι·ηέ.
716 5315 878 5370 Editt.
916 5329 1038 5369 cum
1078 5315 1285 5369 Arund.
1313 5323 1369 5368 et
1404 5310 1569 5367 Merc.
1604 5311 1670 5375 2,
1710 5327 1829 5365 car-

348 5454 461 5522 (56)
498 5454 702 5510 Nostri.
736 5452 885 5508 Hauc
918 5469 1101 5522 vocem
1135 5452 1309 5507 addidi
1342 5467 1410 5506 ex
1438 5450 1676 5507 Clarum.

347 5517 462 5593 (57)
495 5525 657 5579 Eum.
699 5524 917 5578 Scilicet
962 5521 1196 5577 Patrem.
1227 5525 1314 5577 Sic
1347 5536 1475 5576 mss.
1527 5534 1736 5575 omnes.
1774 5517 1831 5574 lu

274 5594 451 5650 editt.‘
475 5595 658 5648 Deum.

350 5664 465 5735 (58)
500 5661 730 5735 Stet-uia.
768 5663 850 5717 ΑΙ.
879 5661 1150 5716 saeculum.

350 5727 463 5804 (59)
499 5732 565 5785 In
610 5735 760 5786 initio
809 5740 1330 5804 untequant__terram
1387 5729 1612 5804 faceret,
1658 5727 1834 5791 prius-

276 5800 449 5871 quam
472 5804 681 5871 abysso:
714 5800 1068 5855 constitueret.
1106 5800 1201 5853 llic
1240 5817 1345 5854 non
1370 5801 1718 5856 consentiunt
1749 5810 1833 5852 se-

676 5900 944 5959 Pn‘non.
990 5896 1105 5956 Gn.
1154 5895 1294 5957 Vli.

1932 4686 2087 4741 initio
2112 4693 2389 4751 antequam
2420 4688 2613 4751 terram
2648 4676 2890 4751 fugeret:
2912 4676 3153 4737 omissis,
3185 4677 3497 4751 priusquam

1931 4755 2146 4823 abysso:
2196 4745 2555 4823 constitueret.
2584 4745 2641 4800 lu
2687 4746 2929 4823 Clarum.
2960 4760 2991 4799 e
3020 4745 3319 4807 contrario,
3351 4745 3411 4801 ut
3447 4760 3502 4803 et

1933 4824 1987 4878 in
2001 4815 2195 4886 'Voss.,
2222 4822 2336 4874 haec
2370 4819 2640 4872 habentur
2670 4815 2946 4870 solum.At
2967 4824 3257 4884 utrumque
3286 4830 3498 4873 comma

1934 4892 2275 4947 retinendum
2307 4902 2431 4944 esse
2455 4888 2793 4940 demonstrat
2819 4900 2975 4940 sacer
2999 4894 3201 4938 textus.

2031 4961 2121 5031 60)
2163 4960 2419 5031 Lwtabar.
2449 4955 2543 5010 Sic
2574 4970 2707 5031 mss.
2743 4955 2797 5006 In
2829 4956 3010 5031 editt.,
3036 4953 3355 5031 delectabar:

2031 4964 2121 5031 60)
2163 4964 2419 5013 Lwtabar.
2449 4964 2543 5010 Sic
2574 4970 2707 5007 mss.
2743 4964 2797 5006 In
2829 4964 3010 5017 editt.,
3036 4964 3355 5008 delectabar.

2005 4964 2118 5103 (iii)
2150 5028 2571 5103 locandabatur.
2608 5024 2776 5079 Editt.
2802 5039 2921 5079 cum
2951 5024 3212 5078 Aruudel.
3244 5033 3299 5076 et
3330 5021 3497 5081 Merc.

1931 5104 1985 5166 2,
2010 5101 2412 5170 joc'undaretur.

2006 5158 2117 5242 (62)
2157 5166 2265 5220 Nec
2298 5174 2524 5242 ceterum
2554 5165 2643 5234 qui
2673 5163 3000 5242 quieverunt.
3024 5158 3079 5242 In
3118 5168 3228 5242 let.
3264 5159 3495 5242 Feuard.

1935 5228 2058 5296 cod.
2083 5228 2200 5292 dua:
2234 5236 2439 5305 priores
2464 5228 2623 5289 voces
2650 5228 2977 5305 omittuntur
3002 5245 3017 5283 :
3044 5232 3097 5284 in
3121 5228 3274 5305 Voss.
3300 5240 3353 5284 et
3372 5231 3501 5286 Clu-

1937 5326 2077 5363 rom.
2103 5307 2214 5361 sola
2234 5299 2349 5357 'vox
2381 5314 2609 5358 veterum
2627 5320 2646 5368 ;
2677 5310 2731 5355 at
2775 5302 2827 5354 in
2868 5302 2991 5364 hoc,
3022 5315 3120 5368 pro
3155 5299 3500 5369 quieturum,

1936 5379 2135 5448 legitur
2170 5377 2459 5446 quierunt.
2496 5366 2795 5439 Utrumque
2834 5366 3071 5425 retinere
3097 5366 3224 5423 cum
3265 5366 3498 5425 Feuard.

1977 5448 2161 5502 iacuit.

1939 5465 2465 5586 plz‘tggy'i’ideretur.
2512 5508 2628 5586 {loc
2663 5519 2878 5586 _autem_
2895 5507 3105 5586 dicunt,
3156 5507 3399 5586 additum
3446 5507 3495 5561 in

1938 5577 2171 5642 edittfct
2196 5583 2318 5637 cod.
2343 5582 2548 5633 Arund.
2574 5594 2638 5635 ac
2663 5578 2824 5632 Merc.
2847 5577 2906 5637 2.
2930 5578 3084 5631 omisi
3109 5591 3231 5632 cum
3256 5577 3497 5630 Clarom.

1938 5668 1993 5710 et
2029 5656 2210 5716 Voss...
2246 5653 2296 5706 id
2324 5651 2470 5704 enim
2508 5650 2728 5719 majoris
2751 5648 3018 5703 claritatis
3048 5646 3246 5716 gratia,
3277 5648 3368 5700 sed
3399 5645 3499 5701 abs

1940 5741 1997 5782 re
2025 5724 2265 5777 additum
2294 5722 2523 5773 videtur.

2011 5793 2124 5864 (64)
2158 5789 2353 5862 Igitur.
2380 5789 2488 5853 AL,
2520 5788 2678 5841 enim.

3064 5878 3140 5939 33
