4222 6320
310 386 451 444 {037
1432 368 1711 429 comm
1746 365 2096 424 HAERESES
2150 362 2285 420 LIB.
2320 361 2416 418 IV.
3413 368 3550 427 ωδε

305 505 489 562 omnia
527 502 581 558 in
622 499 877 557 omnibus
917 504 1194 567 operatur,
1251 494 1395 551 Deus
1434 502 1560 561 est;
1602 491 1779 564 qualis
1829 498 1884 545 et
1915 494 1959 552 Α
1987 485 2283 543 secundum
2314 484 2365 539 id
2398 482 2540 554 quod
2582 484 2910 554 suggerebat
2945 483 3206 555 Spiritus.
3238 484 3552 545 Secundum

306 605 539 669 quantus
570 604 677 660 est.
708 592 995 651 invisibilis
1026 600 1081 646 et
1112 587 1490 645 inenarrabilis
1516 596 1601 644 est
1635 585 1887 641 omnibus
1990 579 2134 635 hanc
2183 578 2350 646 igitur
2399 575 2659 669 rationem
2713 574 3038 669 invisibilem
3069 577 3327 633 videbant
3354 580 3555 645 Deum,

300 702 430 759 qua
457 687 526 743 ab
548 700 614 741 eo
638 684 774 741 facta
796 693 943 751 sunt,
974 680 1279 751 incognitus
1299 690 1477 735 autem
1508 694 1883 748 nequaquam:

306 782 489 835 omnia
531 778 677 832 enim
735 790 833 847 per
882 775 1119 853 Yerbum
1176 774 1293 841 ejus
1329 772 1579 833 discunt.
1618 770 1747 840 quia
1802 780 1886 826 est

306 882 453 924 unus
478 866 592 935 (85)
629 865 770 922 Deus
795 862 983 927 Pater,
1020 862 1111 931 qui
1144 863 1383 917 continet
1419 860 1628 923 munia,
1665 869 1721 914 et
1764 874 1886 913 om-

306 962 471 1018 nibus
508 974 631 1016 esse
671 965 928 1029 prastat,
972 951 1429 1024 quemadmodum
1478 951 1536 1006 in
1590 948 1883 1021 Evsngelio

304 1052 570 1123 scriptum
612 1062 744 1105 est:
798 1066 818 1099 ι
852 1050 1019 1103 Deum
1079 1060 1239 1101 nemo
1280 1043 1418 1099 vidit
1462 1056 1735 1112 unquam,
1778 1040 1880 1095 nisi

305 1144 619 1215 unigenitua
650 1141 764 1212 (8i)
798 1141 993 1203 Filius.
1022 1138 1113 1210 qui
1145 1148 1227 1194 cst
1261 1138 1311 1190 in
1358 1139 1479 1190 sinu
1512 1134 1725 1202 Patris;
1768 1136 1882 1204 ipse

305 1238 587 1293 enarravit
614 1238 677 1291 ⁸⁸.
710 1254 730 1289 s

368 1307 422 1363 7.
455 1308 688 1364 Enarrat
730 1318 862 1377 ergo
903 1306 974 1358 ab
1005 1300 1161 1357 initio
1190 1299 1369 1356 Filius
1414 1298 1603 1355 Patris
1627 1341 1642 1364 ,
1680 1298 1880 1369 quippe

304 1401 401 1472 qui
445 1401 515 1456 ab
550 1400 709 1455 initio
738 1407 826 1454 est
856 1412 980 1453 cum
1023 1394 1227 1461 Patre,
1267 1394 1359 1464 qui
1389 1402 1445 1449 et
1471 1391 1710 1447 visiones
1747 1406 1878 1461 pro-

304 1492 579 1563 pheticas.
604 1500 663 1547 et
697 1488 991 1545 divisiones
1020 1487 1419 1543 charismatum
1440 1528 1456 1553 ,
1485 1493 1541 1541 et
1574 1484 1874 1541 ministeria

305 1600 430 1651 sua,
457 1592 513 1639 et
540 1582 720 1639 Patris
752 1580 1201 1651 glorificationem
1227 1588 1633 1647 consequenter
1652 1587 1707 1634 et
1727 1592 1877 1633 com-

304 1677 487 1747 posite
508 1673 816 1732 ostenderit
844 1673 1086 1729 humano
1113 1670 1301 1743 generi
1328 1712 1344 1738 ,
1376 1680 1503 1739 apto
1536 1681 1781 1737 tempore
1807 1669 1875 1724 ad

306 1770 619 1825 utilitatem.
646 1765 749 1823 Ubi
782 1775 865 1823 est
886 1765 1031 1822 enim
1064 1763 1476 1834 consequentia,
1510 1761 1619 1817 illic
1652 1770 1709 1817 et
1740 1777 1872 1818 con-

1986 671 2439 740 quemadmodum
2479 668 2650 722 Isaias
2682 667 2761 721 ait
2789 684 2803 720 :
2833 686 2852 717 σ
2893 666 3093 739 Regem
3136 668 3424 726 Dominum
3456 672 3558 728 Sa-

1984 763 2152 820 baoth
2202 761 2308 816 vidi
2350 760 2527 815 oculis
2576 760 2711 813 meis
2743 760 2820 826 ";
2868 778 2888 812 ι
2923 760 3270 831 significans,
3299 764 3555 833 quoniam

1984 852 2189 910 videbit
2224 850 2399 908 oculis
2439 852 2605 907 Deum
2640 850 2840 917 homo,
2883 859 2937 908 et
2966 866 3154 907 vocem
3192 852 3309 923 ejus
3345 855 3553 913 audiet.

1984 946 2294 1003 Secundum
2324 946 2467 1001 hanc
2490 942 2659 1014 igitur
2690 943 2956 997 rationem
2993 952 3049 998 et
3084 942 3282 999 Filium
3324 946 3417 1001 Dei
3452 947 3555 1001 bo-

1982 1038 2186 1093 minem
2216 1035 2479 1093 videbant
2508 1043 2894 1090 conversatum
2939 1049 3063 1090 cum
3113 1036 3431 1093 hominibus
3452 1078 3468 1101 ,
3501 1038 3557 1093 id

1982 1127 2133 1199 quod
2161 1127 2404 1181 futurum
2435 1134 2559 1181 erat
2588 1124 2977 1194 prophetantes
2999 1164 3014 1187 .
3045 1139 3167 1179 eum
3194 1124 3284 1195 qui
3315 1128 3554 1180 nondum

1979 1220 2191 1285 aderat,
2220 1217 2414 1274 adesse
2439 1216 2707 1281 dicentes,
2735 1224 2792 1271 et
2818 1215 3209 1287 impassibilem
3242 1217 3552 1288 passibilem

1979 1308 2395 1374 annuntiantes,
2425 1316 2482 1365 et
2519 1321 2643 1363 eum
2679 1306 2774 1377 qui
2816 1314 2952 1360 tunc
2990 1306 3043 1361 in
3070 1306 3246 1374 ccelis,
3282 1307 3336 1362 in
3366 1307 3554 1364 limum

1980 1402 2175 1458 mortis
2198 1402 2547 1457 descendisse
2578 1399 2842 1455 dicentes.
2870 1397 2939 1453 Et
2967 1399 3207 1469 reliquas
3233 1411 3410 1455 autem
3436 1402 3557 1473 ejus

1978 1492 2447 1565 recapitulationis
2473 1490 2888 1560 dispositiones,
2918 1490 3184 1561 quasdam
3211 1490 3433 1562 quidem
3460 1505 3559 1562 per

1977 1585 2222 1641 visiones
2248 1582 2532 1649 videbant,
2568 1582 2836 1652 quasdam
2881 1597 2982 1653 per
3011 1581 3236 1638 verbum
3261 1582 3556 1637 annuntia-

1976 1676 2127 1743 bant,
2167 1674 2428 1745 quasdam
2456 1686 2590 1728 vero
2617 1688 2717 1743 per
2751 1673 3131 1743 operationem
3166 1674 3348 1744 typice
3382 1675 3555 1745 signi-

1977 1768 2213 1823 ﬁcabant
2240 1778 2398 1835 ;qua2
2422 1762 2638 1834 quidem
2666 1764 2897 1819 videnda
2928 1772 3105 1828 erant.
3136 1764 3557 1838 visibiliter(92)

303 1859 506 1915 stantia
537 1876 551 1915 :
576 1868 633 1916 et
654 1858 747 1913 ubi
774 1854 1103 1921 constantia,
1136 1853 1245 1910 illic
1268 1862 1322 1907 et
1342 1868 1440 1924 pro
1464 1862 1705 1921 tempore
1721 1852 1831 1925 (85)
1860 1870 1875 1908 :
1911 1862 1952 1917 Β
1981 1861 2269 1923 videntes;
2302 1872 2424 1927 qua:
2447 1870 2579 1912 vero
2607 1855 2874 1911 audienda
2905 1865 3098 1924 erant,
3124 1870 3380 1912 sermone
3414 1874 3555 1929 pra:-

304 1960 364 2007 et
391 1949 484 2007 ubi
527 1964 627 2022 pro
660 1959 928 2019 tempore.
955 1944 1065 2001 illic
1099 1956 1158 2000 et
1196 1944 1405 2000 utilitas
1448 1961 1461 1998 :
1498 1953 1553 1999 et
1591 1956 1878 2014 pr0ptcrea

304 2028 544 2099 Verbum
573 2041 917 2111 dispensator
944 2047 1187 2109 paterna
1225 2036 1415 2108 gratia:
1459 2035 1637 2094 factus
1681 2045 1766 2093 est
1811 2037 1880 2093 ad

303 2134 602 2190 utilitatem
641 2132 956 2197 hominum,
984 2140 1206 2201 propter
1239 2144 1375 2200 quos
1404 2128 1533 2185 fecit
1556 2138 1733 2185 tantas
1770 2129 1883 2185 dis-

303 2225 646 2297 positiones,
687 2222 1000 2279 hominibus
1036 2220 1257 2292 quidem
1304 2220 1598 2276 ostendens
1669 2221 1878 2288 Deum,

301 2314 419 2372 Deo
446 2324 628 2372 autem
660 2312 769 2385 (86)
798 2311 1064 2367 exhibens
1104 2310 1379 2367 hominem
1404 2324 1421 2364 :
1451 2321 1508 2365 et
1534 2308 1882 2365 invisibilita-

304 2415 415 2462 tem
447 2407 665 2476 quidem
692 2404 872 2460 Patris
892 2403 1228 2467 custodiens,
1256 2419 1326 2457 ne
1352 2401 1569 2471 quando
1596 2402 1757 2457 homo
1780 2399 1878 2456 lie-

305 2505 392 2551 ret
422 2505 767 2566 contemptor
795 2494 915 2560 Dei,
945 2503 1002 2550 et
1030 2503 1089 2548 ut
1115 2508 1330 2563 semper
1364 2491 1593 2547 haberet
1624 2492 1690 2546 ad
1732 2491 1881 2561 quod

304 2587 637 2659 proliceret;
675 2584 944 2641 visibilem
975 2595 1156 2640 autem
1202 2599 1391 2639 rursus
1434 2582 1749 2639 hominibus
1780 2598 1880 2655 per

305 2678 509 2735 multas
536 2676 924 2747 dispositiones
948 2675 1243 2730 ostendens
1270 2673 1469 2739 Deum,
1498 2689 1565 2728 ne
1608 2673 1663 2728 in
1708 2683 1878 2729 totum

304 2769 569 2825 deficiens
606 2784 634 2821 a
672 2769 779 2823 Deo
815 2768 1001 2831 homo,
1043 2778 1287 2823 cessaret
1318 2780 1461 2822 esse.
1505 2765 1688 2822 Gloria
1730 2767 1877 2821 enim

308 2860 405 2917 Dei
435 2862 626 2915 vivens
646 2861 808 2915 homo
834 2877 850 2915 :
880 2860 991 2913 vita
1013 2866 1193 2913 autem
1225 2856 1462 2912 hominis
1497 2856 1636 2912 visio
1674 2856 1787 2911 Dei.
1818 2854 1876 2911 Si

305 2953 453 3009 enim
486 2968 609 3023 qua
640 2962 722 3007 est
744 2967 839 3022 per
868 2952 1236 3008 conditionem
1264 2948 1374 3022 (87)
1408 2950 1651 3005 ostensio
1682 2948 1773 3003 Dei
1800 2948 1879 3004 vi-

306 3052 425 3098 tam
471 3052 696 3114 praestat
738 3043 992 3097 omnibus
1049 3038 1161 3112 (88)
1218 3040 1272 3095 in
1324 3051 1473 3096 terra
1524 3038 1876 3105 viventibus,

308 3136 482 3193 multo
516 3138 689 3208 magis
713 3151 776 3191 ea
814 3149 930 3204 qum
967 3142 1052 3188 est
1083 3148 1185 3204 per
1226 3131 1463 3189 Verbum
1502 3132 1877 3193 manifestatio

304 3228 515 3297 Patris,
543 3232 714 3283 vitam
736 3235 962 3296 praestat
983 3225 1071 3280 his
1099 3224 1191 3295 qui
1220 3222 1407 3279 vident
1435 3222 1627 3278 Deum.

378 3320 435 3377 8.
464 3319 734 3387 Quoniam
773 3332 905 3386 ergo
948 3312 1187 3386 Spiritus
1215 3314 1308 3369 Dei
1336 3328 1435 3384 per
1461 3313 1759 3385 prophetas
1792 3313 1877 3369 fu—

309 3422 435 3467 tura
465 3408 817 3481 significavit,
846 3404 1207 3477 praformans
1232 3414 1288 3459 et
1311 3412 1618 3474 praeaptans
1643 3406 1710 3461 ad
1734 3405 1787 3460 id
1822 3414 1881 3461 ut

310 3504 515 3563 subditi
544 3502 654 3558 Deo
686 3500 896 3565 simus,
938 3500 1183 3555 futurum
1224 3506 1405 3553 autem
1447 3508 1601 3562 erat,
1630 3508 1689 3552 ut
1719 3499 1882 3554 homo

309 3610 408 3667 per
438 3594 616 3651 sancti
649 3592 892 3663 Spiritus
917 3588 1320 3660 beneplacitum
1361 3588 1569 3644 videret
1606 3587 1717 3660 (89)
1742 3606 1757 3654 ;
1788 3603 1882 3644 ne-

309 3689 553 3747 cessario
582 3686 869 3755 oportebat
885 3700 1004 3749 eos,
1024 3698 1125 3755 per
1144 3698 1281 3751 quos
1303 3682 1481 3737 futura
1508 3680 1881 3753 pmdicaban-

311 3795 428 3848 tur,
458 3783 648 3838 videre
688 3778 881 3843 Deum,
906 3790 1070 3847 quem
1095 3775 1199 3847 ipsi
1226 3774 1539 3829 hominibus
1585 3773 1879 3828 videndum

310 3872 647 3927 intimabant
674 3888 691 3925 :
722 3868 801 3923 uti
837 3881 944 3923 non
967 3864 1140 3921 scium
1175 3864 1387 3918 dicatur
1418 3860 1527 3933 (90)
1562 3862 1881 3931 prophetice

307 3965 478 4029 Deus,
504 3971 561 4017 ct
601 3960 698 4015 Dei
742 3958 940 4025 Filius,
985 3967 1040 4011 et
1069 3955 1263 4021 Filius,
1296 3965 1352 4009 et
1380 3953 1559 4022 Pater,
1608 3954 1704 4008 sed
1736 3964 1791 4010 et
1824 3964 1881 4008 ut

306 4058 563 4113 videatur
586 4052 839 4109 omnibus
883 4047 1145 4104 membris
1186 4046 1545 4101 sattclilicatis
1583 4055 1642 4101 et
1672 4048 1882 4103 edoctis

309 4162 379 4203 ea
425 4160 548 4216 qua
592 4152 723 4199 sunt
751 4140 845 4197 Dei
879 4155 894 4193 :
944 4150 1003 4193 ut
1034 4137 1483 4207 praformaretur
1508 4147 1563 4192 et
1594 4138 1884 4195 meditare-

310 4248 401 4293 tur
431 4233 544 4308 (91)
580 4233 746 4289 homo
774 4229 1040 4300 applicari
1071 4228 1124 4283 in
1158 4242 1280 4282 eam
1323 4226 1551 4297 gloriam
1574 4268 1590 4291 ,
1631 4240 1751 4296 qua:
1782 4242 1884 4297 po.

308 4340 426 4386 stea
470 4326 802 4383 revelabitur
842 4321 928 4378 bis
968 4320 1060 4389 qui
1093 4319 1321 4389 diligunt
1364 4318 1556 4374 Deum.
1590 4318 1706 4373 Non
1736 4319 1881 4374 enim

308 4422 426 4479 solo
469 4435 725 4477 sermone
766 4414 1169 4488 prophetabaut
1209 4412 1523 4482 prophetae,
1570 4412 1665 4466 sed
1708 4422 1763 4468 et
1802 4412 1883 4467 vi-

308 4517 483 4581 sione,
520 4522 576 4568 et
607 4508 1028 4570 conversatione
1048 4546 1064 4571 ,
1096 4513 1152 4560 et
1177 4504 1388 4559 actibus
1414 4519 1555 4575 quos
1586 4504 1880 4569 faciebant,

385 4660 429 4691 “
468 4656 624 4714 Joan.
676 4669 737 4715 ι,
772 4650 858 4706 i8.
936 4649 981 4683 ¹⁸
1014 4647 1115 4701 lsa.
1165 4662 1253 4714 vt,
1297 4646 1353 4701 5.

304 4728 372 4785 21
416 4738 641 4796 etseqq.
718 4723 763 4755 ’ί
826 4719 1016 4775 Matth.
1069 4733 1219 4785 xvtt,
1275 4716 1332 4772 5.

381 4848 658 4934 (85)-ριιὶη
683 4855 758 4902 est
791 4859 949 4899 unus.
970 4838 1309 4895 SicClarom.
1337 4838 1553 4910 Reliqui
1596 4849 1874 4911 corrupte,
1908 4844 1955 4901 D

343 4930 397 4977 ui
426 4930 505 4975 est
536 4935 695 4972 unus.

306 4940 396 4993 qm
426 4940 505 4975 est
536 4940 695 4972 unus.

380 4991 494 5062 (ει)
542 4988 672 5062 Nisi
715 4986 1035 5062 unigenilus.
1081 4984 1205 5062 Nisi
1245 4980 1439 5062 omisit
1478 4979 1747 5062 ij‘euard.,
1784 4981 1879 5035 sed

306 5052 502 5120 contra
527 5057 772 5114 omnium
795 5052 981 5111 [renati
1013 5056 1175 5111 codd.
1210 5052 1618 5108 auctoritatem.

382 5131 495 5203 (85)
526 5129 649 5183 Illic
671 5138 720 5183 et
755 5144 849 5194 pro
877 5138 1127 5197 tempore.
1157 5123 1197 5179 ι.
1225 5140 1276 5180 e.
1301 5122 1410 5176 illic
1437 5132 1486 5175 et
1517 5123 1762 5190 temporis
1786 5137 1883 5190 op-

378 5203 623 5254 rlunilos.

307 5220 623 5275 pommus".

384 5270 497 5344 (illi)
528 5269 637 5344 Deo
662 5276 860 5344 gutum.
897 5266 993 5344 Sic
1016 5267 1252 5344 Feuard.
1288 5265 1343 5320 in
1373 5277 1573 5344 marg.,
1613 5260 1879 5344 Clarum"

311 5332 630 5398 Arimdehet
660 5336 851 5403 Grab.;
872 5348 926 5392 et
950 5337 1030 5394 sic
1062 5354 1158 5407 pro
1187 5337 1351 5391 Deum
1370 5343 1568 5407 autem,
1601 5341 1661 5386 ut
1682 5332 1881 5385 vitiose

315 5413 515 5467 habent
540 5410 747 5480 reliqua
775 5402 1160 5480 exemplar-ia)
1196 5404 1496 5480 legendum
1512 5402 1624 5480 jam
1648 5417 1879 5480 monue-

315 5492 406 5537 rat
450 5470 717 5604 (ἐξὲξ-εὼς
766 5470 965 5533 Βαιιυέ
997 5480 1051 5533 in
1100 5470 1419 5548 Deferisione
1462 5473 1585 5540 ﬁdei
1633 5470 1873 5526 Nicamaz

315 5568 440 5604 nati.
583 5589 596 5603 .

353 5568 440 5605 al.
470 5568 596 5604 ιον.

313 5568 661 5691 mis-505%?
701 5630 775 5673 est
812 5636 904 5687 per
936 5620 1309 5673 conditionem.
1359 5618 1409 5691 Ι.
1445 5629 1494 5671 e.
1530 5630 1648 5691 quis
1678 5623 1751 5667 est
1780 5627 1873 5681 per

316 5686 405 5747 res
424 5686 649 5752 creatas,
684 5707 775 5746 seu
804 5686 929 5759 Quae
958 5706 1024 5745 ex
1047 5691 1212 5745 rebus
1243 5688 1442 5742 creatis
1475 5686 1763 5755 colligitur.

410 5762 497 5832 88)
532 5762 1005 5832 0mnibusLAlias,
1039 5760 1354 5832 hominibus.

410 5770 497 5832 88)
532 5770 805 5815 Omnibus.
839 5770 1005 5827 Alias,
1039 5770 1354 5814 hominibus.

388 5770 504 5903 (89)
546 5831 771 5886 Viderat.
800 5828 1178 5901 Subintcllige,
1202 5828 1387 5885 Deum.

1433 4648 1473 4679 "
1510 4646 1667 4701 Deut.
1694 4662 1748 4701 tv
1764 4686 1779 4711 ,
1804 4647 1894 4703 ει.

1980 1960 2280 2014 conantes;
2310 1962 2431 2019 quas
2468 1961 2601 2003 vero
2636 1948 2843 2017 agenda
2874 1955 3056 2012 erant,
3082 1948 3400 2017 operatione
3424 1963 3555 2020 per-

1983 2042 2269 2105 finientes;
2315 2038 2570 2093 universa
2614 2051 2745 2094 vero
2782 2036 3102 2108 praphetice
3140 2039 3551 2097 annuntiantcs.

1979 2132 2275 2204 Propterea
2302 2142 2359 2188 et
2388 2130 2602 2202 Moyses
2626 2131 3019 2200 transgressori
3050 2130 3267 2199 quidem
3292 2129 3428 2201 legis
3452 2146 3553 2201 po-

1981 2223 2106 2296 pqu
2139 2224 2357 2295 igneum
2388 2223 2561 2279 Deum
2610 2236 2735 2278 esse
2783 2220 3041 2287 dicebat,
3091 2221 3311 2292 igneum
3363 2237 3393 2277 a
3442 2222 3554 2278 Deo

1982 2317 2125 2372 diem
2152 2314 2444 2386 superduci
2484 2314 2566 2370 eis
2594 2313 2853 2369 minitans
2881 2313 2967 2379 ";
3011 2313 3097 2368 his
3126 2328 3256 2370 vero
3297 2314 3392 2383 qui
3420 2328 3552 2386 erga

1981 2410 2149 2466 Deum
2185 2410 2435 2465 timorem
2479 2406 2795 2471 habebant,
2833 2423 2853 2458 ι
2900 2404 3159 2461 Dominus
3198 2405 3374 2475 Dens,
3412 2423 3431 2459 ι
3470 2406 3558 2462 di-

1980 2503 2155 2568 cebat,
2180 2520 2199 2555 ι
2235 2501 2573 2567 misericors,
2605 2511 2661 2555 et
2684 2498 2827 2571 pius,
2850 2509 2908 2556 et
2932 2501 3335 2572 magnanimus,
3356 2510 3411 2555 et
3435 2514 3552 2555 ma-

1980 2604 2100 2661 gna
2132 2589 2504 2646 miserationis
2524 2628 2541 2655 ,
2586 2598 2642 2645 et
2668 2604 2832 2643 verax
2856 2629 2872 2655 ,
2898 2589 3169 2660 justitiam
3196 2604 3459 2654 servans.
3493 2598 3548 2644 et

1982 2682 2415 2739 misericordiam
2449 2681 2501 2735 in
2529 2680 2720 2748 millia,
2752 2680 3004 2737 auferens
3032 2677 3350 2748 injustitias,
3378 2689 3433 2735 et
3460 2694 3555 2734 ne-

1980 2772 2205 2843 quitias,
2238 2781 2292 2827 et
2324 2779 2547 2843 peccata
2577 2769 2646 2825 ¹⁸.
2679 2788 2697 2822 ι

2052 2864 2105 2919 9.
2150 2863 2217 2917 Et
2256 2860 2495 2917 Verbum
2538 2861 2758 2931 quidem
2801 2859 3123 2930 loquebatur
3168 2859 3339 2931 Moysi
3389 2874 3556 2931 appa-

1980 2970 2109 3011 rens
2137 2956 2189 3010 in
2226 2963 2548 3025 conspectu,
2581 2970 2600 3004 s
2636 2952 3099 3023 quemadmodum
3141 2952 3185 3007 si
3212 2952 3338 3021 quis
3362 2951 3553 3023 loqua-

1986 3054 2074 3099 tur
2125 3044 2193 3098 ad
2242 3043 2476 3099 amicum
2522 3058 2683 3098 suum
2736 3041 2800 3095 ".
2860 3059 2880 3095 θ
2927 3040 3138 3112 Moyses
3177 3056 3305 3095 vero
3350 3043 3554 3109 cupivit

1990 3136 2278 3192 manifeste
2302 3135 2489 3191 videre
2514 3151 2637 3189 eum
2664 3135 2754 3204 qui
2787 3149 2972 3190 secum
3002 3133 3357 3205 loqueretur,
3386 3143 3440 3189 et
3470 3134 3554 3189 di-

1904 3215 1951 3278 C
1981 3240 2128 3285 ctum
2155 3237 2240 3284 est
2270 3230 2318 3284 ei
2355 3245 2369 3281 :
2399 3245 2420 3280 ι
2457 3227 2551 3283 Sta
2578 3228 2630 3282 in
2655 3226 2776 3282 loco
2807 3226 2915 3280 alto
2944 3235 3129 3297 petrae,
3159 3236 3214 3282 et
3240 3242 3400 3282 manu
3432 3240 3553 3281 mea

1982 3330 2271 3391 contegam
2295 3336 2458 3390 super
2491 3330 2563 3376 te.
2592 3318 2822 3387 Quando
2850 3334 2981 3375 vero
3006 3319 3286 3376 transierit
3329 3319 3555 3375 claritas

1982 3413 2094 3483 (93)
2130 3429 2275 3478 mea,
2309 3422 2439 3468 tunc
2467 3412 2677 3468 videbis
2720 3428 2842 3483 qua:
2873 3420 3001 3467 sunt
3048 3412 3349 3482 posteriora
3396 3426 3549 3473 mea;

1982 3504 2150 3560 facies
2171 3514 2353 3560 autem
2384 3518 2501 3560 mea
2533 3518 2642 3559 non
2687 3504 2962 3559 videbitur
2986 3504 3080 3557 tibi
3111 3521 3125 3557 ε
3156 3520 3263 3558 non
3296 3504 3442 3558 enim
3468 3504 3553 3558 vi-

1982 3597 2075 3653 det
2104 3598 2268 3652 bomo
2296 3596 2495 3652 faciem
2526 3610 2702 3651 meam
2726 3635 2743 3660 ,
2778 3606 2831 3650 ct
2875 3596 3019 3650 vivet
3048 3595 3129 3663 ";
3173 3614 3191 3647 ι
3221 3606 3450 3666 utraque
3480 3597 3555 3651 si-

1982 3688 2285 3759 gniﬁcans,
2323 3688 2582 3757 quoniam
2628 3697 2682 3742 et
2730 3686 3081 3757 impossibilia
3120 3697 3203 3742 est
3243 3688 3407 3742 homo
3438 3688 3552 3759 (9t)

1982 3782 2168 3837 videre
2210 3781 2413 3845 Deum,
2450 3790 2507 3836 et
2546 3779 2801 3850 quoniam
2847 3795 2945 3849 per
2982 3780 3309 3847 sapientiam
3354 3780 3447 3835 Dei
3496 3781 3551 3834 in

1986 3873 2302 3929 novissimis
2340 3872 2677 3943 temporibus
2722 3870 2930 3927 videbit
2973 3886 3095 3926 eum
3140 3870 3255 3941 (95)
3302 3870 3465 3925 homo
3497 3871 3551 3925 in

1986 3964 2278 4020 altitudine
2322 3972 2521 4033 petrae,
2556 3963 2660 4019 hoc
2694 3971 2807 4027 est,
2837 3962 2891 4017 in
2933 3976 3002 4018 eo
3025 3960 3117 4031 qui
3146 3972 3227 4016 est
3255 3964 3553 4018 secundum

1987 4053 2262 4111 hominem
2290 4055 2409 4125 ejus
2433 4054 2689 4109 adventu.
2721 4054 2789 4108 Et
2812 4062 3031 4124 propter
3064 4054 3166 4109 hoc
3201 4052 3341 4109 facie
3370 4054 3438 4108 ad
3468 4053 3552 4108 fa-

1984 4148 2128 4201 ciem
2166 4146 2547 4202 confabulatus
2575 4156 2662 4202 est
2690 4162 2813 4201 cum
2836 4162 2902 4202 eo
2934 4147 2987 4202 in
3014 4146 3297 4202 altitudine
3325 4148 3551 4212 montis.

1988 4235 2285 4293 assiStente
2318 4237 2487 4291 etiam
2512 4236 2656 4301 Elia,
2684 4236 3137 4306 quemadmodum
3197 4236 3550 4307 Evangelium

1985 4326 2173 4381 retulit
2202 4328 2246 4359 ³⁸
2273 4368 2290 4393 ,
2322 4329 2620 4383 restituens
2650 4328 2703 4383 in
2733 4327 2839 4382 line
2870 4328 3152 4397 pristinam
3178 4327 3554 4398 repromissio-

1987 4430 2133 4472 netu.

2059 4508 2151 4566 16.
2188 4508 2305 4565 Non
2341 4510 2507 4581 igitur
2536 4511 2819 4569 manifeste
2855 4513 3026 4583 ipsam
3058 4511 3171 4584 (96)
3213 4512 3409 4569 faciem
3456 4512 3557 4575 Dei

1967 4648 2012 4681 “
2037 4647 2212 4704 Exod.
2241 4665 2429 4715 xxxtv,
2472 4648 2526 4717 6,
2548 4648 2601 4704 7.
2682 4650 2723 4683 ί⁹
2754 4651 2923 4707 Exod.
2945 4666 3139 4718 sunt,
3174 4651 3261 4709 ll.
3342 4651 3387 4683 '°
3414 4649 3549 4710 ibid.

2054 4842 2163 4914 (90)
2203 4842 2444 4914 Dicatur.
2474 4840 2576 4899 Hic
2612 4857 2708 4909 pro
2734 4844 3079 4897 annuntislttr
3102 4843 3385 4914 accipitur.

2055 4911 2169 4980 (91)
2203 4912 2571 4968 Msditaretur.
2606 4914 2771 4968 Editt.
2816 4928 2937 4967 cum
2975 4914 3183 4967 Arttml.
3220 4911 3273 4966 et
3300 4912 3464 4968 Merc;
3490 4911 3551 4977 2,

1986 4982 2465 5052 ρτωηιρἀὶιατεωτ.
2494 4984 2848 5038 Meditaretur
2870 4984 2957 5037 hic
2976 4998 3075 5051 pro
3091 4995 3442 5048 exerceretur,
3466 4982 3551 5038 vel

1986 5061 2247 5107 exerceret
2270 5070 2346 5107 se.
2373 5052 2507 5108 Vide
2536 5054 2639 5107 col.
2669 5052 2793 5117 510,
2826 5061 2938 5107 not.
2967 5054 3022 5109 7.

2058 5121 2171 5193 (Μ)
2209 5122 2518 5193 Υὲσὶὺὶιίιεν.
2551 5121 2714 5178 Deest
2745 5124 2806 5193 itit
2832 5120 3065 5177 Feuard.
3098 5122 3234 5177 edit.

2058 5191 2171 5258 (93)
2203 5191 2457 5247 Claritas.
2480 5193 2665 5246 Gloria
2692 5193 2745 5246 iu
2770 5192 3003 5247 Feuard.
3035 5206 3209 5260 marg.
3238 5203 3294 5248 et
3322 5191 3474 5249 Voss.

2056 5262 2168 5334 (95)
2194 5261 2543 5332 lmpossibilis
2575 5273 2650 5316 est
2682 5263 2855 5334 homo.
2891 5262 2981 5317 Sic
3014 5262 3347 5334 (Graecorum
3373 5278 3548 5334 more,

1982 5330 2080 5402 pro
2106 5330 2397 5397 insperat.
2426 5335 2678 5402 impotens
2696 5341 2771 5386 est
2793 5333 2947 5385 homo
2971 5330 3060 5397 ad,
3080 5332 3397 5402 etc._Graace
3422 5330 3553 5388 ass-

1984 5400 2137 5484 ius-rd;
2166 5402 2303 5484 eaet)
2340 5402 2601 5484 Charon!"
2634 5400 2791 5484 Voss.
2814 5402 3148 5484 ctarundel.
3174 5400 3348 5483 Quam
3386 5404 3552 5484 plura-

1982 5473 2237 5556 sinhaud
2265 5472 2640 5556 .intclligentes
2672 5472 2763 5525 alii
2805 5473 3183 5541 scripserunt,
3229 5472 3550 5543 impossibile

1981 5544 2533 5737 ωὲἕῖιῆϊιροτὶὺᾳε
2550 5629 2791 5693 "meum.
2822 5611 3014 5667 Diebus
3037 5613 3091 5667 in
3114 5611 3347 5670 Feuatd.
3368 5624 3551 5686 marg.

1980 5693 2034 5740 et
2111 5699 2247 5740 οδε..
2280 5683 2445 5736 Deum
2477 5687 2530 5736 in
2569 5683 2729 5735 cdttt.
2754 5695 2807 5737 et
2835 5683 3001 5737 Merc.
3031 5685 3088 5736 9..

2146 5700 2247 5747 58.,
2280 5699 2445 5736 ueum
2477 5699 2530 5736 ιη
2569 5699 2729 5735 euut.
2754 5699 2807 5737 Cl
2835 5699 3001 5737 κει-ε.
3031 5699 3088 5736 ’2.

2052 5753 2159 5823 (96)
2188 5752 2391 5821 Ipsam.
2426 5752 2580 5808 Eras.
2611 5764 2665 5807 et
2686 5752 2915 5817 Gallus"
2944 5755 3060 5819 ipsi.
