4222 6320
700 371 839 430 1039

1453 369 1510 427 S.
1550 369 1808 429 [RENEI
1844 369 2149 429 EPLSCOPI
2186 372 2666 431 LUGDUNENSIS
2696 375 2785 431 ET
2828 374 3187 433 MARTYBIS

3788 382 3924 439 10w

701 493 959 549 videbant
998 492 1309 562 prophetae,
1346 491 1442 547 sed
1476 492 1862 563 dispositiones
1892 506 1948 551 et
1978 496 2257 569 mysteria,
2293 508 2332 559 Α
2364 512 2471 565 quo
2518 508 2571 550 et
2620 497 2877 553 Dominus
2933 498 3073 553 dixit
3100 512 3117 553 :
3143 517 3164 552 ι
3220 498 3387 554 Deum
3435 516 3593 555 nemo
3636 502 3772 557 vidit
3823 517 3922 555 un-

701 597 800 652 per
834 598 954 653 quae
994 580 1260 652 inciperet
1286 583 1447 638 homo
1480 585 1665 640 videre
1693 586 1878 640 Deum.
1910 586 2265 653 Quemadmo-

700 675 828 728 dum
858 684 912 728 α
951 672 1078 727 Elim
1110 674 1390 728 dicebatur
1425 693 1440 729 :
1475 694 1491 724 ε
1530 676 1693 731 Exies
1721 691 1844 731 cras
1865 718 1881 742 ,
1913 685 1969 732 et
2001 679 2173 733 stabis
2213 682 2263 732 tn

700 772 993 833 conspectu
1036 763 1249 818 Domini
1298 771 1354 817 et
1410 778 1571 827 ecce.
1605 765 1863 821 Dominus
1905 771 2170 833 transiet,
2213 778 2266 822 et

699 868 829 910 ecce
852 854 1075 925 spiritus
1108 869 1331 925 magnus
1351 862 1408 909 et
1436 854 1613 923 fortis,
1634 858 1724 927 qui
1747 858 2004 914 dissolvet
2029 870 2263 924 montes,

701 956 757 999 et
789 952 1037 999 conteret
1065 952 1248 1014 petras
1286 943 1340 999 in
1376 955 1673 1014 conspectu
1706 945 1954 1013 Domini;
1990 956 2046 1003 et
2077 962 2183 1001 non
2212 948 2263 1002 in

702 1037 895 1105 spiritu
947 1036 1250 1090 Dominus:
1281 1046 1336 1091 et
1380 1045 1505 1105 post
1547 1034 1797 1104 spiritum
1843 1043 2004 1091 terrae
2050 1047 2261 1105 motus;

700 1135 754 1181 et
779 1142 887 1181 non
914 1125 966 1182 in
1001 1136 1160 1180 terra;
1200 1135 1346 1180 tnotu
1377 1126 1633 1182 Dominus
1662 1142 1679 1181 :
1717 1134 1773 1182 et
1802 1135 1926 1196 post
1955 1138 2114 1183 terra!
2147 1144 2262 1185 mo~

702 1228 817 1273 tum
853 1219 1027 1289 ignis;
1056 1228 1111 1274 et
1136 1234 1242 1275 non
1273 1220 1326 1275 in
1356 1220 1479 1289 igne
1506 1216 1763 1272 Dominus
1793 1234 1810 1273 :
1855 1226 1911 1273 et
1935 1228 2058 1288 post
2086 1220 2262 1290 ignem

700 1324 802 1366 vox
827 1324 973 1364 aurae
1004 1312 1178 1367 tennis
1207 1313 1273 1367 “.
1308 1330 1327 1365 ι
1362 1312 1466 1368 Per
1497 1312 1611 1368 hate
1637 1312 1747 1385 (97)
1783 1312 1926 1368 enim
1951 1322 2005 1367 et
2033 1312 2264 1382 prophe-

703 1410 784 1455 tes
816 1399 929 1472 (98)
966 1400 1131 1473 256
1175 1402 1329 1457 valde
1365 1403 1653 1473 indignans
1697 1412 1919 1472 propter
1964 1412 2266 1473 transgresso

702 1492 909 1548 sionem
954 1494 1158 1563 pepuli,
1183 1505 1239 1557 et
1266 1504 1484 1564 propter
1511 1495 1949 1551 interfectionem
1975 1496 2255 1564 propheta-

701 1597 843 1646 rum,
871 1584 1204 1639 edocebatur
1243 1583 1355 1655 (99)
1398 1586 1584 1639 mitius
1621 1600 1784 1656 agere
1807 1624 1824 1649 ,
1867 1600 1929 1640 ac
1965 1587 2260 1640 secundum

702 1672 976 1727 hominem
1021 1674 1285 1729 adventus
1331 1672 1543 1728 Domini
1595 1674 2005 1745 signiﬁcabatur
2049 1675 2262 1732 futurus

704 1773 826 1832 post
867 1764 1009 1817 illam
1044 1764 1235 1834 legem,
1270 1780 1391 1835 quat
1416 1766 1538 1820 data
1573 1776 1657 1820 est
1687 1782 1785 1835 per
1811 1767 2078 1839 Moysem,
2114 1770 2261 1823 mitis

703 1864 758 1906 et
794 1852 1139 1919 tranquillus,
1163 1853 1217 1906 in
1241 1868 1347 1921 quo
1374 1867 1471 1908 nec
1495 1854 1763 1909 calamum
1791 1865 2107 1924 quassatum
2133 1871 2261 1910 con—
2291 1844 2333 1898 Β

702 1940 883 2011 fregit,
922 1956 1022 1997 nec
1059 1941 1228 1995 linum
1258 1940 1529 2013 fumigans
1562 1945 1842 1998 exstinxit.
1872 1944 2267 2002 Ostendebatur

700 2043 887 2087 autem
937 2044 992 2086 et
1044 2032 1194 2103 regni
1240 2033 1357 2102 ejus
1410 2036 1557 2089 mitis
1601 2046 1656 2089 et
1701 2037 1927 2105 paciﬁca
1976 2039 2261 2107 requietio.

696 2120 831 2177 Post
866 2137 1011 2177 enim
1046 2123 1299 2193 spiritum
1342 2124 1434 2194 qui
1484 2128 1715 2181 conterit
1763 2138 2011 2193 utentes,
2042 2140 2097 2183 et
2146 2140 2266 2200 post

702 2222 861 2268 terra:
894 2224 1121 2277 motum,
1152 2224 1207 2269 et
1249 2225 1370 2285 post
1399 2217 1607 2286 ignem,
1633 2216 1922 2287 tranquilla
1949 2230 2005 2273 et
2037 2221 2264 2289 paciﬁca

704 2306 858 2375 regni
892 2305 1008 2375 ejus
1040 2308 1338 2361 adveniunt
1369 2320 1638 2376 tempora,
1672 2309 1725 2363 in
1751 2310 2088 2378 quibuscum
2117 2315 2263 2368 omni

700 2398 1097 2466 tranquillitate
1128 2397 1371 2467 Spiritus
1402 2399 1495 2453 Dei
1527 2400 1786 2465 viviﬁcat,
1820 2412 1876 2455 et
1905 2413 2065 2471 auget
2090 2404 2266 2458 homi-

700 2501 847 2540 nem.
892 2485 1235 2543 Ilauifestius
1275 2497 1456 2545 autem
1506 2490 1680 2547 adhuc
1707 2501 1761 2547 et
1788 2507 1883 2562 per
1921 2492 2263 2548 Ezechielem

700 2574 902 2630 factum
954 2586 1069 2640 est,
1100 2579 1354 2647 quoniam
1402 2595 1466 2635 ex
1512 2590 1666 2650 parte
1707 2582 2098 2652 dispositiones
2132 2585 2259 2649 Dei,

697 2665 801 2718 sed
846 2678 953 2719 nou
1024 2665 1200 2736 ipsum
1253 2668 1512 2724 videbant
1562 2671 1838 2741 prephetat
1892 2674 2109 2741 proprie
2170 2675 2261 2747 (i)

699 2754 894 2811 Deum.
931 2756 1028 2812 Hic
1060 2759 1204 2813 enim
1237 2773 1359 2813 cum
1390 2760 1617 2816 vidisset
1656 2762 1949 2826 visionem,
1988 2774 2039 2818 et
2068 2765 2261 2819 cheru-

697 2848 830 2913 bim,
876 2858 933 2902 et
975 2860 1124 2907 rotas
1166 2864 1394 2916 eorum,
1445 2862 1499 2907 et
1549 2857 1817 2909 universa:
1868 2858 2263 2925 progressionis

695 2937 816 3007 ejus
862 2940 1179 3010 mysterium
1230 2954 1354 2994 cum
1405 2941 1717 3005 retulisset,
1764 2952 1818 2995 et
1853 2942 2261 2997 similitudinem

698 3028 887 3082 throni
921 3043 1044 3083 cum
1083 3028 1310 3083 vidisset
1346 3042 1509 3097 super
1532 3044 1661 3091 eos,
1712 3040 1768 3083 et
1801 3045 1964 3098 super
2008 3030 2261 3085 thronum

696 3116 1117 3172 similitudinem
1172 3118 1327 3187 quasi
1376 3116 1560 3187 ﬁgurae
1611 3116 1686 3189 (Ξ.)
1754 3119 2026 3184 horniuis,
2072 3130 2125 3173 et
2171 3118 2259 3174 illa

694 3207 915 3277 quidem
955 3222 1076 3277 quas
1109 3183 1269 3262 erant
1312 3183 1479 3279 stiper
1517 3183 1732 3265 lumbos
1762 3212 1906 3278 ejus,
1939 3211 2092 3279 quasi
2126 3209 2261 3282 ﬁgu—
2288 3183 2330 3239 θ

696 3321 815 3361 ram
841 3306 1067 3369 electri;
1103 3320 1224 3375 qua:
1270 3317 1452 3360 autem
1486 3306 1739 3361 deorsum
1764 3347 1781 3372 ,
1810 3306 1965 3376 quasi
1998 3306 2259 3363 visionem

690 3396 839 3467 ignis
861 3435 876 3458 ,
915 3405 972 3450 et
1004 3394 1265 3464 reliquam
1294 3394 1600 3449 universam
1639 3396 1957 3449 tbrouorum
2000 3394 2261 3453 visionem

694 3484 1052 3541 manifestans
1084 3485 1169 3550 ”;
1206 3500 1276 3539 ne
1305 3486 1430 3551 quis
1473 3493 1690 3553 putaret
1738 3484 1881 3540 forte
1920 3500 2042 3539 cum
2091 3488 2144 3540 in
2178 3486 2263 3542 bis

694 3580 913 3650 proprie
940 3578 1144 3633 vidisse
1170 3571 1364 3641 Deum,
1396 3578 1580 3631 intulit
1607 3594 1623 3631 :
1661 3593 1681 3629 ι
1720 3574 1843 3632 Haec
1863 3576 2000 3632 visio
2021 3577 2263 3632 similitu-

693 3675 839 3729 dmis
872 3673 1059 3743 gloriae
1088 3667 1302 3744 Domini
1334 3670 1397 3725 “.
1430 3688 1450 3724 ι

769 3785 859 3840 ii.
887 3783 1061 3855 igitur
1090 3785 1135 3837 si
1162 3797 1337 3852 neque
1367 3780 1581 3853 Moyses
1603 3782 1737 3838 Vidit
1764 3780 1953 3848 Deum,
1982 3798 2080 3839 nec
2101 3784 2267 3849 Elias,

696 3892 800 3932 nec
846 3873 1135 3937 Ezechiel,
1166 3875 1256 3943 qui
1304 3873 1468 3928 multa
1498 3874 1565 3928 de
1620 3872 1933 3928 cmlestibus
1978 3875 2263 3943 viderunt;

692 3983 814 4039 quae
846 3978 1025 4021 autem
1055 3967 1121 4018 ab
1165 3965 1249 4019 bis
1277 3965 1635 4028 videbantur,
1681 3974 1839 4019 erant
1882 3965 2263 4021 similitudines

695 4057 967 4113 claritatis
996 4053 1212 4109 Domini
1237 4092 1253 4116 ,
1287 4064 1341 4106 et
1373 4051 1670 4120 prophetiae
1698 4050 2003 4107 futurorum
2037 4069 2052 4106 :
2082 4052 2263 4107 mania

695 4148 897 4205 iestum
928 4156 1016 4204 est
1040 4190 1053 4212 ,
1087 4145 1345 4215 quoniam
1388 4142 1547 4197 Pater
1589 4144 1806 4213 quidem
1848 4142 2169 4210 invisibilis,
2200 4142 2267 4199 de

764 4386 807 4416 "
840 4383 901 4437 Ill
939 4381 1068 4449 Reg.
1121 4396 1230 4441 xix.
1263 4379 1351 4441 ll,
1387 4379 1472 4432 12.
1549 4378 1593 4409 ’³
1634 4376 1901 4449 Ezech.t,
1936 4375 1963 4449 l
1992 4385 2067 4449 _et
2111 4389 2266 4449 seqq.

2344 4377 2389 4408 ’δ
2425 4375 2620 4430 Ezech.
2651 4392 2710 4439 ll,
2762 4378 2813 4430 l.

2367 604 2529 657 quam
2559 589 2628 644 ⁸⁵.
2666 608 2685 641 ι
2722 589 2952 643 Verbum
2978 600 3157 645 autem
3179 591 3319 661 ejus,
3346 595 3798 664 quemadmodum
3825 609 3919 647 vo-

2368 678 2516 735 lebat
2545 680 2693 751 ipse,
2733 690 2789 734 et
2828 681 2894 734 ad
2928 682 3214 738 utilitalan
3242 684 3542 740 videntium
3567 724 3582 749 ,
3615 684 3922 739 claritatem

2369 777 2704 826 monstrabat
2757 771 2975 839 Patris,
3013 783 3098 829 .et
3169 775 3551 845 dispositiones
3618 776 3925 847 exponebat

2367 861 2842 935 (quemadmodum
2883 872 2941 916 et
2989 862 3247 920 Dominus
3297 865 3433 919 dixit
3477 884 3491 919 :
3532 885 3549 918 ι
3602 865 3922 937 Unigenitus

2368 956 2510 1012 Deus
2566 957 2674 1030 (ὅ),
2722 955 2815 1026 qui
2864 965 2946 1010 est
2995 956 3047 1010 in
3095 957 3214 1011 sinu
3273 956 3482 1019 Patris,
3540 957 3654 1027 ipse
3698 970 3924 1010 enarra-

2367 1046 2443 1100 vit
2466 1045 2513 1078 “
2538 1062 2553 1113 ;
2592 1065 2612 1098 ι
2638 1055 2692 1100 et
2721 1045 2837 1115 ipse
2866 1057 3041 1101 autem
3070 1045 3457 1113 interpretatur
3484 1045 3557 1118 (4)
3586 1044 3764 1100 Patris
3792 1042 3923 1100 Ver-

2365 1136 2521 1201 bum,
2552 1145 2736 1207 utpote
2774 1136 2924 1191 dives
2948 1178 2964 1203 ,
3013 1145 3067 1192 et
3110 1137 3312 1192 multus
3355 1134 3645 1206 exsistens)
3680 1154 3693 1190 :
3729 1151 3837 1189 non
3872 1138 3925 1191 in

2365 1243 2471 1282 una
2508 1227 2699 1296 ﬁgura,
2724 1242 2827 1281 uec
2852 1228 2906 1280 in
2943 1242 3051 1283 uno
3077 1229 3395 1283 charactere
3424 1227 3707 1282 videbatur
3741 1227 3926 1282 viden-

2365 1327 2508 1381 tibus
2539 1340 2685 1387 eum.
2720 1322 2813 1378 sed
2844 1325 3137 1379 secundum
3173 1325 3630 1394 dispensationem
3658 1323 3774 1390 ejus
3794 1337 3927 1377 cau—

2363 1433 2453 1473 sas
2474 1417 2591 1472 sive
2616 1417 2934 1483 eﬁicaciam,
2963 1418 3106 1473 sicut
3139 1419 3192 1472 iu
3218 1416 3436 1471 Daniele
3462 1417 3731 1486 scriptum
3753 1425 3835 1470 est
3856 1412 3925 1469 ι’.

2362 1506 2671 1576 Aliquando
2702 1508 2847 1561 enim
2877 1523 2999 1563 cum
3034 1509 3117 1562 his
3147 1507 3238 1577 qui
3273 1517 3426 1562 erant
3454 1508 3598 1561 circa
3629 1506 3925 1571 Ananiam,

2362 1600 2636 1665 Atariam,
2670 1599 2969 1665 Misaelem,
3002 1601 3286 1655 videbatur
3317 1600 3579 1653 assistens
3609 1597 3692 1653 eis
3721 1598 3773 1651 in
3811 1595 3927 1650 for-

2363 1706 2502 1747 nace
2530 1692 2694 1761 ignis,
2728 1704 2789 1747 et
2818 1693 2871 1747 in
2905 1691 3138 1748 camino.
3166 1700 3221 1743 et
3249 1690 3489 1743 liberans
3522 1702 3616 1742 eos
3658 1687 3724 1741 de
3753 1687 3879 1755 igne
3910 1704 3924 1741 ε

2368 1800 2388 1835 r
2423 1784 2487 1838 Et
2514 1785 2668 1847 visio,
2712 1804 2731 1838 ι
2762 1784 2954 1853 inquit,
2988 1800 3007 1833 ι
3036 1783 3209 1851 quarti
3251 1777 3442 1834 similis
3460 1777 3596 1831 Filio
3619 1776 3734 1830 Dei.
3770 1794 3790 1828 ι
3816 1774 3927 1829 Ali-

2362 1879 2579 1946 quando
2610 1887 2789 1931 autem
2825 1894 2843 1927 ι
2881 1874 3018 1943 lapis
3046 1890 3073 1927 a
3108 1881 3293 1927 monte
3343 1869 3620 1925 abscissus
3661 1868 3781 1923 sine
3810 1883 3929 1921 ma-

2364 1969 2540 2031 nibus;
2582 1985 2601 2019 s
2634 1975 2687 2020 et
2724 1964 3038 2034 percutiens
3083 1959 3397 2029 temporalia
3431 1972 3595 2025 regna
3620 1997 3635 2021 ,
3664 1966 3719 2011 et
3750 1955 3929 2011 venti-

2363 2058 2482 2113 lans
2509 2074 2596 2123 ea,
2629 2066 2683 2111 et
2717 2058 2828 2127 ipse
2856 2055 3070 2126 replens
3105 2054 3409 2106 universam
3443 2060 3640 2104 terram
3682 2049 3748 2103 ⁸⁸.
3788 2046 3930 2100 Rur-

2362 2164 2480 2203 sum
2528 2146 2615 2202 hic
2660 2148 2799 2202 idem
2861 2144 3077 2198 videtur
3129 2141 3281 2210 quasi
3346 2138 3512 2194 Filius
3572 2136 3808 2191 hominis
3874 2134 3928 2189 in

2363 2236 2593 2291 nubibus
2615 2235 2739 2289 caeli
2770 2235 3011 2297 veniens,
3036 2238 3089 2284 et
3120 2230 3557 2299 appropinquans
3584 2224 3651 2279 ad
3680 2226 3927 2278 Veterem

2362 2325 2591 2389 dierum,
2624 2334 2679 2378 et
2706 2338 2928 2378 sumens
2954 2321 3022 2375 ab
3044 2336 3112 2376 eo
3140 2320 3443 2373 universam
3483 2324 3799 2385 potestatem
3826 2354 3841 2377 ,
3873 2325 3930 2370 et

2364 2416 2612 2486 gloriam,
2643 2424 2698 2468 et
2726 2429 2971 2483 regnum.
3008 2430 3026 2463 ι
3059 2412 3125 2466 Et
3146 2418 3418 2480 potestas,
3455 2426 3473 2459 ι
3508 2407 3714 2475 inquit,
3753 2426 3770 2456 ι
3810 2405 3927 2471 ejus

2306 2540 2320 2550 -
2364 2517 2607 2576 potestas
2627 2515 2829 2561 :eterna
2856 2546 2871 2571 ,
2902 2512 2958 2558 et
2983 2517 3211 2572 regnum
3242 2501 3358 2571 ejus
3389 2514 3493 2553 non
3527 2496 3767 2552 interibit
3800 2498 3867 2550 ".
3904 2515 3921 2547 ι

2366 2601 2470 2651 Sed
2499 2608 2551 2651 et
2580 2595 2814 2651 Joannes
2841 2593 3045 2648 Domini
3071 2590 3366 2659 discipulus
3399 2590 3451 2641 in
3485 2587 3805 2657 Apocalypsi
3840 2601 3927 2640 sa-

2364 2686 2698 2741 cerdotalem
2730 2692 2784 2737 et
2822 2682 3119 2753 gloriosum
3160 2679 3311 2748 regni
3350 2678 3465 2746 ejus
3505 2678 3691 2730 videns
3722 2678 3895 2730 adven

2366 2790 2477 2831 tum
2514 2794 2527 2829 :
2565 2794 2583 2827 ι
2618 2773 2923 2829 Conversus
2960 2788 3110 2833 sum,
3150 2790 3169 2821 ι
3204 2770 3408 2837 inquit,
3452 2786 3469 2818 ι
3516 2768 3701 2820 videre
3739 2781 3926 2821 vocem

2364 2884 2481 2937 quzr
2530 2867 2850 2934 loquebatur
2884 2879 3125 2925 mecum,
3153 2872 3207 2915 et
3238 2875 3534 2915 conversus
3575 2860 3681 2913 vidi
3719 2871 3927 2928 septem

2362 2959 2685 3014 candelabra
2712 2972 2894 3017 aurea,
2930 2966 2986 3008 et
3015 2956 3155 3009 inter
3178 2953 3502 3007 candelabra
3533 2953 3759 3008 similem
3788 2952 3929 3009 Filio

2364 3054 2600 3111 hominis
2644 3053 2893 3107 indutum
2940 3051 3191 3121 podcret'n
3226 3049 3338 3119 (5),
3382 3059 3438 3103 et
3476 3052 3709 3103 cinctum
3745 3049 3825 3116 (Β)
3860 3048 3926 3102 ad

2364 3159 2625 3200 mammas
2654 3157 2846 3197 zonam
2883 3156 3124 3194 auream.
3169 3141 3340 3210 Caput
3374 3151 3554 3192 autem
3604 3140 3718 3207 ejus
3751 3148 3806 3195 et
3832 3152 3928 3193 ca-

2367 3237 2478 3306 pilli
2506 3236 2637 3297 albi,
2667 3230 3122 3304 quemadmodum
3147 3230 3270 3283 lana
3300 3231 3454 3292 alba,
3497 3230 3770 3298 quomodo
3798 3231 3929 3294 nix;

2368 3336 2420 3381 et
2443 3324 2585 3381 oculi
2620 3325 2737 3395 ejus
2767 3334 2825 3378 ut
2858 3321 3069 3376 ﬂamma
3097 3321 3273 3390 ignis;
3305 3332 3359 3374 et
3387 3324 3549 3390 pedes
3580 3320 3696 3388 ejus
3724 3320 3930 3375 similes

2368 3416 2771 3480 cbalcolibano,
2808 3414 3264 3485 quemadmodum
3307 3414 3359 3468 in
3390 3416 3606 3468 camino
3639 3427 3932 3468 succensus

2366 3516 2449 3563 est
2476 3509 2575 3577 (7).
2606 3507 2674 3561 Et
2706 3522 2807 3559 vox
2836 3509 2954 3576 ejus
2984 3504 3136 3574 quasi
3177 3518 3280 3557 vox
3320 3520 3627 3573 aquarum,
3668 3515 3721 3556 et
3769 3504 3933 3559 habet

2368 3599 2551 3657 stellas
2580 3607 2785 3668 septem
2815 3600 2869 3652 in
2904 3612 3069 3652 manu
3109 3596 3329 3650 dextera
3357 3610 3451 3649 sua
3476 3635 3489 3656 .
3520 3605 3574 3649 et
3606 3596 3669 3648 de
3694 3609 3789 3649 ore
3816 3594 3933 3663 ejus

2374 3690 2646 3760 romphaea
2680 3702 2747 3742 ex
2781 3695 3018 3756 utraque
3044 3695 3198 3755 parte
3227 3698 3385 3742 acuta
3414 3685 3635 3747 exibat,
3671 3694 3725 3737 et
3767 3682 3933 3738 facies

2373 3783 2491 3851 ejus
2527 3778 2979 3849 quemadmodum
3012 3776 3089 3831 sol
3118 3774 3327 3846 fulgens
3358 3776 3409 3829 in
3444 3778 3643 3828 virtute
3676 3791 3771 3828 sua
3802 3775 3867 3828 ”.
3905 3792 3927 3828 ι

2370 3877 2427 3927 lu
2462 3874 2546 3928 his
2575 3874 2716 3925 enim
2749 3868 2951 3937 aliquid
2981 3882 3009 3921 a
3052 3866 3213 3921 Patre
3257 3866 3458 3920 clarum
3502 3866 3619 3935 ejus
3650 3867 3724 3935 ('8)
3760 3867 3931 3936 signi—

2373 3967 2533 4031 ﬁcat,
2581 3975 2642 4020 ut
2684 3974 2846 4034 caput
2894 3979 2909 4015 :
2957 3959 3158 4027 aliquid
3193 3972 3321 4011 vero
3350 3956 3718 4019 sacerdotale,
3753 3966 3812 4010 ut
3839 3970 3934 4025 po-

2369 4054 2499 4106 dere
2541 4052 2619 4123 (9)
2652 4048 2728 4123 (et
2770 4058 2991 4121 propter
3038 4048 3143 4101 hoc
3192 4045 3403 4114 Moyses
3440 4046 3736 4100 secundum
3789 4047 3933 4101 hunc

2372 4154 2556 4214 t‘ypum
2618 4144 2838 4198 vestivit
2898 4137 3265 4210 pontiﬁcem);
3325 4136 3527 4204 aliquid
3582 4152 3713 4191 vero
3749 4139 3819 4193 ad
3869 4140 3933 4193 il-

2891 4376 2936 4408 "
2980 4376 3140 4434 Joan.
3172 4394 3211 4444 t,
3244 4376 3328 4432 18.
3404 4377 3449 4408 ’⁸
3481 4377 3617 4434 ibid.
3717 4378 3761 4409 ³⁷
3796 4378 3930 4435 Dan.

696 4470 781 4521 ttt,
812 4453 901 4509 92.
963 4445 1175 4506 ﬂ"Dan.
1208 4465 1268 4516 tt,
1290 4450 1379 4504 54.
1454 4449 1499 4481 ⁸⁸
1524 4449 1662 4504 Dan.
1701 4461 1795 4508 vu,
1820 4446 1910 4511 l5,
1948 4446 2031 4497 14.
2114 4445 2158 4477 ³⁸
2186 4448 2353 4515 Apoc.
2386 4460 2425 4511 I,
2455 4445 2523 4499 η
2543 4453 2598 4501 et

2306 4461 2353 4503 c.
2386 4460 2425 4511 I,
2455 4445 2523 4499 η
2543 4453 2598 4501 et
2632 4461 2781 4516 seqq.

767 4599 878 4670 (97)
908 4597 1012 4653 Per
1040 4597 1169 4649 lucc.
1203 4596 1259 4649 In
1296 4593 1528 4649 Feuard.
1563 4606 1737 4663 marg.
1773 4599 1828 4647 et
1858 4589 2116 4657 Clarom.,
2148 4600 2260 4662 post
2291 4595 2340 4655 D
2368 4601 2518 4648 notet
2543 4603 3043 4670 or_certo_asserere.
3062 4608 3167 4648 non
3192 4602 3369 4664 potest
3396 4596 3477 4649 vir
3500 4596 3714 4650 doctus.
3738 4595 3933 4670 Levior

698 4672 881 4809 ἡῆσέε)
917 4737 983 4791 Et
1015 4736 1305 4809 prophetes.
1338 4731 1418 4784 Ita
1458 4730 1718 4791 Clarom.,
1754 4730 1995 4809 .Arund.,
2039 4729 2205 4785 Merc.
2234 4732 2257 4786 i

698 4820 754 4865 et
776 4800 946 4863 ’δι-ἰώ.
978 4800 1080 4859 Alii
1108 4800 1382 4872 corrupte,
1409 4815 1460 4855 et
1488 4817 1579 4872 per
1612 4800 1911 4872 prophetas.

771 4878 879 4949 (99)
909 4868 1352 4949 Educebaturflu
1372 4868 1691 4949 ’Artiu_d{et
1726 4868 1896 4949 _Merc.
1927 4870 1995 4930 2,
2028 4881 2080 4949 et
2105 4872 2261 4949 ἀρα-

701 4939 874 5002 ὸαιίωέ
908 4947 963 5001 lo
995 4947 1174 5005 liras”
1212 4942 1419 4997 Gallus.
1450 4952 1504 4995 et
1528 4939 1759 4996 Feuard.
1787 4940 1962 5009 pejus,
2004 4941 2261 4995 doceban-

701 5032 806 5071 ιυτ.

771 5087 848 5159 (l)
883 5084 1158 5159 Prop/icta:
1182 5083 1409 5159 praprie.
1440 5079 1601 5159 _Eras.
1636 5087 1687 5158 et
1722 5076 1947 5147 Gallas.,
1976 5080 2259 5143 Arundel.,

703 5149 865 5211 Merc.
889 5155 945 5215 2,
976 5149 1029 5206 et
1059 5149 1563 5219 Otto-bu'prOpltetw
1598 5149 1819 5217 priores.

776 5226 850 5300 (Ξ)
892 5224 1123 5300 figuras.
1153 5224 1273 5300 ALL
1290 5222 1541 5300 ﬁguram.

888 5288 1205 5367 lfiiigcnitus
1233 5288 1391 5367 Deus.
1441 5288 1750 5359 Unigenitus
1789 5288 1961 5343 Filius
2011 5292 2061 5343 in
2110 5290 2265 5343 editis

706 5363 795 5421 N.‘
816 5366 960 5419 Test.
995 5363 1414 5431 exemplaribus.

778 5456 854 5577 (4)
900 5448 1307 5519 Interpretatur.
1357 5450 1589 5503 Grabius
1636 5451 1813 5519 posuit
1861 5452 2261 5519 interpretator,

808 5540 981 5577 uetus.
1014 5526 1187 5577 itmuit
1216 5523 1333 5574 cod.
1371 5522 1576 5574 Arund.
1610 5522 1658 5573 in
1694 5537 1799 5577 quo
1858 5520 2053 5577 legitur
2098 5521 2261 5572 inter-

708 5520 981 5585 !niiu'etus,
1014 5526 1187 5589 inquit
1216 5523 1333 5574 cod.
1371 5522 1576 5574 Arund.
1610 5522 1658 5573 in
1694 5537 1799 5587 quo
1858 5520 2053 5588 legitur
2098 5521 2262 5572 inter-

710 5605 895 5661 pretat,
927 5608 1141 5645 aunexo
1169 5592 1234 5645 ad
1274 5591 1512 5661 ultimam
1544 5592 1781 5661 littera‘m
1806 5595 1960 5660 signo
1992 5591 2267 5643 abbrevia-

712 5653 893 5717 iionisi
924 5665 995 5715 At
1014 5676 1220 5730 sgnum
1263 5660 1388 5713 illud
1412 5653 1835 5713 abbreviatiouis
1857 5653 1918 5712 in
1945 5676 2073 5713 mss.
2109 5661 2263 5731 longe

712 5734 1303 5802 frequentiusdenotat
1326 5744 1574 5802 urquant
1622 5746 1721 5802 er,
1753 5741 1811 5783 ut
1856 5741 2053 5802 norunt
2083 5732 2173 5797 qui
2209 5733 2260 5783 in

715 5800 907 5859 borium
952 5801 1185 5859 lectione
1221 5800 1417 5857 versati
1455 5809 1618 5854 sunt:
1651 5800 1837 5855 saltem
1873 5801 2012 5869 quod
2042 5801 2129 5854 hic
2171 5801 2263 5855 de-

2370 4677 2504 4735 ergo
2535 4663 2901 4735 videturhaec
2924 4662 3236 4730 conjectura
3264 4704 3279 4729 ,
3332 4674 3391 4717 ut
3438 4675 3681 4719 mutetur
3707 4667 3931 4735 antiqua

2370 4731 2554 4805 lectio,
2588 4748 2706 4801 quae
2728 4734 2941 4788 aliunde
2974 4750 3079 4805 non
3123 4735 3479 4805 incongruum
3506 4736 3650 4804 parit
3674 4731 3891 4790 sensuiu
3916 4776 3932 4801 ,

2371 4803 2530 4874 modo
2557 4810 2734 4874 textus
2765 4814 2912 4874 recte
2940 4803 3321 4874 distinguatur.

2366 4870 2516 4994 “(5)
2556 4869 2833 4927 Poderem.
2868 4872 3033 4928 Editl.
3064 4869 3184 4928 cum
3212 4874 3422 4929 Arund.
3449 4882 3506 4929 et
3540 4872 3705 4929 Merc.
3738 4874 3772 4928 2
3796 4914 3812 4939 ,
3838 4891 3931 4942 po.

2434 4958 2509 4994 re.

2403 4957 2509 4995 ενι.

2438 5009 2511 5078 (6)
2541 5009 2796 5065 Cinctum.
2838 5012 2928 5067 Sic
2956 5028 3147 5069 omnes
3172 5028 3303 5069 mss.
3340 5012 3503 5078 Editi,
3536 5014 3857 5068 accinctum.

2440 5080 2514 5153 (7)
2549 5081 2841 5135 Succensus
2867 5092 2962 5139 est.
2994 5084 3190 5139 Nosua
3218 5082 3283 5137 N.
3307 5082 3455 5137 Test.
3486 5084 3817 5153 exemplaria
3844 5085 3936 5141 hs-

2368 5152 2505 5222 beult
2536 5155 2940 5222 rrettppmpévm,
2971 5154 3231 5217 succensi,
3255 5153 3465 5207 scilicet
3494 5152 3668 5221 pedes.

2444 5219 2516 5291 (8)
2546 5222 2586 5273 Α
2635 5219 2791 5274 eam
2841 5222 3040 5277 clarum
3086 5224 3221 5290 ejus.
3268 5222 3306 5276 1.
3346 5238 3397 5275 e.
3445 5219 3746 5277 claritatem
3774 5260 3791 5284 .
3832 5237 3925 5277 seu

2373 5292 2597 5360 gloriam
2627 5306 2789 5360 quam
2824 5294 2983 5346 habet
3012 5308 3047 5360 a
3088 5292 3266 5346 Patre.
3307 5292 3558 5347 Alludere
3610 5294 3822 5347 videtur
3864 5294 3929 5345 ad

2370 5359 2759 5433 illudAJoannisr
2782 5377 2829 5433 I7,
2861 5361 2967 5433 ii:
3012 5359 3244 5415 Vidimus
3270 5364 3493 5433 gloriam
3528 5362 3640 5433 ejus
3662 5402 3676 5425 ,
3709 5364 3929 5433 giarium

2369 5431 2519 5503 quasi
2552 5432 2809 5500 unigeniti
2832 5449 2865 5484 a
2902 5428 3084 5485 Patre.

2442 5522 2515 5593 (9)
2572 5520 2787 5593 Pedere.
2830 5524 2919 5577 Sic
2966 5522 3194 5577 Fruard.
3253 5524 3305 5576 in
3357 5538 3549 5592 marg..
3593 5522 3829 5579 Clarom.
3878 5530 3932 5577 et

2373 5592 2525 5645 Voss.
2569 5592 2781 5657 Caeteri,
2823 5595 3085 5662 poderem.
3124 5594 3229 5647 Sed
3275 5594 3443 5659 exigit
3482 5596 3817 5647 constructio
3854 5593 3930 5646 le-

2370 5672 2528 5732 gatur
2553 5663 2762 5725 pedere,
2794 5662 2845 5716 iu
2873 5666 3204 5717 nominativo
3232 5678 3358 5717 casu
3380 5701 3395 5725 ,
3436 5664 3645 5728 pedere,
3679 5663 3931 5732 potiens;

2369 5729 2509 5801 quod
2540 5736 2789 5799 quamvis
2820 5734 3083 5799 analogia:
3114 5734 3318 5788 Graeca:
3345 5742 3647 5800 repugnet,
3680 5729 3930 5787 tolerabi-

2369 5802 2472 5857 lius
2508 5812 2686 5859 tamen
2716 5816 2877 5871 quam
2904 5806 3147 5873 poderem
3180 5804 3235 5857 in
3258 5807 3585 5858 accusativo.
