4222 6320
280 397 423 456 1045

1421 398 1699 458 CONTRA
1746 395 2085 455 HEBESES
2122 395 2250 454 LIB.
2290 396 2370 456 IV.

3380 390 3401 445 l
3412 387 3519 445 046

282 521 467 579 omnia
498 530 791 589 antequam
819 519 982 587 ﬂant;
1027 527 1083 575 et
1107 526 1327 588 propter
1351 517 1457 574 hoc
1488 519 1625 575 dixit
1653 536 1668 573 :
1705 536 1724 570 ι
1759 515 1849 572 Ja-
1877 524 1923 580 Α
1954 528 2058 573 tem
2090 528 2147 576 et
2186 534 2252 574 es
2282 517 2530 583 ancillis;
2569 514 2883 589 signiﬁcans
2926 515 3189 586 quoniam
3218 514 3517 570 secundum

284 610 387 667 cob
414 610 597 678 dilexi,
627 612 769 667 Esau
794 622 974 669 autem
997 611 1125 668 odio
1153 609 1322 666 habui
1346 609 1411 662 “.
1447 629 1468 662 ο

354 719 409 776 5.
436 719 492 774 Si
525 720 646 791 quis
667 728 848 775 autem
872 727 926 775 et
943 727 1102 775 actus
1123 718 1216 790 qui
1241 727 1365 775 sunt
1392 716 1559 777 Jacob
1580 716 1847 780 addiscat,

284 808 525 865 inveniet
555 822 651 864 eos
681 824 787 863 non
814 810 1026 876 inanes,
1058 808 1152 865 sed
1184 807 1369 878 plenos
1400 807 1805 878 dispositionum
1832 824 1845 862 :

281 909 338 954 et
362 898 607 967 inprimis
653 900 705 953 in
740 890 1024 955 nativitate
1066 898 1206 968 ejus,
1256 898 1706 970 quemadmodum
1757 912 1851 967 ap-

283 990 571 1059 prehendit
608 992 921 1046 calcaneum
971 990 1155 1047 fratris
1192 1001 1248 1047 et
1286 990 1456 1047 Jacob
1487 1000 1710 1047 vocatus
1743 999 1849 1054 est,

282 1080 339 1137 ld
364 1092 447 1135 est
473 1082 847 1152 supplantator
874 1081 954 1146 ";
988 1091 1199 1148 tenens,
1227 1092 1282 1137 et
1305 1081 1397 1151 qui
1424 1080 1535 1151 (41)
1566 1096 1670 1135 non
1696 1091 1851 1136 teneo

289 1181 411 1237 tur;
437 1172 611 1243 ligans
653 1180 835 1241 pedes,
870 1173 963 1229 sed
990 1174 1082 1244 qui
1133 1190 1237 1227 non
1272 1174 1496 1245 ligatur;
1535 1174 1767 1235 luctans,
1798 1179 1855 1227 et

286 1261 536 1326 vincens;
564 1271 755 1318 tenens
786 1264 837 1316 in
889 1278 1051 1317 manu
1096 1263 1409 1318 calcaneum
1442 1262 1766 1326 adversarii,
1799 1262 1851 1316 id

283 1363 367 1408 est
397 1353 703 1409 victoriam.
745 1356 825 1410 Ad
870 1356 969 1409 hoc
1003 1354 1146 1409 enim
1190 1355 1520 1410 nascebatur
1567 1354 1849 1422 Dominus,

285 1445 440 1515 cujus
465 1455 649 1516 typum
685 1447 1053 1516 generationis
1084 1448 1374 1515 praestabat
1412 1445 1544 1517 (42),
1573 1446 1641 1500 de
1664 1461 1770 1515 quo
1798 1452 1850 1497 et

283 1533 520 1592 Joannes
552 1540 605 1592 in
651 1538 974 1608 Apocalypsi
1026 1539 1142 1594 ait:
1203 1555 1223 1590 ς
1274 1536 1455 1593 Exivit
1506 1537 1751 1601 vincens,
1796 1545 1853 1589 ut

286 1627 527 1683 vinceret
552 1627 617 1680 “.
654 1647 673 1679 ι
710 1629 913 1683 Deinde
948 1637 1127 1683 autem
1169 1628 1528 1699 primogenita
1554 1628 1852 1697 accipiens,

283 1721 502 1788 quando
540 1721 872 1789 vituperavit
895 1735 957 1777 ea
978 1720 1145 1775 frater
1165 1719 1366 1785 ejus“:
1394 1718 1851 1789 quemadmodum

282 1820 340 1865 et
361 1811 543 1880 junior
571 1812 800 1882 populus
834 1828 958 1867 eum
990 1813 1411 1885 primogenitum
1448 1810 1725 1868 Christum
1753 1826 1851 1867 ac-

283 1901 450 1971 cepit,
482 1917 604 1956 cum
639 1916 761 1957 eum
814 1902 1011 1972 repulit
1059 1902 1287 1972 populus
1315 1910 1474 1958 aetate
1518 1901 1848 1971 provectior,

283 1991 473 2046 dicens
501 2010 515 2045 :
550 2010 569 2043 ι
608 1992 721 2046 Non
755 1993 1021 2047 habemus
1046 2007 1249 2062 regem,
1278 1992 1378 2047 nisi
1413 1992 1683 2048 Caesarem
1712 1992 1780 2045 ⁸⁸.
1827 2009 1845 2043 ι

279 2079 339 2136 In
369 2081 589 2138 Christo
624 2091 804 2136 autem
833 2084 1086 2137 universa
1135 2081 1477 2138 benedictio:
1524 2090 1579 2136 et
1631 2091 1851 2152 propter

281 2168 387 2225 hoc
432 2170 838 2225 benedictioues
873 2170 1073 2239 prioris
1113 2170 1295 2239 populi
1329 2185 1358 2224 a
1402 2169 1561 2225 Patre
1589 2169 1852 2240 surripuit

281 2262 552 2330 posterior
600 2262 849 2331 populus,
905 2261 1359 2330 quemadmodum
1415 2258 1582 2317 Iacob
1626 2260 1849 2317 abstulit

285 2352 726 2407 benedictionem
758 2351 915 2419 hujus
938 2352 1099 2408 Esau.
1120 2352 1199 2409 0h
1222 2368 1387 2423 quam
1417 2368 1640 2410 causam
1667 2353 1851 2409 fratris

281 2441 586 2511 patiebatur
644 2443 873 2498 insidias
904 2452 961 2498 et
1019 2445 1426 2513 persecutiones
1476 2442 1646 2499 frater
1698 2460 1849 2509 suns,

280 2532 423 2587 sicut
454 2543 513 2587 et
543 2532 780 2588 Ecclesia
809 2534 908 2590 hoc
926 2535 1063 2589 idem
1089 2552 1116 2589 a
1143 2534 1340 2591 Iudaeis
1364 2536 1586 2605 patitur.
1619 2536 1853 2607 Peregre

280 2625 649 2679 nascebantur
698 2643 771 2681 xu
816 2629 1010 2695 tribus,
1059 2642 1229 2697 genus
1268 2626 1456 2694 Israel,
1494 2628 1752 2697 quoniam
1796 2638 1851 2682 et

166 2736 173 2742 ·
279 2716 535 2771 Christus
601 2733 826 2789 peregre
882 2718 1176 2790 incipiebat
1229 2718 1341 2791 (s3)
1406 2719 1849 2791 duodeeastylum

277 2806 680 2864 ﬁrmamentum
714 2810 825 2882 (44)
867 2809 1122 2866 Ecclesia:
1176 2825 1454 2881 generare.
1497 2809 1670 2865 Varia:
1698 2826 1850 2875 oves,

278 2914 401 2969 quae
430 2899 649 2963 ﬁebant.
681 2903 807 2957 huic
832 2900 1003 2958 Jacob
1031 2901 1141 2975 (45)
1186 2918 1394 2958 merces
1427 2903 1470 2935 ⁵¹
1501 2921 1514 2957 :
1545 2911 1601 2957 et
1643 2901 1849 2958 Christi

280 3006 513 3058 merces,
549 2993 639 3063 qui
670 2993 784 3067 (46)
822 3007 885 3049 ex
921 2994 1090 3047 variis
1121 3002 1176 3048 ct
1199 2992 1572 3048 differentibus
1603 2994 1853 3064 gentibus

280 3078 339 3133 in
366 3094 523 3133 unam
555 3083 831 3137 cohortem
858 3083 975 3137 lidei
1008 3082 1398 3138 convenientes
1421 3083 1557 3138 liuut
1583 3083 1850 3147 homines,

1949 625 2169 666 carnem
2186 626 2251 665 es
2276 610 2483 672 liberis,
2502 618 2558 666 et
2575 624 2641 666 ex
2661 609 2837 665 servis
2856 608 3106 665 Christus
3128 613 3389 663 statueret
3402 600 3517 676 (48)

1950 701 2095 759 lilios
2127 701 2246 767 Dei,
2272 701 2525 758 similiter
2554 700 2808 757 omnibus
2854 700 2990 755 dans
3034 711 3232 753 munus
3281 694 3520 766 Spiritus

1948 791 2275 848 viviﬁcantis
2301 806 2421 848 nos.
2451 790 2642 846 Omnia
2678 797 2859 843 autem
2897 787 2985 843 ille
3029 785 3261 842 faciebat
3298 791 3521 853 propter

1950 879 2100 934 illam
2145 880 2446 951 juniorem,
2494 878 2668 933 bonos
2712 875 2903 933 oculos
2949 874 3258 940 habentem,
3293 870 3518 938 Rachel,

1955 984 2077 1041 qua:
2104 968 2484 1039 pratﬂgurabat
2514 965 2834 1030 Ecclesiam,
2892 972 3114 1034 propter
3154 978 3316 1033 quam
3353 961 3523 1017 susti-

1953 1061 2073 1116 nuit
2116 1058 2370 1116 Christus
2404 1076 2419 1112 :
2449 1056 2543 1127 qui
2584 1067 2711 1111 tunc
2756 1055 2972 1125 quidem
3026 1068 3122 1124 per
3178 1051 3521 1123 patriarchas

1951 1166 2080 1208 suos
2102 1161 2155 1207 et
2184 1151 2474 1220 prophetas
2500 1148 2857 1219 praellgurans
2880 1155 2936 1201 ct
2968 1145 3341 1216 praannntians
3376 1144 3519 1197 futu-

1954 1259 2032 1305 ra.
2060 1255 2434 1313 praeexercens
2457 1255 2610 1297 suam
2655 1248 2869 1310 partem
2914 1237 3365 1308 dispositionibus
3396 1234 3518 1301 Dei,

1953 1346 2007 1390 et
2036 1348 2361 1389 assuescens
2391 1331 2503 1405 (49)
2535 1331 2903 1387 hereditatem
2933 1346 3087 1385 suam
3120 1328 3345 1386 obedire
3384 1326 3520 1392 Deo.

1953 1437 2005 1481 et
2038 1426 2373 1496 peregrinari
2415 1425 2467 1479 in
2505 1423 2727 1486 saeculo,
2757 1431 2810 1489 e_t
2838 1422 2993 1491 sequi
3032 1421 3257 1476 verbum
3291 1418 3430 1490 ejus,
3464 1423 3523 1472 et

1954 1515 2380 1589 praesigniﬁcare
2410 1515 2612 1570 futura.
2661 1513 2807 1569 Nihil
2857 1515 3001 1569 enim
3046 1526 3298 1579 vacuum,
3346 1523 3523 1581 neque

1954 1609 2072 1665 sine
2098 1610 2252 1680 signo
2273 1608 2413 1677 apud
2443 1610 2610 1662 Deum
2643 1604 2775 1678 (50).

2375 1718 2538 1791 259
2586 1717 2817 1775 CAPUT
2862 1716 3005 1773 xxu
3029 1717 3095 1772 ιι.

1883 1856 1924 1915 Β
1954 1835 2219 1915 Christum
2267 1850 2369 1915 non
2405 1833 2600 1887 venisse
2636 1840 2845 1915 propter
2877 1830 3031 1912 unius
3055 1828 3241 1915 sreculi
3264 1828 3521 1915 homines,

2020 1906 2111 1959 sed
2137 1913 2348 1973 prapter
2375 1917 2550 1956 omnes
2578 1898 2671 1973 qui
2702 1898 2847 1973 fuste
2873 1916 2934 1954 ac
2966 1901 3049 1973 pic
3082 1900 3303 1973 virentes
3348 1899 3401 1952 in
3430 1898 3515 1968 ip-

2023 1969 2146 2029 sum
2170 1969 2520 2036 crediderant,
2546 1969 2607 2025 ac
2630 1971 2873 2034 deinceps
2902 1969 3156 2025 credituri
3178 1979 3354 2024 erant.

2023 2064 2074 2118 1.
2112 2062 2169 2118 In
2207 2062 2520 2119 novissimis
2563 2068 2744 2116 autem
2806 2060 3159 2130 temporibus,
3193 2073 3318 2115 cum
3375 2058 3525 2114 venit

1951 2156 2229 2229 plenitudo
2279 2156 2540 2225 temporis
2588 2152 2880 2217 libertatis,
2915 2154 3090 2223 ipsum
3140 2149 3375 2208 Verbum
3428 2166 3524 2221 per

1951 2250 2189 2319 scipsum
2217 2246 2406 2301 sordes
2454 2243 2625 2300 abluit
2655 2243 2894 2299 ﬁliarum
2924 2242 3079 2309 Sion,
3112 2242 3364 2297 manibus
3407 2243 3525 2297 suis

1952 2338 2136 2392 lavans
2169 2336 2331 2405 pedes
2355 2334 2768 2405 discipulorum.
2808 2333 2911 2389 Hic
2941 2343 3027 2389 est
3056 2334 3204 2390 enim
3259 2334 3389 2389 linis
3418 2333 3521 2389 hu-

1953 2430 2096 2485 mani
2124 2429 2339 2501 generis
2370 2428 2792 2483 haeredilicantis
2825 2426 2993 2483 Deum
3014 2446 3029 2483 :
3054 2428 3131 2483 uti
3165 2429 3522 2499 quemadmo-

1951 2524 2079 2578 dqu
2115 2522 2170 2577 in
2205 2522 2361 2576 initio
2390 2537 2486 2591 per
2518 2522 2747 2590 primos,
2778 2536 2971 2577 omnes
2999 2520 3053 2575 in
3088 2520 3407 2576 servitutem
3432 2533 3513 2574 re-

1952 2613 2094 2670 dacti
2123 2628 2308 2668 sumus
2334 2613 2515 2668 debito
2551 2612 2779 2676 mortis,
2815 2611 2900 2669 sic
2949 2611 3002 2666 in
3047 2610 3241 2666 ultimo
3276 2609 3387 2683 (5|)
3428 2624 3527 2680 per

1950 2708 2308 2763 novissimum
2348 2705 2456 2779 (52)
2488 2721 2718 2772 omnes,
2770 2705 2861 2775 qui
2910 2706 2979 2760 ab
3044 2704 3202 2759 initio
3249 2704 3523 2774 discipuli,

1952 2800 2229 2856 emundati
2253 2808 2305 2855 et
2336 2798 2503 2853 abluti
2541 2814 2661 2869 qua
2687 2808 2813 2853 sunt
2864 2798 3074 2861 mortis,
3106 2798 3160 2852 in
3202 2797 3372 2852 vitam
3425 2814 3524 2853 ve-

1952 2892 2107 2949 niant
2129 2892 2247 2947 Dei.
2276 2892 2378 2958 Qui
2408 2892 2551 2945 enim
2575 2890 2737 2959 pedes
2765 2890 2895 2945 lavit
2917 2890 3327 2960 discipulorum,
3350 2898 3524 2945 tottnn

1952 2982 2312 3039 sanctiﬁcavit
2340 2996 2561 3051 corpus,
2587 2991 2643 3036 et
2679 2982 2732 3035 in
2761 2982 3199 3037 emundationem
3256 2981 3369 3054 (55)
3428 2983 3526 3037 ad-

1952 3075 2127 3134 duxit.
2157 3074 2496 3145 Quapropter
2526 3082 2581 3129 et
2604 3074 3044 3129 recumbentibus
3071 3074 3151 3129 eis
3177 3074 3525 3130 ministrabat

278 3172 737 3239 quemadmodum
768 3173 930 3227 Pater
962 3174 1215 3243 promisit
1244 3174 1335 3228 ei:
1377 3192 1395 3227 ι
1431 3174 1674 3244 Ροειιιιε,
1712 3194 1730 3225 δ
1767 3178 1844 3230 di-
1878 3212 1922 3269 α
1954 3180 2160 3230 escam.
2190 3165 2510 3236 signiﬁcans
2562 3178 2656 3221 eos
2701 3163 2794 3234 qui
2827 3164 2878 3219 in
2935 3172 3081 3219 terra
3128 3165 3524 3221 recumbebant

276 3275 433 3325 cens,
463 3280 482 3313 ι
514 3276 542 3315 a
580 3278 686 3322 me.
717 3273 772 3317 et
798 3265 937 3319 dabo
962 3265 1054 3320 tibi
1078 3275 1266 3336 gentes
1289 3268 1656 3322 haereditatem
1682 3277 1852 3333 tuam,

274 3362 333 3407 et
355 3354 749 3421 possessionem
780 3363 924 3408 tuam
957 3356 1219 3411 terminos
1238 3357 1576 3413 terras."sEt
1597 3360 1852 3429 quoniam

275 3442 637 3499 multitudinis
685 3444 917 3500 llliorum
970 3444 1176 3501 Domini
1226 3448 1501 3517 prephetx
1540 3448 1704 3503 [iebat
1738 3449 1851 3522 (47)

272 3529 464 3599 Jacob,
501 3535 798 3590 necessitas
854 3537 1032 3592 omnis
1074 3536 1176 3592 fuit
1227 3554 1291 3592 ex
1327 3539 1535 3593 duabus
1570 3541 1851 3596 sororibus

274 3640 403 3680 eum
440 3626 577 3680 ﬁlios
604 3628 817 3694 facere;
850 3628 1299 3698 quemadmodum
1338 3628 1591 3686 Christus
1619 3644 1683 3685 ex
1710 3632 1849 3685 dua-

277 3718 381 3772 bus
410 3718 619 3789 legibus
649 3719 805 3773 unius
840 3729 893 3774 et
925 3720 1167 3789 ejusdem
1214 3719 1425 3775 Patris:
1463 3721 1714 3778 similiter
1745 3739 1845 3777 au-

1954 3257 2089 3329 (54),
2119 3257 2319 3327 quibus
2347 3258 2493 3313 venit
2517 3255 2831 3311 ministrare
2856 3256 3043 3311 vitam.
3078 3256 3231 3312 Sicut
3260 3255 3527 3313 Jeremias

1950 3350 2028 3405 ait
2053 3348 2162 3420 (55)
2194 3363 2211 3402 :
2247 3367 2267 3402 ι
2312 3347 2853 3404 Recommemoratus
2892 3356 2978 3403 est
3018 3346 3280 3405 Dominus
3305 3359 3528 3406 sanctus

1951 3442 2113 3498 Israel
2146 3452 2483 3499 mortuorum
2532 3456 2780 3507 suorum,
2810 3440 2900 3510 qui
2928 3440 3382 3511 praedorntierunt
3404 3440 3522 3515 (56)

1949 3538 2005 3592 in
2050 3546 2196 3592 terra
2244 3535 2570 3592 defossionis
2596 3532 2730 3606 (57),
2762 3541 2815 3588 et
2860 3534 3139 3590 descendit
3172 3536 3238 3589 ad
3279 3548 3395 3599 eos,
3443 3536 3522 3590 uti

1946 3628 2351 3699 evangelizaret
2383 3627 2495 3699 (58)
2525 3628 2605 3682 eis
2633 3626 2872 3683 salutare
2909 3641 3088 3691 suum,
3110 3626 3175 3680 ad
3202 3627 3523 3682 salvaudum

1946 3737 2061 3777 eos.
2101 3741 2121 3773 s
2156 3720 2383 3790 Propter
2417 3720 2520 3774 hoc
2579 3729 2787 3785 autem,
2835 3727 2889 3773 et
2938 3718 3329 3789 discipulorum
3380 3720 3522 3774 oculi

350 3834 395 3910 ξ’
430 3836 586 3910 ηοω.
611 3852 688 3897 tx.
719 3837 804 3910 15.
826 3907 853 3910 _
880 3838 924 3870 ⁸⁷
953 3838 1240 3910 (ξςῃᾎλ-ξ-ν,
1267 3838 1359 3894 25.
1434 3840 1479 3871 ⁸⁸
1504 3841 1674 3910 Apoc.
1700 3856 1774 3907 vr,
1802 3840 1849 3894 2.

1932 3839 1976 3872 δ’
2005 3839 2141 3896 Gen.
2170 3855 2295 3907 xxv,
2318 3836 2408 3894 32.
2484 3836 2530 3869 '°
2562 3834 2723 3893 Joan.
2747 3851 2862 3901 ιιι,
2889 3834 2975 3889 15.
3053 3834 3096 3866 ³³
3116 3833 3397 3903 Gen.xu,
3428 3836 3520 3893 32.

273 3902 323 3940 ⁸³
346 3904 488 3961 Psal.
516 3921 573 3967 tt.
608 3913 661 3963 8.
735 3907 781 3939 ⁸³
815 3907 945 3978 Cap.
980 3906 1222 3963 XXXIX.

339 4018 453 4092 (41)
477 4019 675 4092 Tenetis
712 4031 761 4092 et
788 4023 897 4091 qui.
931 4021 1121 4092 nunc,
1150 4033 1349 4087 tenens,
1380 4022 1472 4077 sed
1491 4024 1606 4092 qui.

346 4086 461 4164 (s2)
496 4086 811 4164 Ρταυειαὸᾳεζ
834 4092 928 4147 Sic
948 4086 1187 4164 Feuard.
1221 4086 1841 4164 inmarg.,'Claromont.

271 4171 331 4216 et
352 4158 545 4225 Voss.;
584 4161 787 4224 caeteri,
813 4162 1159 4216 monstrabat.

349 4228 461 4302 (45)
493 4228 781 4302 incipiebat
815 4245 1164 4302 ._..gengrare.
1194 4228 1233 4285 l.
1257 4245 1309 4289 e.
1340 4242 1681 4302 generalqu
1707 4242 1843 4288 erat.

340 4298 454 4371 (44)
486 4298 930 4371 Duodecasiylum
976 4298 1387 4371 firmamentum.
1428 4303 1519 4357 Sic
1561 4316 1657 4371 pro
1685 4304 1845 4356 deca-

273 4368 472 4438 styium
509 4368 898 4436 ﬁrmamentum
937 4369 1175 4438 restituit
1210 4370 1515 4426 Fenard.ex
1550 4368 1659 4425 vet.
1693 4374 1842 4436 cod..

273 4437 698 4511 sitting-antibus
721 4440 955 4511 Clarum.
982 4437 1220 4511 et_Voss.
1252 4443 1541 4511 Apostolus
1572 4442 1843 4508 intelligit,

273 4507 474 4578 quibus
503 4522 603 4563 ceu
628 4508 910 4564 duodecim
943 4507 1173 4574 στύλοις,
1204 4507 1587 4565 εθιίροιιιιηηὶε
1621 4507 1843 4566 fulcitur

274 4578 540 4636 Ecclesia.
570 4586 751 4644 utpote
776 4580 865 4645 qui
902 4578 1196 4632 Ecclesium
1225 4582 1485 4648 sanguine
1509 4595 1628 4645 suo,
1668 4595 1846 4636 exem-

272 4648 843 4718 plisgatque‘doctrina
875 4649 1153 4702 l'uudnrint
1180 4668 1193 4703 :
1225 4651 1675 4718 quemadmodum
1713 4652 1846 4705 duo-

274 4714 448 4772 decim
487 4714 594 4769 lilii
648 4714 817 4788 lacoh
872 4720 1040 4773 totius
1088 4714 1368 4788 Israelitici
1417 4721 1628 4788 generis
1657 4718 1847 4773 funda-

276 4794 457 4840 tttt'nta
486 4796 540 4841 et
562 4786 740 4854 cnpita
776 4788 1123 4841 exstiterunt.
1156 4787 1380 4841 Frustra
1419 4786 1584 4856 igitur
1609 4789 1847 4844 Grahius

317 4873 374 4909 ru
392 4858 844 4927 tluodecustylum,
875 4859 1157 4927 legendum
1185 4857 1343 4911 vellet
1360 4858 1847 4927 duodecaphylum;

317 4873 374 4909 ru
392 4873 844 4927 uuouecustytum,
875 4873 1157 4927 tegendum
1185 4873 1343 4911 venet
1360 4873 1847 4927 anaaecapnytum;

276 4873 393 4981 llaec
420 4926 564 4979 enim
598 4925 757 4980 lectio
789 4937 934 4981 stare
976 4944 1080 4981 non
1120 4936 1297 4995 potest
1330 4942 1452 4980 cum
1488 4930 1675 4981 Irenzei
1710 4929 1847 4981 allu-

275 4996 451 5049 sione.
492 4996 659 5060 Ei-qui
703 5012 830 5049 vero
958 4999 1361 5050 ﬁrmamentum
1397 4996 1649 5051 Ecclesute
1695 5000 1845 5052 dica-

274 5074 366 5120 tnr
392 5065 869 5134 duodecapltylnm,
908 5083 999 5121 seu
1053 5070 1329 5119 duodecim
1369 5069 1622 5131 tribuum,
1651 5066 1848 5122 viderit

276 5137 361 5190 vir
388 5146 604 5197 acutus,
637 5146 689 5187 et
717 5138 977 5203 exltlicet,
1015 5139 1059 5189 si
1086 5141 1275 5201 possit.

489 5204 630 5257 lluic
674 5205 860 5258 Jucob.
903 5207 991 5260 Sic
1028 5207 1291 5270 Claruun,
1332 5208 1594 5262 Arundel.
1628 5218 1684 5262 et
1713 5207 1847 5263 Gru-

274 5276 415 5330 bius.
442 5274 663 5336 Caneri,
692 5276 813 5326 hinc
846 5275 1035 5330 Jucob.
1810 5332 1817 5336 ,

345 5347 468 5417 (46)-
491 5345 614 5409 Qui.
672 5345 762 5398 Sic
819 5359 964 5399 recte
1011 5347 1250 5401 Clarum.
1282 5344 1337 5400 ln
1375 5346 1602 5401 Feuard.
1631 5349 1761 5401 edit.
1793 5359 1845 5402 et

271 5413 375 5541 ius.
429 5413 583 5469 Voss.
642 5430 950 5483 perperam,
995 5419 1156 5486 quia;
1212 5418 1261 5470 in
1310 5418 1531 5487 reliquis
1595 5427 1843 5471 neutrum

292 5497 486 5541 eallttt‘.

292 5497 486 5555 agitur.

345 5555 458 5625 (47)
492 5554 933 5609 Multitudinis...
979 5556 1157 5624 ﬁebat.
1209 5555 1283 5610 Ita
1326 5565 1469 5611 recte
1499 5556 1735 5613 Clarom.
1792 5570 1847 5613 et

277 5621 518 5680 Voss—In
553 5626 730 5689 liras"
764 5621 992 5686 Gallam,
1028 5625 1284 5691 Feuard.,
1306 5628 1534 5693 Arund.,
1563 5629 1745 5682 Ottob.
1792 5639 1847 5683 et

272 5695 437 5751 Merc.
469 5696 506 5748 2
553 5704 833 5764 corrupte,
867 5707 917 5751 et
966 5698 1083 5751 sine
1129 5712 1330 5750 sensu:
1385 5698 1746 5751 multitudines

272 5768 483 5836 ﬁebant.
513 5765 621 5819 Nec
650 5769 840 5820 melius
858 5768 1077 5836 scripil
1107 5766 1274 5821 Crab.
1304 5768 1658 5821 multitudinis
1691 5806 1727 5825 ..
1753 5769 1846 5834 lie-

274 5834 392 5889 bum
422 5852 438 5886 :
469 5837 610 5891 haud
638 5839 923 5890 advertens
947 5834 1192 5891 c'tttndem
1230 5847 1410 5905 typum
1439 5839 1841 5893 tueretadisver-

1952 4024 2243 4081 sicolorum
2278 4026 2463 4080 ovium
2496 4021 2701 4079 Jacobo
2737 4021 3027 4091 assignate
3070 4021 3159 4076 hic
3205 4021 3273 4077 ab
3320 4021 3534 4079 Irenaeo-

1951 4097 2184 4164 perteri.
2222 4094 2286 4149 Et
2306 4092 2831 4167 quoniamainqttit,
2866 4090 3070 4167 Iacobo
3116 4091 3377 4167 plaudens:
3405 4094 3520 4164 (seu

1952 4160 2042 4233 qui
2068 4160 2328 4235 propheta
2347 4166 2483 4233 erat)
2502 4162 2860 4235 multitudinis
2888 4161 3125 4228 ﬁliorum
3152 4160 3385 4226 Domini,
3406 4160 3523 4218 uer-

1952 4232 2240 4288 siculorum
2266 4238 2440 4291 ovium
2466 4232 2660 4287 merces
2695 4232 2877 4298 ﬁebat,
2908 4246 3003 4285 seu
3036 4235 3360 4287 nascebatur
3389 4250 3404 4297 ;
3463 4244 3524 4287 ttt

1952 4302 2125 4439 ggura
2179 4307 2325 4361 omni
2366 4320 2434 4359 ex
2476 4313 2628 4374 parte
2673 4304 2988 4371 quadraret,
3028 4302 3308 4356 necessitas
3350 4304 3522 4357 omnis

1978 4384 2074 4435 uit,
2105 4383 2210 4433 etc.

1978 4376 2074 4435 uit,
2105 4383 2210 4433 etc.

2022 4442 2130 4514 (48)
2156 4443 2445 4499 Statuerat.
2481 4442 2591 4514 Al"
2629 4450 2843 4514 statuet.

2022 4510 2134 4585 (49⁷)
2164 4516 2495 4585 Assuescens.
2525 4512 2628 4567 Pro
2648 4510 3028 4585 assuefaciens.

2021 4580 2133 4653 (50)
2164 4581 2581 4653 l’rwsigniﬁcare
2696 4582 2836 4648 apud
2861 4580 3047 4636 Deum.
3071 4580 3126 4636 In
3162 4581 3343 4648 editl.,
3377 4598 3519 4651 prato

1947 4652 2177 4722 figurare
2298 4652 2437 4721 apud
2465 4669 2603 4707 eum.

2021 4724 2134 4791 (5|)
2175 4725 2241 4779 In
2280 4727 2485 4777 ultimo.
2521 4722 2653 4776 Scil.
2690 4731 2948 4789 tempore.

2021 4794 2136 4861 (52)
2179 4794 2284 4847 Per
2312 4793 2670 4847 novissimum.
2707 4792 2981 4845 Christum
3011 4791 3284 4854 videlicet,
3324 4791 3517 4847 novis-

1949 4864 2144 4918 simum
2193 4866 2483 4917 hominem.
2539 4862 2629 4917 Sic
2680 4861 2916 4917 Clarum.
2962 4861 3067 4916 Alii
3102 4878 3292 4918 omnes
3323 4876 3519 4933 perpe-

1950 4948 2090 4996 ram,
2126 4950 2215 5001 per
2244 4935 2540 4986 novissima.

2021 4999 2134 5069 (515i
2188 5001 2255 5056 In
2311 5003 2754 5055 emendationem.
2808 4999 2873 5053 In
2929 5000 3082 5054 deest
3134 5001 3186 5054 itt
3246 5002 3400 5057 Eras.
3464 5014 3520 5058 et

1948 5072 2153 5128 Gallus.

2019 5142 2133 5208 (54)
2179 5140 2583 5195 Recumbebant.
2618 5139 2776 5194 Ludit
2806 5137 3041 5193 ll‘elliBUS
3085 5140 3137 5192 in
3183 5143 3350 5195 verbo
3384 5142 3518 5195 ἀνα-

1948 5211 2191 5274 κεῖσθαι,
2252 5215 2392 5278 qnod
2451 5211 2501 5262 in
2554 5210 2785 5279 praes-ed.
2848 5221 3116 5264 continete
3170 5211 3369 5277 accipit
3417 5228 3514 5279 pro

1946 5284 2268 5335 discumbere
2298 5282 2349 5331 in
2386 5297 2585 5344 mensa,
2626 5281 2711 5332 hic
2744 5295 2871 5332 vero
2894 5295 2990 5348 pro
3026 5293 3290 5332 mortuum
3312 5280 3510 5349 jacere.

2018 5350 2130 5421 (55)
2169 5350 2425 5403 Jercmius
2460 5361 2556 5402 all.
2599 5349 2726 5421 Vide
2759 5365 2877 5418 quae
2906 5364 3071 5419 supra
3102 5352 3409 5404 notavimus
3444 5351 3515 5402 ad

1948 5420 2038 5476 lib.
2074 5437 2131 5484 tl,
2163 5436 2282 5488 cap.
2315 5422 2398 5479 2‘1,
2435 5436 2581 5472 num.
2614 5420 2664 5472 4.

2019 5492 2129 5560 (56)
2169 5485 2271 5554 Qui
2316 5492 2771 5556 prwdormierunl.
2807 5485 2927 5560 llgt‘c
2959 5489 3151 5560 desunt
3184 5489 3235 5541 in
3266 5486 3503 5543 Clarom.

2019 5556 2131 5629 (57)
2174 5560 2240 5612 lu
2276 5572 2413 5613 terra
2441 5561 2773 5627 del'osst'onis.
2810 5556 3074 5624 ωδε-ουκ,
3105 5559 3324 5613 interra
3354 5564 3517 5625 depo-

1946 5632 2153 5685 sitionis

2019 5699 2129 5772 (58)
2183 5699 2575 5771 Evangelimrct
2611 5699 2707 5753 eis.
2764 5696 3002 5754 Clarum.
3056 5698 3516 5768 euangelizareth

1946 5789 2041 5827 ets.
