4222 6320
734 375 868 431 104⁸1

1498 375 1560 436 S.
1601 377 1859 435 iRENJEI
1899 379 2207 438 EPISCOPI
2246 382 2725 440 LUGDITNENSIS
2757 383 2843 439 ET
2884 382 3235 439 MARTYRIS

3823 382 3953 439 1018

732 505 881 550 erant
911 495 1112 565 gravati
1144 494 1394 551 veniente
1422 497 1640 552 Christo
1667 500 1734 552 ad
1767 502 2101 569 passionem,
2132 514 2185 555 et
2216 505 2297 558 in-
2324 507 2369 564 Α
2398 504 2568 560 riorcs
2600 517 2757 559 erant
2790 502 2957 559 futuri
2983 504 3248 568 homines,
3274 504 3536 558 habentes
3560 504 3810 557 timorem
3838 502 3953 569 Dei,

731 587 951 640 veniens
1000 600 1094 641 eos
1123 585 1458 642 dormientes
1506 587 1789 653 Dominus,
1845 591 2022 660 primo
2070 594 2289 662 quidem

730 675 954 743 dimisit,
989 676 1306 748 significans
1360 679 1675 748 patientiam
1726 681 1819 738 Dei
1877 683 1930 738 in
1962 684 2289 740 dormitione

732 767 1043 835 hominum;
1080 769 1320 825 secundo
1352 783 1479 826 vero
1524 771 1748 827 veniens
1789 773 2046 829 excitavit
2073 790 2189 843 eos,
2236 782 2292 829 et

730 860 927 925 erexit,
955 861 1267 927 signiﬁcans
1298 864 1551 931 quoniam
1578 864 1763 931 passio
1809 864 1929 933 ejus
1967 868 2290 938 expergefa-

729 950 838 1004 ctio
855 963 939 1006 est
963 952 1345 1007 dormientium
1371 951 1780 1022 discipulorum,
1797 965 2014 1025 propter
2037 971 2169 1025 quos
2197 977 2215 1009 ι
2239 968 2292 1013 et

729 1042 1010 1098 descendit
1039 1042 1092 1096 in
1126 1042 1385 1097 inferiora
1424 1053 1579 1099 terra:
1609 1044 1675 1110 ",
1708 1064 1727 1097 ι
1760 1046 1810 1099 id
1837 1046 1981 1116 quod
2040 1059 2159 1102 erat
2206 1048 2290 1102 in-

727 1143 1005 1199 operatum
1035 1133 1362 1189 conditionis
1404 1135 1615 1190 visurus
1656 1136 1851 1203 oculis,
1895 1138 1963 1192 de
1996 1139 2189 1208 quibus
2238 1146 2295 1193 et

727 1224 940 1278 dicebat
976 1223 1294 1294 discipulis:
1331 1245 1350 1278 ι
1389 1225 1536 1281 Multi
1562 1226 1672 1299 (59)
1728 1228 2010 1297 propheta:
2057 1237 2114 1284 et
2157 1230 2291 1301 justi

727 1316 1015 1383 cupierunt
1043 1319 1224 1373 videre
1276 1329 1333 1375 et
1367 1320 1555 1376 audire
1598 1336 1719 1392 quae
1763 1335 1858 1377 vos
1889 1320 2086 1376 videtis
2115 1332 2169 1377 et
2194 1339 2292 1377 au-

728 1412 856 1467 ditis
886 1413 951 1466 ”.
990 1432 1009 1464 ι

796 1501 851 1555 2.
892 1501 1007 1557 Non
1061 1507 1206 1559 enim
1242 1519 1463 1577 propter
1496 1522 1589 1563 eos
1618 1508 1783 1572 solos,
1825 1510 1915 1577 qui
1959 1508 2292 1578 temporibus

732 1592 934 1647 Tiberii
972 1596 1201 1651 Caesaris
1233 1598 1586 1654 crediderunt
1615 1598 1688 1663 ei,
1712 1602 1858 1653 venit
1888 1597 2159 1666 Christus;
2193 1615 2292 1655 nec

728 1695 952 1755 propter
987 1701 1080 1741 eos
1120 1688 1286 1755 solos,
1328 1690 1417 1758 qui
1463 1705 1607 1745 nunc
1653 1698 1800 1756 sunt,
1840 1692 2086 1746 homines
2113 1692 2294 1761 provi-

727 1777 961 1830 dentiam
998 1777 1125 1834 l'ecit
1153 1778 1345 1846 Pater;
1371 1780 1463 1835 sed
1492 1791 1711 1851 propter
1736 1794 1928 1836 omnes
1954 1784 2175 1837 omnino
2197 1783 2291 1836 ho-

727 1867 920 1934 mines,
950 1870 1039 1938 qui
1071 1871 1139 1925 ab
1164 1870 1321 1926 initio
1352 1882 1573 1940 propter
1618 1872 1990 1945 virtutem(60)
2032 1890 2181 1927 suam
2234 1875 2285 1929 in
2325 1861 2363 1915 Β

724 1975 820 2013 sua
849 1962 1223 2030 generatione,
1252 1971 1306 2017 et
1328 1962 1641 2029 timuerunt,
1672 1973 1727 2018 et
1761 1965 2064 2019 dilexerunt
2095 1965 2281 2031 Demn,

722 2060 774 2103 et
802 2050 943 2119 iuste
966 2061 1019 2107 et
1044 2052 1129 2121 pie
1159 2055 1463 2108 conversati
1529 2062 1657 2109 sunt
1706 2069 1834 2124 erga
1886 2055 2190 2125 proximos.
2234 2066 2286 2111 et

722 2148 1111 2212 concupierunt
1133 2148 1318 2203 videre
1339 2149 1638 2217 Christum,
1665 2159 1719 2204 et
1741 2151 1931 2206 audire
1952 2152 2283 2221 vocemejus.

721 2234 1063 2305 Quapropter
1094 2251 1283 2293 omnes
1311 2238 1616 2307 huiusmodi
1671 2239 1725 2293 in
1763 2242 2001 2296 secundo
2053 2244 2283 2297 adventu

722 2326 897 2393 primo
927 2330 993 2382 de
1025 2343 1216 2382 somno
1244 2329 1525 2393 excitabit,
1554 2340 1611 2385 et
1638 2331 1812 2401 eriget
1845 2340 1951 2386 tam
1977 2346 2092 2399 eos,
2123 2350 2284 2403 quam

721 2416 959 2487 reliquos
990 2419 1081 2487 qui
1104 2420 1517 2488 judicabuntur,
1550 2430 1604 2476 et
1628 2424 1927 2478 constituet
1963 2425 2016 2478 in
2058 2439 2284 2492 regnum

722 2522 901 2563 suum.
939 2509 1206 2577 Quoniam
1239 2513 1456 2582 quidem
1495 2532 1514 2565 ι
1549 2530 1691 2569 unus
1722 2517 1883 2582 Deus,
1919 2517 2009 2587 qui
2058 2536 2078 2570 ι
2116 2520 2288 2588 patri-

722 2598 915 2654 archas
939 2600 1161 2669 quidem
1215 2602 1417 2658 direxit
1455 2605 1508 2659 in
1537 2605 1924 2676 dispositiones
1962 2622 2091 2664 suas
2114 2649 2129 2669 .
2162 2628 2179 2660 ι
2204 2610 2291 2679 ju-

721 2689 980 2745 stiﬂcavit
1010 2692 1118 2764 (6|)
1154 2712 1173 2745 ι
1208 2701 1387 2749 autem
1424 2714 1441 2746 ι
1468 2697 1944 2753 circumcisionem
1971 2714 2035 2753 ex
2060 2698 2186 2766 tide,
2235 2711 2290 2755 et

722 2783 1044 2848 praeputium
1078 2799 1172 2854 per
1209 2786 1368 2840 fidem
1401 2786 1467 2840 ".
1505 2806 1524 2839 ι
1556 2787 2021 2853 Quemadmodum
2048 2791 2191 2845 enim
2233 2793 2285 2845 in

723 2871 911 2936 primis
953 2888 1051 2927 nos
1086 2876 1594 2946 prteligurahamnr,
1651 2888 1708 2932 et
1764 2880 2283 2947 prmnuntiabamur.

723 2962 803 3015 sic
835 2978 1022 3018 rursus
1050 2965 1099 3018 in
1133 2967 1291 3021 nobis
1316 2966 1388 3019 illi
1422 2968 1825 3033 deformantur,
1854 2970 1956 3025 hoc
1994 2981 2079 3026 est
2104 2973 2158 3026 in
2187 2972 2289 3027 Ec—

720 3052 906 3118 clesia,
934 3062 989 3107 et
1031 3054 1293 3124 recipiunt
1325 3057 1626 3110 mercedem
1666 3071 1763 3125 pro
1810 3056 1895 3111 his
1932 3073 2051 3128 qua
2081 3058 2290 3114 labora-

721 3154 931 3196 verunt.

1241 3261 1466 3318 CAPUT
1498 3262 1661 3318 XXIII
1700 3266 1765 3321 ⁵⁷.

725 3369 1069 3447 Patrtarchas
1094 3385 1139 3427 et
1164 3374 1661 3447 prophetasCIiristi
1679 3378 1956 3447 adventum
1973 3378 2287 3447 priuigni/io

792 3450 989 3503 cantes.
1006 3445 1140 3495 riam
1154 3446 1373 3511 posteris
1388 3445 1457 3496 ad
1470 3446 1662 3499 Christi
1675 3446 1829 3513 [idem
1848 3448 2091 3500 muniisse
2108 3445 2284 3501 {ideo-

790 3527 889 3586 que
930 3515 1593 3586 minoremnpostolorum
1657 3514 1883 3569 laborem
1925 3514 2106 3582 fuisse,
2148 3518 2285 3586 quod

793 3583 1024 3648 fructum
1054 3582 1214 3636 alieni
1240 3582 1440 3636 laboris
1469 3584 1790 3650 colligerent.

795 3694 845 3748 1.
867 3694 1097 3762 Propter
1120 3695 1221 3750 hoc
1246 3694 1459 3751 dicebat
1486 3696 1741 3751 Dominus
1759 3696 2067 3767 discipulis:
2095 3696 2284 3761 «Ecce,

722 3787 843 3842 dico
869 3787 1045 3850 vobis,
1073 3788 1299 3843 attollite
1330 3790 1515 3843 oculos
1546 3799 1772 3855 vestros,
1819 3796 1873 3843 et
1898 3790 2075 3844 videte
2106 3792 2283 3858 regio-

722 3893 842 3941 nes,
882 3879 1136 3946 quouiam
1161 3878 1296 3932 alba:
1334 3888 1459 3932 sunt
1489 3880 1556 3931 ad
1594 3892 1844 3932 messem.
1898 3876 2030 3930 Nam
2083 3893 2286 3932 messor

723 3968 1032 4023 mercedem
1064 3968 1284 4038 accipit,
1315 3978 1369 4022 et
1412 3981 1703 4038 congregat
1750 3968 1981 4024 fructum
2013 3969 2067 4023 in
2118 3968 2283 4024 vitam

723 4069 1028 4126 aeternam;
1066 4064 1141 4114 uti
1171 4069 1223 4116 et
1250 4062 1343 4129 qui
1388 4062 1640 4125 seminat,
1675 4072 1727 4115 et
1763 4061 1854 4131 qui
1896 4063 2070 4127 metit,
2130 4061 2286 4116 simul

721 4153 996 4221 gaudeant
1031 4152 1162 4223 (62).
1196 4153 1250 4205 1η
1287 4154 1387 4206 hoc
1416 4152 1561 4206 enim
1590 4161 1671 4207 est
1726 4167 1908 4207 sermo
1933 4169 2112 4217 verus,
2151 4168 2287 4223 quo-

722 4244 867 4296 niam
907 4242 1051 4297 alius
1083 4252 1165 4297 est
1194 4243 1283 4313 qui
1322 4244 1575 4305 seminat,
1603 4252 1656 4295 et
1694 4242 1830 4297 alius
1858 4246 1947 4313 qui
1978 4245 2150 4301 metit.
2174 4244 2287 4315 Ego

721 4335 864 4389 enim
894 4335 1135 4404 preemisi
1163 4349 1257 4389 vos
1289 4345 1492 4389 metere
1520 4334 1662 4403 quod
1704 4350 1799 4391 vos
1830 4351 1935 4389 non
1970 4334 2282 4390 laborastis:

722 4425 815 4479 alii
844 4425 1246 4491 laboraverunt,
1278 4436 1330 4481 et
1383 4442 1480 4481 vos
1518 4427 1570 4479 in
1602 4427 1840 4482 laborem
1873 4442 2060 4482 eorum
2113 4429 2285 4482 intro-

2398 597 2557 652 facile
2590 596 2931 666 susciperent
2955 596 3244 650 adventum
3263 593 3492 659 Christi,
3513 596 3813 650 instructis
3842 609 3958 664 pro-

2396 688 2593 758 phetis.
2642 687 2706 741 Et
2747 696 2967 757 propter
3030 686 3131 742 hoc
3179 684 3398 756 Joseph,
3443 700 3565 753 cum
3618 686 3961 756 cognovisset

2396 780 2540 849 quod
2575 794 2865 849 praegnans
2892 791 3035 835 esset
3069 778 3255 843 Maria,
3282 789 3337 835 et
3378 778 3642 849 cogitaret
3692 778 3958 831 absconse

2396 872 2663 926 dimittere
2692 888 2836 937 eam,
2882 872 3109 941 angelus
3154 871 3209 926 in
3260 871 3463 926 somnis
3506 870 3644 925 dixit
3694 870 3762 923 ad
3790 883 3951 923 eum.

2401 982 2419 1016 ι
2476 962 2551 1017 Ne
2602 964 2847 1018 timueris
2882 961 2991 1035 (65)
3051 977 3327 1019 assumere
3379 960 3606 1016 Mariam
3665 959 3951 1031 conjsgem

2398 1066 2562 1119 tuam;
2599 1053 2741 1123 quod
2765 1055 2906 1108 enim
2936 1054 3099 1108 habet
3132 1053 3186 1108 in
3212 1062 3427 1117 ventre,
3448 1066 3515 1106 ex
3537 1050 3741 1121 Spiritu
3765 1058 3954 1105 sancto

2396 1155 2497 1202 est.
2518 1145 2697 1200 l’ariet
2722 1144 3122 1209 autem-lilium,
3169 1142 3280 1214 (64)
3301 1154 3357 1197 et
3379 1142 3600 1197 vocabis
3628 1157 3826 1196 nomen
3842 1142 3955 1213 ejus

2395 1235 2607 1291 losum:
2636 1237 2753 1306 ipse
2773 1235 2917 1290 enim
2949 1234 3179 1290 salvabit
3202 1234 3455 1304 populum
3481 1249 3636 1289 suum
3662 1249 3691 1287 a
3720 1232 3959 1304 peccatis

2395 1342 2581 1382 earum
2613 1327 2681 1381 ⁸⁸.
2725 1346 2743 1376 ι
2782 1328 2848 1382 Et
2877 1326 3073 1395 adjecit
3127 1326 3361 1381 suadens
3413 1326 3505 1380 ei:
3546 1342 3566 1376 ι
3608 1323 3721 1379 Hoc
3773 1334 3958 1378 autem

2398 1427 2566 1471 totum
2594 1416 2794 1473 factum
2842 1429 2941 1480 est,
2982 1426 3039 1471 ut
3065 1418 3449 1487 adimpleretur
3478 1417 3619 1486 quod
3647 1415 3848 1471 dictum
3878 1422 3960 1467 cst

2397 1527 2425 1563 a
2457 1509 2680 1565 Domino
2708 1527 2803 1581 per
2834 1511 3149 1579 prophetam
3178 1512 3440 1566 dicentem
3467 1528 3482 1564 :
3511 1508 3649 1563 Ecce
3710 1509 3861 1577 virgo
3904 1508 3956 1561 in

2397 1609 2547 1654 utero
2581 1601 2832 1669 accipiet,
2862 1609 2916 1655 et
2948 1602 3118 1670 pariet
3152 1600 3344 1664 lilium,
3405 1608 3460 1658 et
3510 1598 3802 1655 vocabitur
3858 1609 3958 1651 no-

2398 1704 2517 1743 men
2550 1687 2668 1757 ejus
2717 1689 3033 1743 Emmanuel
3061 1688 3142 1756 ⁸⁶;
3178 1708 3195 1741 ι
3252 1705 3349 1758 per
3378 1704 3655 1744 sermones
3685 1687 3959 1759 prapbetze

2401 1782 2632 1836 suadens
2654 1781 2723 1844 ei,
2743 1788 2797 1835 et
2824 1795 3093 1835 excusans
3114 1779 3373 1835 Mariam:
3404 1780 3542 1835 hanc
3564 1780 3813 1834 eamdem
3842 1790 3959 1830 esse

2393 1872 2722 1939 ostendens,
2762 1887 2883 1943 qua:
2936 1872 3003 1926 ab
3054 1873 3190 1927 Isaia
3240 1881 3381 1927 esset
3434 1870 3794 1941 praenuntiata
3848 1865 3957 1937 (65)

2394 1965 2567 2033 virgo.
2615 1979 2735 2033 quae
2778 1972 3065 2034 generaret
3102 1961 3439 2017 Emmanuel.
3471 1961 3817 2031 Quapropter
3847 1960 3961 2013 sine

2394 2058 2731 2111 dubitatione
2783 2069 2975 2110 suasus
3023 2054 3242 2123 Joseph,
3295 2062 3351 2107 et
3385 2052 3611 2107 Mariam
3646 2050 3883 2121 accepit,
3908 2059 3961 2104 et

2396 2152 2447 2204 iu
2478 2150 2683 2219 reliqua
2735 2151 2979 2204 universa
3009 2149 3329 2202 educatione
3360 2146 3562 2203 Christi
3594 2150 3835 2214 gaudens
3864 2142 3961 2197 ob-

2395 2245 2641 2313 sequium
2689 2241 2961 2312 prastitit,
2992 2254 3162 2308 usque
3212 2238 3266 2292 in
3320 2236 3609 2308 Egyptnm
3659 2236 3961 2305 suscipiens

2395 2333 2814 2405 profectionem,
2841 2341 2893 2386 et
2945 2330 3067 2381 inde
3094 2342 3431 2397 regressum,
3472 2333 3527 2379 et
3580 2326 3635 2379 in
3684 2323 3955 2378 Nazareth

2398 2423 2925 2496 transmigrationem
2940 2422 3118 2493 260.
3129 2419 3364 2489 Denique
3380 2418 3469 2488 qui
3487 2416 3809 2489 ignorabant
3826 2413 3963 2470 Scri'

2397 2528 2614 2587 pturas,
2655 2526 2710 2571 et
2751 2516 3225 2585 repromissionem
3254 2512 3392 2577 Dei,
3435 2520 3491 2565 et
3543 2509 3957 2578 dispositionem

2397 2610 2622 2675 Christi,
2652 2618 2862 2679 patrem
2897 2621 3018 2662 eum
3048 2603 3314 2658 vocabant
3362 2600 3473 2673 (66)
3503 2600 3675 2671 pueri.
3730 2599 3960 2668 Propter

2399 2703 2502 2756 hoc
2539 2711 2722 2753 autem
2772 2707 2827 2752 et
2864 2697 2980 2765 ipse
3027 2693 3288 2749 Dominus
3324 2696 3375 2747 in
3408 2692 3785 2761 Capharnaum
3814 2688 3962 2743 lsaia

2394 2791 2711 2861 prophetias
2742 2787 2953 2858 legebat
2988 2804 3000 2839 :
3040 2805 3059 2838 ι
3114 2784 3349 2855 Spiritus
3379 2779 3593 2838 Domini
3643 2793 3805 2849 super
3853 2791 3959 2844 me,

2397 2889 2725 2951 quapropter
2750 2876 2906 2932 unxit
2933 2891 3040 2940 me,
3067 2874 3437 2945 evangelizare
3491 2870 3824 2941 pauperibus
3858 2867 3960 2923 mi~

2396 2973 2466 3027 sit
2500 2985 2604 3037 me,
2636 2983 2832 3024 curare
2858 2966 3255 3023 contribulatos
3285 2964 3450 3020 corde
3474 3001 3490 3027 ,
3515 2974 3834 3031 praeouare
3871 2972 3960 3014 cs-

2396 3062 2563 3131 ptivis
2589 3060 2987 3123 remissionem,
3011 3065 3065 3111 et
3094 3058 3255 3111 cacis
3280 3056 3541 3111 visionem
3560 3054 3662 3108 ".s
3693 3052 3961 3121 Semetip-

2396 3168 2517 3207 sum
2546 3166 2759 3223 quoque
2784 3149 3075 3206 ostendens
3105 3144 3516 3217 praanuntiatum
3541 3160 3637 3214 per
3660 3143 3816 3197 lsaize
3836 3157 3963 3212 pro-

2395 3242 2629 3311 phetiam
2664 3240 2795 3311 (67),
2832 3238 3047 3295 dicebat
3099 3238 3218 3292 eis:
3249 3254 3267 3287 ι
3304 3235 3473 3291 Hodie
3526 3236 3819 3303 adimpleta
3878 3242 3961 3288 est

2396 3333 2675 3403 Scriptura
2704 3333 2817 3387 haec
2851 3332 2903 3387 in
2949 3331 3172 3385 auribus
3196 3330 3390 3383 vestris
3418 3327 3483 3383 “.
3534 3345 3553 3377 ι

2466 3423 2522 3477 2.
2575 3421 2800 3491 PrOpter
2855 3421 2960 3475 hoc
3015 3429 3073 3473 et
3114 3418 3424 3487 Philippus,
3478 3430 3602 3469 cum
3664 3415 3956 3469 invenisset

2393 3512 2701 3569 eunuchum
2762 3510 2957 3579 regina:
3000 3507 3313 3576 Ethiopum
3379 3506 3642 3576 legentem
3708 3520 3772 3561 ea
3843 3520 3963 3575 qua

2394 3605 2597 3673 scripta
2640 3612 2767 3656 sunt
2804 3601 2872 3656 ⁸³ε
2917 3617 2937 3651 ι
2994 3597 3455 3665 Quemadmodum
3507 3595 3625 3651 ovis
3683 3597 3751 3650 ad
3806 3595 3965 3650 victi-

2396 3712 2538 3750 mam
2572 3695 2765 3749 ductus
2790 3703 2894 3756 est,
2948 3699 3005 3745 et
3041 3690 3490 3759 Quemadmodum
3521 3703 3691 3759 agnus
3723 3688 3777 3741 in
3831 3702 3962 3741 con-

2394 3796 2579 3856 spectu
2609 3783 2881 3837 tondentis
2908 3783 3025 3835 sine
3047 3795 3197 3841 voce,
3219 3780 3296 3834 sic
3323 3795 3426 3833 non
3459 3779 3672 3847 aperuit
3693 3792 3755 3832 os
3785 3791 3962 3831 suum.

2395 3875 2451 3928 in
2495 3873 2799 3927 humilitate
2840 3871 3101 3941 judicium
3170 3868 3288 3938 ejus
3324 3868 3563 3922 ablatum
3618 3878 3701 3922 est
3729 3868 3806 3932 “;
3838 3885 3858 3919 s
3909 3878 3966 3921 et

2396 3965 2601 4034 reliqua
2626 3973 2961 4032 quaecunque
2988 3959 3054 4013 de
3094 3958 3352 4028 passione
3380 3958 3517 4028 ejus,
3548 3966 3602 4011 et
3637 3958 3707 4012 de
3751 3956 3961 4012 carnali

2395 4055 2651 4117 adventu,
2691 4060 2747 4105 et
2778 4047 3235 4119 quemadmodum
3275 4044 3629 4098 inhonoratos
3656 4052 3742 4098 est
3768 4058 3801 4097 a
3856 4058 3961 4096 non

2396 4145 2744 4200 credentibus
2773 4143 2844 4208 ei,
2874 4139 3226 4212 pertransivit
3249 4137 3538 4207 propheta;
3591 4135 3749 4191 facile
3794 4135 3965 4191 suasit

2394 4238 2441 4292 ei
2474 4238 2700 4291 credere
2727 4250 2872 4296 cum,
2902 4246 3023 4288 esse
3049 4229 3325 4286 Christum
3342 4228 3551 4295 Jesum,
3578 4228 3667 4297 qui
3692 4228 3796 4282 sub
3819 4225 3963 4281 Pon-

2396 4329 2471 4381 tio
2492 4326 2666 4380 Pilato
2694 4323 2987 4379 cruciﬁxus
3012 4332 3114 4388 est,
3144 4332 3197 4377 et
3227 4335 3421 4391 passus
3446 4328 3550 4384 est,
3596 4327 3650 4372 et
3699 4331 3962 4387 quaecun-

2394 4434 2497 4488 que
2525 4417 2777 4488 pmdixit
2826 4415 3113 4485 propheta,
3152 4427 3386 4482 eumque
3431 4425 3553 4465 esse
3601 4407 3798 4462 Filium
3827 4406 3960 4473 Dei,

723 4514 843 4570 istis
870 4516 937 4570 ".
970 4516 1068 4582 Qui
1096 4531 1225 4586 ergo
1254 4527 1378 4571 sunt
1408 4518 1497 4585 qui
1533 4515 1938 4580 laboraverunt,
1969 4517 2058 4585 qui
2093 4517 2283 4585 dispo-
2319 4552 2361 4611 Β
2396 4510 2486 4579 qui
2523 4517 2786 4563 mmmam
2831 4506 2999 4560 Vitam
3051 4504 3367 4559 bomimbus
3398 4504 3510 4611 ἀει·
3547 4501 3614 4611 ξ’ῖι
3665 4502 3861 4611 statim.
3904 4512 3959 4611 ιι(

722 4609 1010 4664 sitionibus
1044 4608 1134 4661 Dei
1163 4608 1580 4662 deservierunt?
1631 4607 1975 4662 Manifestum
2022 4616 2126 4674 est,
2157 4608 2283 4678 quia

721 4701 1046 4771 patriarcha:
1081 4712 1135 4754 et
1166 4700 1461 4771 pmplietse,
1488 4700 1581 4769 qui
1611 4701 1773 4753 etiam
1802 4701 2286 4770 pmliguraverunt

723 4798 964 4843 nostram
1003 4787 1180 4853 tidem,
1211 4787 1775 4843 etdisseminaverunt
1798 4788 1852 4841 in
1909 4799 2049 4843 terra
2081 4789 2281 4843 adven-

723 4892 833 4936 tum
868 4880 990 4935 Filii
1021 4879 1138 4947 Dei,
1196 4879 1315 4948 quis
1367 4887 1421 4933 et
1458 4878 1632 4948 qualis
1660 4880 1764 4934 erit
1790 4894 1804 4933 :
1834 4880 1908 4935 uti
1958 4880 2050 4949 qui
2100 4889 2282 4949 poste-

2396 4600 2696 4669 baptizavit
2727 4612 2871 4664 eum,
2897 4596 3165 4651 abscessit
3194 4596 3259 4649 ab
3294 4610 3381 4649 eo.
3417 4592 3563 4648 Nihil
3618 4593 3762 4647 enim
3814 4592 3957 4647 aliud

2393 4693 2579 4747 deerat
2608 4692 2681 4755 ei,
2713 4690 2805 4760 qui
2848 4702 2879 4741 a
2916 4687 3191 4759 prophetis
3224 4686 3403 4741 fuerat
3439 4685 3958 4755 prtecatechizatus:

2392 4800 2498 4840 non
2533 4785 2702 4840 Deum
2728 4781 2969 4846 Patrem,
3025 4795 3129 4835 non
3178 4777 3610 4835 conversationis
3650 4776 3953 4845 disp0sitio'

2391 4892 2537 4944 nem,
2590 4875 2683 4931 sed
2728 4874 2904 4931 solum
2960 4871 3250 4928 adventum
3305 4871 3589 4941 ignorabat
3641 4867 3765 4922 Filii
3832 4868 3959 4934 Dei,

790 5092 835 5121 “
860 5090 1055 5156 Ephes.
1089 5105 1161 5151 tv,
1188 5092 1239 5146 9.
1316 5094 1361 5125 ⁸⁸
1395 5063 1582 5147 blatth.
1619 5108 1737 5155 xm,
1768 5094 1856 5147 17.
1932 5094 1977 5124 ⁸⁸
2004 5092 2159 5147 Βοηη.
2185 5110 2270 5157 ιιι,
2292 5093 2377 5148 30.
2456 5116 2457 5119 η

2292 5093 2377 5148 30.
2456 5094 2500 5125 "
2523 5093 2654 5158 Cap.
2684 5090 2794 5145 XL.
2869 5090 2915 5124 ⁸⁸
2946 5088 3102 5144 .loan.
3134 5104 3209 5155 Iv,
3241 5089 3309 5143 55
3328 5096 3381 5139 et
3404 5100 3556 5155 seqq.
3619 5086 3677 5158 _”
3707 5084 3948 5150 MatthJ,

723 5163 813 5223 ΞΟ,
842 5161 934 5215 21.

792 5308 905 5375 (59)
940 5309 1113 5363 Multi.
1167 5308 1335 5379 Igitur
1362 5309 1604 5365 additum
1648 5312 1700 5364 in
1749 5311 1989 5366 Clarom.
2036 5311 2283 5365 et'Voss.

796 5380 907 5447 (60)
955 5379 1175 5445 Propter
1225 5380 1483 5436 uirtutem.
1538 5380 1630 5435 Sic
1679 5382 1730 5433 in
1782 5381 2017 5435 Feuard.
2075 5397 2285 5447 marg.,

722 5450 957 5504 Clarom.
991 5460 1045 5502 et
1080 5448 1251 5512 Vuss.;
1287 5454 1488 5507 caeteri.
1520 5452 1815 5505 secundum
1841 5454 2102 5505 virtutem.

794 5518 904 5586 (6i)
944 5518 1283 5586 Justi/icavit.
1321 5518 1738 5587 Al..justiﬁcot.

794 5587 908 5659 (ϐξ)
950 5588 1251 5659 Gaudeant.
1287 5588 1377 5643 Sic
1434 5590 1667 5644 Feuard.
1720 5590 1775 5642 in
1817 5604 2019 5658 marg.,
2075 5591 2281 5645 Arund.

725 5668 778 5711 et
807 5657 987 5779 ilict-:2.
1024 5658 1077 5711 1.
1110 5657 1166 5711 ιιι
1198 5658 1463 5725 Clarom.,
1518 5659 1897 5730 adgaudeant;
1931 5657 1985 5715 iu
2036 5661 2281 5733 reliquis,

726 5743 824 5779 nou
868 5746 927 5779 ea
958 5763 974 5779 .

759 5738 974 5780 audeat.

726 5743 974 5799 gaudent.

796 5798 907 5866 (6'5)
949 5797 1224 5855 Timueris.
1263 5799 1373 5869 AL,
1408 5800 1607 5855 timeas.

1010 5162 1057 5192 ⁸ο
1088 5160 1351 5224 lbid.,2?.,
1385 5162 1475 5216 25.
1554 5163 1597 5193 ⁶¹
1633 5163 1761 5218 Luc.
1798 5179 1875 5229 tv,
1916 5164 2005 5217 18.
2082 5166 2124 5198 ⁶¹
2156 5162 2316 5227 lbid.,
2354 5164 2444 5217 21.

2521 5163 2566 5195 ⁸³
2597 5156 2717 5219 Act.
2750 5161 2949 5231 vin,27
2971 5171 3028 5215 et
3056 5175 3173 5229 seq.
3249 5159 3292 5191 “
3324 5158 3426 5213 lsu.
3458 5172 3573 5223 un,
3618 5156 3670 5211 7.

2461 5309 2575 5376 (64)
2616 5308 2684 5363 Et
2730 5310 2939 5364 vocabis
2981 5321 3167 5376 nomen
3203 5303 3317 5373 ejus
3356 5304 3558 5357 Iesum.
3609 5299 3877 5363 Clarum,
3908 5316 3933 5352 ρ

2389 5375 2658 5449 vocabitur
2678 5396 2864 5433 nomen
2888 5380 3003 5449 ejus
3030 5375 3075 5449 J_
3069 5390 3206 5430 esus.

2462 5449 2575 5517 (65)
2621 5439 3010 5503 Prwnuntiata.
3038 5443 3272 5502 Feuard.
3302 5444 3356 5499 in
3390 5457 3559 5513 marg.
3593 5450 3649 5496 et
3703 5439 3922 5494 Clarum

2384 5520 2751 5588 pronuntiata.

2454 5588 2566 5658 (66)
2612 5586 2901 5642 Vocabant.
2938 5586 3105 5640 Editt.
3139 5599 3286 5640 cum.
3319 5581 3579 5638 Arundel.
3603 5591 3655 5637 et
3702 5577 3865 5632 Merc.
3891 5576 3925 5629 Ξ

2383 5658 2655 5725 putabant.

2458 5728 2569 5794 (67)
2610 5725 2768 5779 Isaia:
2812 5725 3151 5792 prophetiam.
3218 5722 3309 5777 Sic
3358 5737 3457 5791 pro
3484 5720 3811 5789 prophetam,
3860 5728 3938 5769 ve.

2388 5798 2662 5865 prophetas
2696 5796 2904 5865 reposui
2936 5809 2998 5849 ex
3033 5794 3269 5848 Clarom.
