4222 6320
258 382 401 439 ιοιο

1433 384 1713 445 CONTRA
1745 383 2090 442 HERESES
2127 382 2256 440 LIB.
2295 380 2386 438 IV.

3362 378 3502 438 1050

257 519 422 575 quem
440 521 563 561 cum
592 507 1205 579 brevitercognovisset,
1228 508 1420 580 agebat
1450 511 1554 565 iter
1569 511 1833 580 gaudens,
1861 514 1906 569 Α
2011 508 2067 562 2.
2098 507 2339 562 Gentiles
2371 520 2505 562 vero
2537 516 2593 561 et
2620 506 2725 561 hoc
2756 504 2931 574 ipsum
2975 502 3184 559 discere
3221 502 3503 570 oportebat

259 608 440 664 praeco
468 594 681 652 futurus
706 598 761 654 in
805 598 1084 670 EthiOpia
1130 598 1330 655 Christi
1360 601 1640 656 adventus.
1681 600 1829 668 Qua-

259 693 485 755 propter
510 702 616 741 non
647 688 874 744 multum
906 689 1175 745 laboravit
1196 691 1338 745 circa
1362 708 1484 747 eum
1530 692 1828 761 Philippus,

260 774 638 849 quoniam(68)
665 788 781 835 erat
809 779 863 834 in
895 781 1089 837 timore
1141 781 1232 836 Dei
1264 791 1589 851 prmaptatus
1628 797 1657 835 a
1701 796 1828 852 pro-

257 864 461 935 phetis.
487 865 715 937 Propter
764 868 865 924 hoc
910 880 1091 924 autem
1137 878 1192 923 et
1218 872 1487 940 apostoli,
1518 887 1647 927 oves
1681 872 1831 925 colli-

259 966 451 1024 gentes
478 972 599 1027 quae
631 958 910 1029 perierant
940 961 1137 1013 domus
1174 960 1361 1027 lsrael,
1417 962 1482 1016 de
1534 961 1832 1029 Scripturis

262 1046 604 1116 alloquentes
667 1064 782 1116 eos,
852 1051 1213 1106 ostendebant
1268 1050 1450 1107 Jesum
1508 1053 1828 1109 cruciﬁxum

259 1132 408 1189 hunc
434 1135 555 1193 esse
604 1136 882 1194 Christum
936 1139 1132 1195 Filium
1184 1141 1279 1196 Dei
1308 1143 1437 1208 vivi,
1478 1155 1532 1198 et
1578 1160 1828 1215 magnam

259 1226 673 1285 multitudinem
706 1232 1028 1297 suadebant,
1085 1234 1175 1302 qui
1233 1244 1412 1290 tamen
1447 1236 1722 1291 habebant
1770 1237 1833 1291 ti-

258 1331 472 1373 morem
506 1320 573 1375 ad
606 1319 769 1375 Deum
808 1339 822 1375 :
861 1332 915 1375 et
949 1338 1051 1377 una
1087 1325 1175 1380 die
1208 1326 1463 1395 baptizati
1499 1338 1624 1382 sunt
1658 1328 1829 1383 homi-

258 1422 390 1463 num
429 1411 529 1464 tria
571 1411 755 1475 millia,
791 1422 845 1467 et
879 1422 1130 1483 quatuor,
1166 1426 1219 1471 et
1247 1418 1487 1487 quinque
1520 1416 1652 1489 (69).

774 1525 1002 1584 CAPUT
1046 1528 1214 1584 XXIV
1249 1530 1313 1583 ⁸⁸.

260 1630 615 1719 υἰρςὶιὶοηηι
638 1635 801 1719 fuisse
826 1640 1079 1719 gentium,
1097 1657 1257 1719 quam
1283 1642 1589 1719 Judteorum
1605 1659 1830 1719 _conver-

331 1711 577 1778 tionem;
629 1711 879 1776 majorem
914 1713 1136 1777 proinde
1193 1711 1551 1778 apostolorum
1597 1711 1830 1768 laborem

331 1774 422 1838 qui
452 1773 555 1839 illi,
587 1773 744 1844 quam
780 1780 872 1844 qui
902 1773 1024 1832 huic
1056 1773 1266 1845 operam
1300 1782 1583 1835 uavabant.

337 1862 390 1916 1.
426 1862 654 1934 Propter
712 1867 815 1923 hoc
878 1876 936 1923 et
1002 1844 1219 1934 Paulus,
1275 1872 1514 1941 gentium
1550 1874 1826 1942 apostolus
1860 1844 1903 1901 Β

257 1967 387 2008 cum
419 1966 559 2009 esset
589 1972 604 2009 :
674 1974 694 2008 ι
728 1956 859 2014 Plus
894 1959 999 2023 eis,
1042 1978 1061 2012 ι
1102 1960 1298 2028 inquit,
1341 1979 1359 2013 ι
1392 1962 1643 2017 omnibus
1679 1965 1828 2019 labo-

258 2043 379 2099 ravi
406 2046 473 2100 ⁵⁸.
505 2064 523 2099 ι
552 2045 661 2100 Illis
685 2049 829 2102 enim
856 2048 1027 2104 facilis
1054 2051 1411 2106 catechizatio
1436 2050 1829 2117 fuit,videlicct

260 2150 388 2189 cum
424 2150 486 2189 ex
524 2136 823 2207 Scripturis
872 2126 1138 2195 baberent
1176 2144 1551 2210 ostensiones;
1610 2154 1665 2199 et
1733 2145 1827 2213 qui

259 2227 377 2298 (70)
410 2226 645 2299 Moysem
673 2239 728 2285 et
754 2232 1049 2302 prOphetas
1081 2231 1395 2297 audiebant,
1423 2245 1478 2290 et
1505 2234 1664 2291 facile
1691 2236 1830 2291 ret-i-

259 2317 481 2388 piebant
534 2322 951 2394 primogenitum
1009 2334 1369 2389 mortuorum.
1420 2336 1475 2383 et
1527 2327 1829 2397 principem

257 2407 391 2465 vita:
417 2410 533 2476 Dei,
561 2427 685 2467 eum
709 2414 798 2482 qui
836 2428 932 2483 per
961 2416 1334 2472 extensionem
1355 2434 1612 2474 manuum
1638 2420 1831 2475 dissol-

256 2500 426 2556 vebat
456 2501 735 2571 Amalech,
771 2513 825 2560 et
858 2504 1171 2561 viviﬁcabat
1204 2510 1476 2565 hominem
1506 2512 1571 2566 de
1603 2526 1831 2584 serpen-

262 2593 339 2647 tis
368 2592 520 2663 plaga
550 2609 647 2663 per
678 2594 861 2663 ﬁdem,
889 2613 1009 2666 qua:
1036 2609 1153 2654 erat
1192 2600 1245 2654 in
1291 2616 1436 2667 eum,
1473 2613 1657 2673 gentes
1705 2605 1832 2674 qui-

261 2687 387 2741 dem
423 2688 599 2754 primo
634 2689 1010 2745 catechizabat
1040 2691 1349 2760 Apostolus,
1376 2696 1831 2763 quemadmodum

259 2774 319 2829 in
352 2788 419 2827 eo
444 2774 603 2841 libro,
646 2777 734 2845 qui
770 2788 897 2832 ante
930 2780 1074 2835 hunc
1116 2791 1222 2847 est,
1268 2784 1605 2839 ostendimus
1630 2784 1695 2849 ⁸⁷,
1724 2786 1835 2840 dis-

258 2866 461 2922 cedere
502 2866 571 2920 ab
600 2868 868 2923 idolorum
898 2874 1305 2941 superstitione,
1356 2884 1410 2930 et
1468 2891 1633 2930 unum
1664 2876 1833 2931 Deum

258 2956 466 3024 colere,
499 2956 764 3015 factorem
796 2960 919 3015 coeli
948 2972 1003 3017 et
1035 2972 1215 3031 terrae,
1259 2976 1313 3019 et
1344 2966 1612 3022 universa:
1643 2969 1835 3024 condi-

261 3049 433 3102 tionis
461 3048 880 3107 fabricatorem:
916 3069 1036 3109 esse
1068 3065 1249 3109 autem
1280 3056 1438 3124 hujus
1470 3055 1669 3112 Filium
1698 3056 1833 3113 Ver-

258 3139 391 3194 bum
422 3138 556 3208 ejus.
582 3157 680 3212 per
704 3158 866 3213 quem
905 3145 1192 3199 constituit
1219 3148 1437 3213 omnia;
1500 3156 1555 3202 et
1591 3148 1734 3202 hunc
1779 3150 1831 3203 in

259 3231 565 3287 novissimo
606 3242 846 3303 tempore
880 3235 1152 3290 hominem
1178 3236 1231 3290 in
1258 3236 1569 3294 hominibus
1608 3237 1716 3312 (7i)
1751 3240 1835 3294 fa-

258 3331 436 3389 ctum,
477 3325 804 3380 relormasse
836 3327 1055 3397 quidem
1084 3329 1379 3383 humanum
1406 3344 1600 3398 genus,
1627 3332 1835 3386 destru-

259 3416 416 3470 xisse
444 3426 627 3471 autem
668 3430 733 3473 et
775 3419 975 3473 vicisse
1009 3420 1290 3474 inimicum
1341 3419 1601 3490 hominis,
1655 3433 1711 3478 et
1736 3424 1835 3477 do-

260 3520 429 3562 nasse
460 3522 557 3562 suo
581 3506 831 3576 plasmati
859 3511 1121 3564 adversus
1146 3512 1501 3566 reluctantem
1528 3514 1833 3570 victoriam.

262 3598 457 3653 Adhuc
486 3607 665 3653 autem
695 3601 798 3655 etsi
850 3616 956 3654 non
992 3599 1268 3657 faciebant
1317 3603 1409 3671 qui
1447 3612 1606 3659 erant
1632 3619 1700 3659 ex
1730 3606 1837 3660 cir-

260 3688 595 3745 cumcisione
626 3705 908 3747 sermones
941 3691 1056 3757 Dei,
1087 3692 1232 3764 quod
1280 3704 1464 3749 essent
1488 3705 1837 3765 contempto-

263 3795 391 3846 res;
426 3782 521 3836 sed
552 3780 662 3855 (72)
688 3791 843 3838 erant
892 3785 1198 3853 przestructi
1260 3784 1369 3859 ('23)
1410 3802 1515 3842 non
1554 3789 1837 3853 mtechari,

266 3889 370 3929 nec
402 3873 657 3928 fornicari
690 3872 829 3946 (74),
876 3890 980 3929 non
1044 3876 1239 3941 iurari,
1294 3894 1394 3933 nec
1452 3879 1725 3945 fraudare,
1784 3890 1841 3934 et

262 3978 626 4033 quaecumque
643 3965 694 4019 in
714 3966 1095 4022 exterminium
1122 3970 1488 4038 proximorum
1513 3972 1670 4037 fiunt,
1698 3970 1839 4026 mala

262 4069 409 4118 esse,
440 4064 495 4108 et
523 4056 661 4109 odiri
694 4069 725 4109 a
752 4054 885 4110 Deo.
920 4054 1261 4127 Quapropter
1282 4070 1337 4114 et
1377 4060 1533 4117 facile
1568 4063 1838 4118 assentie-

262 4146 399 4202 bant
424 4147 491 4198 ab
517 4146 599 4199 his
629 4146 924 4209 abstinere,
952 4150 1212 4217 quoniam
1238 4150 1667 4209 bazcdidiccraut
1700 4154 1835 4226 (75).

1930 600 2187 670 quoniam
2222 598 2525 667 huiusmodi
2564 595 2908 667 operationes
2939 594 3115 654 malae.
3147 603 3202 647 et
3244 593 3503 647 extermi-

1932 690 2179 766 uatoriae,
2207 696 2263 745 et
2296 688 2515 744 inutiles
2542 696 2690 753 sunt,
2730 696 2784 741 et
2811 686 3088 740 damnosas
3118 684 3207 738 his
3235 683 3326 752 qui
3374 695 3505 751 ope-

1933 792 2131 836 rantur
2150 797 2264 838 eas.
2295 780 2640 849 Quapropter
2668 777 2789 848 plus
2818 777 3103 832 laborabat
3125 775 3215 845 qui
3237 774 3292 827 in
3316 783 3506 842 gentes

1933 873 2294 944 apostolatum
2328 881 2633 941 acceperat,
2664 884 2826 939 quam
2859 868 2952 937 qui
2985 867 3040 921 in
3089 864 3505 922 circumcisione

1932 963 2325 1033 praeconabaut
2356 962 2551 1018 Filium
2612 960 2727 1017 Dei.
2785 958 2913 1014 Illos
2965 959 3108 1013 enim
3173 955 3505 1025 adiuvabant

1933 1055 2249 1124 Scriptum,
2300 1068 2436 1123 quas
2473 1050 2820 1108 conﬁrmavit
2846 1049 3128 1111 Dominus,
3157 1056 3213 1102 et
3240 1045 3504 1117 adimple-

1934 1146 2029 1209 vit,
2053 1143 2181 1198 talis
2206 1143 2428 1198 veniens
2484 1142 2662 1214 qualis
2696 1152 2751 1197 et
2780 1142 3209 1211 prmdicabatur:
3258 1142 3349 1195 hic
3378 1154 3507 1195 vero

1932 1238 2213 1307 peregrina
2238 1235 2485 1305 quaedam
2520 1233 2783 1295 eruditio.
2820 1242 3027 1288 etnova
3062 1232 3309 1287 doctrina
3332 1272 3348 1295 ,
3378 1231 3508 1285 deos

1932 1329 2169 1392 gentium
2201 1342 2305 1380 non
2334 1326 2509 1381 solum
2534 1342 2641 1381 non
2669 1340 2787 1380 esse
2811 1326 2943 1380 deos
2964 1366 2977 1387 ,
3005 1324 3098 1379 sed
3124 1333 3177 1379 et
3219 1323 3363 1378 idola
3387 1337 3509 1379 esse

1932 1419 2319 1473 daemoniorum
2342 1432 2356 1479 ;
2377 1431 2499 1470 esse
2521 1425 2701 1468 autem
2734 1428 2899 1467 unum
2933 1413 3124 1474 Deum,
3150 1410 3238 1479 qui
3266 1420 3350 1466 est
3377 1428 3396 1462 ι
3419 1425 3510 1463 su-

1932 1523 2029 1578 per
2073 1524 2290 1564 omnem
2324 1508 2709 1577 principatum,
2739 1516 2794 1561 et
2824 1504 3277 1569 dominationem,
3331 1511 3385 1557 et
3417 1516 3511 1571 po.

1934 1610 2215 1665 testatem,
2260 1608 2315 1653 et
2347 1614 2509 1654 omne
2541 1613 2738 1654 nomen
2790 1598 2932 1667 quod
2980 1595 3302 1653 nominatur
3364 1594 3449 1647 *ιε
3486 1612 3505 1646 ι

1932 1700 1987 1747 et
2034 1692 2193 1763 hujus
2252 1691 2485 1745 Verbum
2544 1689 2867 1745 naturaliter
2920 1687 3137 1757 quidem
3183 1684 3511 1741 invisibilem

1934 1780 2067 1855 (76),
2088 1781 2410 1852 palpabilem
2443 1779 2838 1835 etiuvisibilem
2868 1779 2922 1834 in
2953 1777 3266 1833 hominibus
3282 1776 3510 1837 factum.

1929 1883 1985 1926 et
2011 1890 2031 1923 s
2064 1886 2231 1941 usque
2269 1872 2337 1926 ad
2369 1880 2596 1925 mortem
2630 1889 2649 1922 ι
2682 1869 3052 1934 descendisse,
3090 1886 3109 1920 ι
3148 1875 3378 1922 mortem
3416 1881 3515 1919 au-

1927 1974 2032 2017 tem
2056 1962 2235 2017 crucis
2257 1962 2301 1995 ⁶⁹
2326 1980 2339 2016 :
2369 1982 2388 2015 ι
2409 1972 2571 2018 eteos
2614 1962 2705 2031 qui
2752 1961 2804 2015 in
2836 1975 2961 2014 eum
2986 1960 3235 2026 credunt,
3267 1958 3517 2013 incorru-

1928 2050 2141 2119 ptibiles
2187 2059 2244 2105 et
2301 2048 2663 2119 impassibiles
2693 2048 2805 2121 (77)
2832 2048 3085 2111 futuros,
3144 2057 3197 2100 et
3234 2046 3516 2115 percipere

1929 2156 2155 2210 regnum
2188 2140 2475 2197 caelorum.
2504 2138 2570 2193 Et
2624 2141 2736 2194 haec
2767 2154 3019 2193 sermone
3069 2137 3511 2207 praedicabantur

1930 2231 2185 2301 gentibus
2214 2231 2333 2285 sine
2366 2230 2701 2299 Scr’ipturis;
2735 2238 3073 2298 quaprOpter
3102 2236 3158 2281 et
3198 2226 3322 2297 plus
3356 2226 3512 2281 labo~

1932 2322 2126 2377 rabant
2146 2323 2239 2392 qui
2260 2322 2314 2376 in
2342 2331 2531 2393 gentes
2561 2321 2953 2390 przedicabant.
2972 2318 3307 2375 Geuerosiur
3329 2326 3511 2373 autem

1937 2428 2125 2469 rursus
2184 2412 2319 2469 tides
2372 2414 2616 2485 gentium
2668 2412 2994 2478 ostenditur,
3054 2425 3366 2467 sermonem
3415 2410 3513 2466 Del

1935 2507 2368 2577 assequentium,
2388 2506 2507 2561 sine
2533 2505 2891 2561 instructions
2924 2503 3256 2559 Litterarum
3276 2505 3411 2575 (78).

2356 2617 2513 2690 εει
2552 2616 2779 2673 CAPUT
2827 2614 2971 2670 xxv
3003 2618 3073 2671 το.

1937 2707 2227 2781 Utrumque
2256 2718 2622 2764 testamentum
2661 2712 2731 2781 in_
2754 2710 3074 2781 Abrahamo,
3106 2720 3152 2763 et
3194 2710 3245 2761 in
3280 2706 3514 2764 Thama-

2004 2782 2076 2834 ris
2099 2778 2255 2848 partu
2285 2782 2661 2848 prmiguutum
2702 2778 2906 2847 fuisse:
2938 2795 3099 2833 unum
3147 2794 3262 2833 vero
3308 2782 3513 2835 utrius-

2003 2865 2101 2917 que
2138 2850 2429 2903 teslamcnli
2474 2848 2635 2901 Deum
2670 2864 2802 2905 esse.

2007 2963 2057 3016 l.
2099 2961 2191 3016 Sic
2220 2961 2366 3015 enim
2400 2967 2717 3029 oportuerat
2768 2957 2908 3014 illius
2954 2957 3218 3024 Abrahae,
3250 2973 3389 3029 quos
3438 2958 3517 3015 illi

1937 3056 2001 3109 de
2033 3052 2306 3121 lapidibus
2354 3051 2617 3107 excitavit
2666 3050 2839 3117 Deus,
2877 3059 2932 3106 et
2966 3049 3098 3105 fecit
3145 3052 3407 3106 assistere
3440 3052 3514 3117 ei,

1939 3146 2171 3216 principi
2203 3156 2257 3200 et
2283 3142 2696 3215 przenuntiatori
2725 3140 2873 3197 facto
2906 3151 3108 3198 nostrae
3135 3142 3296 3208 lidei;
3335 3142 3427 3211 qui
3460 3144 3527 3198 et‘

1940 3239 2151 3309 accepit
2180 3246 2570 3293 testamentum
2610 3236 3070 3301 circumcisiunis,
3110 3243 3232 3305 post
3276 3249 3398 3289 eam
3428 3234 3518 3306 ju-

1941 3330 2329 3387 stilicatiunem
2349 3344 2468 3398 qua:
2492 3327 2672 3382 fuerat
2708 3328 2760 3380 in
2784 3328 3053 3395 praeputio
3086 3326 3208 3381 tidei
3243 3342 3257 3378 :
3292 3336 3352 3379 ut
3381 3341 3520 3397 pras-

1943 3423 2316 3494 ligurarentur
2371 3421 2429 3475 in
2475 3434 2542 3474 eo
2580 3428 2811 3487 utraque
2846 3426 3199 3483 testamenta,
3241 3426 3303 3471 ut
3359 3417 3519 3473 ﬂeret

1943 3524 2096 3585 pater
2126 3513 2370 3568 omnium
2414 3512 2505 3581 qui
2553 3521 2857 3581 sequuntur
2878 3510 3111 3565 Verbum
3134 3510 3224 3564 Dei
3244 3551 3256 3572 ,
3281 3520 3333 3565 et
3359 3522 3517 3579 pere—

1945 3607 2305 3678 grinationem
2336 3606 2391 3659 in
2421 3602 2523 3658 hoc
2550 3603 2752 3657 saeculo
2775 3603 3075 3666 sustinent,
3105 3603 3156 3657 id
3200 3610 3284 3657 est
3328 3616 3517 3656 eorum

1943 3700 2035 3769 qui
2071 3714 2139 3753 ex
2173 3695 2619 3757 circumcisione,
2659 3702 2714 3747 et
2766 3707 2957 3747 eorum
2992 3693 3087 3761 qui
3136 3708 3202 3747 ex
3252 3691 3519 3762 praeputio

1948 3790 2131 3845 ﬁdeles
2159 3798 2285 3843 sunt
2316 3803 2330 3839 :
2370 3788 2511 3842 sicut
2540 3794 2595 3841 et
2633 3802 2649 3837 ι
2680 3784 2933 3838 Christus
2965 3782 3101 3854 lapis
3126 3798 3373 3838 summus
3414 3800 3515 3839 an-

1946 3879 2468 3953 gularis",iomnia
2494 3875 2795 3941 sustinens,
2816 3884 2868 3929 et
2897 3890 3057 3929 unam
3093 3874 3253 3928 [idem
3287 3874 3519 3932 Abraha

1944 3972 2209 4043 colligens
2237 3985 2349 4036 eos,
2384 3970 2476 4039 qui
2518 3983 2582 4023 ex
2621 3978 2855 4036 utroque
2877 3964 3233 4021 Testamento
3256 3968 3370 4035 apti
3394 3976 3519 4021 sunt

1947 4065 2001 4121 in
2038 4065 2450 4121 aediﬁcationem
2497 4063 2592 4117 Dei
2650 4063 2785 4130 ('79).
2842 4061 2948 4115 Sed
2990 4061 3103 4115 haec
3144 4060 3363 4128 quidem
3394 4074 3515 4130 qua:

1944 4166 2026 4213 est
2051 4157 2105 4211 iu
2134 4156 2393 4227 praeputio
2423 4155 2578 4219 lides,
2608 4164 2794 4224 utpote
2822 4152 2978 4207 linem
3004 4151 3339 4223 coniungens
3367 4152 3519 4221 priu-

342 4260 538 4345 thap.
578 4260 749 4345 XLLA
790 4261 835 4294 “
862 4262 883 4316 Ι
909 4265 1035 4321 Cor.
1072 4282 1163 4334 xv,
1197 4269 1284 4324 10.
1364 4270 1406 4301 ⁸⁷
1441 4270 1559 4327 Lib.
1588 4272 2001 4345 ut,c.li,n.10.
2054 4274 2097 4307 ⁸⁸
2124 4275 2328 4345 Ephes.
2355 4291 2395 4340 l,
2424 4272 2515 4328 ‘21.
2596 4272 2640 4307 “
2668 4270 2867 4341 Philip.
2902 4286 2966 4336 ll,
2998 4270 3052 4325 8.
3124 4270 3167 4301 '°
3203 4268 3333 4339 Cap.
3359 4266 3517 4324 XLU.

265 4333 314 4368 '“
348 4332 547 4402 Ephes.
584 4349 643 4398 ll,
679 4332 769 4386 20.

369 4427 457 4490 68)
499 4427 785 4492 Quoniam.
820 4425 931 4488 AL.
960 4427 1050 4495 qui
1084 4425 1166 4479 vel
1193 4427 1338 4496 quia.

370 4497 460 4565 69)
501 4496 569 4550 Et
617 4507 848 4564 quatuor
887 4507 936 4549 et
978 4496 1227 4565 quinque.
1266 4496 1512 4562 Quatuor
1559 4500 1837 4556 hominum

270 4564 449 4624 millia
500 4567 801 4635 baptizasse
858 4564 1138 4635 apostolos
1196 4580 1301 4619 una
1361 4568 1481 4631 die,
1536 4572 1723 4625 nullibi
1787 4574 1841 4625 in

269 4638 429 4693 Actis
459 4634 645 4691 eorum
685 4634 947 4707 legimus.
967 4634 1145 4707 Quare
1192 4636 1296 4690 nisi
1329 4636 1444 4692 hzec
1473 4653 1503 4692 a
1551 4642 1847 4696 traditione

272 4707 553 4772 acceperit
580 4705 833 4769 Irenaeus,
866 4705 1235 4760 existimarem
1266 4707 1586 4774 particulam
1620 4721 1693 4774 et,
1720 4723 1846 4765 ante

270 4778 525 4846 quinque,
552 4776 935 4846 accipiendam
970 4789 1219 4846 esse_pro
1247 4775 1346 4841 vel,
1396 4794 1494 4846 pro
1528 4796 1677 4833 more
1712 4784 1846 4835 scri-

273 4843 489 4915 ptorum
534 4843 723 4900 media:
749 4857 803 4899 et
849 4843 1049 4897 inﬁmae
1097 4843 1429 4900 Latinitatis.
1476 4846 1608 4902 Nam
1638 4850 1758 4905 Act.
1790 4866 1844 4915 ν,

270 4916 347 4976 4.
396 4929 581 4969 eorum
617 4915 709 4983 qui
768 4916 915 4968 Petri
966 4915 1150 4968 verbis
1191 4916 1544 4971 crediderunt
1590 4936 1846 4975 numerus

275 4986 442 5059 fuisse
486 4986 713 5059 dicitur,
740 4985 875 5059 dies).
918 4983 1157 5059 xtltdoeq
1194 4984 1377 5059 πέντε,
1426 4989 1579 5059 quasi
1620 4992 1847 5059 quinque

273 5054 469 5120 millia,
504 5054 539 5108 i.
563 5071 641 5125 _e.
668 5056 889 5109 circiter
911 5094 954 5125 ,_
976 5055 1097 5121 plus
1137 5054 1316 5109 minus
1347 5054 1586 5125 quinque
1632 5054 1797 5113 millia
1826 5078 1841 5115 :

276 5125 420 5245 tinge
449 5123 689 5182 scribere
722 5126 893 5195 patuit
937 5122 1195 5189 b'enzeus,
1223 5122 1453 5194 quatuor
1492 5122 1582 5181 aut
1618 5131 1845 5200 quinque

278 5208 346 5245 rm
394 5211 467 5245 la.

278 5208 467 5248 multa.

349 5263 464 5333 (70)
507 5262 571 5316 Et
594 5266 703 5330 qui.
741 5264 869 5327 Pro,
923 5272 1099 5325 utpote
1128 5264 1240 5331 qui.

350 5333 463 5411 (7i)
505 5333 913 5411 Ighominibus.
946 5333 1195 5411 Maleﬁhis
1222 5335 1443 5411 vocibus
1471 5340 1765 5411 prteligitur
1795 5351 1843 5395 et

276 5399 332 5457 iu
358 5399 510 5457 editt.
544 5403 725 5467 Eras.,
762 5405 963 5460 Gallus.
998 5412 1047 5457 et
1076 5402 1311 5462 Feuard.

351 5472 465 5541 (72)
503 5472 627 5527 Sed.
658 5473 765 5531 Pro
795 5486 1023 5529 attamen
1048 5488 1067 5538 ,°
1096 5474 1237 5543 quod
1284 5478 1569 5549 interpreti
1599 5495 1705 5536 non
1755 5480 1840 5535 in-

280 5540 561 5598 frequens.

306 5556 561 5610 requeus.

353 5612 467 5687 (75)
509 5613 840 5687 Prteslructi.
894 5614 1061 5667 Editt.
1095 5627 1215 5687 cum
1248 5614 1455 5672 Arund.
1489 5630 1545 5674 et
1578 5619 1744 5678 Herc.
1782 5624 1843 5687 2,

280 5683 659 5806 pra'instructi.
693 5684 1036 5749 Prii-struere,
1078 5685 1300 5739 vet-bnin
1352 5688 1634 5760 interpreti
1680 5683 1845 5746 lanii;

304 5766 439 5806 tare.

304 5766 439 5806 ιοῐε.

361 5821 473 5891 (74)
518 5824 629 5881 Nec
658 5825 932 5893 fornicari.
974 5824 1175 5883 Desunt
1210 5821 1261 5878 in
1293 5825 1443 5885 Erus.
1486 5842 1537 5887 et
1568 5829 1767 5886 Callas.

2020 4436 2135 4506 (75)
2175 4436 2496 4493 Didicerant.
2550 4437 2630 4493 ita
2675 4437 2912 4494 Clarum.
2965 4438 3158 4492 melius
3204 4450 3365 4507 quam
3401 4433 3519 4503 alii,

1949 4506 2269 4559 didicerunt.

1988 4506 2269 4561 idiceruut.

2020 4577 2133 4648 (76)
2170 4576 2522 4633 Invisibllem.
2552 4576 2645 4633 Sic
2678 4578 2945 4644 Clarum,
2990 4575 3140 4631 Voss.
3174 4586 3229 4631 et
3257 4575 3426 4648 Merc.
3464 4576 3517 4641 ί,

1950 4647 2148 4702 melius
2192 4661 2358 4714 quam
2397 4649 2520 4713 alii,
2572 4648 2865 4711 invisibile,
2915 4649 3041 4716 quia
3092 4661 3215 4701 mox
3275 4647 3523 4715 sequitur

1946 4716 2263 4786 palpabilem
2294 4727 2343 4770 et
2382 4718 2657 4783 visibilem,
2688 4718 2849 4783 idque
2876 4734 2972 4786 pro
3000 4717 3317 4784 interpretis
3347 4731 3520 4786 more.

1949 4785 2014 4839 ad
2038 4784 2220 4856 genus
2269 4788 2503 4842 nominis
2533 4786 2707 4843 Grieci
2738 4784 2907 4856 Λόγος
2954 4786 3304 4856 attendentis.
3340 4784 3524 4856 Conji-

1948 4857 2024 4925 cit
2054 4852 2200 4911 ‘vero
2238 4858 2455 4913 clariss.
2501 4856 2687 4911 Bullus
2732 4857 2784 4911 in
2828 4852 3165 4923 Defuit/id.
3199 4852 3351 4918 Nic.,
3391 4852 3518 4925 pag.

1946 4924 2195 4996 Ποδῆς
2222 4928 2521 4996 respexisse
2548 4927 2809 4981 Irenaeum
2836 4926 3098 4994 insignem
3129 4925 3303 4980 locum
3324 4924 3521 4995 .Iguatil

1946 4994 2002 5050 in
2050 4994 2411 5063 Epistolamd
2466 4994 2843 5066 Polycarpum,
2878 4996 3122 5066 ejusdem
3168 4994 3525 5066 lrenaeilma-

1949 5066 2179 5188 f’istrum
2215 5084 2227 5120 :
2268 5066 2322 5120 in
2356 5082 2463 5136 quo
2508 5063 2594 5121 vir
2631 5063 2959 5135 apostolicus
2994 5063 3269 5119 Christum
3321 5064 3518 5119 Filium

1998 5151 2045 5188 et
2085 5136 2252 5188 dicit.
2310 5136 2401 5188 τὸν
2445 5137 2694 5188 ἀόρατον.
2738 5134 2829 5188 τὸν
2867 5134 2934 5188 δι’
2967 5136 3113 5188 ἡμᾶς
3152 5134 3379 5188 ὁρατόν·
3433 5132 3518 5187 τὸν

3255 5145 3346 5187 τόν
3364 5150 3379 5163 ⁹
3433 5145 3522 5187 τον

1950 5136 2045 5189 Dei
2085 5136 2252 5199 dicit,
2310 5136 2401 5189 τὸν
2445 5137 2694 5217 ἀόρατρν,
2738 5136 2829 5188 τὸν
2867 5136 2934 5223 ξι*
2967 5136 3113 5205 ἡμᾶς
3152 5136 3379 5259 ὁεατόν·
3433 5136 3519 5187 τὸν

1950 5204 2320 5277 ἀψηλάφητον,
2350 5208 2443 5259 τὸν
2471 5206 2674 5277 ἀπαθη,
2699 5206 2789 5277 τὸν
2818 5206 2867 5259 δι
2916 5206 3065 5277 ἡμᾶς
3100 5221 3177 5277 πα
3215 5206 3360 5277 ητόν.
3394 5204 3439 5277 1.
3468 5220 3519 5258 e.

1949 5275 2268 5346 inuisibilem
2300 5285 2512 5346 prapter
2546 5275 2915 5330 nos'sisibilem
2936 5275 3388 5346 {impalpabilmu
3409 5276 3524 5346 im-

1948 5344 2273 5415 pauibilem,
2300 5343 2511 5416 propter
2540 5362 2633 5401 nos
2664 5346 2988 5416 pussibilem.
3030 5343 3137 5401 Sed
3171 5346 3342 5399 levior
3370 5344 3521 5399 vide-

1953 5414 2037 5468 tur
2064 5416 2185 5469 haec
2210 5414 2548 5483 conjectura.

2020 5483 2134 5555 (77)
2202 5484 2271 5539 Et
2340 5486 2712 5553 impauibilea.

1949 5552 2041 5608 Cia
2053 5552 2186 5610 rom.

2022 5622 2138 5694 (78)
2174 5622 2523 5679 Litterarum.
2555 5626 2847 5681 Sacrarum
2883 5624 3155 5680 videlicet.
3193 5622 3248 5677 lu
3280 5622 3435 5677 editt.
3467 5628 3525 5678 et

1952 5693 2124 5763 codd.
2144 5694 2409 5750 Arundel.
2439 5711 2503 5749 ac
2532 5696 2696 5750 Merc.
2730 5696 2785 5762 2,
2822 5693 3237 5763 Scripturarum.

2022 5761 2133 5835 (79)
2172 5765 2293 5831 Apti
2319 5776 2437 5819 sunt
2466 5766 2517 5818 in
2566 5761 2975 5834 wdiﬁca’tionem
3030 5764 3143 5820 Dei.
3174 5764 3308 5821 Cod.
3337 5762 3522 5828 νοω..

1953 5834 2188 5903 apparati
2218 5846 2335 5890 sunt
2369 5834 2425 5891 in
2452 5850 2607 5905 regno
2644 5835 2761 5892 Dei.

1998 5136 2252 5208 ei_dicit,
2310 5134 2401 5189 est
2445 5134 2694 5208 ἀάρατφν,
2734 5134 2837 5208 τὸν,
2867 5134 2936 5208 διῗ
2967 5136 3001 5204 ὴ

2810 5483 2934 5539 “ac
3003 5483 3392 5541 desiderantur
3466 5482 3523 5539 in
