4222 6320
737 350 870 408 1051

1472 355 1529 412 S.
1568 353 1828 414 ΙΒΕΝΑΞῙ
1872 357 2181 418 EPISCOPI
2217 361 2700 424 LUGDUNENSIS
2754 368 2842 424 ET
2871 367 3227 429 MABTYRIS

3839 377 3972 436 105!

727 475 893 546 cipio,
943 476 1116 546 prima
1157 487 1212 533 et
1248 480 1544 541 novissima
1603 481 1715 553 (80)
1766 482 1909 540 facta
1949 494 2053 540 est.
2086 485 2298 542 Etenim
2329 512 2375 568 Δ
2407 487 2643 544 fructum
2684 491 2944 563 percepit.
2972 492 3201 564 Propter
3224 495 3327 550 hoc
3350 505 3406 552 et
3439 497 3544 566 ipsi
3579 507 3742 554 orant
3769 496 3973 556 habere

731 578 866 624 ante
902 569 1376 626 circumcisionem
1409 582 1528 628 erat
1556 573 1610 627 in
1641 574 1944 642 Abraham,
1983 585 2039 630 et
2073 577 2127 632 in
2166 577 2296 633 reli-

728 660 858 732 quis
877 658 1062 730 justis,
1095 662 1189 732 qui
1230 662 1556 732 placuerunt
1587 665 1718 730 Deo,
1772 667 1916 722 sicut
1949 667 2300 724 demonstra-

730 751 909 807 vimus
924 752 971 785 "
1000 769 1015 806 :
1051 761 1107 808 et
1143 769 1336 810 rursus
1365 756 1418 810 in
1454 757 1772 812 novissimis
1806 757 2141 827 temporibus
2175 769 2296 814 orta

2410 581 2818 637 tabernaculum
2848 584 2902 638 in
2926 597 3011 646 ea,
3040 581 3277 640 Jercmia
3299 585 3514 644 dicente
3541 603 3555 639 :
3588 605 3607 641 ι
3649 587 3785 654 Quis
3816 589 3973 644 dabit

2410 669 2541 726 mihi
2572 671 2627 726 in
2656 671 2876 728 deserto
2911 671 3300 730 habitationem
3335 675 3688 733 novissimam
3707 678 3797 742 ’⁸;
3837 693 3856 730 ι
3891 677 3972 732 uti

2405 773 2461 820 et
2496 762 2587 832 qui
2618 765 2874 830 seminat,
2931 775 2986 820 et
3031 767 3125 837 qui
3169 769 3343 836 metit,
3384 768 3546 824 simul
3597 770 3867 840 gaudeant
3917 767 3972 824 in

724 840 891 897 estin
919 842 1159 900 humano
1191 859 1391 914 genere
1433 862 1532 918 per
1569 848 1780 903 Domini
1813 849 2132 904 adventum.
2174 850 2301 906 Cir-
2405 849 2605 907 Christi
2659 867 2850 924 regno,
2884 853 2979 924 qui
3011 856 3264 913 omnibus
3329 857 3506 920 adest,
3555 856 3622 912 de
3657 856 3857 927 quibus
3902 855 3971 912 ab

726 932 988 987 cumcisio
1023 949 1151 990 vero
1183 946 1240 992 et
1274 937 1359 993 lex
1395 940 1775 1009 Operationmn
1821 941 1996 995 media
2047 941 2300 997 obtinue-
2405 943 2562 998 initio
2602 944 2740 1000 bene
2772 947 2940 1002 sensit
2972 947 3131 1011 Deus,
3165 947 3471 1004 attribuens
3495 945 3687 1003 adesse
3715 947 3800 1004 eis
3835 945 3968 1002 Ver-

725 1036 853 1078 runt
893 1036 1159 1095 tempora.

793 1117 846 1172 2.
883 1117 994 1175 lIoc
1026 1131 1080 1175 et
1133 1138 1232 1191 per
1283 1123 1387 1177 alia
1429 1124 1648 1195 quidem
1692 1126 1882 1190 multa,
1915 1127 2026 1196 jam
2068 1143 2200 1183 vero
2239 1138 2296 1184 et

720 1224 820 1280 per
841 1210 1082 1265 Thamar
1102 1210 1258 1268 Judze
1285 1230 1477 1270 nurum
1513 1216 1691 1284 typice
1720 1220 2034 1273 ostenditur
2060 1219 2127 1278 ’⁸.
2157 1219 2294 1275 Cum

721 1301 865 1357 enim
896 1305 1238 1372 concepisset
1268 1306 1535 1375 geminos,
1576 1309 1717 1364 alter
1757 1324 1949 1366 eorum
1983 1313 2133 1381 prior
2167 1329 2294 1383 pro-

729 1392 856 1446 tulit
893 1408 1112 1447 manum
1152 1410 1303 1449 suam
1337 1412 1352 1450 :
1385 1408 1440 1453 et
1469 1413 1591 1453 cum
1623 1400 1892 1458 obstetrix
1917 1413 2134 1471 putaret
2169 1419 2292 1459 eum

721 1485 1148 1557 primogenitum
1197 1504 1339 1554 esse,
1378 1495 1659 1548 coccinum
1699 1494 1946 1566 alligavit
1995 1496 2205 1566 signum
2237 1496 2292 1551 in

721 1590 884 1630 manu
915 1578 1049 1648 ejus.
1087 1579 1219 1635 Cum
1254 1582 1357 1638 hoc
1407 1594 1587 1639 autem
1613 1587 1813 1640 factum
1869 1598 2036 1652 esset,
2070 1597 2122 1643 et
2145 1589 2284 1643 abs-

724 1670 982 1724 traxisset
1036 1689 1251 1728 mamnn
1313 1691 1490 1743 suam,
1545 1678 1697 1747 prior
1743 1679 1913 1733 exivit
1972 1679 2142 1734 frater
2177 1679 2294 1750 ejus

721 1757 968 1827 Phares;
1002 1764 1078 1818 sic
1124 1766 1315 1821 deinde
1349 1769 1619 1823 secundus
1658 1769 1767 1832 ille,
1801 1772 1854 1824 in
1879 1786 1990 1840 quo
2019 1779 2138 1826 erat
2169 1789 2290 1830 coc-

2409 1035 2532 1089 bum
2573 1050 2750 1090 suum.

2924 1129 3152 1186 CAPUT
3189 1129 3354 1186 XXVI
3381 1131 3444 1184 ⁷⁸.

2409 1215 2708 1292 ΤΙιειηιιτιιι
2730 1223 3072 1276 absconditus
3114 1223 3170 1276 in
3199 1221 3485 1292 Scriptnris
3510 1219 3774 1284 Christus,
3815 1223 3970 1292 IIIIJIS

2477 1291 2699 1344 adventu
2749 1310 2811 1346 ac
2855 1309 3007 1346 crure
3036 1290 3372 1357 patefactus;
3420 1290 3815 1358 Scripturarttm
3851 1290 3970 1346 vero

2475 1362 2850 1425 expositionem
2877 1363 3230 1429 doctrinisque
3253 1364 3521 1415 veritatem
3550 1378 3581 1414 tt
3612 1361 3740 1416 solis
3768 1364 3972 1428 episce-

2471 1430 2572 1498 pia,
2596 1432 2687 1498 qui
2719 1433 2771 1484 in
2806 1431 3044 1484 Ecclesia
3072 1432 3333 1484 catholica
3375 1433 3749 1486 successionem
3777 1431 3970 1486 habent

2474 1503 2539 1550 ab
2563 1502 2840 1565 apostolis,
2870 1502 3146 1570 petendam
3176 1516 3304 1554 esse.
3776 1531 3782 1536 -

2475 1588 2524 1641 I.
2562 1588 2618 1643 Si
2652 1591 2772 1658 quis
2795 1591 2959 1661 igitur
2991 1591 3233 1645 intentus
3272 1590 3410 1660 legat
3453 1589 3786 1661 Scripturas,
3820 1590 3975 1646 inve-

2403 1677 2518 1732 niet
2546 1679 2598 1732 in
2629 1680 2818 1734 iisdem
2853 1683 2920 1735 de
2959 1680 3178 1736 Christo
3215 1695 3542 1749 sermonem,
3587 1690 3642 1737 et
3684 1695 3839 1737 nosse
3882 1695 3977 1738 vo-

2402 1771 2633 1826 cationis
2686 1772 3200 1842 pratfiguratiouem.

721 1856 926 1924 Citium,
983 1856 1120 1911 Zara
1154 1877 1168 1912 :
1205 1857 1358 1914 clare
1394 1861 1776 1918 manifestante
1810 1861 2114 1933 Scriptura,
2165 1879 2287 1919 eum
2328 1863 2368 1920 Β

1471 1861 1776 1918 inifestante
1810 1861 2114 1933 Scriptura,
2165 1879 2287 1919 eum
2328 1863 2414 1920 Β.
2471 1898 2487 1913 .
2541 1899 2557 1914 .
2609 1899 2624 1913 .
2681 1901 2694 1914 .
2755 1900 2769 1914 .
2823 1902 2836 1914 .
2906 1901 2921 1916 .
2983 1905 2997 1918 .
3052 1900 3066 1916 .
3125 1903 3138 1916 .

719 1947 940 2017 quidem
971 1948 1228 2018 pupulum
1261 1951 1351 2020 qui
1384 1952 1548 2008 habet
1579 1954 1690 2024 (81)
1723 1955 2007 2010 coccinum
2037 1958 2252 2026 signum
2273 1999 2288 2025 ,

720 2038 775 2094 id
806 2049 887 2094 est
920 2055 1038 2094 eam
1082 2040 1239 2096 fidem
1273 2057 1393 2112 quas
1439 2054 1525 2100 est
1561 2045 1614 2098 in
1647 2047 1948 2116 pra-patio,
1997 2058 2292 2118 praeosten-

719 2145 838 2186 sam
879 2133 1100 2203 quidem
1150 2134 1385 2204 primum
1433 2137 1487 2191 in
1541 2139 1890 2208 patriarchis,
1940 2150 2065 2212 post
2095 2142 2293 2198 deinde

719 2224 1083 2290 subtractam,
1121 2227 1200 2282 uti
1243 2239 1559 2286 nasceretur
1605 2231 1773 2286 frater
1803 2233 1959 2303 ejus;
1987 2235 2180 2292 deinde
2212 2236 2292 2292 sic

717 2332 865 2384 eum,
897 2317 990 2388 qui
1035 2319 1187 2388 prior
1218 2329 1384 2384 esset,
1420 2324 1660 2377 secundo
1687 2324 1807 2379 loco
1838 2337 2046 2392 natum,
2073 2327 2168 2396 qui
2209 2339 2293 2384 est

716 2412 966 2480 cognitus
999 2427 1096 2481 per
1131 2412 1344 2483 signum
1380 2413 1686 2477 coccinum,
1720 2416 1864 2485 quod
1909 2427 2027 2471 erat
2072 2419 2123 2472 in
2181 2433 2289 2485 eo;

717 2504 861 2576 quod
889 2514 972 2558 est
1003 2504 1186 2574 passio
1207 2504 1360 2572 justi.
1388 2505 1457 2560 ab
1489 2505 1646 2560 initio
1678 2507 2023 2578 pra-ﬁgurata
2051 2509 2102 2563 in
2136 2509 2289 2576 Abel,

717 2603 772 2650 et
801 2595 1077 2665 descripta
1107 2611 1137 2649 a
1177 2597 1478 2667 prophetis,
1515 2599 1754 2668 perfecta
1801 2615 1932 2655 vero
1971 2599 2025 2654 in
2064 2601 2290 2656 novissi-

718 2688 827 2744 mis
861 2690 1201 2759 temporibus
1236 2690 1288 2743 in
1321 2688 1462 2744 Filio
1495 2689 1610 2744 Dei.

791 2779 846 2835 5.
880 2779 1180 2848 Oportebat
1212 2781 1357 2836 enim
1389 2779 1633 2850 qua-dam
1677 2783 1893 2851 quidem
1937 2786 2287 2852 przennntiati

717 2870 1082 2945 paternaliter
1107 2887 1135 2926 a
1162 2872 1429 2942 patribus,
1463 2873 1706 2941 qmedam
1737 2884 1916 2928 autem
1951 2874 2288 2946 praeﬁgurari

718 2962 971 3035 Iegalitcr
1002 2980 1030 3016 a
1073 2965 1378 3034 prophetis,
1411 2965 1661 3033 quaedam
1709 2980 1838 3020 vero
1872 2966 2168 3023 deformari
2201 2984 2289 3023 se-

718 3058 958 3111 cundum
991 3054 1378 3109 formationem
1408 3054 1518 3126 (82)
1549 3055 1776 3119 Christi,
1826 3057 1894 3111 ab
1927 3057 2011 3113 his
2036 3057 2125 3127 qui
2192 3059 2291 3112 ad-

717 3148 994 3216 Optiouem
1030 3156 1394 3217 perceperunt
1440 3162 1454 3200 :
1501 3146 1684 3200 omnia
1739 3162 1868 3202 vero
1921 3149 1970 3203 in
2021 3166 2127 3204 uno
2180 3151 2289 3206 Deo

717 3241 1101 3297 ostenduntur.
1134 3240 1271 3295 Cum
1324 3242 1466 3294 enim
1521 3255 1660 3292 unus
1694 3251 1840 3295 esset
1892 3241 2188 3297 Abraham.
2227 3243 2278 3296 in
2318 3218 2360 3276 δ

720 3332 1017 3401 semetipso
1043 3331 1432 3402 praeligurabat
1461 3332 1566 3386 duo
1605 3340 1954 3395 testamenta,
2003 3331 2056 3385 in
2090 3332 2292 3402 quibus

720 3427 812 3482 alii
839 3427 1056 3495 quidem
1090 3425 1522 3487 seminaverunt,
1545 3422 1634 3476 alii
1667 3437 1798 3477 vero
1825 3423 1986 3478 messi
2011 3426 2288 3498 sunt(83):

723 3535 747 3569 ε
779 3515 838 3572 in
878 3519 980 3572 hoc
1025 3515 1190 3577 enim,
1226 3535 1246 3567 s
1282 3516 1476 3584 inquit,
1516 3533 1534 3566 ι
1570 3530 1753 3570 sermo
1797 3524 1879 3569 est
1917 3529 2100 3579 verus,
2150 3531 2289 3586 quo-

724 3590 869 3663 niam
891 3607 1029 3661 alter
1054 3606 1269 3674 quidem
1291 3615 1375 3660 est
1406 3605 1496 3674 qui
1527 3605 1761 3658 seminat
1784 3623 1801 3654 ι
1831 3605 2082 3673 populus,
2112 3622 2130 3655 ι
2156 3605 2292 3660 alter

719 3701 816 3772 qui
857 3709 1022 3755 metet
1059 3699 1145 3751 ’δε
1183 3719 1202 3751 ι
1243 3714 1380 3752 unus
1426 3706 1605 3751 autem
1642 3696 1782 3751 Deus
1814 3708 2078 3765 praestans
2127 3698 2293 3753 utris-

721 3808 828 3864 que
859 3807 978 3863 qua:
1006 3801 1133 3847 sunt
1175 3802 1324 3861 apta,
1362 3805 1543 3844 semen
1597 3791 1818 3859 quidem
1853 3789 2162 3852 scminanti,
2197 3803 2294 3857 pa-

723 3901 848 3940 nem
896 3899 1026 3939 vero
1081 3883 1148 3937 ad
1201 3882 1467 3937 edendum
1526 3883 1769 3936 metenti.
1823 3881 2290 3948 Quemadmodum

723 3977 860 4033 alter
891 3977 1110 4048 quidem
1137 3985 1220 4030 est
1245 3975 1336 4046 qui
1371 3976 1602 4044 plantat,
1643 3985 1699 4029 et
1730 3975 1866 4030 alter
1905 3975 1995 4045 qui
2031 3975 2290 4045 adaquat,

725 4087 868 4126 unus
897 4080 1100 4137 autem,
1131 4070 1223 4140 qui
1263 4069 1355 4125 dat
1387 4070 1804 4132 incrementum,
1837 4067 2002 4122 Deus.
2030 4069 2290 4124 Dissenti-

726 4173 995 4218 navernnt
1018 4163 1160 4217 enim
1194 4176 1498 4216 sermonem
1535 4161 1602 4215 de
1628 4157 1847 4214 Christo
1879 4161 2205 4230 patriarchae
2236 4168 2291 4215 et

723 4256 1034 4328 prophetat;
1077 4255 1324 4310 demessa
1373 4261 1457 4309 est
1505 4263 1686 4308 autem
1733 4251 2006 4319 Ecclesia,
2050 4253 2153 4308 hoc
2199 4265 2285 4308 est

2397 1991 2411 2006 .
2464 1992 2478 2007 .
2525 1991 2539 2006 .
2571 1993 2584 2006 .
2609 1955 2840 2026 Χριστός
2871 1955 3143 2028 ὲστιν(84)

2391 2047 2420 2100 ὁ
2435 2043 2703 2116 θησαυρὸς
2715 2048 2743 2100 ὁ
2769 2047 3145 2119 κεκρυμμένος

2393 2137 2449 2189 ὲν
2490 2137 2770 2208 ἀγρῷ.....
2817 2139 3005 2208 (ἀγρὸς
3036 2137 3144 2210 γὰρ

2389 2229 2418 2280 ὁ
2446 2227 2666 2300 κόσμος)
2695 2230 3073 2302 κεκρυμμένος
3088 2229 3144 2282 δὲ

2579 2414 2660 2466 ὅτι
2690 2413 2776 2468 διὰ
2825 2414 3007 2468 τύπτειν
3051 2415 3146 2468 καὶ

2394 2505 2716 2578 παραϐολῶν
2797 2508 3141 2579 ἐσημαίνετο.

2392 2597 2481 2668 Μὴ
2521 2597 2834 2668 δυναμένων
2886 2600 3145 2671 νοηθῆναι

2393 2688 2534 2759 (85),
2565 2691 2672 2761 πρὸ
2688 2691 2780 2744 τοῦ
2804 2691 2900 2764 τὴν
2925 2692 3147 2748 ἔκϐασιν

2390 2781 2496 2834 τῶν
2524 2799 2872 2854 apertamque
2880 2785 3054 2855 μένων
3073 2783 3152 2838 ἑλ-

2393 2873 2524 2938 Θεϊν,
2552 2875 2673 2945 ἥτις
2701 2875 2848 2942 ἐστὶν
2872 2877 2905 2948 ἡ
2943 2893 3148 2947 παρου-

2392 2964 2484 3016 σία
2520 2963 2614 3016 τοῦ
2651 2965 2879 3037 Κυρίου.

3288 1863 3335 1898 ”
3354 1862 3452 1920 llic
3469 1872 3553 1920 est
3573 1862 3715 1918 enim
3750 1864 3973 1918 thesau-

3219 1971 3314 2012 rus
3329 1957 3628 2012 ahsconsus
3644 1955 3697 2010 in
3712 1953 3975 2026 agro",id

3216 2061 3296 2104 est
3329 2051 3380 2104 in
3421 2049 3522 2103 isto
3557 2049 3821 2114 mundo“
3846 2060 3977 2116 ager

3215 2141 3357 2194 enim
3397 2139 3629 2194 nntudus
3647 2135 3865 2204 est'h),
3886 2137 3977 2192 ab-

3215 2247 3442 2288 sconsns
3464 2245 3591 2285 vero
3605 2230 3655 2282 in
3675 2227 3976 2298 Scripturis

3219 2325 3511 2379 thesaurus
3539 2321 3810 2384 Christus,
3841 2335 3976 2389 quo-

3219 2415 3363 2470 niam
3407 2429 3502 2484 per
3537 2424 3693 2483 typos
3726 2421 3780 2466 et
3816 2424 3974 2479 para-

3221 2507 3374 2563 bolas
3407 2504 3836 2576 signiﬁcabatur.
3864 2499 3974 2557 Un-

3223 2599 3289 2653 de
3327 2613 3432 2653 non
3474 2605 3687 2666 poterat
3725 2593 3842 2666 (86)
3871 2595 3974 2649 hoc

3223 2690 3367 2762 quod
3425 2687 3722 2744 secundum
3788 2684 3965 2741 homi-

3222 2797 3344 2837 nem
3372 2791 3478 2844 est,
3514 2777 3762 2848 intelligi,
3795 2777 3973 2847 prius-

3222 2891 3383 2946 quam
3429 2871 3829 2929 consummatio
3877 2884 3972 2926 eo-

3225 2982 3366 3029 rum,
3421 2980 3542 3036 qua
3592 2968 3971 3020 consummata

2392 3065 2517 3110 sunt
2538 3055 2674 3126 (87),
2715 3058 2948 3120 veniret;
2991 3073 3112 3128 qua
3139 3057 3303 3130 262
3327 3069 3411 3111 est
3445 3057 3706 3112 adventus
3732 3053 3960 3112 Christi.

2394 3148 2461 3204 Et
2520 3158 2739 3220 propter
2804 3149 2909 3206 hoc
2958 3149 3783 3225 Danielipropltetaedicebatur:
3821 3150 3947 3207 «lu

2397 3244 2768 3301 niscrmoues.
2797 3246 2863 3297 et
2883 3242 3033 3314 signa
3061 3242 3257 3299 librum
3288 3261 3458 3316 usque
3487 3244 3556 3299 ad
3604 3253 3816 3314 tempus
3846 3258 3974 3300 cou-

2397 3333 2796 3397 summatiunis,
2830 3335 3180 3405 quoadusque
3241 3337 3452 3394 discant
3503 3334 3677 3403 multi,
3711 3344 3764 3391 et
3806 3335 3974 3391 adim-

2396 3423 2609 3496 pleatur
2643 3423 2865 3495 agnitio.
2918 3423 2971 3480 In
3001 3440 3067 3481 eo
3102 3427 3245 3481 enim
3271 3443 3394 3481 cum
3435 3426 3746 3498 perficietur
3764 3426 3975 3498 disper-

2399 3515 2503 3580 sio,
2551 3525 2879 3587 cognoscent
2925 3517 3108 3572 omnia
3157 3517 3271 3572 hzc
3299 3518 3368 3572 ⁸⁸.
3414 3536 3434 3569 ι
3473 3517 3580 3572 Sed
3618 3526 3672 3572 et
3712 3516 3976 3574 Jeremias

2399 3606 2478 3660 ait
2507 3623 2520 3660 :
2566 3622 2586 3658 t
2625 3605 2679 3660 In
2719 3607 3025 3662 novissimis
3055 3609 3250 3664 diebus
3273 3607 3578 3679 intelligent
3604 3621 3668 3661 ea
3695 3607 3761 3660 ⁸¹.
3801 3626 3821 3661 ι

2529 3791 2685 3844 Πᾶσα
2715 3789 2823 3862 γὰρ
2845 3791 3150 3862 προφητεία

2398 3883 2506 3956 πρὸ
2531 3883 2627 3955 τῆς
2656 3883 2949 3947 ἐκϐάσεως,
2973 3883 3150 3952 αἰνιγ-

2402 3977 2478 4049 μά
2501 3977 2723 4030 ἐστικαὶ
2743 3976 3016 4045 ἀντιλογία
3040 3979 3150 4042 τοῖς

2397 4069 2730 4140 ἀνθρὼποις’
2763 4070 2889 4123 ὅταν
2933 4069 2988 4122 δὲ
3020 4068 3148 4144 ἔλθῃ

2396 4165 2426 4216 ὁ
2467 4162 2676 4233 καιρὸς,
2717 4163 2809 4216 καὶ
2855 4161 3034 4234 ἀποϐῇ
3086 4161 3148 4215 τὸ

2395 4255 2806 4326 προφητευθὲν,
2869 4259 2989 4310 τότε
3047 4256 3146 4330 τῆς

3286 3698 3474 3755 Omnis
3493 3700 3636 3756 enim
3666 3699 3973 3770 prephetia,

3219 3792 3533 3863 priusquam
3586 3792 3782 3848 habeat
3847 3790 3975 3847 οσο-

3221 3885 3688 3956 ctum,a2nigmata
3722 3894 3776 3939 et
3805 3883 3976 3938 ambio

3221 3978 3450 4048 guilates
3483 3976 3592 4048 (88)
3635 3987 3764 4032 suut
3805 3976 3976 4032 homi-

3219 4071 3536 4128 nibus.Ctim
3560 4078 3741 4124 autem
3769 4069 3974 4124 venerit

3222 4174 3451 4232 tempus,
3490 4172 3543 4217 ct
3581 4163 3822 4218 evenerit
3861 4159 3972 4232 (89)

3218 4257 3357 4326 quod
3415 4255 3794 4325 prophetatum
3855 4264 3934 4310 est
3953 4269 3968 4318 ;

794 4451 840 4484 "
873 4449 1142 4518 Supucap.
1175 4445 1256 4500 16.
1332 4447 1377 4478 "
1402 4445 1534 4518 Gen.
1567 4464 1771 4518 xxxvii,
1812 4446 1882 4518 Ξῖ
1906 4454 2131 4518 etseqq.
2195 4446 2241 4477 "
2272 4443 2430 4518 Joan.
2463 4461 2538 4508 tv,
2562 4447 2653 4518 3'1.
2696 4449 2771 4518 _"'
2796 4445 2995 4502 Jerem.
3030 4441 3194 4518 In}.
3269 4443 3316 4475 "
3339 4442 3467 4513 Cap.
3506 4439 3688 4497 XLIII.
3766 4441 3812 4472 "
3840 4439 3968 4511 Cap.

728 4519 911 4578 XLnt.
954 4514 1033 4550 ·τ·
1060 4518 1249 4572 Matth.
1289 4531 1408 4579 χιιι,
1435 4514 1526 4572 tt.
1599 4517 1645 4552 νε
1675 4519 1831 4583 me,
1858 4517 1945 4570 58.
2022 4516 2067 4548 ιο
2097 4515 2231 4570 Dan.
2268 4532 2363 4583 ιιι,

1599 4517 1645 4552 ⁷³
1675 4519 1831 4583 lbid.,
1858 4517 1945 4570 58.
2022 4516 2067 4548 ⁸⁰
2097 4515 2231 4570 Dan.
2268 4532 2363 4583 xtl,
2397 4517 2452 4584 4,
2484 4518 2538 4573 7.
2614 4517 2657 4549 ⁶¹
2683 4515 2883 4573 Jeretn.
2922 4531 3082 4582 χχιιι,
3107 4514 3196 4568 20.

794 4708 906 4791 (80)
951 4707 1135 4791 Prima
1173 4721 1216 4790 et
1246 4707 1747 4775 nomaima.Eras.,
1776 4707 1915 4765 Gali.
1951 4718 2006 4763 et
2031 4707 2292 4776 Fenard.,

724 4797 789 4835 ex
810 4781 984 4846 prima
1019 4781 1319 4832 novissima.

799 4848 906 4917 (δι)
933 4847 1119 4917 (lubet.
1143 4849 1249 4912 AL,
1282 4848 1522 4903 habebat.

806 4859 877 4917 (at
933 4859 1119 4902 Uttbel.
1143 4859 1249 4912 AL,
1282 4859 1522 4903 habebal.

806 4859 914 4988 (κει)
959 4915 1378 4988 (formationem.
1411 4919 1592 4983 Edim,
1628 4919 2082 4988 deformationem.

798 4987 908 5056 (85)
953 4987 1113 5041 Μεδιὶ
1135 4998 1275 5042 sunt.
1301 4988 1406 5042 Pro
1427 4987 1780 5060 messuerunt;
1800 4990 1875 5042 uti
1900 4998 1948 5043 et
1969 4988 2128 5058 paqu
2151 4998 2290 5060 post,

725 5063 962 5118 demessa
989 5068 1087 5122 est,
1121 5073 1220 5128 pro
1246 5059 1551 5112 demessuit.

798 5131 908 5200 (8-5)
950 5127 1203 5200 Χριᾳέός
1221 5129 1409 5200 ἐστιν·ζ
1445 5127 1573 5194 ρυςι-
1599 5127 1781 5200 Graeca
1815 5129 1915 5200 hic
1939 5128 2289 5200 exhibemus,

727 5197 1017 5265 descripsit
1046 5199 1262 5251 Nicetas
1292 5200 1344 5252 in
1373 5198 1578 5251 Catena
1607 5197 1824 5252 Patrum
1854 5198 1917 5252 ad
1947 5197 2134 5253 Matth.
2167 5214 2286 5267 cap.

730 5287 847 5324 χιιι.
876 5270 1006 5334 44,ιι
1023 5268 1280 5323 Corderit.
1307 5269 1472 5322 edita.
1492 5268 1649 5322 Prius
1680 5284 1807 5323 vero
1830 5269 2036 5338 periodi
2055 5284 2288 5332 comma,

727 5339 887 5407 quale
914 5341 1137 5393 exhibet
1166 5338 1401 5401 Nicetas,
1428 5340 1498 5394 ah
1528 5339 1715 5392 Irt-nazi
1747 5354 1797 5393 et
1829 5340 2009 5392 verbis
2039 5348 2094 5392 et
2125 5354 2287 5391 sensu

729 5408 971 5479 nonnihil
1003 5409 1242 5472 abludit,
1285 5410 1363 5462 sic
1397 5410 1541 5464 enim
1586 5410 1746 5463 habet
1783 5426 1795 5460 :
1829 5410 2061 5479 Χριστός
2090 5409 2236 5461 ἐστιν
2265 5409 2292 5459 ὁ

727 5477 997 5549 Θησαυρὸς
1022 5481 1050 5531 ὁ
1077 5479 1455 5551 κεκρυμμένος
1485 5481 1542 5551 ὲν
1561 5478 1734 5551 ἀγρῷ,
1752 5477 1993 5533 τουτέστι
2023 5479 2290 5548 ταῖςΓρα-

727 5551 1038 5620 φώς-ταῖς
1065 5551 1124 5600 ὲν
1152 5549 1442 5620 «pactam?
1462 5549 1669 5620 οὔσαις.
1701 5562 1898 5602 auctor
1935 5551 2293 5620 alterittsrlla-

729 5601 1111 5674 ίιξιιεῖξῬιιιΓῖηιι
1136 5601 1393 5674 ἰιιΜυιιιι.
1415 5603 1448 5672 Et
1474 5601 1876 5673 Petro'l‘ossiuo
1907 5622 2081 5679 editae.
2115 5619 2289 5680 aliter,

729 5691 824 5760 sed
857 5689 922 5743 ad
946 5686 1131 5760 Irenmi
1170 5704 1385 5760 sensum
1422 5691 1641 5760 propius
1673 5690 1812 5742 idem
1850 5687 2241 5760 emt-.madrefetft
2275 5705 2287 5738 :

726 5759 1008 5829 Θησαυρὸν
1033 5759 1411 5828 κεκρυμμένον
1425 5758 1484 5813 ἓν
1509 5760 1662 5829 ἀγρῷ
1679 5776 1808 5829 φησι
1827 5760 1921 5822 τὰς
1941 5758 2087 5827 ἐντῷ
2107 5759 2292 5826 κόσμι;ι

730 5829 1076 5899 ὑπαρχούσας
1101 5829 1354 5899 Γραφάςτ
1386 5847 1502 5900 qum
1549 5842 1724 5886 tamen
1779 5830 2010 5898 antith
2060 5829 2291 5883 \et'simti

2401 4721 2510 4761 non
2543 4709 2768 4762 omnino
2798 4707 3143 4776 respondent.

2475 4777 2584 4849 (85)
2625 4777 2720 4846 Μὴ
2749 4773 3100 4849 ὃιψάμένῳι·
3145 4773 3450 4849 γσῃβῆναι.
3496 4774 3552 4828 In
3587 4774 3791 4829 Catena
3841 4773 3973 4829 Pos-

2404 4843 2507 4902 siui
2547 4843 2575 4900 τ’
2597 4843 2991 4931 καὶάδύναέον
3115 4845 3391 4966 νοηθῆναι.

2476 4917 2584 4970 (86)
2631 4918 2751 4970 tVon
2780 4929 3006 4970 poterat.
3084 4926 3258 4970 arttcu
3284 4933 3368 4968 atn

2476 4917 2584 4990 (86)
2631 4918 2751 4971 Non
2779 4911 3368 4990 poteratLPartieuiatn
3421 4915 3727 4990 negativam
3781 4911 3970 4990 addidi

2401 4985 2731 5042 aneto'ritate
2758 4999 2938 5041 textus
2985 4985 3159 5041 Graeci
3196 4985 3720 5055 ntrinsqne’Catenm
3744 4985 3924 5038 citata:
3955 4998 3971 5050 ;

2401 5072 2520 5111 eam
2554 5060 2700 5112 enim
2736 5058 3165 5112 sensnsouminu
3192 5056 3382 5124 exigit.

2469 5128 2583 5196 (87)
2627 5127 2758 5192 Qua:
2804 5137 3168 5181 consummata
3196 5123 3341 5181 sunt.
3370 5124 3530 5180 Juxta
3564 5123 3816 5180 Graecum
3853 5139 3966 5180 tne-

2399 5199 2519 5253 Iins.
2548 5215 2667 5266 qua:
2691 5199 2942 5262 prwdicta
2963 5207 3105 5266 sunt.

2469 5262 2583 5338 (88)
2627 5266 2953 5333 Eiectum...
2987 5265 3363 5338 ambiguitate.
3389 5262 3477 5319 Sic
3497 5263 3730 5319 Feuard.
3751 5281 3833 5338 rex
3863 5273 3969 5318 vel.

2401 5334 2523 5391 cod.
2551 5334 3015 5391 consentientibus
3041 5335 3302 5396 Clarom.,
3329 5334 3480 5387 Voss.
3512 5346 3562 5387 et
3585 5337 3764 5400 quoad
3795 5346 3971 5402 poste—

2405 5410 2604 5460 tiurent
2636 5422 2823 5462 vocem
2855 5408 3016 5459 etiam
3062 5405 3323 5460 Arnndel.
3357 5405 3410 5457 In
3451 5401 3604 5458 liras.
3651 5415 3705 5457 et
3738 5401 3967 5464 Gallus"

2400 5478 2755 5548 efﬁcaciam...
2783 5478 3121 5548 ambiguitas.
3159 5475 3215 5527 In
3244 5477 3375 5548 edit.
3405 5474 3580 5548 onn.
3621 5475 3965 5548 efﬁcaciam...

2403 5541 2791 5615 ambiguitates.
2817 5546 2870 5599 ltt
2891 5541 3079 5599 amco
3104 5555 3252 5599 textu
3274 5541 3968 5614 singulariter,"attuleris,

2404 5628 2462 5671 ul.
2486 5629 2536 5672 et
2558 5617 2805 5686 αἴνιγμα.

2475 5689 2584 5758 (89)
2632 5683 2906 5758 Venerit...
2945 5689 3185 5740 evenerit.
3221 5687 3274 5741 In
3310 5685 3464 5742 Eras.
3497 5685 3656 5758 edit.,
3684 5683 3962 5758 veniret...

2402 5753 2588 5812 evenit.
2612 5757 2895 5828 Consonat
2923 5759 3099 5824 quoad
3131 5758 3400 5828 posterius
3444 5755 3667 5811 verbum
3702 5753 3962 5810 Arundel.

2402 5831 2470 5883 At
2496 5831 2548 5884 in
2576 5827 2739 5885 Merc.
2767 5828 2823 5896 ἐξ,
2850 5829 3002 5883 venit.
