4222 6320
771 378 913 438 1055

1558 380 1616 438 S.
1654 381 1913 439 ΙΒΕΝᾸΞΙ
1951 381 2258 440 EPISCOPI
2296 377 2774 438 LUGDUNENSIS
2802 377 2892 435 ΕΤ
2928 376 3282 434 MARTYRIS

774 503 1055 555 adluerere
1088 516 1220 553 vero
1256 503 1341 557 his
1363 504 1453 573 qui
1485 513 1540 557 et
1585 506 1979 573 apostolorum,
2015 506 2175 577 263
2206 510 2347 561 sicut
2377 508 2420 565 Α
2456 502 2721 557 Dominus‘
2749 517 2913 570 super
2947 500 3203 554 familiam
3240 514 3420 567 suam,
3454 501 3520 554 ad
3549 500 3721 554 danda
3753 501 3835 554 eis
3862 501 4012 554 ciba-

771 592 1147 662 pmdiximns,
1164 592 1468 648 doctrinam
1487 596 1824 659 custodiunt,
1844 605 1899 650 et
1920 612 2043 652 cum
2057 597 2345 669 presbyte-

773 682 837 737 rii
867 684 1062 739 ordine
1076 698 1379 739 sermonem
1400 701 1615 754 sanum,
1649 697 1705 743 et
1724 688 2198 744 conversationem
2227 689 2346 745 sine

770 769 977 827 oﬂ'ensa
1008 783 1293 843 prmatant,
1337 776 1402 829 ad
1447 778 1917 834 conﬁrmationem
1947 788 2001 834 et
2040 780 2347 849 correptio-

773 878 894 919 nem
918 864 995 936 (‘2)
1019 866 1368 935 reliquorum.
1389 866 1857 934 Quemadmodum
1872 869 2205 942 Moyses,cui
2227 879 2347 925 tan-

774 958 1101 1016 tusducatns
1118 970 1200 1015 est
1217 961 1483 1025 creditus,
1497 961 1635 1016 bona
1655 964 1990 1018 conscientia
2009 962 2200 1026 fretus,
2220 981 2347 1034 pur-

773 1049 1009 1117 gabatae
1028 1053 1167 1121 apud
1206 1052 1369 1105 Deum
1392 1054 1493 1123 (ὅ),
1522 1053 1708 1109 dicens
1732 1073 1746 1108 :
1778 1073 1797 1106 ι
1820 1055 1935 1110 Non
1954 1057 2347 1126 concupiscens

771 1140 1001 1208 alicujus
1024 1141 1235 1196 illorum
1274 1145 1401 1213 quid
1428 1145 1637 1214 accepi,
1663 1161 1839 1215 neque
1874 1148 2013 1203 male
2052 1148 2154 1204 feci
2182 1150 2345 1206 alicui

771 1245 966 1286 eorum
998 1234 1065 1285 9‘.
1112 1252 1132 1287 ι
1169 1234 1636 1301 Quemadmodum
1689 1238 1908 1293 Samuel
1949 1247 2029 1294 tot
2069 1240 2344 1309 annisju-

774 1326 966 1381 dicans
994 1328 1273 1398 populum.
1300 1338 1357 1385 et
1390 1330 1509 1385 sine
1540 1332 1645 1386 ulla
1694 1332 1936 1389 elatione
1964 1334 2216 1389 ducatum
2254 1350 2347 1406 ge-

775 1432 903 1472 rens
935 1433 1102 1484 super
1162 1420 1351 1486 Israel,
1407 1422 1462 1476 in
1516 1422 1622 1477 line
1680 1425 1947 1493 purgabat
1994 1440 2075 1489 se,
2112 1426 2342 1481 dicens:

778 1526 799 1561 ι
834 1510 945 1578 Ego
978 1523 1334 1568 conversatus
1364 1530 1485 1570 sum
1522 1516 1575 1569 in
1625 1526 1921 1584 conspectu
1961 1531 2144 1574 vestro
2168 1533 2199 1573 a
2235 1520 2346 1589 pri-

777 1616 862 1656 ma
919 1614 1081 1659 mtate
1137 1618 1253 1658 mea
1292 1621 1464 1674 usque
1500 1622 1645 1662 nunc
1683 1622 1699 1660 :
1737 1608 2065 1676 reSpnndete
2101 1609 2234 1664 mihi
2290 1611 2343 1664 in

777 1705 1074 1762 COIISpCCItl
1115 1694 1235 1758 Pei,
1262 1704 1318 1750 et
1342 1695 1394 1749 in
1437 1706 1727 1766 conspectu
1762 1695 1967 1753 Christi
2010 1698 2149 1769 ejus,
2187 1697 2347 1767 cujus

773 1793 1015 1837 vestrum
1075 1784 1304 1839 vitulum
1362 1786 1574 1856 accepi,
1610 1796 1703 1841 aut
1758 1789 1994 1853 asinum,
2045 1799 2142 1845 aut
2183 1805 2348 1862 super

772 1890 933 1944 quem
967 1884 1280 1945 potentatus
1312 1893 1433 1934 sum
1468 1879 1567 1951 (ι).
1611 1890 1706 1936 aut
1752 1897 1915 1951 quem
1951 1884 2221 1953 oppressi,
2256 1894 2350 1940 aut

774 1967 819 2023 si
856 1968 922 2023 de
950 1967 1183 2036 alicujus
1216 1985 1378 2025 manu
1409 1973 1596 2043 accepi
1626 1974 2062 2044 propinationem
2110 1977 2194 2033 vel
2238 1977 2351 2032 cal-

772 2069 1132 2124 ceamentum,
1156 2060 1319 2117 dicite
1342 2063 1596 2119 adversus
1615 2079 1719 2130 me,
1739 2074 1793 2121 ct
1823 2066 2041 2121 reddam
2071 2067 2224 2123 vobis
2243 2068 2342 2121 ³³.»

772 2148 906 2204 Cum
944 2150 1170 2207 dixisset
1202 2163 1382 2208 autem
1417 2155 1648 2224 populus
1675 2156 1792 2229 (5):
1830 2175 1849 2210 ι
1882 2156 2067 2228 Neque
2101 2168 2351 2228 potenta-

778 2250 867 2295 tus
898 2256 978 2305 es,
1017 2257 1195 2312 neque
1238 2246 1563 2315 Oppresststi
1599 2263 1723 2315 nos,
1759 2263 1933 2319 neque
1983 2250 2243 2321 accepisti
2284 2253 2351 2307 de

776 2347 942 2387 manu
977 2332 1301 2405 cujusquam
1348 2338 1594 2406 aliquid;
1634 2357 1652 2390 ι
1690 2338 2013 2395 testiﬁcatus
2052 2350 2137 2395 est
2166 2341 2350 2395 Domi—

776 2439 932 2488 num,
979 2424 1213 2480 dicens:
1257 2443 1277 2478 ι
1324 2426 1501 2483 Testis
1550 2430 1831 2496 Dominus,
1890 2440 1946 2487 et
1996 2432 2150 2487 testis
2198 2432 2353 2487 Chri-

774 2525 893 2570 stus
926 2515 1001 2585 (6)
1029 2516 1147 2585 ejus
1180 2517 1234 2571 iu
1272 2520 1358 2573 die
1390 2519 1513 2584 hac,
1550 2524 1810 2592 quoniam
1855 2522 2144 2580 invenistis
2177 2524 2256 2597 (7)
2295 2526 2349 2580 in

775 2616 937 2656 manu
966 2618 1085 2657 mea
1122 2604 1274 2659 nihil.
1305 2605 1371 2661 Et
1402 2608 1657 2663 dixerunt
1688 2610 1738 2664 ei
1773 2627 1790 2667 :
1830 2612 2034 2668 Testis.
2081 2632 2099 2667 ι

845 2694 1002 2750 Οὕτω
1030 2695 1241 2761 Παῦλος
1265 2698 1363 2770 (8).
1392 2738 1406 2752 .
1431 2739 1445 2755 .
1472 2740 1486 2754 .
1516 2740 1529 2754 .
1606 2700 2067 2769 Quemadmodum
2114 2714 2169 2761 et
2215 2705 2354 2761 Pau-

778 2826 793 2841 .
829 2826 845 2842 .
880 2826 895 2841 .
940 2827 955 2841 .
997 2827 1012 2843 .
1058 2830 1074 2845 .
1118 2829 1132 2843 .
1172 2830 1185 2844 .
1216 2790 1535 2860 ἀπελογεῖτο
1605 2792 1686 2846 lus
1713 2794 2006 2863 apostolus,
2046 2811 2170 2852 cum
2206 2807 2354 2853 esset

773 2881 1206 2956 Κορινθίοις·ού
1234 2883 1344 2956 γάρ
1366 2885 1532 2955 ἐσμεν
1603 2886 1756 2943 bona:
1818 2890 2199 2955 conscientias,
2269 2892 2352 2947 di-

773 2973 929 3038 ὼςοὶ
964 2975 1168 3037 πολλοὶ,
1197 2975 1531 3048 καπηλεύον·
1604 2979 1764 3038 cehat
1829 2982 1895 3035 ad
1960 2981 2273 3038 Corinthios
2334 3002 2351 3040 :

777 3084 867 3131 τες
886 3068 977 3122 τὸν
996 3067 1153 3138 λόγον
1176 3069 1267 3122 τοῦ
1292 3068 1446 3122 Θεοῦ.
1474 3108 1487 3123 .
1514 3111 1530 3137 ,
1614 3090 1631 3122 ι
1659 3071 1775 3126 Νοιι
1805 3074 1945 3127 enim
1982 3090 2173 3129 sumus
2208 3076 2353 3132 sicut

779 3199 795 3216 .
826 3197 844 3213 .
880 3198 897 3215 .
927 3201 943 3217 .
978 3200 991 3214 .
1021 3202 1033 3214 .
1069 3161 1163 3215 καὶ
1199 3163 1315 3231 μετ’
1347 3160 1530 3230 ὀλίγα·

775 3252 981 3307 οὐδένα
1026 3253 1393 3325 ἠδικήσαμεν,
1444 3255 1535 3308 καὶ
1609 3256 1732 3311 bum
1766 3255 1880 3324 Dei,
1909 3259 2002 3313 sed
2032 3274 2099 3313 ex
2128 3260 2355 3314 sinceri-

776 3345 848 3401 τὰ
878 3344 1025 3419 ἑξῆς.
1611 3358 1739 3415 tate,
1757 3348 1906 3405 sicut
1924 3365 1991 3405 ex
2017 3350 2145 3417 Deo,
2169 3366 2353 3407 coram

778 3436 888 3492 Deo
942 3438 994 3492 in
1047 3437 1263 3493 Christo
1322 3438 1590 3506 loquimur
1636 3438 1682 3470 ’δ
1729 3454 1744 3493 :
1790 3441 1987 3494 nemini
2048 3440 2122 3513 (9)
2168 3443 2356 3496 nocui-

779 3544 922 3593 mus,
965 3531 1233 3584 neminem
1268 3531 1631 3598 corrupimus,
1672 3531 1941 3587 neminem
1992 3534 2355 3587 circumveni-

780 3634 902 3675 mus
918 3619 983 3673 ⁵⁵.
1016 3638 1036 3672 s

848 3735 901 3790 5.
938 3736 1223 3799 Τοιούτους
1254 3736 1366 3805 (10)
1402 3753 1535 3808 πρεο

779 3828 1076 3899 σϐυτέρους
1136 3829 1429 3898 ἀνατρέφει
1497 3829 1531 3900 ἡ

791 3921 1105 3990 Ἐκκλησία,
1155 3923 1282 3993 περὶ
1302 3914 1389 3993 (div
1441 3922 1533 3974 καὶ

777 4016 1064 4086 προφήτης
1138 4014 1183 4080 (1
1202 4015 1251 4084 ί)
1328 4013 1490 4085 φησίν
1516 4031 1528 4044 ’

779 4106 944 4165 Δώσω
978 4109 1104 4173 τοὺς
1141 4109 1405 4180 ἄρχοντάς
1438 4124 1531 4161 σου

778 4200 838 4253 ιν
870 4202 1088 4273 εἰρήνῃ,
1124 4201 1217 4254 καὶ
1244 4201 1369 4263 τοὺς
1407 4200 1530 4252 ὲπιο

780 4290 1014 4356 σκόπους
1071 4293 1131 4345 ὲν
1195 4291 1526 4362 δικαιοσύνῃ.

779 4382 855 4438 De
879 4384 1075 4453 quibus
1118 4394 1172 4437 et
1211 4382 1469 4437 Dominus
1526 4380 1781 4436 dicebat:
1819 4400 1838 4433 ι
1864 4381 1964 4448 Qui
2025 4381 2189 4451 igitur
2250 4381 2356 4435 erit

777 4475 954 4531 ﬁdelis
1010 4483 1185 4540 actor,
1235 4474 1433 4540 bonus,
1482 4481 1538 4529 et
1593 4474 1811 4541 sapiens
1877 4488 2038 4542 quem
2094 4473 2355 4543 praeponit

1674 3736 1727 3792 5.
1787 3734 1948 3792 Tales
2007 3738 2354 3809 presbyteros

1606 3830 1781 3885 nutrit
1825 3830 2098 3894 Ecclesia,
2134 3831 2198 3885 de
2233 3831 2353 3900 qui-

1607 3924 1705 3977 bus
1727 3930 1780 3977 et
1808 3922 2069 3993 propheta
2100 3924 2175 3977 ait
2205 3941 2218 3977 :
2247 3942 2264 3974 ι
2289 3925 2353 3978 Et

1607 4014 1746 4070 dabo
1796 4016 2073 4085 principes
2127 4024 2246 4069 tuos
2298 4020 2349 4068 in

1605 4120 1758 4174 pace,
1803 4118 1857 4161 et
1904 4109 2188 4177 episcopos
2232 4117 2354 4162 tuos

1606 4197 1660 4251 in
1683 4196 1893 4266 iustitia
1911 4198 1975 4252 θ’.
2009 4217 2027 4251 s

851 4661 895 4693 "
926 4658 1082 4713 Num.
1117 4674 1238 4720 χιιι,
1271 4658 1356 4712 15.
1432 4658 1477 4690 ³³
1509 4657 1679 4720 chg.
1712 4672 1801 4715 xu.
1824 4656 1860 4709 2
1882 4664 2102 4723 ctseqq.

785 4745 939 4794 sstv,
983 4729 1074 4793 L5,
1117 4730 1207 4783 46.
1285 4730 1329 4762 ⁸⁸
1367 4727 1498 4798 Cap.
1544 4726 1702 4781 XLV.
1794 4727 1839 4758 θ’
1883 4723 1901 4777 l
1948 4722 2077 4777 Cor.
2122 4737 2210 4789 xu,
2244 4722 2334 4775 E28.

784 4882 867 4927 ter
903 4871 1117 4927 notabis
1147 4868 1429 4924 historiam
1464 4868 1731 4923 Susanna:
1783 4867 1851 4921 ab
1901 4866 2111 4921 Irenaeo
2159 4874 2346 4918 nostro
2378 4865 2425 4924 D

782 4942 975 4998 ascribi
1012 4939 1235 4995 Danicli.

856 5011 933 5083 (2)
975 5008 1517 5083 Conﬁrmationentet
1554 5006 1951 5083 correptiouem.
1984 5004 2075 5083 Sic
2110 5003 2345 5083 Fenard.

784 5082 839 5136 in
865 5075 1097 5150 marg,
1121 5080 1381 5141 Clarom.,
1420 5079 1599 5142 Voss,
1620 5077 1932 5150 etgArund"
1962 5075 2157 5150 quibus
2184 5076 2347 5150 etiam

783 5153 966 5221 quoad
995 5144 1223 5218 primam
1247 5164 1433 5205 vocem
1452 5148 1795 5221 consentiunt
1815 5145 1985 5202 Merc.
2005 5144 2057 5201 2.
2084 5145 2138 5199 In
2165 5144 2348 5211 editt.,

784 5219 1287 5290 informationemhet
1317 5219 1708 5290 correctionem.

856 5288 934 5361 (5)
970 5288 1153 5361 Eleum.
1189 5288 1379 5349 Editt.,
1413 5287 1711 5361 Dominum.

857 5356 935 5428 (ι)
960 5358 1266 5412 Poteutatus
1294 5374 1430 5413 sunt.
1448 5356 1633 5413 Graece
1653 5356 2137 5422 κατεδυνάστευσα,
2164 5364 2349 5427 tyran-

786 5430 959 5486 nidem
988 5428 1215 5482 exercui.

787 5570 834 5627 Μ
856 5500 933 5571 (5)
970 5497 1223 5625 gopulus.
1252 5498 1329 5553 Ad
1353 5514 1469 5553 eum
1496 5499 1701 5553 addunt
1727 5499 1883 5553 editt.
1913 5514 2034 5553 cum
2060 5498 2268 5553 Arund.
2297 5506 2351 5553 et

841 5585 953 5626 ere.
1023 5608 1036 5623 .

841 5585 953 5626 ere.
979 5585 1036 5625 '3.

859 5638 935 5711 (ϐ)
993 5638 1158 5695 Testis
1190 5635 2011 5711 Dominus..._testis__Chris_tus._
2053 5637 2349 5711 Utrgbique

789 5706 978 5766 omitto
996 5718 1071 5763 est
1088 5725 1207 5766 cum
1244 5706 1669 5772 )larom.,Voss.,
1697 5706 1858 5762 Mere.
1878 5708 1912 5761 2
1929 5718 1983 5762 et
2002 5708 2131 5776 ipsis
2148 5706 2347 5763 Bibliis.

862 5777 939 5850 (7)
972 5778 1269 5850 lureuistrs.
1311 5776 1656 5850 Negaticnem
1696 5778 1819 5850 huic
1872 5779 2032 5850 verbo
2059 5780 2346 5850 praelium

796 5844 1032 5919 expunxi
1064 5844 1523 5906 auctoritate’vet.
1565 5844 1797 5903 Feuatd.
1830 5846 1948 5902 cod.
1981 5859 2034 5904 ct
2059 5847 2210 5905 Voss.

1605 3164 1846 3233 plurimi,
1860 3166 2227 3223 adulterantes
2243 3182 2357 3222 ver-
2382 3182 2424 3240 ο

2448 594 2525 648 ria
2590 594 2643 647 in
2711 593 2986 661 tempore?
3031 589 3228 645 Beatus
3286 588 3372 645 ille
3417 605 3645 655 servus,
3709 604 3872 659 quem
3923 602 4016 645 ve-

2447 685 2602 738 niens
2651 682 2762 754 (12)
2816 682 3073 737 Dominus
3120 680 3391 735 invenerit
3448 681 3528 735 sic
3584 678 3958 735 facientem".
3988 697 4007 731 s

2446 776 2492 808 “
2514 774 2612 829 Ubi
2662 773 2824 843 igitur
2869 772 3001 827 tales
3042 772 3284 826 inveniat
3320 771 3538 841 aliquis,
3582 770 3777 827 Paulus
3814 773 4015 826 docens

2447 864 2563 920 ait:
2597 885 2615 916 ι
2645 865 2829 919 Posuit
2861 864 3004 917 Deus
3036 864 3088 917 in
3123 862 3359 919 Ecclesia
3397 862 3572 933 primo
3604 860 3897 932 apostolos.
3926 872 4014 915 se-

2446 956 2625 1011 cundo
2681 958 3005 1025 prophetas,
3063 956 3223 1009 tertio
3283 954 3643 1010 doctores°’.s
3696 953 3795 1010 Ubi
3853 953 4015 1023 igitur

2448 1048 2773 1102 charismata
2810 1046 3019 1102 Domini
3053 1044 3222 1115 posita
3257 1054 3402 1111 sunt,
3440 1046 3512 1100 ibi
3554 1046 3764 1099 discere
3800 1051 4014 1113 oportet

2450 1140 2756 1205 veritatem,
2797 1141 2939 1208 apud
2983 1154 3121 1209 quos
3159 1149 3241 1192 est
3282 1152 3343 1192 ea
3378 1153 3498 1207 ane
3542 1145 3623 1191 est
3653 1137 3721 1190 ab
3753 1135 4016 1204 apostolis

2451 1230 2707 1286 Ecclesiae
2745 1228 3039 1292 successio,
3078 1237 3133 1282 et
3174 1229 3226 1282 id
3263 1231 3404 1297 quod
3454 1236 3537 1282 est
3566 1242 3755 1280 sanum
3797 1235 3851 1281 et
3880 1226 4016 1279 irre-

2448 1323 2729 1394 probabile
2752 1322 3205 1386 conversationis,
3231 1332 3285 1375 et
3309 1320 3729 1374 inadulteratum
3756 1326 3809 1373 et
3835 1318 4017 1370 ineor-

2451 1415 2703 1484 ruptibile
2747 1414 3014 1470 sermonis
3063 1422 3297 1467 constat.
3338 1411 3399 1467 Hi
3441 1412 3585 1465 enim
3629 1420 3685 1465 et
3731 1425 3849 1463 eam
3896 1422 4020 1476 qua

2448 1515 2533 1560 est
2567 1506 2619 1561 in
2656 1523 2819 1561 unum
2845 1507 3036 1571 Deum,
3065 1506 3153 1574 qui
3190 1503 3374 1559 omnia
3406 1504 3557 1565 fecit,
3589 1503 3743 1557 iidem
3774 1512 4017 1555 nostram

2449 1598 2761 1657 custodiunt
2806 1617 2819 1653 :
2864 1608 2912 1650 et
2954 1614 3075 1653 eam
3123 1613 3242 1668 qua:
3284 1606 3363 1651 est
3407 1597 3461 1649 in
3504 1594 3699 1649 Filium
3744 1590 3855 1666 (l3)
3901 1590 4017 1655 Dei,

2450 1694 2791 1750 dilectionem
2853 1691 3158 1760 adaugent,
3224 1688 3315 1758 qni
3391 1694 3569 1740 tantas
3635 1684 4021 1751 diapositiones

2451 1795 2673 1856 pr0pter
2704 1797 2800 1839 nos
2829 1782 2974 1848 fecit,
3003 1789 3057 1835 et
3092 1780 3408 1850 Scripturas
3436 1778 3556 1832 sine
3597 1775 3836 1846 periculo
3861 1775 4020 1829 nobis

2453 1882 2763 1944 exponunt,
2830 1887 3008 1942 neque
3070 1872 3236 1924 Deum
3306 1870 3775 1939 ldaspbemantes,
3846 1878 4022 1935 neque

2452 1965 2790 2036 patriarchas
2835 1964 3261 2025 exbonorantes,
3313 1973 3488 2028 neque
3541 1960 3835 2029 prophetas
3882 1973 4020 2014 con-

2455 2066 2776 2112 tetnnentes.

2999 2162 3224 2220 CAPUT
3266 2162 3470 2217 XXVII.

2464 2276 2707 2331 Veterum
2749 2278 2953 2347 lapsus,
3000 2278 3054 2329 in
3102 2294 3230 2345 quos
3279 2275 3645 2347 animadvertit
3694 2274 3857 2347 Deus,
3907 2275 4022 2337 ipso

2521 2344 2822 2417 providente
2843 2348 3032 2401 litteris
3059 2344 3333 2417 mandatos
3357 2361 3486 2404 esse.
3513 2354 3569 2417 ut
3593 2345 3661 2397 iis
3682 2344 4019 2417 erudiuntur,

2525 2413 2617 2471 nec
2676 2419 3055 2474 superbiamus.
3116 2414 3235 2470 Non
3282 2417 3446 2483 igitur
3494 2416 3612 2467 hinc
3666 2413 4019 2480 colligendum

2526 2489 2687 2541 alium
2724 2486 2891 2541 Deum
2921 2504 3030 2541 esse
3057 2486 3119 2538 ab
3148 2503 3208 2539 eo
3233 2482 3391 2556 quem,
3412 2482 3650 2556 Christus
3680 2483 4021 2556 pradicas“;

2526 2560 2810 2612 timendum
2838 2559 3011 2625 potius
3044 2572 3104 2607 ne
3132 2553 3267 2608 unus
3299 2567 3343 2625 et
3378 2555 3512 2606 idem
3547 2553 3704 2612 Deus,
3729 2553 3820 2616 qui
3843 2567 4021 2619 pctus

2524 2630 2588 2681 ab
2621 2624 2852 2690 antiquis
2885 2627 3143 2693 sumpsit,
3169 2624 3429 2694 graviores
3457 2640 3487 2675 α
3520 2624 3666 2675 nobis
3692 2632 3916 2685 repetat.

2524 2739 2576 2793 1.
2610 2736 3079 2804 Quemadmodum
3114 2735 3292 2789 audivi
3333 2749 3362 2789 a
3393 2733 3627 2803 quodam
3671 2732 4018 2802 presbytero,

2454 2830 2545 2900 qui
2583 2831 2838 2885 audierat
2870 2829 2939 2885 ab
2975 2828 3063 2883 bis
3101 2826 3192 2896 qui
3238 2824 3508 2895 apostolos
3550 2824 3817 2883 viderant,
3859 2829 3917 2876 et
3950 2822 4019 2875 ab

2454 2922 2539 2978 his
2569 2923 2662 2991 qui
2698 2922 3025 2985 didicerant,
3074 2918 3319 2973 suillcere
3360 2918 3656 2981 veteribus,
3686 2915 3755 2967 de
3786 2913 3872 2966 his
3902 2927 4022 2981 qua

2454 3017 2570 3072 sine
2593 3013 2823 3069 consilio
2846 3012 3085 3082 Spiritus
3111 3016 3361 3080 egerunt,
3384 3022 3503 3062 eam
3527 3020 3648 3075 quae
3675 3020 3744 3059 ex
3772 3004 3993 3075 Scripta
4009 3036 4022 3047 -

2457 3108 2534 3162 ris
2560 3115 2704 3162 esset
2730 3104 3153 3172 correptiouem.
3183 3102 3318 3155 Cum
3350 3098 3495 3152 enim
3524 3113 3627 3151 non
3658 3097 3728 3152 sit
3760 3111 4024 3167 persona-

2458 3215 2577 3254 rum
2615 3210 2872 3265 acceptor
2905 3196 3066 3257 Deus,
3097 3208 3216 3262 quae
3259 3199 3382 3244 sunt
3417 3204 3520 3243 non
3562 3192 3863 3244 secundum
3906 3190 4022 3258 ejus

2457 3290 2718 3361 placitum
2761 3286 2928 3349 facta,
2964 3287 3049 3340 his
3083 3282 3355 3340 inferebat
3391 3296 3684 3353 congruam
3716 3281 4021 3351 correptio-

2456 3397 2601 3436 nem.
2634 3377 3093 3447 Quemadmodum
3135 3376 3237 3429 sub
3279 3372 3466 3435 David,
3503 3374 3719 3441 quando
3765 3383 4021 3438 persecu-

2459 3475 2659 3529 tionem
2688 3471 2906 3541 quidem
2938 3468 3248 3537 patiebatnr
3277 3480 3306 3519 a
3334 3464 3461 3520 Saul
3486 3472 3706 3533 propter
3725 3461 4021 3533 justitiam,

2454 3574 2507 3619 et
2539 3580 2716 3634 regem
2762 3562 2891 3617 Saul
2931 3560 3193 3629 fugiebat,
3224 3569 3276 3612 et
3312 3556 3590 3611 inimicum
3638 3570 3745 3609 non
3790 3554 4023 3609 ulcisce-

2457 3659 2632 3722 batur,
2677 3665 2731 3708 et
2762 3654 2963 3709 Christi
3010 3652 3302 3706 adventurm
3351 3646 3632 3717 psallebal,
3664 3655 3718 3701 et
3757 3644 4021 3713 sapientia

2457 3749 2755 3803 instruebat
2802 3755 3012 3817 gentes,
3064 3751 3119 3798 et
3163 3741 3340 3796 omnia
3388 3739 3681 3794 secundum
3732 3737 4021 3791 consilium

2456 3840 2690 3894 faciebat
2743 3836 3010 3907 Spiritus,
3067 3833 3313 3902 placebat
3370 3830 3498 3884 Deo.
3560 3828 3790 3897 Quando
3840 3838 4018 3883 autem

2456 3941 2673 4000 prepter
2704 3927 3201 3995 concupiscentiam
3228 3925 3341 3993 ipse
3365 3922 3465 3977 sibi
3491 3922 3695 3989 accepit
3722 3920 4021 3973 Bethsabee

2458 4023 2597 4079 Uria:
2620 4036 2839 4075 uxorem
2864 4019 3005 4093 (14),
3034 4018 3170 4073 dixit
3196 4015 3475 4083 Scriptura
3504 4014 3568 4065 de
3589 4028 3654 4067 co
3685 4029 3699 4042 ·
3735 4029 3752 4061 ι
3781 4011 4020 4081 Nequam

2456 4125 2635 4169 autem
2668 4114 2815 4167 visus
2851 4121 2935 4166 est
2964 4124 3149 4165 sermo
3181 4122 3339 4178 quem
3379 4104 3506 4160 fecit
3550 4103 3714 4158 David
3762 4104 3817 4157 in
3851 4101 4021 4157 oculis

2458 4205 2735 4268 Domini‘;
2762 4223 2781 4255 a
2822 4211 2877 4257 et
2917 4201 3152 4256 mittitur
3197 4199 3264 4253 ad
3306 4213 3428 4252 eum
3474 4194 3685 4249 Nathan
3730 4194 4019 4263 propheta,

2455 4292 2744 4348 ostendens
2790 4291 2838 4344 ei
2884 4297 3164 4358 peccatum
3197 4287 3333 4355 ejus,
3378 4296 3435 4339 ttt
3483 4286 3597 4354 ipse
3638 4283 3773 4337 dans
3804 4292 4020 4337 senten-

2459 4386 2586 4438 tiam
2620 4384 2683 4437 de
2724 4382 3039 4450 semetipso,
3071 4389 3125 4435 et
3153 4379 3505 4449 semetipsum
3548 4374 3884 4443 adjudicans,
3916 4374 4018 4427 mi-

2462 4471 2812 4529 sericordiam
2894 4478 3319 4537 consequeretur
3393 4477 3448 4519 et
3522 4464 3907 4519 remissionem
3990 4478 4018 4516 a

2177 4652 2222 4684 ”
2252 4651 2289 4705 ΙΙ
2319 4653 2441 4705 Cor.
2474 4667 2532 4707 ιι.
2566 4651 2647 4706 l7.
2706 4652 2751 4683 9"
2779 4650 2959 4705 llCor.
2988 4664 3083 4715 vn,
3108 4649 3164 4704 Ξ.
3241 4651 3288 4683 ’⁵
3323 4652 3423 4708 lsa.
3457 4668 3544 4715 ιχ,
3599 4652 3684 4705 17.
3762 4653 3807 4684 ’⁷
3833 4651 4017 4708 Matth.

2450 4723 2465 4752 ⁸
2501 4721 2540 4775 ll
2578 4720 2708 4790 Reg.
2737 4737 2812 4789 st,
2837 4721 2927 4775 27.

2526 4863 2603 4936 (8)
2638 4865 2799 4919 Οὕτω
2824 4865 3082 4931 Παῦλος.
3115 4864 3301 4919 Grtcca
3335 4866 3444 4919 inec
3479 4864 3719 4936 vulgavit
3748 4866 4019 4936 Combe“-

2454 4934 2566 4988 sius
2630 4945 2768 4991 part.
2843 4946 2860 4987 Ι
2926 4936 3161 4989 Auctarii
3234 4935 3502 4990 novissimi
3579 4935 3828 4989 Btbliotlt.
3905 4934 4015 4991 PP.

2455 5020 2583 5077 pagg.
2617 5003 2723 5077 299
2762 5005 3032 5077 de-cripta
3066 5019 3130 5061 ex
3165 5003 3484 5077 cod.2§53,
3508 5005 3662 5077 alias
3696 5006 3803 5077 755
3847 5006 4019 5077 Regia:

2455 5074 2731 5144 biblioth.,
2765 5089 2929 5144 quem
2962 5075 3078 5143 ipse
3108 5075 3331 5129 contuli.
3360 5075 3464 5129 Sed
3494 5076 3729 5144 Apostoli
3763 5074 4016 5132 verba'es

2457 5143 2898 5215 integroreferre
2928 5146 3100 5215 piguit
3130 5154 3403 5215 auctorem
3440 5143 3675 5201 Catena.

2526 5160 2569 5198 te
2609 5160 2666 5197 ro
2696 5160 2898 5199 rererre
2928 5160 3100 5215 ptgutt
3130 5160 3403 5199 auctorem
3440 5160 3675 5201 Catena;

2526 5160 2601 5354 (9‘;
2641 5213 2871 5268 Nemini.
2908 5215 3060 5268 Erus.
3094 5224 3146 5267 et
3176 5214 3406 5275 Gallas..
3432 5216 3709 5268 neminem.

2554 5286 2638 5347 l0)
2694 5285 3018 5351 Τοιούτους.
3086 5283 3176 5338 Sic
3236 5302 3332 5354 pro
3395 5283 3615 5349 τούτους
3675 5300 3709 5337 τι

2492 5283 2638 5365 ,(10)
2694 5285 3018 5351 Τοιούτους.
3086 5283 3176 5338 Sic
3236 5302 3332 5354 pro
3395 5283 3615 5349 τούτους
3675 5285 3891 5354 reposui
3952 5300 4015 5341 ex

2456 5364 2551 5407 ctt.
2584 5371 2684 5409 ms.

2527 5426 2640 5493 (ll)
2686 5422 3016 5495 Προφήτης.
3066 5421 3156 5478 Sic
3201 5426 3295 5477 cit.
3340 5425 3460 5495 cod.
3510 5423 3643 5495 Reg.
3689 5424 3905 5481 bibliot.
3950 5428 4014 5481 At

2458 5497 2599 5565 male
2626 5498 2764 5565 apud
2794 5493 3089 5565 Combetis;
3116 5494 3332 5565 legitur,
3360 5494 3585 5565 Πέτρος.

2527 5563 2640 5636 (12)
2662 5561 2922 5623 ναίοιτε.
2957 5562 3013 5618 lu
3048 5561 3280 5620 Feuard.
3318 5561 3487 5633 marg.
3523 5573 3578 5619 et
3604 5561 3869 5627 Clarom.,
3900 5578 4009 5619 cata

2458 5637 2671 5691 venerit.

2554 5707 2638 5773 l3)
2667 5706 2884 5762 Filium.
2914 5705 3147 5761 Clarom.
3181 5713 3234 5759 et
3267 5704 3399 5759 Voss
3429 5746 3444 5765 .
3474 5702 3637 5757 Filio.

2525 5707 2636 5847 ξω
2674 5774 2919 5834 Uxorem.
2953 5776 3077 5834 Dest
3120 5776 3170 5830 in
3217 5775 3391 5838 Eras.,
3425 5774 3637 5843 Gallasa

2455 5848 2503 5905 Μ
2527 5774 2919 5903 (IMQUazorem.
2953 5776 3077 5834 Dest
3120 5776 3170 5830 in
3217 5775 3391 5838 Eras.,
3425 5774 3646 5843 Gallas”
3668 5774 3924 5833 Aruudel.
3952 5784 4001 5829 et

2509 5865 2615 5905 ere.
2689 5889 2701 5903 .

2509 5865 2615 5905 CI‘C.
2647 5865 2701 5903 ἰι
