4222 6320
204 406 342 464 1082

1356 395 1636 453 CONTRA
1671 394 2012 452 HERESES
2044 395 2171 451 LIB.
2211 394 2300 451 IV.

3307 399 3448 461 £058

194 529 411 585 Christo
439 527 550 601 (15)
585 546 599 583 :
637 546 656 580 t
680 529 746 582 Et
774 526 911 580 dixit
940 523 989 579 ei
1021 538 1038 579 :
1069 524 1185 577 Duo
1218 521 1318 578 viri
1349 508 1570 577 fueru'nt
1599 520 1655 576 in
1682 519 1756 576 ci-
1790 526 1839 584 Α
1865 530 1919 575 et
1951 520 2207 575 Dominus
2224 520 2302 574 ait
2328 520 2379 574 in
2405 517 2610 586 judicio
2639 528 3075 575 resurrectnram
3100 536 3223 577 cum
3256 535 3446 578 eorum

197 624 367 679 vitate
415 638 545 688 ttna,
598 634 739 674 unus
786 618 962 682 dives,
1007 622 1063 669 et
1106 628 1246 669 unus
1292 627 1498 683 pauper
1546 624 1564 667 :
1612 610 1765 666 diviti

195 723 355 768 erant
383 725 575 784 greges
602 709 783 769 ovium
813 717 870 763 et
906 703 1066 760 boum
1136 704 1292 759 multi
1325 703 1506 767 valde,
1548 710 1604 760 et
1632 718 1769 773 pau-

198 804 321 874 peri
350 803 484 858 nihil
512 801 655 855 aliud
691 798 793 855 nisi
824 797 1038 854 ovicula
1076 810 1202 859 una,
1232 808 1397 867 quam
1427 795 1682 863 habebat,
1714 803 1769 851 et

199 893 501 959 nutriebat,
531 902 584 947 et
620 891 802 947 fuerat
830 888 941 962 (ιϐ)
982 904 1103 945 cum
1131 904 1217 956 eo,
1256 897 1311 945 et
1344 902 1465 943 cum
1500 886 1622 942 tiliis
1651 885 1768 953 ejus

198 985 408 1056 pariter
438 1000 453 1039 :
484 983 552 1038 de
579 995 718 1053 pane
745 995 844 1037 suo
874 980 1253 1044 manducabat,
1286 989 1340 1034 et
1367 979 1433 1032 de
1456 979 1625 1033 calice
1652 975 1764 1050 (i7)

203 1072 445 1140 bibebat,
474 1083 530 1128 et
564 1082 683 1127 erat
718 1072 765 1127 ei
800 1070 955 1141 quasi
988 1069 1119 1124 ﬁlia.
1152 1069 1216 1125 Et
1256 1069 1404 1124 venit
1444 1071 1640 1138 hospes
1670 1069 1768 1123 bo-

199 1165 332 1221 mini
365 1166 543 1229 diviti,
578 1175 633 1219 et
672 1164 920 1234 pepercit
947 1162 1195 1230 accipere
1236 1163 1305 1215 de
1332 1176 1494 1232 grege
1522 1159 1762 1216 ovicula-

198 1271 322 1310 rum
353 1270 575 1310 suarum
599 1296 614 1320 ,
647 1260 703 1309 et
730 1254 798 1309 de
836 1250 1090 1324 gregibus
1123 1251 1281 1305 boum
1314 1265 1534 1304 suorum
1556 1290 1571 1315 ,
1600 1258 1659 1305 et
1685 1249 1768 1304 fa—

194 1362 323 1405 cere
345 1348 541 1418 hospiti
574 1345 685 1419 (l8)
712 1364 728 1402 :
755 1355 811 1403 et
830 1342 1331 1414 accepitoviculam
1360 1342 1459 1397 viri
1488 1342 1763 1412 pauperis,

192 1448 252 1494 et
298 1438 550 1508 apposuit
593 1438 712 1489 viro
760 1436 853 1505 qui
904 1443 1128 1489 venerat
1172 1434 1237 1487 ad
1284 1446 1431 1490 eum.
1465 1431 1642 1487 Iratus
1683 1440 1767 1487 est

195 1538 379 1584 autem
413 1527 577 1581 David
615 1524 778 1599 264
811 1541 973 1595 super
998 1523 1274 1579 hominem
1305 1524 1452 1578 illum
1493 1522 1670 1586 valde,
1712 1530 1767 1578 et

194 1620 338 1676 dixit
375 1618 440 1672 ad
483 1617 745 1671 Nathan:
790 1616 934 1669 Vivit
991 1614 1264 1679 Dominus,
1314 1613 1574 1683 quoniam
1622 1612 1767 1667 [ilius

195 1712 387 1767 mortis
427 1721 509 1766 est
555 1709 719 1764 homo
763 1708 853 1762 ille
896 1709 987 1774 qui
1033 1706 1161 1760 fecit
1204 1707 1306 1760 hoc
1346 1720 1361 1759 :
1400 1712 1453 1758 et
1495 1703 1765 1758 oviculam

194 1804 388 1858 reddet
420 1800 782 1870 quadruplum
824 1814 922 1868 pro
951 1813 1016 1852 eo
1051 1797 1193 1867 quod
1237 1795 1364 1851 fecit
1407 1794 1605 1848 factum
1642 1796 1763 1860 hoc,

1875 609 2095 663 natione
2132 608 2225 678 qui
2257 610 2484 665 audiunt
2513 624 2795 666 sermones
2821 612 2962 681 ejus.
2992 624 3048 666 et
3078 627 3185 668 non
3219 613 3449 670 credunt

1875 700 1928 754 itt
1961 716 2106 765 eum,
2138 707 2194 754 et
2234 702 2664 770 adjudieaturam
2703 715 2802 757 eos
2849 719 2862 756 :
2907 705 3165 771 quoniam
3197 703 3289 759 illa
3320 702 3446 775 qui-

1873 790 1995 844 dem
2026 790 2267 862 subjecta
2302 801 2386 848 est
2422 792 2754 847 annuntians
2783 794 3065 863 sapientia:
3103 810 3197 866 per
3228 810 3448 853 servum

1873 877 2003 943 Dei;
2050 879 2104 935 hi
2151 895 2281 936 vero
2322 896 2442 935 eam
2485 896 2607 950 quae
2639 896 2669 935 a
2712 882 2849 939 Filio
2883 884 2975 939 Dei
3019 885 3268 953 dabatur,
3311 900 3448 943 con-

1874 980 2212 1042 tempserunt
2238 972 2584 1043 sapientiam.
2614 972 2872 1027 Salomon
2900 975 3046 1030 enim
3083 991 3277 1033 servus
3295 985 3445 1048 erat;

1872 1060 2125 1117 Christus
2175 1076 2306 1117 vero
2347 1062 2517 1118 Filius
2562 1062 2677 1127 Dei,
2715 1074 2770 1118 et
2816 1064 3077 1122 Dominus
3118 1066 3445 1126 Salomonis.

1871 1150 2008 1209 Cum
2036 1155 2202 1222 igitur
2229 1154 2349 1208 sine
2374 1154 2574 1210 oliensa
2604 1156 2838 1211 serviret
2865 1156 2995 1222 Deo,
3028 1168 3081 1213 et
3110 1159 3447 1219 ministraret

1873 1245 2322 1316 dispositionibus
2353 1245 2491 1313 ejus,
2524 1255 2653 1302 tunc
2692 1246 3100 1317 glorillcabatur
3130 1268 3144 1307 :
3184 1268 3308 1306 cum
3347 1268 3446 1308 au-

1874 1345 1983 1391 tem
2027 1352 2229 1392 uxores
2286 1337 2594 1407 accipiebat
2645 1339 2715 1395 ab
2761 1341 3033 1395 universis
3074 1343 3349 1412 gentibus,
3392 1354 3448 1401 et

1872 1427 2224 1495 permittebat
2264 1427 2346 1483 eis
2383 1428 2596 1499 erigere
2640 1428 2785 1487 idola
2835 1430 2888 1485 in
2921 1431 3104 1497 Israel,
3136 1434 3272 1489 dixit
3300 1435 3448 1492 Scri-

1873 1528 2028 1589 ptura
2066 1519 2131 1573 de
2161 1533 2225 1573 eo
2260 1533 2275 1573 :
2312 1537 2331 1571 t
2356 1518 2423 1573 Et
2452 1533 2547 1573 rex
2584 1519 2839 1576 Salomon
2871 1533 2989 1578 erat
3018 1533 3233 1580 amator
3256 1528 3449 1583 mulie-

1873 1626 2016 1677 rum,
2042 1620 2095 1666 et
2124 1612 2332 1681 accepit
2354 1612 2456 1665 sibi
2482 1612 2739 1667 mulieres
2763 1613 3099 1686 alienigenas
3124 1634 3139 1670 :
3162 1628 3214 1671 et
3246 1617 3447 1674 factum

1872 1711 1955 1757 est
1987 1703 2040 1758 in
2082 1713 2324 1771 tempore
2359 1704 2658 1758 senectutis
2697 1701 3027 1770 Salomonis,
3062 1722 3170 1763 non
3201 1720 3323 1765 erat
3351 1726 3447 1765 cor

1872 1791 1992 1863 ejus
2021 1792 2321 1864 perfectum
2353 1808 2477 1849 cum
2523 1792 2752 1849 Domino
2800 1796 2909 1851 Deo
2949 1812 3068 1852 suo.
3103 1796 3173 1853 Et
3214 1800 3450 1855 diverte-

193 1906 247 1948 et
282 1908 381 1963 pro
425 1908 489 1945 eo
530 1892 670 1961 quod
717 1907 823 1944 non
864 1889 1102 1958 pepercit
1146 1888 1369 1955 pauperi
1412 1886 1545 1957 (19).
1587 1885 1655 1940 Et.
1694 1887 1770 1939 ait
1800 1884 1843 1938 Β
1874 1894 1997 1938 runt
2033 1884 2290 1939 mulieres
2326 1884 2650 1955 alienigenae
2695 1900 2791 1940 cor
2833 1885 2948 1955 ejus
2991 1899 3114 1957 post
3152 1890 3282 1945 deos
3312 1890 3449 1945 alie-

194 1985 264 2040 ad
300 1998 421 2038 cum
454 1982 666 2036 Nathan
697 1998 711 2032 :
747 1982 824 2034 'l'u
859 1995 919 2032 es
960 1979 1061 2043 vir,
1102 1978 1193 2047 qui
1238 1976 1413 2029 fecisti
1458 1976 1621 2041 ltoc';
1652 1993 1671 2027 ι
1710 1985 1766 2029 et

193 2076 452 2143 deinceps
509 2071 712 2141 reliqua
767 2069 1103 2135 exsequitur,
1140 2067 1479 2137 exprobrans
1510 2081 1656 2130 eum,
1711 2073 1765 2121 et

194 2179 525 2221 enumerans
555 2163 608 2217 in
646 2176 770 2216 eum
816 2161 906 2214 Dei
941 2157 1221 2221 beneﬁcia,
1255 2168 1309 2213 et
1342 2159 1597 2228 quoniam
1634 2173 1765 2212 exa-

192 2254 437 2312 cerbavit
490 2253 797 2315 Dominum,
846 2265 968 2303 cum
1024 2246 1241 2302 fecisset
1283 2250 1402 2303 hoc.
1456 2247 1572 2302 Non
1618 2250 1763 2302 enim

191 2348 409 2417 placere
445 2345 551 2399 Deo
579 2341 885 2411 huiusmodi
919 2341 1292 2408 Operationetn
1325 2338 1457 2412 (20),
1490 2342 1584 2395 sed
1625 2340 1762 2392 iram

193 2447 443 2502 magnam
501 2432 785 2486 imminere
840 2430 1023 2483 domui
1078 2429 1213 2496 ejus.
1265 2429 1634 2497 Compunctus
1680 2436 1766 2484 est

192 2532 375 2576 autem
411 2521 575 2573 David
607 2520 674 2573 ad
709 2520 842 2582 haec,
878 2529 931 2573 et
960 2519 1032 2571 ait
1062 2535 1077 2572 :
1115 2536 1134 2568 ι
1158 2518 1379 2572 Peccavi
1411 2518 1711 2586 Domino';
1737 2538 1758 2573 ι

192 2622 249 2667 et
276 2612 542 2681 psalmum
565 2611 1048 2679 cxhomologeseos
1066 2608 1174 2683 (21)
1204 2619 1321 2677 post
1348 2609 1608 2679 psallebat
1627 2609 1761 2682 (εἳ).

190 2701 484 2756 adventum
528 2698 739 2754 Domini
790 2702 1086 2763 sustinens,
1137 2700 1226 2768 qui
1268 2697 1437 2752 abluit
1470 2707 1525 2753 et
1568 2713 1763 2754 emun-

192 2794 280 2847 dttt
308 2791 417 2865 (ΞΒ)
444 2808 565 2847 eunt
592 2790 865 2845 hominem
890 2790 979 2858 qui
1004 2800 1222 2857 peccato
1246 2788 1422 2845 fuerat
1447 2790 1760 2846 obstrictus.

192 2884 459 2940 Similiter
488 2895 669 2938 autem
704 2894 758 2939 et
792 2882 856 2936 de
888 2881 1197 2945 Salomone,
1228 2897 1351 2935 cum
1387 2894 1764 2952 perseveraret

186 2977 438 3047 judicare
464 2973 575 3047 (24)
608 2988 773 3042 recte,
805 2983 857 3029 et
894 2973 1215 3043 sapientiam
1249 2972 1359 3045 (25)
1392 2988 1666 3035 enarrare.
1707 2983 1762 3029 et

193 3079 380 3139 typum
416 3066 526 3119 veri
564 3064 744 3134 templi
775 3062 885 3136 (26)
916 3063 1244 3125 aediﬁcabat,
1279 3075 1333 3117 et
1362 3061 1563 3132 glorias
1592 3077 1761 3132 expo-

192 3159 355 3211 nebat
388 3157 500 3217 Dei,
546 3165 601 3209 et
643 3156 995 3208 adventuram
1036 3168 1220 3221 pacem
1255 3156 1508 3224 gentibus
1550 3170 1762 3207 annun-

1872 1988 1989 2030 ttos.
2032 1973 2097 2029 Et
2138 1974 2267 2029 fecit
2302 1976 2561 2030 Salomon
2599 1976 2893 2047 malignum
2931 1977 2983 2031 in
3014 1992 3308 2049 conspectu
3345 1981 3451 2036 Do-

1870 2066 2002 2119 mini
2052 2083 2067 2120 :
2123 2080 2229 2119 non
2278 2066 2413 2121 abiit
2455 2074 2578 2133 post
2626 2067 2939 2134 Dominum,
2993 2071 3451 2137 quemadmodum

1870 2156 2040 2212 David
2074 2166 2225 2226 pater
2254 2156 2394 2227 ejus.
2425 2157 2490 2211 Et
2521 2158 2693 2211 iratus
2718 2168 2804 2213 est
2833 2158 3095 2215 Dominus
3123 2160 3176 2215 in
3204 2159 3451 2218 Salomo-

1871 2264 1993 2303 nem
2024 2267 2037 2303 :
2065 2263 2171 2302 non
2197 2249 2341 2302 enim
2368 2257 2489 2302 erat
2516 2262 2611 2303 cor
2633 2248 2750 2319 ejus
2776 2247 3080 2319 perfectum
3111 2251 3163 2306 in
3197 2251 3447 2317 Domino,

1871 2338 2167 2393 secundum
2218 2354 2316 2395 cor
2375 2339 2545 2394 David
2599 2342 2772 2410 patris
2818 2341 2937 2408 ejus
2974 2342 3014 2396 ⁸.
3052 2363 3072 2395 ο
3110 2342 3451 2404 Suﬂicienter

1872 2430 2172 2501 increpavit
2220 2445 2346 2485 eum
2412 2429 2715 2500 Scriptura,
2770 2434 2909 2487 sicut
2951 2436 3091 2491 dixit
3137 2439 3447 2511 presbyter,

1872 2531 1933 2577 ut
1971 2537 2076 2577 non
2115 2522 2381 2593 glorietur
2425 2525 2678 2582 universa
2726 2541 2856 2581 caro
2899 2527 2953 2581 itt
3003 2538 3298 2600 conspectu
3344 2532 3449 2589 [too

1870 2613 2023 2668 mitti.

1937 2703 1994 2760 2.
2036 2703 2101 2759 Ει
2139 2714 2363 2776 propter
2388 2707 2491 2761 hoc
2519 2705 2807 2761 Dominum
2841 2707 2893 2762 in
2924 2723 3009 2775 ea,
3038 2725 3159 2781 qua
3189 2722 3318 2769 sunt
3348 2716 3448 2771 sub

1872 2808 2044 2860 terra,
2078 2795 2445 2862 descendisse,
2485 2798 2957 2867 evangelizantem
3004 2812 3058 2855 et
3104 2802 3211 2859 illis
3240 2805 3447 2860 adven-

1872 2896 1982 2940 tum
2019 2902 2203 2954 snum,
2245 2888 2563 2944 remissione
2602 2900 2956 2959 peccatorum
2998 2895 3297 2951 exsistente
3336 2897 3447 2971 (27)

1871 2978 1959 3033 his
1996 2980 2089 3048 qui
2119 2981 2349 3034 credunt
2380 2981 2433 3035 itt
2459 2996 2606 3039 eum.
2640 2983 2999 3040 Crediderunt
3024 2998 3205 3042 autem
3239 2991 3291 3044 in
3322 3006 3447 3047 eum

1868 3084 2059 3127 omnes
2090 3073 2178 3140 qui
2211 3072 2503 3139 sperabant
2544 3073 2598 3126 in
2633 3089 2753 3127 eum
2778 3114 2791 3136 ,
2832 3075 2886 3129 id
2916 3084 2999 3132 est
3030 3082 3124 3148 qui
3158 3079 3445 3138 adventum

1869 3157 1985 3226 ejus
2022 3161 2552 3230 praenuntiaverunt,
2587 3172 2642 3216 ct
2685 3165 3138 3231 dispositionibus
3168 3167 3284 3239 ejus
3326 3187 3445 3227 ser-

190 3249 383 3310 tiahat,
409 3258 463 3301 et
493 3246 693 3301 tlltristi
725 3260 948 3315 regnum
993 3246 1405 3315 praeﬁgurabat,
1444 3256 1506 3299 et
1571 3248 1763 3318 loque-
1793 3234 1834 3290 C
1872 3248 2109 3315 vierunl,
2138 3247 2294 3316 justi,
2324 3259 2377 3304 et
2408 3254 2710 3321 prophetae,
2746 3263 2802 3307 et
2837 3256 3163 3325 patriarcha:
3244 3260 3447 3329 quibus

189 3342 357 3394 batur
379 3341 479 3393 tria
512 3339 681 3393 millia
710 3338 1089 3409 parabolarutn
1125 3339 1175 3392 itt
1203 3338 1494 3392 adventum
1523 3337 1758 3405 Domini,

189 3442 248 3487 et
277 3432 517 3502 quinque
545 3431 709 3485 millia
736 3431 1101 3496 canticorum,
1130 3430 1387 3501 hymnum
1416 3431 1601 3485 dicens
1625 3430 1758 3496 Deo,

190 3531 248 3576 et
278 3537 397 3576 eam
429 3537 546 3591 qua:
580 3530 664 3576 est
699 3522 753 3575 itt
782 3520 1096 3574 conditione
1123 3519 1445 3587 sapientiam
1473 3519 1564 3573 Dei
1594 3536 1762 3590 expo-

196 3615 361 3669 nebat
416 3614 783 3683 pltysiologice
837 3628 903 3666 ex
952 3610 1097 3664 omni
1156 3611 1332 3679 ligno,
1383 3622 1439 3665 et
1489 3612 1555 3665 de
1610 3614 1759 3666 omni

188 3704 383 3768 herba,
416 3706 560 3758 etde
601 3703 909 3759 volatilibus
945 3701 1216 3767 omnibus,
1255 3712 1309 3755 et
1351 3703 1416 3756 de
1452 3703 1759 3772 quadrupe-

188 3796 370 3859 dibus,
402 3804 456 3848 et
491 3796 557 3849 de
599 3795 867 3862 piscibus;
904 3804 959 3846 et
987 3794 1206 3848 dicebat
1242 3811 1256 3848 :
1296 3812 1315 3844 ο
1340 3793 1396 3847 Si
1432 3808 1556 3849 vere
1594 3794 1753 3859 Deus,

186 3898 350 3953 quem
379 3883 498 3938 cmli
528 3898 632 3936 non
660 3882 899 3950 capiunt.
929 3896 1093 3948 super
1116 3891 1312 3934 terram
1344 3880 1607 3935 habitabit
1630 3895 1755 3934 cuin

190 3975 570 4031 hominibns‘?
599 3992 616 4024 ι
643 3981 695 4028 et
718 3973 960 4042 placebat
993 3972 1118 4033 Deo,
1140 3981 1196 4024 et
1217 3987 1407 4025 omnes
1430 3988 1551 4025 eum
1582 3972 1757 4027 adlui-

189 4063 477 4125 rabantur,
505 4071 560 4114 et
594 4074 783 4113 omnes
828 4075 979 4128 reges
1014 4070 1169 4114 terra:
1204 4062 1517 4128 quaerebant
1561 4061 1754 4115 faciem

184 4154 325 4223 ejus,
377 4159 434 4206 ut
481 4150 725 4206 audirent
770 4152 1089 4220 sapientiam
1135 4151 1272 4220 ejus,
1325 4170 1486 4221 quant
1535 4137 1754 4209 dederat

186 4243 264 4299 illi
302 4244 463 4303 Deus,
498 4250 553 4295 et
580 4241 766 4306 regina
794 4241 979 4294 Austri
1018 4256 1047 4294 a
1083 4240 1285 4295 ﬁnibus
1318 4251 1477 4296 terra:
1508 4245 1755 4299 veniebat

184 4335 255 4390 ad
286 4347 434 4396 eum,
461 4330 784 4399 sapientiam
814 4346 933 4399 quae
958 4331 1009 4385 in
1031 4346 1097 4385 eo
1119 4341 1257 4394 erat,
1288 4333 1486 4387 scitura
1509 4334 1563 4400 ';
1594 4351 1755 4403 quam

1870 3340 2121 3395 similiter
2149 3350 2208 3393 ut
2238 3341 2395 3396 nobis
2425 3344 2637 3398 remisit
2673 3355 2919 3414 peccata,
2953 3363 3072 3417 qua
3096 3365 3204 3405 non
3231 3364 3445 3422 oportet

1871 3446 1969 3486 nos
2008 3431 2276 3495 imputare
2320 3434 2424 3499 bis,
2470 3434 2514 3489 si
2562 3436 2854 3504 quominus
2894 3442 3293 3498 contemnimus
3323 3458 3447 3515 gra-

1871 3524 1997 3578 tiam
2057 3523 2173 3577 Dei.
2220 3524 2683 3591 Quemadmodum
2723 3530 2869 3585 enitn
2923 3532 3001 3587 illi
3049 3548 3154 3587 non
3209 3533 3446 3605 imputa-

1871 3610 2003 3663 bant
2046 3608 2158 3682 (28)
2196 3613 2355 3667 nobis
2401 3614 2829 3673 incontinentias
2864 3633 3100 3685 nostras,
3144 3637 3281 3690 quos
3315 3640 3444 3691 0pc-

1870 3701 1973 3756 rati
2007 3717 2217 3769 sumus,
2265 3705 2580 3774 priusquam
2624 3708 2870 3763 Christus
2914 3712 2966 3764 itt
3012 3710 3171 3765 nobis
3214 3715 3444 3768 manife-

1866 3802 2135 3860 staretur;
2172 3797 2253 3851 sic
2288 3806 2343 3851 et
2370 3814 2467 3853 nos
2510 3814 2613 3854 non
2653 3811 2732 3855 est
2768 3802 2974 3868 justum
3017 3802 3287 3871 imputare
3315 3819 3442 3863 ante

1866 3882 2157 3939 adventum
2210 3886 2409 3942 Christi
2454 3891 2540 3943 his
2576 3892 2665 3959 qui
2715 3903 3098 3961 peccaverunt.
3145 3894 3386 3955 «Omnes
3415 3918 3436 3952 ι

1866 3974 2011 4028 enim
2059 3977 2307 4034 homines
2356 3990 2562 4051 tegent
2604 3984 2772 4051 gloria
2816 3986 2970 4048 Dei",
2998 4005 3018 4039 ι
3065 3989 3439 4055 justitieantur

1862 4075 2045 4122 autem
2086 4084 2191 4123 non
2235 4086 2265 4123 a
2314 4075 2657 4142 settlelipsis,
2696 4079 2790 4130 sed
2842 4093 2871 4130 a
2922 4078 3130 4135 Domini
3178 4082 3433 4144 adventu.

1861 4158 1950 4225 qui
2000 4158 2282 4215 intendunt
2332 4162 2509 4216 lumen
2548 4164 2687 4231 ejus.
2731 4167 2786 4221 In
2831 4182 3073 4223 n08ll‘allt
3107 4182 3283 4227 autent
3314 4187 3439 4227 cor-

1863 4248 2164 4318 reptionem
2202 4256 2542 4321 eottscriptos
2576 4272 2695 4311 esse
2731 4272 2885 4314 actus
2927 4274 3140 4326 eorum,
3181 4273 3238 4316 ut
3267 4265 3437 4321 scirc-

1866 4354 2006 4403 mus,
2064 4344 2295 4411 primum
2357 4346 2598 4414 quidem,
2649 4350 2903 4417 quoniam
2962 4367 3099 4403 unus
3149 4363 3233 4408 est
3298 4357 3435 4412 Deus

258 4428 280 4461 ⁸
310 4424 515 4517 lalﬁeg.
548 4424 685 4489 xu,i
723 4434 946 4494 etseqq.
1015 4426 1037 4457 ⁸
1074 4424 1321 4491 lbid..i3.
1385 4428 1408 4460 δ
1436 4428 1499 4483 ιιι
1528 4429 1661 4499 Reg.
1689 4446 1805 4495 vttt,
1834 4431 1922 4489 27.

1767 4446 1805 4495 t,
1834 4431 1922 4489 27.
1981 4436 2002 4468 ⁸
2030 4436 2219 4493 Matth.
2252 4455 2349 4504 xu,
2373 4439 2465 4496 η.
2522 4440 2617 4495 'lll
2643 4444 2776 4513 Reg.
2801 4460 2877 4509 xl,
2899 4444 2922 4499 1
2948 4454 3004 4500 et
3024 4462 3176 4517 seqq.
3229 4450 3249 4481 ⁷
3270 4450 3428 4507 Rom.

184 4510 270 4560 tu,
315 4496 405 4548 25.

259 4590 372 4663 (15)
501 4587 769 4672 parum;
796 4587 898 4671 Sest
942 4603 1143 4672 voces”
1176 4601 1643 4672 qum-sequuntur
1700 4595 1753 4649 in
1788 4604 1830 4659 ι)
1858 4596 2230 4672 qttagesimnm
2283 4598 2432 4672 bene
2474 4608 2626 4655 ttotat
2658 4599 2918 4670 Feuard.,
2973 4603 3132 4672 idque
3196 4605 3432 4661 fatentur

184 4658 367 4723 θάιίιοζ
392 4660 533 4713 misit
561 4662 698 4712 enim
728 4660 979 4715 Dominus
1012 4658 1227 4715 Nathatt
1254 4660 1321 4715 ad
1352 4658 1547 4727 deid,
1575 4672 1632 4717 ιιι
1664 4680 1755 4719 su-

190 4732 459 4803 perﬂuas,
504 4739 557 4783 et
592 4729 793 4803 frustra
830 4728 1294 4803 t_t_recentiori_l_tus
1325 4731 1414 4785 hic
1471 4734 1752 4803 repetitas,

190 4797 791 4872 expttnxLauctoritate
821 4797 1059 4872 Clarotn.
1090 4808 1146 4853 et
1180 4798 1331 4872 Voss:

290 4872 377 4940 i6)
411 4868 624 4940 Fuerat.
658 4867 979 4940 Ιιιᾟειῃρτιι.
1015 4884 1185 4938 marg.
1226 4879 1282 4924 et
1310 4867 1491 4932 νοω..
1530 4870 1749 4939 foverat.

290 4936 375 5009 ii")
410 4941 479 4992 De
508 4938 812 5009 caiigeLSic
835 4936 1081 5009 Fettard1
1110 4936 1161 4992 in
1199 4955 1394 5009 tnarg.,
1435 4936 1670 4994 Claram.
1699 4955 1755 4997 et

190 5006 365 5081 Voss.
388 5009 541 5076 juxta
572 5006 734 5071 LXX,
764 5006 859 5060 καὶ
898 5007 963 5060 ὲκ
990 5006 1083 5060 τοῦ
1120 5006 1377 5081 ποτηριὼ
1406 5009 1591 5063 αὑτοῦ.
1623 5012 1752 5077 Alii,

187 5080 426 5135 calicem.

262 5148 376 5220 ([8)
416 5146 624 5220 Facere
652 5147 863 5220 hospiti.
895 5145 1204 5203 Convivium
1241 5147 1295 5203 in
1340 5148 1520 5213 Eras.,
1552 5148 1755 5206 Gallas.

192 5218 522 5274 ac‘Feuartl.
563 5218 803 5285 additum
842 5220 1035 5271 merito
1067 5220 1327 5273 mnittunt
1362 5234 1494 5271 mss.
1540 5234 1752 5285 omnes,

192 5290 319 5357 quia
351 5304 448 5341 nec
476 5286 528 5341 in
556 5284 748 5340 Graeco
776 5297 923 5341 textu
949 5288 1322 5346 τῶνυθθιδιίιῑ.
1353 5285 1552 5345 Facere
1574 5284 1755 5346 autem

195 5360 284 5414 hic
314 5359 548 5412 sumitur
575 5372 670 5424 pro
699 5372 908 5423 parare.

264 5428 377 5501 (19)
409 5426 773 5501 Quadruplum
794 5427 1035 5501 pauperi:
1055 5428 1110 5482 In
1135 5424 1293 5489 LXX,
1313 5427 1627 5501 septuplttm,
1651 5444 1753 5485 nec

192 5495 249 5552 in
282 5495 471 5553 iisdem
504 5498 703 5565 legitur
730 5501 968 5563 pauperi.
1006 5497 1112 5553 Sed
1141 5500 1359 5551 videtur
1392 5495 1627 5553 [retusus
1664 5511 1750 5555 to-

192 5575 304 5619 tum
338 5567 480 5621 hunc
521 5568 695 5620 locum
725 5579 791 5617 ex
838 5570 1095 5623 memoria
1136 5568 1331 5622 citasse
1374 5584 1389 5621 :
1424 5568 1575 5636 plura
1604 5571 1749 5623 enim

190 5637 362 5701 addit,
392 5651 510 5705 qua:
542 5652 647 5688 non
683 5636 1013 5708 lcgunturin
1046 5636 1221 5703 LXX;
1248 5640 1401 5708 plura
1427 5640 1663 5695 vicissim
1694 5642 1749 5695 in

188 5709 276 5763 bis
304 5716 618 5771 occurrunt,
654 5720 770 5774 qua:
808 5708 894 5758 hic
927 5707 1139 5767 desunt.

278 5779 375 5844 20)
411 5779 810 5847 ([peratt'ouem.
826 5777 949 5840 Alii,
972 5780 1326 5847 operationem

278 5784 375 5844 20)
411 5784 796 5844 Uperationem.
826 5784 949 5840 Alit,
972 5784 1326 5847 operationem

256 5784 371 5919 22!)
417 5845 690 5901 Ptalmum
729 5846 1199 5919 exltomologeseos.
1242 5850 1395 5905 Hunc
1426 5864 1544 5906 esse
1592 5849 1750 5919 quin-

1862 4666 2101 4742 Hebrgi.
2126 4666 2433 4742 _lt-ujustnodi
2464 4672 2882 4742 tituluttteidetn
2902 4666 3197 4742 ianigetttes
3224 4694 3239 4728 :
3274 4677 3432 4733 Psal-

1858 4751 1974 4788 mus
2007 4734 2178 4816 Dauid
2205 4740 2417 4816 quando
2454 4741 2591 4816 {cuit
2626 4741 2695 4816 a‘d
2732 4758 2849 4795 eum
2895 4734 3113 4797 Natitan
3151 4749 3427 4816 prapheta,

1857 4804 2067 4874 quando
2099 4804 2316 4874 intravit
2348 4810 2417 4861 ad
2446 4807 2756 4864 Bethsabee.

1929 4873 2055 4953 (22)_
2092 4872 2220 4953 lion
2250 4878 2530 4944 psallebot.
2549 4878 2700 4947 Post,
2741 4881 2827 4936 hic
2860 4896 2959 4951 pro
2996 4894 3201 4953 postea,
3245 4886 3428 4944 addidi

1858 4958 1926 4997 ex
1959 4945 2077 4996 cod.
2114 4942 2355 5000 Clttl'Otll.

1951 5011 2044 5081 23)
2080 5013 2366 5071 Emuudat.
2400 5016 2511 5081 AL,
2537 5019 2864 5078 amandavit.

1953 5082 2044 5144 24)
2088 5083 2693 5165 ludi-care...enarrare.
2714 5090 2804 5146 Sic
2840 5087 3074 5148 Fenard.
3118 5090 3171 5147 in
3226 5109 3423 5165 marg.,

1857 5148 2180 5227 Clarottt._et
2198 5151 2360 5227 ‘Voss.
2386 5158 2493 5227 AL,
2522 5173 2641 5210 cum
2670 5173 3099 5227 perseueraret...
3128 5148 3422 5222 enat-rara:

1928 5220 2042 5290 (25)
2081 5219 2425 5292 Sapientiam.
2457 5219 2551 5280 Dei
2580 5219 2821 5283 additum
2852 5231 2906 5282 in
2946 5219 3154 5289 Arund.
3192 5240 3248 5288 et
3289 5219 3421 5293 edit.

1855 5290 2044 5435 oioi‘t'i.)
2076 5360 2195 5435 Veri
2220 5365 2416 5432 templi.
2453 5362 2746 5435 Templum,
2793 5368 3037 5423 additum
3082 5371 3137 5425 in
3180 5370 3419 5430 Feuard.

1856 5431 1986 5486 edit.
2033 5441 2089 5487 et
2131 5431 2509 5501 Oxon.,deest
2551 5431 2604 5490 iu
2645 5438 2883 5493 Clarom.
2930 5449 2985 5495 et
3031 5439 3185 5496 Voss.
3227 5445 3420 5500 (ia-teri

1855 5503 2014 5571 codd.
2048 5507 2321 5571 corrupti.

1925 5570 2039 5643 (27)
2058 5570 2378 5643 "emissione
2398 5585 2730 5643 peccatorum
2750 5576 3045 5631 cuiusuis.
3076 5578 3153 5633 Ita
3185 5579 3417 5641 Feuard.

1854 5639 1906 5693 in
1935 5639 2295 5710 marg.,Voss.
2331 5639 2677 5709 et'Claront"
2708 5646 2807 5699 nisi
2831 5650 2971 5712 quod
3002 5650 3052 5701 in
3083 5650 3183 5705 hoc
3210 5639 3420 5709 incuria

1853 5713 2047 5763 scriba!
2072 5714 2298 5783 legatur,
2326 5712 3420 5780 remissionemllaiteri,retniuam...s.rsi-

1850 5789 2088 5834 stentem.

1926 5850 2044 5922 (28)
2076 5849 2433 5923 lmputabaul.
2466 5854 2595 5922 Alii,
2624 5855 2905 5925 imputant.
