4222 6320
781 377 918 435 1059

1516 369 1573 426 S.
1610 367 1862 426 iRENA-Zl
1900 365 2209 425 EPISCOPI
2250 364 2741 424 LUGDUNENSIS
2779 366 2867 423 ΕΤ
2908 364 3282 422 MARTYRlS.

3890 359 4027 417 £060

780 506 969 551 noster
994 503 1050 549 et
1077 492 1313 557 illorum.
1337 491 1425 548 cui
1453 506 1560 547 non
1588 491 1835 562 piaceant
1861 499 2108 560 peccata,
2136 489 2347 543 etiamsi
2378 493 2424 549 Α
2451 492 2521 545 ab
2557 489 3006 546 exterminatore.
3049 487 3172 543 liae
3205 496 3387 543 autem
3424 487 3606 543 omnia
3633 487 3688 543 in
3728 486 3898 560 figura
3928 489 4023 545 tie-

778 602 808 641 a
839 587 1004 642 claris
1032 584 1201 650 fiant;
1237 584 1457 647 deinde,
1504 592 1562 636 ut
1595 582 1968 637 abstineamus
2012 597 2042 635 a
2088 578 2262 634 malis.
2294 578 2353 633 Si

778 680 922 734 enim
954 678 1006 731 hi
1032 678 1124 747 qui
1154 685 1557 747 praecesserunt
1594 689 1693 729 nos
1724 674 1777 728 in
1808 672 2227 729 cbarismatibus
2266 687 2357 728 ve-

780 774 946 827 teres.
974 775 1194 834 propter
1214 780 1353 834 quos
1401 766 1639 819 nondum
1691 763 1860 819 Filius
1889 762 1981 817 Dei
2004 777 2192 832 passus
2215 772 2352 828 erat,

780 854 1163 922 delinquentes
1206 854 1257 907 in
1302 854 1516 923 aliquo,
1563 864 1619 909 et
1661 852 2127 922 concupiscentia:
2172 852 2354 907 carnis

778 945 1107 1009 servientes,
1140 943 1231 997 tali
1262 942 1440 1000 allecti
1473 954 1601 999 sunt
1628 942 1920 1012 ignominia
1943 981 1958 1007 .
1986 944 2113 1013 quid
2141 944 2353 1013 passuri

778 1045 907 1089 sunt
938 1036 1031 1103 qui
1068 1049 1213 1088 nunc
1249 1042 1373 1087 sunt
1398 1074 1415 1100 ,
1452 1033 1542 1102 qui
1578 1042 2029 1102 contempserunt
2066 1032 2355 1086 adventum

780 1124 1016 1189 Domini,
1049 1134 1104 1179 et
1143 1124 1526 1179 deservicrttnt
1559 1121 1928 1191 voluptatibus
1970 1121 2122 1177 suis?
2158 1121 2222 1176 Et
2251 1121 2358 1177 illis

776 1215 995 1287 quidem
1026 1216 1239 1270 curatio
1277 1225 1331 1270 et
1377 1215 1629 1269 remissio
1672 1222 2019 1283 peccatorum
2066 1227 2211 1268 mors
2254 1211 2358 1267 Do-

778 1307 911 1361 mini
967 1305 1067 1361 fuit
1111 1323 1126 1360 :
1178 1316 1404 1377 propter
1446 1320 1541 1361 eos
1585 1320 1716 1361 vero
1765 1306 1857 1374 qui
1911 1319 2055 1359 nunc
2104 1314 2357 1374 peccant,

776 1398 1033 1455 Christus
1071 1412 1177 1454 non
1207 1399 1319 1467 jam
1364 1398 1649 1463 morietur.
1692 1396 1806 1465 jam
1857 1398 2001 1451 enim
2048 1411 2196 1453 mors
2249 1411 2355 1452 non

777 1488 1153 1545 dominabitur
1178 1487 1327 1555 eius;
1353 1488 1449 1543 sed
1475 1488 1659 1545 veniet
1682 1487 1854 1543 Filius
1880 1487 1934 1541 in
1959 1486 2130 1557 gloria
2157 1485 2355 1553 Patris,

776 1582 1079 1652 exquirens
1108 1581 1177 1635 ab
1211 1579 1489 1635 actoribus
1519 1589 1574 1635 et
1613 1579 2087 1649 dispensatoribus
2118 1580 2229 1635 suis
2256 1593 2324 1647 pe
2343 1606 2356 1620 -

774 1678 993 1730 cuniam
1031 1689 1194 1744 quam
1224 1675 1304 1728 eis
1333 1672 1589 1740 credidit,
1637 1686 1765 1726 eum
1794 1672 1977 1725 usuris
2022 1688 2037 1725 :
2073 1679 2129 1725 et
2160 1671 2356 1741 quibus

777 1766 1073 1838 plurimum
1106 1766 1277 1828 dedit.
1314 1765 1606 1835 plurimum
1647 1762 1717 1817 ab
1748 1764 1830 1817 eis
1862 1762 2063 1833 exiget.
2101 1761 2213 1817 Non
2254 1762 2353 1817 de-

775 1827 967 1915 bemus
998 1872 1149 1928 ergo.
1178 1856 1354 1927 inquit
1385 1855 1474 1911 ille
1502 1854 1709 1919 senior,
1742 1853 1963 1924 superbi
1998 1869 2141 1919 esse,
2176 1868 2353 1924 neque
2385 1827 2426 1885 Β

776 1949 1180 2019 reprehendere
1204 1958 1449 2014 veteres;
1477 1948 1573 2002 sed
1599 1948 1697 2017 ipsi
1734 1946 1948 2011 timere,
1976 1963 2042 2002 nc
2067 1947 2208 2002 forte
2229 1959 2351 2018 post

776 2041 1108 2108 agnitionem
1149 2039 1353 2096 Christi
1394 2050 1621 2109 agentes
1656 2038 1859 2109 aliquid
1904 2038 2046 2108 quod
2094 2052 2201 2093 non
2238 2036 2345 2108 pla.

775 2142 896 2188 eeat
923 2133 1053 2200 Deo,
1088 2132 1469 2188 remissionem
1497 2130 1639 2184 ultra
1667 2144 1773 2184 nou
1804 2129 2100 2184 habeamus
2127 2127 2350 2184 delicto-

776 2239 919 2285 rum.
950 2223 1044 2279 sed
1072 2222 1428 2277 excludamur
1453 2234 1483 2274 a
1512 2234 1680 2290 regno
1706 2216 1844 2287 ejus.
1881 2218 1949 2272 Et
1975 2217 2097 2271 ideo
2125 2216 2349 2271 Paulum

776 2314 984 2369 dixisse
1014 2330 1028 2367 :
1067 2331 1087 2365 s
1112 2312 1168 2367 Si
1197 2313 1345 2366 enim
1386 2310 1728 2365 naturalibus
1754 2308 1920 2364 ramis
1950 2322 2054 2362 non
2086 2307 2349 2377 pepercit,

774 2421 848 2461 ne
894 2405 1037 2459 forte
1085 2420 1185 2460 nec
1238 2404 1331 2459 tibi
1374 2410 1585 2473 parcat,
1619 2400 1708 2470 qui
1745 2414 1867 2456 cum
1909 2414 2062 2455 esses
2096 2398 2350 2464 oleaster,

775 2497 1019 2552 insertus
1052 2509 1112 2550 es
1146 2495 1197 2549 in
1240 2493 1623 2563 pinguedinem
1661 2491 1838 2556 olivae,
1874 2498 1929 2545 et
1962 2489 2145 2545 socius
2176 2487 2352 2545 factus

773 2601 833 2641 es
860 2585 1205 2655 pinguediuis
1232 2584 1349 2652 ejus
1366 2583 1406 2635 ⁸.
1435 2601 1452 2633 ι

844 2676 901 2733 3.
921 2677 1186 2732 Similiter
1205 2686 1260 2732 et
1276 2674 1449 2746 plebis
1466 2689 1641 2744 przeva
1655 2674 1948 2727 ricationes
1966 2671 2115 2727 vides
2129 2670 2241 2744 (29)
2257 2670 2352 2726 de-

773 2771 1009 2840 scriptas
1036 2782 1185 2835 esse,
1220 2783 1327 2821 non
1357 2778 1579 2835 propter
1615 2764 1741 2819 illos
1778 2765 1871 2833 qui
1909 2772 2037 2818 tunc
2080 2772 2354 2831 transgre-

775 2860 1086 2921 diebantur.
1116 2858 1212 2912 sed
1256 2857 1310 2911 in
1338 2855 1741 2923 correptionem
1783 2861 2050 2915 nostram.
2082 2859 2138 2907 et
2163 2860 2222 2905 ut
2247 2853 2352 2906 sei-

778 2965 957 3005 remus
988 2964 1151 3003 unum
1182 2956 1236 3002 et
1266 2948 1514 3003 eumdem
1553 2945 1748 3007 Deum.
1780 2944 1833 2997 in
1863 2958 2025 3014 quem
2056 2944 2132 2996 illi
2174 2940 2351 2997 delin-

775 3042 1044 3109 quebant,
1090 3051 1146 3095 et
1193 3041 1247 3094 in
1290 3054 1450 3108 quem
1493 3054 1638 3091 nunc
1678 3036 1997 3106 delinquunt
2038 3035 2255 3105 quidam
2283 3048 2353 3088 ex

779 3132 867 3186 bis
912 3133 1001 3200 qui
1050 3130 1353 3185 credidisse
1402 3142 1459 3182 se
1504 3128 1691 3182 dicunt
1726 3124 1859 3199 (50).
1908 3123 1975 3178 Et
2019 3123 2122 3178 hoc
2172 3131 2349 3177 autem

2456 581 2587 634 bant
2614 580 2752 648 illis;
2783 581 2985 650 scripta
3011 586 3142 634 sunt
3170 586 3348 633 autem
3388 579 3456 633 ad
3496 579 3897 647 surreptionem
3926 595 4021 633 no-

2456 681 2652 739 stram,
2678 677 2731 726 in
2762 686 2901 743 quos
2931 673 3054 727 linis
3089 670 3408 725 saculnrum
3436 669 3673 724 devenit.
3687 669 4024 741 Quapropter

2455 763 2547 833 qui
2582 771 2737 833 putat
2761 778 2820 820 se
2851 774 3018 828 stare,
3046 762 3223 816 videat
3262 778 3328 816 ne
3353 760 3567 816 cadat’.
3597 780 3616 814 ι

2524 853 2631 911 4."
2674 853 2807 909 Sine
2857 853 3191 908 dubitatione
3256 852 3423 924 igitur
3476 861 3530 906 et
3573 852 3691 907 sine
3745 848 4026 907 contradi—

2457 946 2638 999 ctione
2666 944 2988 1000 ostendente
3018 944 3296 1015 Apostolo,
3323 960 3489 999 unum
3522 953 3576 1000 et
3600 943 3855 999 eumdem
3892 956 4020 998 esse

2457 1036 2648 1100 Deum,
2679 1038 2772 1105 qui
2807 1046 2861 1092 et
2888 1036 3280 1105 illaiudicavit,
3320 1047 3376 1092 et
3420 1052 3484 1091 ea
3524 1052 3645 1102 qua:
3680 1050 3825 1090 nunc
3867 1043 4024 1099 sunt.

2455 1129 2716 1197 exquirit.
2763 1138 2819 1185 et
2854 1143 3076 1183 causam
3120 1127 3511 1197 descriptionis
3554 1144 3740 1183 eorum
3790 1130 4023 1181 demon-

2457 1229 2708 1285 strantc;
2745 1218 2945 1274 indocti
2996 1228 3049 1275 et
3090 1220 3345 1284 audaces,
3388 1218 3567 1273 adhuc
3602 1220 3768 1273 etiam
3818 1218 4027 1287 impru-

2457 1312 2645 1365 dentes
2684 1309 3034 1364 inveniuntur
3065 1323 3276 1372 omnes.
3307 1307 3401 1378 qui
3426 1317 3651 1377 propter
3705 1317 4022 1375 transgres-

2455 1403 2665 1457 sionem
2704 1415 2890 1455 eorum
2915 1402 3006 1472 qui
3039 1402 3165 1456 olim
3199 1400 3419 1456 fuerunt
3441 1438 3457 1465 .
3490 1409 3548 1455 et
3595 1408 3823 1469 propter
3852 1397 4028 1468 pluri-

2458 1507 2669 1547 morum
2702 1492 2906 1547 indicto
2939 1492 3296 1558 audientiam,
3322 1494 3553 1547 alterum
3596 1491 3821 1562 quidem
3866 1492 4028 1544 aiunt

2458 1584 2671 1639 illorum
2707 1582 2882 1639 fuisse
2913 1584 3113 1649 Deum.
3140 1596 3196 1641 et
3228 1586 3374 1640 hunc
3407 1599 3531 1641 esse
3561 1584 3746 1646 mundi
3784 1581 4027 1637 fabrica.

2460 1684 2656 1742 torem,
2715 1685 2771 1731 et
2816 1691 2939 1733 esse
2994 1676 3048 1731 in
3100 1676 3491 1740 diminutione;
3546 1676 3775 1729 alterum
3828 1688 3964 1728 vero
3996 1686 4026 1726 a

2457 1768 2675 1825 Christo
2707 1770 2959 1825 traditum
3002 1767 3247 1832 Patrem,
3288 1778 3343 1822 et
3376 1770 3523 1823 hunc
3559 1781 3681 1822 esse
3716 1767 3809 1838 qui
3844 1768 3919 1821 sit
3960 1766 4031 1822 ab

2456 1872 2783 1928 unoquoque
2829 1872 3015 1914 eorum
3067 1867 3247 1913 mente
3292 1866 3631 1925 conceptus:
3668 1872 3777 1911 non
3826 1854 4031 1911 intelli-

2454 1956 2666 2017 gentes,
2696 1948 2954 2018 quoniam
2982 1945 3441 2017 quemadmodum
3472 1944 3545 1998 ibi
3572 1944 3624 1997 in
3654 1942 3903 2013 pluribus
3933 1957 4029 1998 ee-

2456 2052 2600 2104 rum,
2641 2037 2731 2107 qui
2772 2046 3157 2109 peecaverunt.
3198 2051 3307 2091 non
3336 2036 3475 2090 bene
3515 2036 3693 2091 sensit
3726 2033 3906 2098 Deus;
3947 2033 4029 2088 sic

2455 2138 2511 2183 et
2540 2130 2629 2186 hic
2666 2148 2685 2181 ι
2725 2130 2900 2184 vocati
2932 2128 3108 2191 multi.
3141 2128 3299 2197 pauci
3324 2142 3456 2184 vero
3489 2128 3733 2182 electi“:
3779 2145 3799 2178 ι
3829 2138 4030 2195 quem-

2458 2220 2753 2275 admodum
2807 2220 2881 2275 ibi
2918 2220 3125 2289 injusti,
3145 2228 3198 2272 et
3239 2217 3556 2281 idololatrai.
3583 2229 3636 2272 et
3666 2214 4031 2271 fornicatores

2457 2312 2622 2367 vitam
2661 2310 3049 2379 perdiderunt;
3083 2310 3166 2365 sic
3204 2320 3259 2365 et
3286 2309 3415 2364 hic:
3459 2316 3515 2363 et
3546 2307 3773 2362 Domino
3804 2308 4027 2375 quidem

2457 2402 2809 2473 praedicante,
2854 2401 2906 2456 in
2941 2403 3120 2471 ignem
3179 2408 3442 2455 aeternum
3494 2400 3637 2455 mitti
3693 2398 3913 2464 tales“,
3974 2409 4029 2453 et

2464 2492 2729 2561 Apostolo
2757 2494 3011 2547 dicente:
3060 2510 3078 2543 t
3114 2492 3195 2546 An
3230 2490 3514 2561 ignoratis.
3552 2490 3810 2559 quoniam
3842 2488 4028 2557 injust}

2458 2596 2684 2652 regnum
2726 2581 2819 2637 Dei
2850 2581 2962 2652 (35)
2996 2597 3101 2636 non
3135 2580 3570 2636 haereditabunt?
3603 2580 3779 2641 Nolite
3808 2579 4023 2634 seduci:

2458 2684 2634 2741 neque
2663 2669 3019 2726 fornicatores
3065 2669 3202 2742 (δι).
3264 2684 3441 2739 neque
3475 2668 3797 2730 idololatrae,
3854 2681 4029 2736 neque

2458 2763 2693 2820 adulteri
2714 2802 2731 2829 ,
2764 2778 2938 2833 neque
2967 2763 3185 2828 molles,
3223 2777 3403 2832 neque
3430 2760 3795 2816 masculorum
3820 2774 4029 2814 concu-

2458 2856 2684 2922 bitores.
2729 2870 2903 2926 neque
2951 2853 3125 2920 fures,
3168 2868 3346 2923 neque
3383 2851 3557 2916 avari.
3596 2866 3771 2920 neque
3802 2850 4025 2913 ebriosi,

2458 2960 2635 3018 neque
2659 2947 2936 3011 maledici,
2967 2960 3141 3016 neque
3172 2958 3416 3014 raptores
3464 2958 3687 3013 regnum
3752 2941 3848 2996 Dei
3898 2956 4029 3011 pos-

2457 3039 2716 3095 sidebunt
2758 3038 2873 3109 (55)
2908 3037 2971 3092 ⁸³.
3004 3059 3021 3087 ι
3044 3038 3109 3093 Et
3133 3037 3384 3108 quoniam
3414 3050 3515 3090 non
3542 3038 3607 3089 ad
3625 3037 3846 3104 eos,qui
3874 3044 4027 3090 extra

2457 3137 2603 3195 sunt,
2644 3128 2747 3183 hoc
2790 3128 2944 3195 dicit,
2981 3130 3074 3184 sed
3122 3128 3189 3183 ad
3217 3142 3335 3191 nos.
3374 3141 3441 3181 ne
3481 3125 3833 3195 projiciamur
3861 3136 4022 3179 extra

777 3221 1091 3289 Apostolum
1123 3222 1174 3273 in
1207 3217 1446 3286 Epistola
1513 3232 1631 3284 qua:
1660 3218 1836 3271 estad
1874 3215 2206 3275 Corinthios.
2234 3230 2347 3267 ma-
2376 3206 2418 3263 C
2454 3236 2680 3291 regnum
2717 3220 2843 3288 Dei,
2894 3222 3004 3276 me
3038 3221 3243 3290 anquid
3282 3229 3607 3287 οῃεωιιιθς,
3647 3218 3831 3272 intuli;
3860 3239 3873 3272 ;
3904 3235 3923 3269 ί
3965 3216 4031 3271 Et

776 3310 1460 3373 uifcstissimeosteudissc,
1478 3309 1743 3362 dicentem
1781 3323 1796 3360 :
1847 3324 1866 3357 ι
1892 3306 2025 3361 Nolo
2067 3307 2212 3360 enim
2249 3321 2346 3361 vos

781 3402 1051 3473 ignorare.
1083 3400 1302 3467 fratres,
1334 3398 1589 3469 quoniam
1623 3406 1804 3466 patres
1838 3399 2007 3452 nostri
2035 3412 2224 3451 omnes
2248 3399 2347 3452 sub

779 3498 922 3553 nube
954 3495 1193 3561 fuerunt,
1221 3503 1275 3550 et
1316 3508 1507 3549 omnes
1552 3493 1606 3545 in
1639 3490 1818 3561 Moyse
1851 3490 2107 3560 baptizati
2135 3498 2260 3544 sunt
2290 3489 2344 3543 in

780 3590 943 3652 nube,
970 3600 1024 3641 et
1054 3589 1107 3641 in
1140 3588 1297 3651 mari,
1328 3600 1519 3639 omnes
1554 3584 1802 3637 eamdem
1835 3597 2015 3636 escam
2047 3581 2346 3653 spiritalem

781 3681 1264 3744 manducaverunt,
1284 3686 1337 3731 et
1358 3691 1547 3732 omnes
1566 3675 1815 3729 eumdem
1840 3684 2022 3743 potum
2050 3672 2346 3743 spiritalem

778 3768 1035 3823 biberunt
1062 3788 1075 3821 :
1109 3769 1368 3821 bibebant
1407 3774 1589 3818 autem
1619 3762 1763 3817 enim
1794 3764 1858 3818 de.
1884 3762 2117 3832 spiritali
2160 3778 2348 3819 conse-

777 3870 983 3931 queute
1008 3873 1104 3913 eos
1141 3859 1250 3929 (5i)
1286 3865 1471 3926 petra;
1508 3867 1657 3926 petra
1698 3865 1873 3909 autem
1918 3864 2037 3910 erat
2077 3854 2345 3912 Christus.

781 3952 890 4006 Sed
923 3966 1027 4005 non
1060 3951 1111 4004 in
1140 3950 1389 4018 pluribus
1422 3962 1607 4002 eorum
1646 3947 1780 4000 lwne
1809 3946 1980 3999 sensit
2015 3945 2193 4009 Deus;
2223 3961 2351 4017 pro—

779 4044 936 4100 strati
967 4051 1093 4096 sunt
1127 4042 1271 4097 enim
1306 4042 1358 4092 iu
1393 4040 1633 4093 deserto.
1668 4036 1827 4109 265
1866 4036 1987 4092 llzec
2028 4036 2078 4090 in
2125 4038 2348 4108 figuram

780 4134 955 4190 nostri
998 4132 1239 4195 fuerunt.
1276 4140 1333 4185 ut
1369 4147 1472 4184 non
1509 4132 1680 4185 simus
1712 4130 2156 4196 concupiscentes
2186 4129 2351 4182 malo-

780 4240 923 4287 rum.
976 4221 1428 4293 quemadmodum
1478 4231 1533 4274 et
1582 4220 1655 4272 illi
1705 4220 2129 4287 concupierunt;
2177 4233 2351 4287 neque

780 4314 1079 4371 idololatrae
1096 4313 1236 4371 sitis.
1254 4311 1710 4380 quemadmodum
1732 4311 1949 4379 quidam
1973 4323 2157 4364 eorum
2176 4326 2190 4375 ;
2212 4308 2352 4363 sicut

777 4409 1041 4478 scriptum
1080 4416 1164 4460 est
1190 4405 1303 4477 (32)
1334 4421 1349 4458 :
1385 4404 1534 4458 Sedit
1566 4396 1795 4474 populus
1828 4404 2157 4459 manducare
2181 4412 2234 4459 et
2272 4405 2351 4459 bi-

781 4500 930 4562 bere,
963 4508 1019 4551 et
1041 4504 1398 4550 surrexerunt
1427 4494 1629 4547 ludere.
1661 4492 1845 4563 Neque
1871 4494 2353 4558 fornicemur,sic-

2457 3313 2574 3367 btet:
2600 3312 2821 3381 quidem
2872 3310 3053 3367 fuistis
3082 3330 3099 3381 ;
3141 3312 3236 3366 sed
3282 3312 3453 3365 abluti
3486 3312 3642 3373 estis.
3668 3311 3762 3366 sed
3790 3310 4029 3365 sanctiﬁ-

2450 3404 2556 3459 cati
2610 3402 2743 3458 estis
2777 3403 2829 3457 in
2878 3402 3105 3458 nomine
3144 3402 3359 3457 Domini
3403 3400 3531 3456 Iesu
3576 3400 3804 3464 Cbristi.
3854 3414 3911 3457 et
3975 3401 4027 3456 in

2451 3495 2655 3565 Spiritu
2691 3495 2783 3549 Dei
2819 3497 2995 3549 nostri
3018 3495 3083 3548 “.
3122 3512 3139 3545 ι
3175 3493 3240 3547 Ει
3265 3492 3721 3561 quemadmodum
3755 3491 3868 3546 illic
3898 3506 4029 3546 con-

2451 3584 2873 3650 demuabautur,
2900 3594 2957 3638 et
2990 3582 3418 3653 projieiebantur
3443 3584 3497 3637 bi
3529 3585 3623 3654 qui
3650 3584 3795 3636 maie
3821 3596 4023 3652 opera-

2454 3676 2677 3741 bantur,
2711 3688 2767 3734 et
2806 3676 3043 3744 reliquos
3078 3675 3547 3737 exterminabant,
3580 3672 3831 3728 similiter
3857 3686 3912 3729 et
3939 3674 4027 3730 bic

2452 3763 2641 3820 oculus
2692 3779 2908 3835 quoque
2952 3762 3207 3819 eﬂ’oditur
3249 3765 3653 3822 scandalizans.
3709 3772 3763 3817 et
3805 3780 3921 3831 pes,
3975 3775 4027 3819 et

2456 3870 2669 3923 manus,
2718 3870 2785 3911 ne
2835 3854 3106 3925 reliquum
3172 3869 3371 3925 corpus
3415 3856 3621 3924 pariter
3652 3854 3927 3924 pereat".
3962 3853 4025 3908 Et

2455 3946 2718 4003 habemus
2751 3959 3113 4017 praeceptum:
3156 3966 3175 4000 ι
3214 3946 3269 4002 Si
3296 3949 3417 4017 quis
3464 3946 3639 4002 frater
3705 3947 4025 4001 nominatur

2454 4039 2776 4103 fornicator,
2807 4050 2901 4093 aut
2924 4055 3145 4104 avarus.
3170 4051 3227 4097 ut
3256 4039 3557 4103 idololatra.
3584 4048 3679 4093 aut
3709 4040 4023 4104 maledicus.

2457 4140 2551 4185 aut
2577 4130 2850 4195 ebriosus,
2876 4140 2968 4185 aut
2996 4147 3185 4202 rapax,
3208 4146 3331 4186 cum
3367 4130 3674 4199 huiusmodi
3708 4146 3808 4186 nec
3841 4134 4023 4187 cibum

2456 4235 2670 4276 sumere
2698 4221 2762 4275 ι’.
2803 4240 2823 4274 ι
2880 4221 2941 4275 Et
2974 4221 3170 4276 iterum
3208 4222 3285 4274 ait
3311 4221 3599 4290 Apostolus
3631 4240 3645 4273 :
3681 4239 3700 4270 ι
3734 4221 3903 4277 Nemo
3932 4238 4026 4277 vos

2458 4317 2685 4369 seducat
2720 4314 2976 4367 inanibus
3023 4313 3247 4375 verbis;
3290 4323 3512 4381 prepter
3555 4314 3670 4367 inec
3699 4315 3847 4367 enim
3882 4314 4026 4368 venit

2460 4408 2535 4462 ira
2590 4406 2682 4461 Dei
2718 4406 2771 4460 in
2807 4407 2947 4461 filios
2976 4404 3308 4461 dimdentim.
3345 4405 3517 4461 Nolite
3546 4422 3677 4476 ergo
3705 4408 3824 4462 lieri
3854 4408 4022 4477 parti-

2461 4500 2610 4567 cipes
2646 4499 2918 4554 eorum".
2970 4497 3035 4551 iit
3084 4498 3542 4568 quemadmodum
3583 4498 3655 4552 ibi
3681 4498 4023 4566 peccantium

781 4602 841 4645 ιιι
910 4591 1131 4661 quidam
1158 4604 1223 4643 ex
1253 4588 1359 4641 illis
1386 4586 1633 4640 fornicati
1662 4599 1810 4650 sunt,
1830 4596 1883 4640 et
1904 4598 2349 4645 corrueruntuna
2385 4592 2429 4647 D
2458 4590 2734 4643 damnatio
2768 4588 3121 4658 participabat
3159 4600 3212 4643 et
3254 4588 3513 4657 reliquos,
3556 4588 3816 4657 quoniam
3846 4588 4023 4659 place—

780 4681 867 4735 die
950 4679 1137 4747 viginti
1194 4678 1297 4731 tria
1344 4677 1533 4730 millia.
1582 4675 1691 4729 Nec
1738 4685 2006 4731 teutemus
2052 4676 2349 4742 Christum.

779 4768 1235 4840 quemadmodum
1282 4768 1504 4837 quidam
1551 4782 1739 4819 eorum
1794 4775 2164 4833 tentaverunt,
2210 4780 2265 4825 et
2320 4788 2348 4825 a

778 4860 1121 4930 serpentibus
1163 4859 1461 4927 perierunt.
1496 4855 1681 4925 Neque
1712 4861 2205 4924 murmuraveritis.
2237 4861 2347 4916 sic-

780 4949 857 5005 uti
908 4949 1125 5018 qnidam
1187 4962 1373 5001 eorum
1445 4956 1945 5013 murmuraveruut,
1982 4955 2036 5001 et
2077 4949 2352 5018 perierunt

881 5113 903 5145 ⁸
952 5113 1105 5166 lieni.
1156 5128 1232 5173 xt.
1264 5111 1355 5171 2i.
1412 5110 1497 5163 l7.
1572 5110 1592 5141 ’
1624 5105 1643 5180 l
1673 5108 1805 5180 Cor.
1830 5124 1889 5180 x.
1930 5108 1953 5162 i
1989 5120 2041 5162 et
2075 5123 2226 5180 seqq.

781 5182 1299 5246 ,..Cor,..,9,io.
1378 5179 1703 5243 "lbid.,tt.
1763 5179 2359 5245 "Matth.xvut,8.9.

848 5318 962 5389 (29)
1002 5316 1186 5389 Vides.
1234 5316 1333 5389 εἰς
1359 5332 1455 5379 pro
1499 5318 1697 5379 videns,
1744 5322 1887 5389 quod
1929 5331 2149 5389 sensum
2199 5317 2341 5389 male

776 5386 1081 5456 suspendit,
1126 5388 1337 5455 reposui
1381 5390 1702 5440 auctoritate
1748 5388 1870 5441 cod.
1923 5387 2160 5441 Ciarom.
2215 5386 2340 5443 Hzec

778 5455 905 5510 vero
957 5473 1061 5510 non
1112 5457 1319 5517 irena-i,
1362 5458 1453 5509 sed
1506 5458 1733 5511 senioris
1779 5455 1924 5510 illius
1974 5472 2130 5526 quem
2183 5458 2343 5527 paulo

778 5541 901 5582 ante
934 5528 1139 5589 citavit,
1180 5528 1338 5579 verba
1374 5542 1490 5579 esse
1521 5528 1794 5579 existimo.

848 5598 959 5664 (30)
992 5596 1058 5650 Se
1084 5599 1283 5648 dicunt.
1318 5596 1392 5649 lta
1426 5597 1661 5649 Clarotn.
1694 5597 1909 5662 Caneri,
1943 5596 2214 5650 dicuntur.

849 5668 960 5736 (3i)
1007 5666 1361 5735 Consequent:
1410 5683 1515 5719 eos.
1576 5666 1755 5736 Deest.
1789 5667 1843 5722 in
1891 5668 2068 5729 Eras.,
2118 5666 2347 5732 Gallas.,

775 5735 1053 5802 Anumch,
1086 5736 1250 5789 Merc.
1284 5736 1320 5787 2
1345 5746 1398 5788 et
1426 5738 1557 5789 edit.
1588 5735 1759 5790 Oxon.

846 5806 955 5876 (32)
987 5805 1401 5866 Sicani-rimam
1425 5814 1520 5859 est.
1546 5806 1802 5874 Clat'om.,
1842 5808 1991 5861 Erus.
2025 5817 2076 5861 et
2114 5806 2341 5872 Gallas.,

2306 5114 2349 5145 ⁸⁸
2397 5114 2529 5182 Cap.
2555 5114 2739 5170 XLVI.

2459 4683 2587 4737 bant
2632 4682 2735 4746 eis,
2776 4691 2829 4736 et
2883 4696 2988 4735 una
3024 4696 3149 4735 cum
3194 4681 3275 4735 eis
3308 4679 3820 4741 convcrsabantur;
3858 4682 3939 4736 sic
3971 4690 4022 4737 et

2461 4774 2594 4828 hic:
2640 4791 2659 4825 ι
2704 4773 2977 4828 modicum
3010 4771 3335 4828 fermentum
3393 4781 3564 4828 totam
3619 4788 3861 4827 massam
3912 4790 4022 4829 cor-

2457 4864 2729 4933 rumpit".
2755 4884 2775 4917 ι
2812 4865 2881 4919 Ει
2902 4864 3358 4935 quemadmodum
3386 4864 3459 4919 ibi
3494 4867 3763 4919 adversus
3792 4866 4018 4935 injustas

2459 4957 2538 5011 ira
2569 4957 2934 5013 descendebat
2961 4956 3165 5021 Dci.et
3192 4956 3278 5012 hic
3308 4956 3564 5011 similiter
3585 4956 3883 5025 Apostolus
3905 4957 4014 5011 ait:

2818 5115 3075 5171 “Matth.
3122 5129 3214 5174 xx.
3247 5111 3333 5168 i6.
3413 5114 3457 5145 “
3498 5112 3690 5167 Matth.
3742 5127 3875 5175 xxv,
3933 5112 4013 5168 41.

2449 5187 2492 5217 ¹⁶
2531 5187 2547 5239 I
2578 5186 2701 5241 Cor.
2724 5188 2875 5253 v,il.
2914 5188 2957 5222 ⁸⁷
2975 5185 3174 5257 Ephes.
3202 5198 3255 5250 v,
3286 5184 3413 5249 6.7.
3475 5184 3516 5215 ⁸⁸
3543 5183 3562 5237 l
3591 5182 3716 5238 Cor.
3748 5199 3802 5249 v,
3826 5182 3880 5238 6.

2458 5324 2536 5394 sic
2566 5325 2704 5394 enim
2726 5326 2978 5394 scriptum
3003 5334 3101 5379 est.

2450 5462 2493 5519 Ε
2521 5392 2633 5516 (33)
2678 5392 2906 5464 Regnum
2932 5394 3052 5451 Dei.
3101 5392 3299 5449 Vocem
3339 5392 3437 5448 Dei
3464 5393 3723 5448 omittunt
3752 5392 3907 5449 Eras.
3961 5403 4007 5446 et

2501 5482 2528 5516 ιι
2576 5480 2657 5517 us.

2501 5480 2657 5517 alliiS.

2530 5534 2643 5603 (54)
2677 5531 2857 5601 Neque
2888 5535 3256 5601 fornicatores.
3292 5530 3433 5597 Quia
3470 5532 3621 5586 bisee
3678 5533 4004 5601 prmmissum

2460 5604 2514 5657 in
2568 5603 2975 5668 Eras.,Gallas.
3028 5614 3082 5658 et
3138 5603 3372 5657 Feuard.
3438 5606 3700 5657 omittunt
3757 5604 4005 5659 Clarum”

2461 5671 2635 5732 Voss..
2664 5674 2924 5728 Arundel.
2952 5683 3003 5728 ct
3031 5673 3368 5742 apostolicus
3395 5682 3600 5742 textus.

2526 5742 2640 5813 (35)
2681 5742 3044 5797 Possidebum.
3067 5741 3209 5799 ’Alti.
3242 5741 3646 5798 htcreditabuut.
