4222 6320
291 375 421 432 1061

1434 373 1711 432 CONTRA
1749 377 2087 434 HIEBESES
2138 376 2268 432 LIB.
2308 373 2398 430 IV.

3408 375 3551 433 1062

287 515 313 555 s
358 498 714 556 Revelabitur
745 497 889 554 enim
926 496 1008 553 ira
1048 492 1148 549 Dei
1177 498 1244 552 de
1273 494 1413 553 caelo
1455 512 1620 568 super
1642 515 1858 554 omnem
1889 505 1935 562 Α
1962 513 2054 563 ea,
2081 514 2201 568 qua:
2224 507 2308 552 est
2335 496 2404 550 ad
2427 496 2617 563 Deum,
2646 495 2781 552 lides
2802 495 3082 552 hominum
3109 504 3271 552 aucta
3303 506 3408 560 est,
3448 498 3543 550 ad-

284 589 649 660 impietatem,
687 600 744 644 et
790 587 1109 657 injustitiam
1166 603 1356 643 eorum
1406 588 1712 657 hominum,
1757 590 1849 659 qui

284 681 567 737 veritatem
622 680 678 736 in
718 664 986 750 iniustitia
1030 678 1276 735 detinent
1310 679 1381 735 η.
1426 699 1444 732 ι
1487 679 1552 734 Et
1584 681 1851 749 quemad-

284 776 505 831 modum
562 772 715 827 ibiin
781 768 1094 842 Egyptios,
1150 770 1243 840 qui
1299 769 1501 839 injuste
1553 770 1853 841 puniebant

281 866 475 936 lsrael,
528 867 764 922 vindicta
810 882 841 921 a
880 865 994 921 Deo
1032 863 1234 928 flebat;
1276 863 1357 920 sic
1379 873 1434 919 et
1462 863 1573 932 hic,
1621 863 1852 920 Domino

279 958 502 1030 quidem
534 957 789 1013 dicente:
840 972 861 1008 ι
900 955 1043 1012 Deus
1087 962 1270 1009 autem
1317 970 1427 1010 non
1459 952 1623 1011 faciet
1674 956 1852 1013 vindi—

280 1061 429 1108 etam
483 1048 780 1106 electorum
835 1061 1087 1114 suorum,
1134 1048 1445 1119 quicunque
1492 1048 1729 1102 clamant
1780 1049 1847 1101 ad

279 1159 407 1199 eum
450 1141 538 1197 die
565 1152 620 1197 et
650 1141 856 1196 nocte?
884 1141 1063 1196 Etiam
1105 1140 1228 1197 dico
1266 1139 1446 1203 vobis,
1484 1137 1649 1195 faciet
1675 1140 1850 1192 vindi-

275 1245 423 1290 ctam
450 1246 637 1289 eorum
665 1229 774 1288 cito
789 1230 873 1298 “;
919 1251 939 1284 ι
967 1240 1023 1289 et
1044 1231 1303 1301 Apostolo
1331 1231 1387 1285 in
1420 1245 1486 1286 ea
1518 1245 1640 1301 quas
1668 1240 1752 1286 est
1780 1230 1847 1285 ad

276 1321 803 1380 Thessalonicenses
848 1323 1109 1395 Epistula,
1155 1324 1254 1379 ista
1298 1324 1630 1394 praedicante
1682 1337 1698 1377 :
1735 1339 1755 1373 t
1786 1321 1844 1376 Si

270 1415 495 1485 quidem
531 1414 737 1485 justum
782 1415 1027 1485 estapud
1072 1413 1241 1469 Deum
1276 1414 1583 1469 retribuere
1614 1413 1847 1468 retribu-

272 1507 478 1564 tionem
506 1505 616 1579 (56)
644 1506 729 1562 bis
759 1506 854 1576 qni
885 1504 1150 1562 tribulant
1181 1520 1275 1561 vos
1300 1548 1313 1573 ,
1347 1514 1405 1561 et
1430 1505 1583 1561 vobis
1615 1504 1708 1576 qui
1742 1504 1843 1559 tri-

269 1598 575 1664 bulamini,
632 1596 975 1671 refrigerium:
1033 1598 1358 1664 nobiscum,
1411 1598 1464 1652 in
1505 1596 1844 1654 revelatione

270 1690 485 1745 Domini
519 1690 691 1745 nostri
739 1688 865 1746 Jesu
894 1687 1097 1746 Christi
1140 1689 1207 1747 de
1259 1690 1405 1747 caelo
1452 1704 1579 1744 cum
1630 1688 1840 1761 angelis

264 1778 487 1835 virtutis
515 1779 653 1848 ejus,
681 1790 736 1836 et
767 1782 821 1836 in
851 1780 1067 1838 ﬂamma
1096 1782 1255 1853 ignis,
1296 1784 1428 1836 dare
1452 1780 1746 1836 vindictam
1780 1782 1832 1835 in

1961 590 2324 645 ditamentnm
2353 586 2631 656 accipiens
2664 587 2859 641 Filium
2894 587 2986 643 Dei
3029 588 3165 660 (44),
3198 598 3260 643 ιιι
3304 598 3358 643 et
3374 588 3543 644 homo

1962 680 2117 737 fieret
2148 680 2424 751 particeps
2452 680 2576 745 Dei;
2611 679 2683 733 ita
2706 687 2763 733 et
2790 678 3073 748 diligentia
3093 680 3541 735 conversationis

1957 785 2114 829 aucta
2137 784 2238 838 est,
2270 788 2393 828 cum
2431 787 2539 828 non
2564 771 2741 827 solum
2783 784 2815 825 a
2859 770 3019 824 malis
3067 770 3333 840 operibus
3370 770 3544 826 absti-

1958 879 2092 919 nere
2121 864 2397 932 iubemur,
2430 862 2525 918 sed
2563 862 2635 916 ab
2672 860 2808 930 ipsis
2837 859 2950 930 (65)
2996 860 3449 929 cogitationibus,
3480 869 3541 917 et

1956 956 2145 1009 otiosis
2176 952 2503 1009 dictionibus
2558 960 2617 1007 et
2652 949 3002 1005 sermonibus
3030 949 3238 1008 vacuis.
3269 959 3325 1004 et
3349 950 3535 1005 verbis

1956 1044 2275 1101 scurrilibus
2305 1060 2321 1099 :
2363 1044 2446 1100 sic
2472 1052 2529 1099 et
2574 1055 2738 1110 paena
2777 1054 2994 1105 eorum,
3036 1042 3129 1111 qui
3160 1056 3267 1096 non
3298 1044 3536 1097 credunt

1954 1136 2134 1192 Verbo
2175 1134 2291 1201 Dei,
2322 1144 2376 1191 et
2409 1140 2763 1189 contemnunt
2802 1132 2920 1200 ejus
2950 1136 3279 1199 adventum,
3313 1145 3372 1187 et
3407 1149 3542 1189 con-

1955 1236 2241 1281 vertuntur
2284 1234 2609 1290 retrorsum,
2654 1223 2982 1293 adampliata
3024 1236 3140 1291 est;
3197 1240 3302 1279 non
3346 1226 3523 1281 solum

1954 1318 2306 1390 temporalis,
2364 1318 2458 1374 sed
2515 1325 2572 1373 et
2633 1326 2836 1371 aeterna
2896 1315 3061 1375 facta.
3107 1317 3540 1390 Quibuscunqne

1952 1410 2093 1464 enim
2136 1409 2338 1464 dixerit
2391 1408 2695 1462 Dominus:
2744 1425 2763 1458 ι
2806 1407 3073 1463 Discedite
3112 1424 3142 1463 ιι
3204 1423 3327 1473 ιιιε,
3367 1410 3539 1464 male-

1951 1495 2099 1561 dicti,
2134 1496 2186 1551 in
2233 1496 2415 1567 ignem
2464 1504 2790 1565 perpetuum
2813 1495 2861 1528 “
2887 1513 2902 1561 ;
2933 1513 2953 1549 ι
2982 1496 3072 1552 isti
3102 1508 3265 1552 erunt
3318 1514 3536 1569 sctiiper

1950 1586 2217 1651 damnati;
2262 1596 2315 1642 et
2348 1587 2770 1657 quibuscunque
2808 1587 3061 1642 dixerit:
3105 1606 3123 1640 ι
3164 1586 3379 1653 Venite.
3424 1592 3521 1646 be-

1948 1674 2150 1729 nedicti
2205 1675 2378 1731 Patris
2423 1679 2553 1740 mei,
2594 1679 2861 1745 percipite
2920 1677 3295 1735 hereditatem
3339 1679 3517 1750 regni,

1948 1766 2092 1836 quod
2123 1777 2483 1836 prteparatum
2506 1778 2591 1823 est
2620 1766 2773 1823 vobis
2798 1767 2851 1823 in
2874 1770 3264 1839 sempiternum
3282 1772 3361 1839 ";
3404 1790 3426 1827 ι
3475 1774 3530 1829 hi

262 1884 365 1926 eos
384 1872 475 1941 qui
505 1888 612 1926 non
640 1881 908 1928 noverunt
933 1874 1120 1940 Deum,
1154 1882 1211 1929 et
1241 1872 1295 1927 in
1327 1887 1424 1929 eos
1451 1872 1541 1943 qui
1569 1888 1675 1928 non
1701 1871 1833 1929 obe-
1862 1862 1905 1919 Β

1862 1862 1905 1919 Β
1934 1870 2148 1925 semper
2172 1858 2480 1929 percipiunt
2515 1874 2739 1930 regnum
2758 1896 2777 1927 ,
2807 1868 2864 1915 et
2906 1859 3201 1929 prulleiunt
3239 1861 3376 1932 (46),
3400 1878 3525 1919 cum

262 1958 747 2032 diuntEvangelio
783 1961 893 2035 (57)
948 1962 1160 2019 Domini
1194 1963 1365 2019 nostri
1416 1960 1545 2019 Jesu
1594 1963 1836 2030 Christi;

262 2052 359 2125 qui
394 2054 557 2108 etiam
592 2066 783 2124 pmnas
813 2055 1051 2125 pendent
1082 2055 1337 2112 interitus
1367 2069 1601 2113 ateruas
1628 2071 1659 2110 a
1700 2055 1840 2115 faeie

264 2142 503 2213 Domini,
531 2155 587 2200 et
615 2160 646 2200 a
683 2145 854 2217 gloria
883 2146 1102 2203 virtutis
1137 2148 1276 2219 ejus,
1309 2163 1432 2203 cum
1481 2149 1695 2204 venerit
1722 2165 1840 2204 ma-

262 2232 517 2305 gniﬁcari
560 2235 613 2289 in
648 2237 851 2291 sanctis
887 2238 1020 2301 suis,
1046 2246 1101 2293 et
1126 2236 1461 2293 admirabilis
1509 2253 1632 2297 esse
1661 2241 1839 2297 omni-

264 2324 370 2380 bus
400 2322 512 2399 (38)
574 2324 667 2394 qui
696 2325 1045 2381 crediderunt
1078 2343 1098 2378 ι
1136 2324 1189 2379 in
1216 2326 1421 2386 eum“.

808 2462 1034 2520 CAPUT
1070 2460 1309 2518 XXVIII.

263 2574 582 2647 [nsipienles
620 2591 731 2631 esse
760 2576 851 2644 qui
894 2575 1091 2631 Christi
1132 2576 1549 2647 misericordiam
1609 2591 1834 2647 exagge-

333 2645 527 2711 rentes,
545 2646 812 2716 judicium
846 2656 1096 2709 tacentes,
1130 2645 1489 2716 maioremque
1513 2646 1632 2700 noui
1669 2645 1832 2700 testa-

338 2717 498 2797 menti
541 2715 770 2797 gratiam
812 2723 1101 2797 spectantes
1127 2715 1416 2797 ;_mejoris
1443 2730 1580 2780 vero,
1612 2730 1831 2797 ﬂuenta

333 2786 481 2855 nobis
529 2787 714 2855 exigit,
753 2786 1086 2854 perfectionis
1124 2785 1293 2852 obliti,
1339 2785 1563 2838 alterum
1600 2785 1766 2839 Deum
1796 2802 1831 2840 α

332 2853 585 2911 Creatore
607 2853 1121 2910 statuereuitttutur.

332 2972 386 3025 l.
424 2969 560 3025 Cum
588 2983 722 3039 ergo
757 2968 845 3024 hic
870 2978 926 3023 et
941 2965 1054 3023 illic
1095 2966 1287 3022 eadem
1314 2965 1386 3021 sit
1418 2963 1472 3019 in
1503 2963 1831 3019 vindicando

260 3062 374 3118 Deo
393 3061 606 3133 justitia
643 3061 759 3129 Dei,
792 3067 847 3117 et
869 3059 979 3115 iliie
1011 3058 1232 3130 quidem
1258 3060 1453 3130 typice.
1477 3066 1534 3114 et
1561 3067 1831 3127 tempora-

1945 1948 2013 2003 sit
2048 1948 2161 2020 (δῖ)
2191 1965 2330 2005 unus
2359 1960 2415 2006 et
2442 1949 2588 2005 idem
2621 1952 2762 2007 Dens
2784 1950 2966 2016 Pater,
2996 1961 3052 2007 et
3091 1950 3328 2008 Verbum
3382 1954 3524 2024 ejus,

1943 2051 2161 2109 semper
2205 2042 2471 2096 assistens
2527 2043 2767 2097 humano
2817 2042 3027 2112 generi,
3074 2043 3246 2100 variis
3300 2044 3523 2114 quidem

1944 2130 2412 2202 dispositionibus,
2450 2142 2506 2188 et
2551 2133 2720 2188 multa
2777 2148 3016 2204 operans
3072 2146 3129 2191 et
3178 2137 3400 2194 salvans
3454 2142 3525 2196 ab

1944 2221 2100 2279 initio
2135 2238 2232 2279 eos
2259 2224 2349 2293 qui
2380 2223 2663 2279 salvantur
2689 2228 2857 2296 (sunt
2895 2226 3040 2280 enim
3077 2228 3132 2282 hi
3169 2229 3263 2299 qui
3290 2228 3525 2300 diligunt

1945 2314 2139 2382 Deum,
2164 2323 2218 2370 et
2240 2320 2550 2372 secundum
2575 2332 2733 2373 suum
2760 2333 2930 2388 genus
2950 2328 3252 2388 sequuntur
3280 2319 3517 2375 Verbum

1940 2406 2037 2462 Dei
2058 2406 2099 2477 ).
2146 2416 2199 2463 et
2256 2407 2574 2477 adjudicans
2625 2424 2719 2465 eos
2746 2410 2840 2479 qui
2881 2408 3281 2479 atljudicantur,
3331 2412 3385 2468 id
3438 2422 3524 2469 est

1940 2512 2034 2555 eos
2062 2500 2150 2569 qui
2182 2499 2581 2556 obliviscuntur
2609 2502 2799 2568 Deum,
2842 2510 2901 2557 et
2936 2514 3068 2557 Sunt
3103 2502 3429 2574 blasphemi,
3467 2516 3525 2562 et

1940 2599 2383 2661 transgressores
2412 2591 2529 2662 ejus
2569 2593 2741 2647 verbi.

2010 2682 2065 2738 5.
2107 2683 2317 2737 Etenim
2346 2683 2403 2737 bi
2426 2682 2548 2752 ipsi,
2578 2685 2669 2753 qtti
2700 2701 2727 2737 ει
2754 2684 2909 2740 nobis
2936 2685 3181 2755 praedicti
3207 2695 3357 2750 sunt,
3409 2686 3523 2742 hze-

1939 2777 2092 2833 retici
2135 2774 2465 2831 exciderunt
2509 2776 2639 2839 sibi,
2697 2790 3020 2832 accusantes
3072 2778 3401 2847 Dominum,
3462 2781 3516 2836 in

1934 2882 2099 2938 quem
2158 2868 2348 2924 dicunt
2396 2883 2455 2923 sc
2498 2869 2747 2923 credere.
2805 2867 2935 2934 Qum
2956 2871 3101 2925 enim
3156 2873 3417 2926 denotant
3461 2874 3518 2928 in

1937 2960 2067 3026 Deo,
2107 2962 2203 3032 qui
2237 2971 2365 3016 tunc
2393 2962 2773 3031 temporaiiter
2808 2960 3140 3031 judicaverit
3170 2964 3518 3033 incredulos,

1934 3055 2271 3125 etpcrcussit
2304 3052 2619 3125 Egyptios,
2663 3054 2897 3109 salvavit
2934 3065 3117 3109 autem
3148 3057 3513 3124 obedientes;

254 3154 408 3218 liter,
439 3163 491 3210 et
523 3154 895 3220 mediocrius;
948 3153 1037 3208 hic
1077 3166 1211 3209 vero
1243 3165 1388 3218 vere,
1418 3160 1475 3204 et
1506 3165 1741 3217 semper,
1773 3158 1826 3204 et
1871 3217 1898 3220 _
1934 3149 2126 3202 eadem
2152 3145 2507 3202 nihilominus
2536 3156 2826 3201 recurrent
2857 3147 2909 3202 in
2950 3149 3262 3217 Dominum,
3285 3150 3339 3204 in
3364 3164 3512 3207 sem-

253 3217 567 3309 austerius;
600 3243 742 3315 ignis
769 3217 915 3298 enim
947 3252 1206 3308 :eternus,
1249 3250 1303 3295 et
1332 3217 1452 3310 quae
1486 3256 1516 3295 a
1563 3241 1706 3295 C(Blo
1740 3255 1826 3296 re-
1854 3217 1902 3278 θ
1932 3239 2204 3308 piternum
2234 3237 2457 3307 quidem
2493 3238 2895 3306 adjudicsntem
2945 3254 3087 3309 quos
3128 3239 3423 3309 adjudicat,
3454 3252 3516 3296 et

255 3334 528 3391 velabitur
556 3336 636 3389 ira
678 3334 771 3390 Dei
812 3351 842 3389 a
881 3332 1021 3388 facie
1052 3332 1263 3387 Domini
1298 3332 1471 3387 nostri
1522 3330 1829 3403 (quemad—

252 3427 475 3483 modum
506 3436 560 3483 et
590 3425 755 3481 David
787 3425 866 3480 a‘it
892 3443 907 3480 :
944 3442 965 3477 ι
998 3424 1191 3481 Vultus
1222 3433 1402 3478 autem
1430 3422 1639 3478 Domini
1664 3436 1828 3493 super

253 3513 515 3570 facientes
541 3515 705 3581 mala,
740 3523 798 3569 ut
831 3513 1021 3583 perdat
1050 3514 1119 3569 de
1146 3521 1292 3568 terra
1326 3512 1647 3569 memoriam
1683 3513 1827 3582 ipso-

253 3622 375 3662 rum
399 3607 444 3639 “
482 3627 501 3660 ι
531 3612 574 3675 ),
618 3606 879 3671 majorem
930 3617 1150 3674 pmnam
1180 3612 1409 3675 praestat
1453 3604 1520 3659 iis
1552 3606 1643 3674 qui
1682 3605 1824 3661 inci-

251 3699 389 3753 dunt
443 3697 497 3751 in
553 3713 674 3751 eam
728 3714 742 3751 :
794 3696 841 3729 ³³
882 3694 1041 3752 valde
1106 3697 1409 3751 insensatss
1460 3696 1822 3751 ostendebant

250 3791 555 3861 presbyteri
588 3788 703 3862 (39)
739 3806 857 3854 eos,
881 3790 973 3861 qui
1016 3803 1080 3845 ex
1110 3789 1196 3844 bis
1223 3803 1344 3859 quae
1369 3788 1685 3842 acciderunt
1711 3789 1815 3857 his,

248 3883 343 3954 qui
380 3882 509 3936 olim
554 3880 660 3935 Deo
701 3880 1161 3951 obtemperabant
1187 3878 1317 3951 (ω),
1354 3887 1564 3933 tentant
1586 3878 1817 3934 alterum

252 3975 473 4031 Patrem
497 3972 847 4027 introducere
870 3988 885 4038 ;
908 3985 940 4027 e
961 3972 1238 4026 contrario
1262 3977 1617 4038 apponentes,
1647 3984 1820 4037 quam

246 4073 301 4123 ta
344 4064 608 4121 Dominus
636 4061 748 4134 (4i)
792 4062 859 4117 ad
903 4060 1192 4117 salvandos
1236 4075 1350 4124 eos,
1378 4060 1469 4128 qui
1494 4069 1818 4131 receperunt

244 4171 394 4218 eum.
438 4155 667 4209 veniens
703 4152 943 4215 fecisset,
988 4152 1257 4207 miserans
1304 4166 1533 4217 eorum;
1576 4162 1817 4208 tacentes

248 4257 430 4305 autem
464 4244 756 4314 dejudieio
779 4245 921 4315 ejus,
943 4255 997 4298 et
1020 4260 1357 4313 qumcunque
1380 4245 1813 4317 provenienttﬂ)

245 4339 354 4403 bis,
382 4338 472 4409 qui
515 4338 806 4391 audierunt
838 4350 1123 4391 sermones
1147 4333 1287 4401 ejus,
1320 4345 1373 4391 et
1403 4350 1510 4390 non
1540 4336 1810 4404 fecerunt,

244 4428 586 4503 etquoniam
623 4425 948 4495 expediebat
993 4425 1093 4488 eis,
1146 4426 1190 4479 si
1224 4440 1330 4480 non
1375 4436 1556 4482 essent
1588 4428 1726 4492 nati,
1757 4438 1813 4482 et

1931 3331 1983 3385 in
2024 3331 2414 3400 sempiternum
2455 3330 2819 3384 dimittentem
2869 3345 2967 3385 eos
2994 3345 3130 3399 quos
3162 3332 3510 3388 dimittit:et

1930 3423 2256 3489 invenietur,
2287 3421 2584 3478 secundum
2619 3422 2834 3476 illorum
2863 3423 3050 3486 verba,
3100 3423 3325 3479 maximi
3376 3438 3508 3494 pec-

1926 3522 2223 3574 caticausa
2258 3519 2434 3572 factus
2483 3516 2681 3585 bisqui
2720 3516 2775 3569 in
2826 3531 2950 3571 eum
2996 3517 3343 3573 immiserunt
3390 3533 3508 3573 ma-

1928 3626 2053 3675 nus.
2083 3620 2139 3665 et
2169 3619 2514 3680 pupugerunt
2541 3623 2687 3663 eum.
2719 3608 2775 3663 Si
2799 3609 2945 3662 enim
2975 3624 3081 3663 non
3118 3610 3189 3662 ita
3233 3611 3502 3673 venisset,

1926 3708 2119 3774 utique
2148 3705 2225 3759 illi
2258 3703 2472 3759 Domini
2518 3703 2602 3757 sui
2644 3700 3029 3756 interfectores
3060 3698 3188 3755 iacti
3227 3717 3336 3756 non
3366 3701 3506 3757 fuis—

1923 3807 2089 3851 sent:
2142 3806 2197 3851 et
2242 3798 2285 3850 si
2317 3811 2421 3849 non
2474 3795 2713 3849 misisset
2765 3794 3061 3862 prolihctas
3099 3796 3167 3847 ad
3226 3809 3341 3861 eos,
3388 3808 3499 3848 non

1921 3889 2110 3957 utique
2139 3886 2474 3942 occidissent
2504 3899 2622 3950 eos,
2663 3894 2719 3939 et
2763 3884 3040 3953 apostolos
3065 3900 3283 3955 quoque
3307 3885 3503 3940 simili—

1923 3986 2026 4035 ter.
2059 3976 2153 4032 His
2201 3976 2363 4046 igitur
2392 3975 2484 4045 qui
2512 3975 2783 4043 imputant
2828 3974 3006 4037 nobis,
3054 3984 3109 4029 et
3156 3975 3387 4030 dicunt:
3440 3974 3497 4031 Si

1919 4085 2025 4125 non
2048 4068 2285 4139 Egyptii
2318 4066 2516 4137 plagati
2542 4065 2798 4130 fuissent,
2826 4075 2880 4121 et
2916 4080 3312 4135 persequentes
3336 4067 3500 4121 lsrael

1916 4160 2197 4232 prmloeati
2249 4158 2481 4213 fuissent
2519 4158 2572 4212 in
2625 4157 2785 4219 mari,
2818 4171 2924 4209 non
2957 4166 3170 4226 poterat
3206 4155 3346 4210 Deus
3378 4157 3493 4210 sal-

1915 4270 2049 4310 vare
2088 4252 2344 4324 populum
2399 4266 2595 4313 suum;
2640 4249 2881 4303 occurrit
2936 4248 3111 4305 illud:
3174 4247 3289 4304 Nisi
3331 4249 3498 4320 igitur

1913 4346 2087 4403 Judaei
2142 4343 2525 4401 interfectores
2583 4342 2795 4399 Domini
2844 4342 2973 4399 facti
3023 4342 3261 4397 fuissent
3314 4341 3495 4413 (quod

1913 4440 2134 4510 quidem
2170 4438 2399 4493 abstulit
2435 4434 2507 4488 ab
2532 4434 2611 4490 eis
2633 4445 2892 4491 mternam
2926 4434 3150 4507 vitam,),
3189 4444 3244 4489 et
3270 4445 3491 4503 aposto-

242 4525 501 4598 quoniam
522 4519 859 4577 tolerabilius
888 4518 1141 4573 Sodoma:
1171 4528 1225 4574 et
1248 4518 1695 4576 Gomorrbteerit
1755 4524 1808 4577 in
1842 4552 1889 4612 Β
1918 4531 1996 4584 los
2042 4529 2462 4594 inter-fidentes,
2512 4538 2568 4584 et
2610 4539 3007 4599 persequentes
3068 4526 3389 4589 Ecclesium,
3438 4526 3491 4580 in

237 4616 464 4691 judicio,
508 4629 669 4685 quam
724 4611 933 4667 civitati
964 4612 1040 4667 illi
1074 4626 1196 4683 qua:
1227 4626 1333 4666 non
1365 4612 1569 4682 recepit
1594 4629 1804 4669 sermo-

240 4725 337 4767 nes
358 4708 471 4781 (ιδ)
504 4707 895 4778 discipulorum
926 4704 1068 4774 eius.

305 4803 363 4858 2.
394 4800 864 4869 Quemadmodum
883 4800 1027 4852 enim
1051 4798 1104 4851 in
1136 4811 1275 4853 novo
1295 4803 1619 4852 testamento
1641 4798 1807 4871 266

1917 4622 2216 4677 iracundiae
2242 4619 2563 4674 incidissent
2594 4617 2952 4689 profundum,
2996 4632 3094 4673 nos
3136 4616 3337 4672 salvari
3380 4632 3488 4671 non

1912 4722 2245 4781 poteramus.
2280 4710 2743 4775 Quemadmodum
2771 4710 2914 4765 enim
2948 4709 3020 4763 illi
3061 4724 3158 4779 per
3194 4708 3485 4780 Aﬁgyptio-

1912 4816 2055 4868 rum,
2090 4802 2173 4857 sic
2200 4808 2257 4856 et
2295 4816 2397 4868 nos
2424 4816 2523 4873 per
2562 4799 2877 4855 Judmorum
2920 4800 3223 4855 caecitatem
3263 4798 3481 4868 accepi-

325 4943 367 4976 "
391 4942 717 5015 Boni.i_t._i_8_.
784 4939 989 5015 ’_°_Luc.
1011 4952 1163 5002 xvttt,
1188 4937 1242 5002 7,
1262 4935 1318 4991 8.
1375 4937 1419 4969 ’⁸
1438 4936 1480 4993 il
1510 4937 1761 5007 ThessJ,
1784 4940 1817 4997 6
1835 4954 1889 4999 et
1902 4959 2057 5015 seqq.
2125 4946 2171 4977 ¹¹
2189 4944 2331 5000 Psal.
2358 4961 2549 5012 suun,
2576 4944 2662 5000 l7.
2723 4946 2769 4977 ”
2783 4943 2913 5015 Cap.
2937 4941 3148 5000 XLVII.
3222 4942 3481 5001 "Matth.

234 5027 365 5079 xxv,
386 5012 475 5067 si.
542 5010 759 5078 "lbid.,
786 5010 879 5067 54.

365 5133 419 5205 6)
468 5132 900 5205 Retributionem.
946 5129 1184 5205 EditiN.
1216 5127 1563 5205 ’ΐεειᾲεοιιιιἶ
1588 5131 1797 5205 βλιψιν,

236 5200 657 5269 tribulationem,
682 5202 919 5256 utetiam
951 5202 1176 5256 inferius
1196 5216 1313 5269 cap.
1340 5200 1430 5266 32,
1463 5219 1516 5256 ιι.
1542 5202 1631 5265 Η,
1656 5200 1711 5258 et
1741 5200 1794 5259 in

231 5272 711 5342 emendationibus
740 5271 994 5342 Vulgata:
1022 5281 1221 5342 nostrae
1271 5271 1448 5342 editt._
1467 5273 1683 5342 legitur.

300 5341 723 5415 (37)_0bediunt
768 5340 1071 5411 Evangelia.
1132 5340 1288 5396 Eras.
1331 5340 1638 5407 etGailas.,
1688 5358 1789 5397 au-

230 5411 772 5480 diunt‘Eeangelium.

300 5481 415 5555 Q8)
454 5479 731 5555 Qmuious.
772 5481 981 5555 Arund.‘
1011 5490 1065 5534 et
1093 5479 1286 5555 ϐαιὴ..
1313 5482 1366 5534 in
1390 5481 1646 5536 omnibus.

301 5550 415 5621 ('59)
450 5550 801 5621 Ostendebant
845 5552 1147 5621 presbyteri.
1189 5554 1279 5605 Sic
1311 5567 1503 5605 omnes
1532 5566 1697 5617 mss.;
1734 5561 1789 5606 at

233 5620 415 5687 Erus,
438 5621 640 5675 Galias.
672 5632 726 5675 et
756 5620 1321 5690 Feuarti.ostendebnt
1353 5625 1637 5690 presbyter.

1907 5130 2088 5186 minus
2116 5131 2274 5194 bene,
2307 5129 2465 5184 Deus.

1973 5201 2087 5270 (42)
2136 5199 2470 5270 Provenient.
2502 5198 2730 5255 Fenard.
2760 5211 2817 5255 et
2846 5201 3031 5263 γοδς..
3061 5204 3397 5270 proueniunt.

1994 5269 2084 5339 ‘3)
2129 5269 2333 5339 Recepit
2360 5286 2646 5323 sermones.
2678 5270 2802 5339 Alii,
2836 5272 3016 5337 recipit
3044 5269 3358 5327 sermonem.

1993 5338 2085 5405 si)
2120 5338 2317 5393 Filium
2348 5339 2464 5393 Dei.
2491 5342 2723 5401 Ατιιηιι..
2766 5338 2894 5394 Filii
2928 5341 3044 5396 Dei.

1992 5410 2083 5482 45)
2119 5410 2194 5482 ᾼὺ
2220 5412 2365 5478 ipsis.
2402 5409 2562 5463 Malis
2592 5410 2750 5464 omisi
2783 5426 2906 5463 cum
2935 5411 3170 5467 Clarom.
3198 5420 3255 5467 et
3282 5410 3464 5479 Voss.;

1895 5480 2326 5549 subintelligitur
2355 5497 2422 5535 ex
2450 5492 2725 5536 commate
2754 5484 2986 5549 praeced.

1967 5551 2081 5617 (46)
2117 5548 2515 5619 Ειρνοβσὶιιηι.
2549 5552 2639 5604 Sic
2663 5548 2903 5604 Clarum.
2928 5562 2983 5607 et
3011 5551 3164 5606 Voss.
3194 5550 3250 5605 in
3280 5550 3465 5615 editt.,

1894 5630 1941 5672 et
1974 5622 2026 5671 in
2049 5638 2107 5673 eo
2132 5620 2410 5687 proﬁciunt
2458 5638 2697 5689 semper;
2757 5622 2809 5675 in
2871 5623 3080 5676 Aruntl.
3124 5630 3180 5674 et
3224 5620 3387 5676 Merc.
3428 5622 3465 5676 2
3522 5633 3527 5639 '

306 5694 416 5761 (40)
451 5692 907 5759 Obtemperabant.
932 5688 1051 5744 Non
1082 5692 1424 5761 praemissum
1452 5688 1694 5745 in'editl.
1726 5698 1786 5745 ει
1895 5692 2049 5744 deest
2081 5705 2298 5761 semper.

230 5761 392 5817 Merc.
420 5761 477 5818 2.
508 5763 657 5815 deest
680 5761 731 5814 in
760 5762 1022 5820 Clarum.
1057 5761 1213 5815 Voss.
1248 5771 1302 5815 et
1340 5761 1605 5815 Arundei.

300 5831 414 5904 (Η)
434 5831 709 5887 Dominus.
742 5831 923 5899 Eras.,
951 5830 1174 5897 Gailns.,
1213 5831 1445 5889 Feuard.
1476 5843 1527 5887 et
1552 5831 1781 5896 Merci,

1966 5761 2076 5828 (47)
2131 5760 2260 5814 Cum
2310 5762 2399 5819 sit.
2448 5760 2580 5815 Cum
2636 5763 2741 5816 sint
2794 5763 2846 5819 in
2905 5760 3135 5817 Feuard.
3192 5776 3366 5835 marg.
3407 5769 3461 5819 et

1898 5832 2046 5885 V035.
