4222 6320
752 384 894 444 1063
1517 382 1576 439 S.
1617 377 1877 439 IRENIEI
1914 382 2224 440 EPiSCOPl
2259 380 2741 441 LUGDUNENSIS
2778 383 2866 441 ET
2897 384 3252 441 MARTYRIS

3850 391 3987 452 ιοα

743 516 863 559 mus
890 500 1163 555 salutem:
1195 496 1460 567 siquidem
1509 512 1657 553 mors
1686 500 1921 564 Domini,
1954 517 2140 557 eorum
2180 503 2304 572 qui-
2336 509 2380 561 Α
2412 504 2608 559 tionem
2633 504 2829 559 mentis
2867 514 3103 573 praestat.
3136 505 3446 561 Secundum
3484 509 3629 564 hunc
3663 508 3832 580 igitur
3870 528 3986 568 ser-

744 593 866 646 dem
897 590 989 661 qui
1018 589 1166 645 cruci
1213 603 1337 643 eum
1394 588 1655 656 ﬁxerunt,
1705 598 1762 645 et
1806 606 1915 647 non
1962 594 2313 649 crediderunt
2421 610 2631 651 monem
2657 604 2714 651 et
2744 595 3037 663 Apostolus
3057 607 3136 650 ait
3163 597 3216 650 in
3253 596 3494 652 secunda
3522 598 3590 654 ad
3631 600 3984 657 Corinthios:

740 681 863 753 ejus
899 682 1208 746 adventum,
1243 681 1522 737 damnatio
1548 690 1669 747 est;
1713 678 1940 737 salvatio
1964 698 2097 739 vero
2119 697 2310 739 eorum
2424 711 2442 740 ι
2480 687 2540 742 in
2580 690 2781 757 quibus
2822 689 2965 746 Deus
2996 690 3181 746 muli
3228 689 3385 761 hujus
3434 693 3731 749 θιρωωνὶι
3774 705 3987 751 mentes

741 776 837 847 qui
873 774 1102 830 credunt
1146 776 1199 827 in
1229 788 1376 830 eum.
1406 772 1538 827 Nam
1569 781 1625 829 et
1656 773 1947 841 Apostolus
1981 775 2061 829 ait
2106 774 2157 830 in
2188 775 2314 845 Epic

743 868 879 925 stola
926 868 1165 923 secunda
1201 866 1268 921 ad
1304 864 1620 921 Corinthios
1664 882 1680 919 :
1734 882 1754 916 ι
1791 863 2057 931 Quoniam
2109 866 2309 922 Christi

742 956 925 1013 suavis
952 956 1089 1012 odor
1113 971 1301 1011 sumus
1328 954 1459 1020 Deo,
1486 964 1542 1010 et
1569 954 1624 1009 in
1654 954 1845 1025 bisqui
1870 955 2007 1011 salvi
2028 955 2310 1026 liunttt8),

741 1058 800 1103 et
856 1048 911 1102 in
954 1047 1040 1101 his
1074 1045 1163 1115 qui
1190 1056 1425 1117 pereunt
1463 1063 1478 1100 :
1526 1046 1853 1115 quibusdam
1900 1046 2117 1115 quidem
2178 1049 2314 1105 odor

742 1139 937 1194 mortis
968 1138 1019 1191 in
1051 1145 1278 1191 mortem
1298 1178 1313 1201 ,
1345 1138 1666 1205 quibusdam
1716 1147 1893 1191 autem
1932 1137 2070 1192 odor
2097 1139 2222 1194 vitae
2258 1140 2310 1194 in

742 1233 908 1285 vitam
935 1230 1001 1283 ".
1040 1248 1058 1281 ι
1088 1229 1295 1297 Quibus
1319 1242 1448 1296 ergo
1479 1237 1565 1283 est
1586 1229 1722 1285 odor
1754 1230 1947 1284 mortis
1977 1230 2028 1284 in
2054 1237 2309 1293 mortem,

745 1318 851 1372 nisi
886 1317 973 1372 his
999 1316 1093 1388 qui
1135 1329 1243 1369 non
1266 1315 1517 1379 credunt,
1540 1329 1716 1384 neque
1737 1313 1965 1382 subjecti
1985 1325 2110 1371 sunt
2134 1316 2313 1372 Verbo

742 1407 878 1463 Dei?
910 1406 1012 1475 Qui
1058 1414 1186 1461 sunt
1228 1414 1409 1459 autem
1449 1404 1541 1474 qui
1571 1413 1629 1457 et
1655 1412 1784 1459 tunc
1803 1404 2121 1473 semetipsos
2152 1406 2313 1460 morti

747 1496 1132 1554 tradiderunt?
1183 1495 1247 1552 iii
1288 1496 1506 1551 scilicet
1544 1495 1635 1564 qui
1690 1509 1797 1550 non
1839 1496 2094 1562 credunt,
2136 1512 2314 1567 neque

743 1591 1107 1661 subjiciuntur
1137 1589 1267 1645 Deo.
1296 1591 1537 1645 Rursum
1572 1596 1777 1654 autem,
1811 1588 1903 1658 qui
1929 1588 2127 1644 salvati
2159 1599 2311 1655 sunt,

744 1690 801 1737 et
833 1690 1163 1751 acceperunt
1184 1680 1600 1736 haereditatem?
1638 1679 1701 1735 Hi
1728 1679 1938 1735 scilicet
1963 1679 2056 1749 qui
2082 1680 2316 1735 credunt

744 1772 881 1838 Deo,
938 1783 995 1829 et
1043 1789 1186 1841 eam,
1242 1787 1365 1843 qua:
1415 1780 1501 1827 est
1573 1785 1699 1840 erga
1751 1770 1926 1838 illum,
1968 1770 2313 1826 dilectionem

743 1865 1159 1931 custodierunt;
1207 1861 1667 1933 quemadmodum
1730 1859 1895 1916 Caleb
1932 1858 2200 1930 Jepbone,
2256 1868 2313 1914 et
2346 1855 2389 1911 Β

740 1958 902 2019 Jesus
924 1958 1094 2023 Nave,
1120 1966 1175 2011 et
1202 1956 1353 2026 pueri
1394 1955 1735 2019 innocentes,
1763 1952 1854 2022 qui
1884 1966 2061 2022 neque
2093 1950 2314 2006 malitia:

745 2066 964 2106 sensum
997 2050 1325 2105 habuerunt.
1358 2045 1460 2114 Qui
1490 2053 1619 2101 sunt
1650 2053 1833 2100 autem
1857 2045 1951 2115 qui
1976 2044 2067 2098 hic
2097 2042 2314 2097 salvan-

748 2154 855 2210 tur,
906 2151 961 2197 et
1006 2140 1283 2211 accipiunt
1329 2141 1495 2194 vitam
1544 2146 1802 2193 aeternam
1829 2135 1992 2210 (i9)!
2030 2133 2219 2191 Nonne
2258 2134 2315 2189 hi

742 2234 839 2305 qui
869 2233 1103 2303 diligunt
1129 2232 1323 2295 Deum,
1357 2239 1414 2285 et
1436 2229 1526 2299 qui
1555 2226 2173 2299 poliicitationibusejus
2196 2239 2314 2280 cre-

746 2327 899 2393 dunt,
930 2335 984 2379 et
1014 2323 1221 2377 malitia
1259 2321 1478 2393 parvuli
1505 2318 1682 2375 eﬂecli
1711 2317 1874 2376 sunt?

1269 2453 1497 2512 CAPUT
1536 2452 1705 2509 XXIX
1722 2453 1791 2509 ".

747 2569 996 2625 Dissolnit
1052 2576 1413 2636 argumentum
1480 2564 1951 2636 Marcionitarum,
2010 2578 2108 2632 quo
2142 2559 2317 2636 Deum

818 2641 1080 2695 malorum
1111 2629 1381 2718 auctorem
1402 2636 1624 2716 probare
1662 2634 1986 2718 nitebantur-tr,
2014 2629 2151 2703 quod
2174 2629 2320 2684 Pha-

826 2724 1048 2763 raonem
1071 2719 1118 2763 et
1143 2712 1413 2762 ministros
1439 2712 1553 2775 ejus
1578 2712 1946 2759 exca’carerit.

819 2819 873 2876 1.
912 2818 1017 2875 Sed
1061 2819 1354 2882 induravit,
1395 2816 1651 2887 inquiunt
1696 2815 1812 2881 illi,
1867 2814 2008 2869 Deus
2034 2829 2131 2869 cor
2180 2810 2320 2868 Pha-

748 2911 933 2967 raonis
962 2920 1017 2963 et
1055 2908 1379 2964 famulorum
1408 2908 1542 2977 ejus.
1573 2904 1672 2972 Qui
1702 2919 1833 2974 ergo
1874 2906 1987 2959 haec
2028 2903 2313 2973 imputant,

748 3016 856 3057 non
886 3000 1073 3070 legunt
1096 2998 1208 3071 (50)
1241 2998 1293 3052 in
1338 2996 1655 3067 Evangelio,
1686 2996 1776 3051 ubi
1809 2995 2090 3065 discipulis
2131 2996 2318 3050 dicen-

750 3092 899 3149 tibus
923 3090 1151 3146 Domino
1178 3108 1192 3145 :
1238 3105 1257 3140 ι
1296 3087 1476 3155 Quare
1506 3088 1559 3140 in
1594 3086 1866 3157 parabolis
1893 3086 2129 3155 loqueris
2154 3084 2269 3140 eis?
2295 3101 2313 3134 ι

752 3183 1038 3256 respondit
1073 3181 1332 3236 Dominus
1363 3198 1378 3233 :
1414 3196 1433 3230 ι
1467 3177 1732 3245 Quoniam
1792 3176 1946 3231 vobis
1995 3186 2079 3230 est
2131 3175 2315 3231 datum
2349 3204 2392 3263 ρ

750 3290 913 3330 nosse
958 3271 1272 3349 mysterium
1324 3269 1470 3339 regni
1515 3266 1813 3334 cmlorum;
1856 3266 1963 3321 illis
2013 3279 2189 3321 autem
2262 3266 2317 3321 in

753 3363 1027 3435 parabolis
1069 3362 1284 3431 loquor,
1328 3371 1388 3413 ut
1434 3360 1679 3415 videntes
1712 3372 1819 3413 non
1860 3358 2098 3425 videant,
2130 3366 2186 3413 et
2223 3372 2320 3411 au—

752 3453 965 3508 dientes
1028 3466 1135 3505 non
1192 3447 1438 3513 audiant,
1512 3447 1878 3516 intelligentes
1955 3462 2064 3501 non
2123 3446 2323 3501 intelli-

752 3550 886 3614 gant
910 3540 1043 3614 (5i),
1077 3549 1136 3593 ut
1165 3537 1451 3606 impleatur
1474 3535 1585 3609 (5‘2)
1609 3549 1742 3603 erga
1769 3548 1865 3590 eos
1892 3534 2007 3607 (55)
2041 3534 2319 3605 prophetia

765 3633 922 3687 Isaia“:
972 3630 1201 3685 dicens:
1255 3626 1500 3682 lncrassa
1538 3625 1647 3696 (ει)
1685 3641 1780 3681 cor
1808 3624 1991 3695 pepuli
2033 3625 2227 3695 hujus,
2269 3633 2323 3678 et

754 3737 914 3777 aures
934 3735 1121 3776 eorum
1151 3720 1345 3774 obtura
1370 3757 1387 3782 ,
1420 3728 1475 3773 et
1510 3719 1698 3772 οριιιοε
1730 3732 1918 3771 eorum
1947 3730 2184 3772 excrea.
2220 3715 2325 3770 Ve-

756 3814 856 3869 stri
886 3825 1062 3868 autem
1107 3811 1252 3867 beati
1278 3809 1439 3873 oculi,
1470 3810 1559 3879 qui
1604 3809 1786 3864 vident
1815 3824 1933 3877 quat
1970 3823 2068 3863 vos
2102 3807 2321 3873 videtis,

753 3918 809 3963 et
832 3922 991 3961 aures
1018 3915 1234 3970 vestrm,
1264 3920 1386 3975 quae
1432 3904 1657 3959 audiunt
1684 3902 1797 3972 (55)
1838 3916 1958 3973 qua:
1987 3901 2263 3956 auditis".
2298 3918 2319 3953 ι

756 3998 911 4056 Unus
946 3985 1090 4054 enim
1115 4008 1167 4051 et
1196 3997 1339 4052 idem
1380 3996 1540 4058 Deus,
1577 3996 1661 4048 his
1690 3992 1906 4063 quidem
1941 3994 2032 4063 qui
2066 4008 2170 4050 non
2197 4007 2324 4048 ιιι-ε-

757 4089 920 4151 dunt,
950 4091 1042 4140 sed
1072 4085 1369 4139 nullificanl
1402 4099 1551 4148 eum,
1582 4082 1747 4137 infert
1775 4083 2078 4137 caecitatem
2101 4099 2115 4147 ;
2135 4098 2325 4151 quem-

756 4177 1048 4232 admodum
1082 4174 1160 4230 soI
1191 4214 1206 4240 ,
1250 4173 1340 4243 qui
1371 4184 1453 4229 cst
1472 4181 1725 4226 creatura
1748 4175 1885 4238 ejus,
1922 4172 2005 4226 his
2043 4172 2135 4241 qui
2192 4187 2317 4242 pro-

758 4278 880 4336 pter
927 4267 1162 4333 aliquam
1213 4264 1587 4319 iniirmitatem
1634 4261 1913 4317 oculorum
1953 4278 2058 4316 non
2102 4272 2326 4331 possunt

758 4358 1115 4427 contemplari
1156 4356 1335 4413 lumen
1364 4354 1481 4424 ejus
1506 4372 1520 4408 :
1553 4355 1635 4409 his
1664 4363 1844 4408 autem
1864 4354 1955 4424 qui
1990 4354 2224 4409 credunt
2247 4356 2322 4420 ei,

756 4462 817 4505 et
847 4458 1151 4519 sequuntur
1180 4463 1327 4511 eum,
1348 4446 1650 4517 pleniorem
1677 4454 1731 4499 et
1761 4444 2022 4514 majorem
2051 4444 2325 4499 illumina-

866 4586 972 4639 ⁸⁸11
1006 4585 1133 4640 Cor.
1163 4598 1224 4648 tl,
1261 4581 1346 4643 15,
1403 4578 1487 4633 16.
1558 4579 1601 4610 "
1621 4578 1755 4643 Cap.
1787 4572 2016 4648 XLVIII.

759 4656 808 4691 ³¹
839 4655 880 4712 Il
910 4654 1101 4709 Thess.
1162 4670 1221 4715 ιι,
1251 4654 1339 4716 i0,
1363 4649 1451 4703 II.

2127 4574 2173 4607 “
2196 4574 2388 4628 Matth.
2425 4585 2539 4631 xm,
2574 4566 2640 4622 10
2659 4574 2709 4618 et
2731 4577 2884 4633 seqq.

1562 4648 1607 4679 “
1630 4627 1809 4700 Ῑεὶἱόιιέ
1840 4627 1938 4708 ιιι,
1979 4627 2067 4699 1-9.
2144 4627 2353 4713 "Cap.
2396 4627 2581 4695 XLIX.
2660 4635 2707 4667 “
2732 4627 2900 4687 Exod.
2937 4646 2990 4686 ιι
3014 4671 3029 4696 ,
3054 4631 3123 4695 2;
3165 4645 3229 4684 xu

1840 4627 1938 4708 in,
1979 4627 2067 4699 (υ.
2144 4627 2353 4713 "Cap.
2396 4627 2581 4695 XLIX.
2660 4627 2900 4687 “Exod.
2937 4631 3123 4696 me;
3165 4645 3263 4694 xu,
3289 4627 3492 4689 35.56.

2418 778 2735 846 infidelium,
2787 782 2866 835 uti
2926 795 3035 836 non
3084 781 3297 852 fulgeat
3352 782 3678 839 illuminatio
3706 783 3990 855 Evangelii

2418 871 2603 940 gloriae
2628 870 2909 927 Christi”.
2949 892 2970 926 ι
3006 872 3074 927 Ει
3109 873 3307 927 iterum
3344 874 3396 928 in
3422 889 3487 931 ea
3514 889 3637 945 quae
3668 884 3752 930 est
3780 875 3849 930 ad
3877 875 3991 930 lio-

2419 977 2609 1019 manos
2657 980 2672 1016 :
2738 980 2758 1015 ι
2798 962 2863 1018 Et
2928 963 3383 1035 quemadmodum
3448 980 3557 1021 non
3618 967 3992 1037 probaverunt

2420 1056 2587 1112 Deum
2620 1056 2825 1111 habere
2866 1056 2919 1111 in
2974 1056 3190 1122 notitia,
3229 1057 3455 1112 tradidit
3490 1057 3608 1114 illos
3635 1058 3777 1117 Deus
3822 1058 3879 1114 in
3913 1073 3994 1114 re-

2420 1146 2644 1215 probum
2687 1160 2930 1212 sensum,
2974 1146 3157 1201 facere
3192 1160 3315 1216 qua
3342 1160 3449 1202 non
3498 1149 3915 1205 conveniunt”.
3963 1167 3986 1205 ι

2421 1238 2477 1291 In
2519 1236 2755 1293 secunda
2798 1246 2982 1292 autem
3016 1236 3084 1292 ad
3132 1235 3648 1295 Thessalonicenses
3700 1238 3992 1296 manifeste

2419 1332 2515 1391 ait.
2551 1331 2619 1384 de
2662 1328 3001 1384 Antichristo
3069 1329 3293 1385 dicens:
3343 1347 3363 1381 ι
3411 1329 3479 1387 Et
3517 1331 3638 1386 ideo
3683 1331 3865 1387 mittet
3911 1332 3996 1388 eis

2420 1418 2561 1476 Deus
2586 1421 2957 1490 operationem
2984 1420 3096 1491 (56)
3126 1422 3356 1485 erroris,
3389 1422 3466 1475 uti
3492 1423 3721 1478 credant
3762 1422 3992 1477 menda-

2418 1513 2503 1565 cio
2530 1530 2543 1567 :
2570 1512 2647 1567 uti
2684 1512 3001 1581 judicentur
3034 1512 3195 1585 267
3232 1526 3420 1567 omnes
3455 1513 3548 1582 qui
3588 1529 3694 1568 non
3731 1514 3991 1571 credide-

2420 1611 2546 1657 runt
2566 1604 2806 1669 veritati,
2841 1605 2939 1661 sed
2973 1615 3377 1660 consenserunt
3408 1604 3685 1673 iniquitati
3704 1604 3773 1660 ⁸¹.
3811 1621 3832 1657 ι

2488 1695 2543 1751 2.
2577 1696 2634 1751 Si
2664 1697 2830 1769 igitur
2858 1707 2915 1753 et
2942 1712 3105 1760 nunc,
3138 1706 3412 1768 quotquot
3449 1698 3556 1753 scit
3594 1712 3701 1759 non
3748 1696 3991 1753 creditu—

2420 1801 2512 1841 ros
2545 1785 2716 1850 Deus,
2766 1801 2891 1841 cum
2924 1786 2995 1842 sit
3040 1780 3287 1841 omnium
3336 1787 3718 1856 pracOgnitor,
3765 1784 3993 1841 tradidit

2421 1891 2515 1933 eos
2546 1876 2850 1933 infidelitati
2898 1891 3114 1944 eorum,
3160 1886 3215 1932 et
3242 1878 3443 1933 avertit
3468 1876 3662 1933 facicm
3695 1876 3767 1931 ab
3805 1874 3993 1945 hujus-

2423 1970 2590 2035 modi,
2620 1970 2936 2041 relinquens
2957 1984 3053 2025 eos
3081 1969 3134 2024 in
3167 1969 3428 2037 tenebris,
3454 1984 3593 2041 quas
3624 1970 3723 2039 ipsi
3758 1969 3861 2025 sibi
3883 1969 3996 2025 ele-

2422 2068 2655 2130 gerunt;
2692 2059 2822 2130 quid
2846 2060 3042 2115 mirum
3066 2098 3082 2124 ,
3108 2058 3153 2113 si
3177 2068 3237 2113 et
3278 2069 3409 2114 tunc
3445 2074 3723 2130 nunquam
3751 2059 3989 2115 credituo

2425 2167 2543 2204 rum
2575 2151 2933 2215 Pharaonem,
2963 2165 3086 2204 cum
3134 2150 3223 2206 his
3246 2152 3340 2220 qui
3369 2164 3493 2205 cum
3524 2165 3592 2207 eo
3640 2159 3822 2213 erant,
3878 2157 3992 2205 tra-

2423 2241 2563 2297 didit
2588 2256 2685 2296 eos
2709 2256 2823 2295 sua:
2854 2240 3207 2296 iniidelitati?
3241 2240 3715 2309 Quemadmodum
3750 2240 3991 2296 Verbum

2424 2334 2499 2387 ait
2530 2333 2595 2389 de
2649 2334 2783 2387 rubo
2811 2332 2876 2386 ad
2906 2330 3142 2403 Moysem
3189 2349 3203 2386 :
3238 2349 3259 2384 ι
3311 2332 3426 2394 Ego
3453 2342 3640 2387 autem
3688 2332 3809 2389 scio
3851 2347 3989 2404 quo-

2426 2428 2569 2481 niam
2629 2441 2738 2481 non
2790 2426 3028 2480 dimittet
3064 2423 3174 2497 (57)
3223 2440 3321 2480 vos
3370 2423 3586 2479 Pharao
3641 2439 3734 2479 rex
3774 2423 3993 2496 λείῃ)ιί

2426 2517 2599 2581 abire,
2628 2516 2734 2571 nisi
2775 2517 2828 2571 in
2861 2530 3025 2571 manu
3055 2514 3165 2587 (58)
3194 2514 3370 2569 valida
3392 2515 3459 2569 ι’.
3502 2533 3522 2568 ι
3560 2515 3626 2569 Et
3648 2530 3752 2583 qua
3780 2516 3995 2570 ratione

2426 2610 2684 2665 Dominus
2732 2608 2789 2663 in
2842 2605 3120 2677 parabolis
3164 2604 3510 2674 loquebatur,
3568 2614 3622 2660 et
3683 2606 3991 2662 cacitatem

2425 2697 2655 2753 faciebat
2685 2696 2873 2764 Israel,
2899 2706 2961 2751 ut
2986 2696 3233 2752 videntes
3274 2712 3378 2751 non
3409 2696 3671 2761 viderent,
3703 2697 3885 2753 sciens
3912 2696 3999 2752 in-

2425 2786 2801 2841 credulitatem
2846 2801 3085 2843 eorum:
3127 2787 3314 2841 eadem
3354 2787 3565 2840 ratione
3611 2794 3667 2841 et
3712 2800 3810 2841 cor
3845 2786 3989 2842 Pha-

2425 2879 2615 2935 raonis
2656 2878 2967 2945 indurabat,
3010 2885 3070 2934 ut
3113 2878 3305 2932 videns
3356 2878 3617 2947 quoniam
3646 2876 3851 2944 digitus
3896 2876 3992 2934 Dei

2426 2975 2531 3033 est,
2564 2968 2654 3036 qui
2686 2966 2869 3022 educit
2899 2965 3178 3037 populum,
3206 2981 3311 3020 non
3338 2965 3622 3030 crederet,
3647 2967 3741 3021 sed
3776 2966 3828 3020 in
3859 2966 3984 3021 inli-

2427 3056 2679 3111 deIitatia
2708 3056 3149 3125 praecipitaretur
3171 3054 3433 3126 pelagus;
3460 3067 3558 3123 per
3582 3056 3846 3123 magicam
3866 3070 3995 3126 Ope-

2428 3146 2692 3203 rationem
2723 3148 2976 3217 opinatus
3003 3145 3120 3202 fieri
3162 3146 3370 3201 exitum
3393 3158 3580 3201 eorum
3603 3186 3619 3210 ,
3661 3155 3716 3202 et
3746 3144 3991 3202 Rubrum

2429 3252 2583 3294 mare
2614 3253 2724 3294 non
2751 3254 2819 3293 ex
2855 3241 3056 3295 virtute
3091 3239 3186 3295 Dei
3217 3240 3508 3294 transitum
3539 3238 3865 3309 praestitisse
3894 3253 3991 3311 po-

2428 3330 2576 3401 pulo,
2606 3330 2701 3386 sed
2728 3330 3057 3387 naturaliter
3080 3332 3162 3387 sic
3188 3346 3249 3386 se
3281 3331 3503 3385 habere.

2950 3437 3180 3496 CAPUT
3220 3437 3367 3493 XXX
3387 3437 3456 3494 ³⁸.

2434 3532 2607 3587 Diluit
2635 3531 2787 3603 aliud
2820 3531 3700 3603 (Marcionitorum‘argumeutum,
3743 3535 3884 3603 quod
3909 3534 3992 3586 ni-

2500 3604 2693 3684 mirum
2727 3601 2971 3667 Hebruai,
3015 3602 3234 3670 jubente
3270 3599 3410 3667 Deo,
3454 3599 3766 3671 spoliassent
3820 3603 3989 3674 ,εςυο

2496 3683 2652 3742 ριιοε.

2504 3786 2555 3841 1.
2588 3785 2689 3853 Qui
2712 3799 2844 3838 vero
2880 3781 3215 3854 exprobrant
3249 3792 3303 3838 et
3333 3782 3622 3853 imputant,
3644 3782 3787 3852 quod
3819 3781 3992 3851 profe-

2433 3888 2621 3936 cturus
2646 3878 2876 3949 populus
2899 3875 3055 3947 jussu
3084 3873 3183 3930 Dei
3212 3874 3435 3928 vascula
3468 3877 3651 3930 omnis
3680 3874 3918 3944 generis,
3938 3882 3990 3927 et

2433 3973 2755 4028 vestimenta
2804 3969 3079 4037 acceperit
3107 3969 3177 4023 ab
3206 3966 3501 4038 Egyptiis,
3555 3976 3613 4021 et
3660 3966 3740 4021 sic
3768 3964 3989 4030 abierit,

2429 4081 2497 4119 ex
2529 4064 2726 4133 quibus
2755 4072 2810 4117 ct
2838 4060 3245 4117 tabernaculum
3270 4060 3472 4113 factum
3500 4068 3586 4113 est
3613 4058 3667 4112 in
3700 4056 3946 4113 eremo"
3974 4071 3990 4117 ;

2432 4160 2749 4230 ignorantes
2775 4154 3194 4224 justificationes
3222 4150 3338 4217 Dei,
3370 4161 3425 4205 et
3450 4150 3838 4221 dispositiones
3859 4149 3992 4217 ejus,

2437 4249 2765 4319 semetipsos
2810 4255 3064 4316 arguunt,
3106 4246 3248 4300 sicut
3272 4253 3329 4299 et
3354 4242 3637 4314 presbyter
3664 4241 3903 4295 dicebat.
3937 4239 3993 4293 Si

2430 4344 2577 4397 enim
2600 4355 2705 4394 non
2732 4341 2784 4393 in
2811 4338 2990 4407 typica
3010 4335 3120 4408 (59)
3150 4333 3486 4403 profectione
3507 4334 3609 4388 hoc
3625 4331 3995 4387 consensisset

2428 4431 2592 4498 Deus,
2621 4429 2782 4487 hodie
2812 4429 2865 4484 in
2893 4442 3023 4483 vera
3050 4437 3233 4482 nostra
3278 4424 3609 4495 profectione
3631 4422 3744 4495 (60)
3764 4462 3781 4486 ,
3821 4424 3872 4477 id
3915 4432 3995 4476 est

2957 4561 3002 4593 ”
3037 4559 3077 4613 ll
3108 4559 3235 4615 Cor.
3268 4574 3340 4620 tv.
3383 4556 3437 4611 4.
3530 4556 3573 4589 ³⁸
3616 4555 3771 4611 Rom.
3805 4572 3865 4621 t,
3904 4556 3992 4611 38.

832 4775 946 4840 (ιϐ)
976 4773 1040 4827 Et
1064 4774 1118 4826 in
1142 4774 1222 4826 his
1242 4771 1330 4841 qui
1363 4769 1492 4825 salui
1521 4767 1677 4837 ﬁunt.
1702 4765 1793 4821 Sic
1816 4764 2051 4820 Clarum.
2078 4773 2133 4817 et
2160 4762 2318 4818 Voss.
2358 4769 2398 4822 D
2429 4758 2652 4841 audiunt
2676 4771 2696 4811 :
2716 4752 3347 4841 recte_,4.praezc_ei‘ieret
3369 4749 3616 4818 quoniam
3654 4746 3855 4801 vident.
3887 4744 3989 4802 Sed

762 4848 896 4908 Alii,
919 4848 975 4898 in
1004 4846 1083 4897 his
1115 4846 1200 4911 qui
1226 4842 1515 4911 soluuntur.

835 4904 947 4986 (l9)
984 4904 1557 4986 (EternamLDeestin
1587 4908 1741 4962 Eras.
1783 4916 1837 4962 et
1869 4904 2074 4962 Gallas.

860 4980 950 5051 50')
986 4984 1199 5049 Legum.
1225 4981 1351 5039 Alii,
1377 4980 1691 5049 intelligunt.

861 5042 953 5122 51)
983 5042 1267 5105 Audientes
1305 5065 1407 5102 non
1441 5042 1694 5122 audiant,
1739 5045 2087 5122 intelligentea
2115 5058 2217 5122 non
2245 5042 2329 5094 in-

769 5110 1029 5194 tetiiga'ut.
1064 5122 1462 5194 I‘rius‘comma
1494 5110 1940 5194 deestin_Eras.',
1961 5115 2126 5179 Gall.,
2160 5110 2326 5166 Merc.

767 5194 824 5259 2,
853 5187 1122 5263 posterius
1146 5194 1195 5243 in
1223 5188 1541 5263 ClaromLet
1563 5187 1768 5241 Arund.

841 5249 953 5333 ('51)
987 5262 1295 5333 Implentur.
1325 5258 1413 5312 Sic
1445 5257 1683 5333 Clarum.
1726 5263 1779 5333 et
1816 5253 1974 5333 Voss.
2011 5255 2063 5333 in
2100 5252 2264 5307 Merc.
2297 5249 2321 5303 i

768 5346 825 5390 et
849 5324 1482 5397 'Ott'ob.,'udimpleatur:
1510 5327 1562 5379 in
1594 5325 1828 5397 ceteris,
1860 5324 2257 5397 adimpleretur.

844 5402 956 5473 (55)
992 5392 1268 5473 Erycem.
1292 5397 1655 5473 Ita‘CIarom"
1681 5394 1939 5448 Arundcl.
1960 5402 2012 5447 et
2041 5392 2191 5447 Voss.
2217 5402 2329 5442 me-

771 5468 875 5529 lius
905 5468 1217 5541 q'uaim’alii,
1250 5468 1385 5541 apud
1414 5483 1526 5520 eos.

845 5528 956 5613 (δί)
989 5528 1483 5613 ῥησηιηιιίνειιιε
1525 5533 1955 5613 Feuard..c_od.,
1995 5528 2231 5613 Clarum.
2275 5535 2330 5613 ct

772 5603 955 5678 Voss,
980 5610 1339 5664 Incrasaatum
1366 5617 1439 5661 est
1465 5619 1482 5678 ς
1514 5603 1934 5678 rectequidem,
1968 5603 2017 5678 si
2050 5611 2327 5678 sequere-

778 5667 1197 5745 tur,obturatw,
1226 5677 1501 5732 currenti.
1540 5674 1644 5729 Sed
1674 5667 1761 5729 hic
1794 5672 1941 5727 Isaia
1967 5671 2133 5741 ipsius
2168 5667 2332 5721 verba

777 5752 944 5807 refert
964 5752 1216 5805 lrenmus.
1264 5816 1267 5817 ν
1426 5814 1438 5817 _
1637 5813 1647 5817 _
1798 5811 1841 5817 __
1992 5808 2018 5817 -
2231 5806 2243 5817 .

846 5820 959 5890 (55)
991 5818 1123 5885 Qua:
1143 5816 1387 5872 audiunt.
1412 5813 1674 5870 Arundel.
1713 5821 1768 5868 et
1796 5811 1958 5868 ﬂere.
1989 5808 2045 5875 2,
2083 5808 2330 5879 quoniam

2432 4832 2667 4884 lremens
2703 4840 2769 4879 ex
2803 4823 3061 4877 memoria
3092 4822 3242 4875 citat.

2505 4896 2615 4969 (56)
2646 4894 2817 4969 Mitte!
2862 4893 2937 4946 eis
2976 4891 3114 4945 Deus
3151 4890 3525 4959 Operationem.
3570 4884 3695 4947 Alii,
3729 4886 3893 4939 mittit
3919 4884 3991 4939 eis

2436 4966 2577 5022 Deus
2598 4966 2957 5030 'operationea.

2507 5034 2617 5108 (57)
2641 5022 2902 5108 Dimittet.
2959 5029 3196 5108 Clarum.
3262 5026 3569 5097 prtecipiet,
3624 5039 3722 5095 pro
3778 5039 3890 5094 quo
3938 5022 3991 5079 iu

2439 5100 2674 5161 Feuard.
2709 5117 2907 5169 marg.,
2948 5100 3176 5165 recipiet.

2529 5173 2616 5234 58)
2655 5173 2715 5224 In
2747 5187 2926 5223 manu.
2962 5170 3069 5234 AI.,
3091 5183 3206 5221 cum
3230 5179 3414 5217 manu.

2529 5174 2595 5229 58
2655 5174 2715 5224 In
2747 5187 2926 5223 manu.
2962 5174 3069 5234 AL,
3091 5183 3206 5221 cum
3230 5179 3414 5217 manu.

2507 5174 2619 5317 (59;
2643 5240 2710 5317 _S_i
2739 5243 2874 5317 enim
2898 5241 3085 5317 nonin
3108 5238 3298 5317 typico.
3330 5234 3712 5317 Sicnlt‘cuard;
3728 5240 3789 5317 et
3804 5246 3993 5287 omnes

2438 5302 2565 5369 mss.
2602 5302 2704 5366 'nisi
2734 5312 2873 5379 quod
2898 5302 3218 5379 particulam
3244 5307 3296 5356 in
3326 5321 3390 5359 ex
3420 5304 3574 5359 Eras.
3603 5314 3656 5357 et
3672 5302 3879 5379 Ga_lla_s.
3910 5318 3993 5357 rc-

2439 5386 2595 5448 tinui,
2621 5383 2673 5435 in
2702 5373 2927 5449 quorum
2951 5380 3106 5433 editt.
3128 5378 3193 5431 de
3214 5385 3411 5431 caetero
3435 5388 3717 5445 perperam
3741 5373 3990 5426 habetur:

2436 5455 2513 5508 sic
2536 5468 2672 5507 enim
2706 5467 2797 5504 nos
2827 5452 2880 5501 iu
2916 5452 3110 5518 typicn.

2507 5523 2615 5595 (60)
2659 5519 2839 5595 Hoc...
2859 5512 3229 5595 gratuitam.
3279 5514 3416 5595 Octo
3445 5512 3544 5595 bas
3572 5524 3734 5595 voces
3753 5524 3845 5595 rex
3884 5517 3989 5595 vet.

2434 5580 2556 5649 cod.
2584 5580 2821 5647 restituit
2859 5580 3094 5643 Feuard.
3129 5601 3267 5655 quas
3308 5585 3470 5657 etiam
3519 5584 3721 5657 habent
3750 5580 3985 5655 Clarum.

2435 5676 2489 5717 et
2515 5664 2671 5716 Voss.
2700 5661 2805 5713 Sed
2839 5674 2937 5728 pro
2964 5650 3303 5729 professione,
3327 5653 3467 5723 quod
3488 5650 3836 5729 manifestum
3854 5650 3992 5729 scri-

2439 5715 2626 5786 barum
2654 5715 2894 5783 erratu'm
2920 5715 3001 5781 est
3021 5767 3035 5791 ,
3060 5715 3772 5798 scribere_n_0ti_dubitavi,
3813 5715 3990 5798 profe-

2436 5802 2644 5857 ctione:
2669 5800 2718 5855 id
2752 5790 3217 5855 sermonisser'tes
3246 5794 3434 5864 exigit.
3461 5790 3697 5845 Irenacus
3724 5790 3993 5855 siquidem
