4222 6320
264 353 403 413 1065

1409 356 1687 415 CONTRA
1714 358 2055 417 HAEBESES
2085 361 2213 419 LIB.
2248 365 2337 421 IV.

3361 378 3501 437 i060

261 469 317 529 in
349 474 451 530 ﬁde
480 473 533 530 in
573 489 678 546 qua
710 488 899 530 sumus
931 474 1236 541 constituti,
1286 493 1381 548 per
1413 495 1575 551 quam
1621 483 1687 537 de
1722 499 1824 536 nuv
1853 489 1902 545 Α
1931 486 2287 556 accipientes,
2346 490 2535 561 inopes
2588 494 2880 554 abierunt?
2933 500 3404 569 Quemadmodum
3456 506 3504 560 si

262 581 414 621 mero
434 567 722 637 gentilium
749 569 990 638 exempli
1026 583 1214 624 sumus
1235 611 1251 637 ,
1294 585 1454 628 nemo
1481 582 1688 643 poterat
1717 574 1830 645 (61)

259 656 486 712 salvari.
526 656 732 712 Omnes
775 660 919 712 enim
964 672 1063 713 nos
1089 668 1187 713 aut
1218 660 1451 728 modica,
1481 672 1576 717 aut
1609 663 1831 733 grandis

258 746 508 816 sequitur
532 750 804 816 possessio
825 786 842 811 ,
879 762 1042 819 quam
1089 764 1156 803 ex
1188 764 1499 807 mammona
1526 752 1831 822 iniquitatis

259 838 671 908 scqnisivimus.
705 837 862 895 Unde
894 841 1038 893 enim
1067 841 1261 896 domus
1304 842 1356 897 in
1397 844 1597 912 quibus
1627 846 1834 899 habita-

258 944 402 993 mus,
431 938 484 985 et
510 931 833 985 vestimenta
855 932 1054 1002 quibus
1078 930 1374 998 induimur,
1404 946 1458 989 et
1483 952 1609 990 vasa
1634 939 1832 1007 quibus

261 1021 488 1083 utimur,
518 1031 576 1075 et
605 1022 813 1084 reliqua
865 1025 1045 1078 omnis
1077 1026 1144 1078 ad
1176 1026 1489 1081 diuturnam
1525 1026 1635 1099 (62)
1664 1029 1827 1081 vitam

256 1120 505 1167 nostram
538 1112 889 1175 ministratio,
922 1114 1023 1168 nisi
1054 1129 1122 1169 ex
1154 1113 1236 1169 his
1260 1129 1411 1185 quas,
1451 1132 1573 1172 cum
1617 1119 1827 1174 ethnici

258 1214 530 1269 esserrms,
570 1202 638 1258 de
667 1204 906 1258 avaritia
929 1205 1346 1274 acquisivimus,
1370 1208 1455 1263 vel
1490 1209 1559 1265 ab
1585 1210 1824 1265 ethnicis

255 1295 596 1365 parentibus,
642 1308 738 1351 aut
762 1298 1056 1368 cognatis,
1091 1308 1186 1354 aut
1213 1299 1426 1364 amicis,
1459 1302 1527 1357 de
1558 1300 1825 1371 injustitia

252 1386 663 1456 acquireotibus
693 1389 1079 1461 percepimus?
1109 1390 1177 1447 Ut
1202 1407 1307 1447 non
1330 1393 1595 1458 dicamus,
1623 1396 1749 1465 quia
1774 1406 1831 1451 et

252 1494 401 1533 nunc
422 1480 473 1533 in
504 1480 605 1534 tide
625 1481 956 1538 exsistentes
974 1484 1331 1555 acquirimus.
1352 1484 1488 1553 Quis
1516 1487 1662 1542 enim
1694 1504 1827 1544 ven-

252 1568 355 1631 dit,
380 1577 439 1623 et
462 1583 566 1623 non
600 1568 801 1625 lucrari
833 1571 946 1627 vult
970 1573 1039 1629 ab
1068 1589 1133 1629 eo
1162 1575 1252 1644 qui
1282 1576 1445 1629 emit?
1481 1576 1616 1643 Quis
1645 1587 1825 1633 autem

250 1661 411 1725 emit,
440 1670 496 1715 et
526 1674 629 1715 non
663 1662 780 1717 vult
802 1664 1012 1719 utiliter
1038 1679 1225 1720 secum
1249 1669 1334 1738 agi
1378 1667 1445 1723 ab
1471 1684 1537 1723 eo
1562 1672 1655 1740 qui
1701 1687 1829 1725 ven-

251 1750 370 1806 dit?
398 1749 530 1818 Quis
559 1762 743 1808 autem
789 1756 1074 1825 negotians
1114 1772 1219 1810 non
1261 1768 1549 1827 propterea
1583 1763 1825 1831 negotia-

250 1852 363 1906 tur,
395 1856 453 1897 ut
479 1844 601 1899 inde
626 1845 844 1899 alatur?
877 1843 1017 1911 Quid
1050 1857 1230 1901 autem
1262 1856 1318 1901 et
1359 1847 1446 1913 hi,
1486 1850 1581 1918 qui
1633 1851 1685 1903 in
1734 1867 1822 1907 re-
1856 1843 1899 1898 Β

248 1934 358 2006 gali
384 1936 507 1989 aula
540 1946 687 1999 sunt,
734 1937 949 2005 ﬁdeles,
979 1953 1159 1994 nonne
1191 1955 1256 1994 ex
1286 1942 1387 2002 eis,
1421 1957 1541 2010 quze
1586 1941 1825 2000 Ctesaris

248 2036 409 2091 sunt,
433 2027 636 2083 habent
661 2030 938 2095 utensilia,
960 2040 1018 2086 et
1044 2031 1127 2086 his
1154 2036 1246 2102 qui
1280 2046 1384 2088 non
1408 2034 1629 2102 habent,
1664 2052 1826 2092 unus-

246 2118 482 2187 quisque
504 2132 693 2173 eorum
718 2120 1016 2173 secundum
1050 2121 1306 2175 virtutem
1346 2122 1604 2191 praestat?
1648 2120 1822 2194 Egy-

244 2210 349 2280 ptii
379 2210 562 2281 populi
591 2209 705 2284 (63)
748 2221 903 2266 erant
937 2211 1216 2268 debitores
1257 2227 1363 2268 non
1402 2212 1581 2269 solum
1610 2230 1821 2282 rerum,

247 2303 344 2357 sed
371 2311 428 2356 et
467 2303 591 2357 vitm
613 2316 747 2368 sua),
779 2311 1006 2373 propter
1031 2304 1362 2373 patriarchae
1392 2301 1595 2375 Ioseph
1620 2318 1823 2374 praece-

245 2393 469 2450 dentem
504 2394 929 2463 benignitatem;
967 2396 1122 2451 nobis
1154 2404 1334 2451 autem
1366 2398 1669 2453 secundum
1691 2401 1823 2470 quid

246 2485 527 2541 debitores
554 2497 681 2541 sunt
703 2487 932 2552 ethnici,
960 2502 989 2541 a
1018 2486 1219 2557 quibus
1262 2497 1319 2543 et
1354 2487 1507 2545 lucra
1527 2529 1542 2555 ,
1588 2498 1645 2544 et
1674 2490 1820 2545 utili-

244 2583 393 2632 tates
423 2576 787 2647 percipimus?
812 2592 1155 2647 quzecunque
1187 2578 1265 2633 illi
1297 2594 1423 2634 cum
1450 2577 1640 2635 labore
1668 2596 1821 2636 com-

242 2678 465 2741 parant,
499 2670 585 2726 bis
614 2685 736 2735 nos,
796 2672 850 2726 in
897 2671 1001 2727 ﬁde
1044 2686 1171 2727 cum
1225 2672 1422 2737 simus,
1469 2670 1590 2729 siue
1637 2673 1821 2731 labore

246 2764 487 2817 uthnur.

318 2877 373 2932 2.
416 2878 497 2932 Ad
545 2878 646 2934 hoc
698 2877 810 2951 (64)
865 2880 1095 2949 populus
1146 2884 1445 2951 pessimam
1494 2886 1816 2942 servitutem

249 2969 526 3025 serviebat
558 2968 857 3043 Egyptiis,
886 2973 1349 3042 quemadmodum
1384 2973 1671 3047 Scriptura
1699 2978 1816 3031 ait:

244 3080 267 3113 ς
305 3061 515 3117 Etcum
546 3066 592 3117 vi
623 3073 943 3133 potestatem
970 3066 1299 3120 exercebant
1324 3066 1569 3138 Egyptii
1596 3071 1647 3124 in
1677 3068 1819 3125 lllios

242 3150 432 3219 israel,
461 3164 519 3210 et
553 3156 604 3209 in
634 3154 816 3209 odium
845 3154 926 3209 eis
954 3154 1298 3212 adducebant
1338 3158 1509 3215 vitam
1556 3160 1608 3214 in
1638 3161 1820 3232 Operi-

241 3243 348 3300 bus
374 3247 545 3314 duris,
574 3248 687 3303 luto
717 3257 771 3302 et
799 3248 970 3303 latere
990 3288 1005 3313 ,
1037 3257 1092 3302 et
1124 3249 1379 3305 omnibus
1407 3251 1667 3318 operibus
1696 3267 1816 3322 qua!

243 3336 525 3393 faciebant
576 3340 693 3411 (65)
736 3342 789 3395 in
818 3340 1057 3411 campis,
1100 3355 1198 3410 per
1224 3343 1403 3396 omnia
1434 3358 1599 3413 opera
1623 3347 1816 3413 quibus

239 3444 341 3485 eos
370 3429 753 3499 deprimebant
784 3448 907 3487 cum
951 3434 1001 3487 vi
1028 3433 1071 3464 ³⁸
1103 3450 1116 3486 :
1156 3453 1176 3486 ι
1216 3442 1268 3487 et
1296 3435 1711 3492 :ediiicavcrunt
1734 3438 1815 3492 eis

240 3520 495 3577 civitates
526 3521 781 3589 munitas,
818 3524 1047 3578 multum
1086 3524 1438 3593 laborantes,
1467 3537 1521 3582 et
1557 3542 1814 3598 augentes

239 3626 431 3667 eorum
462 3613 794 3670 substantias
820 3614 982 3669 annis
1014 3616 1217 3682 multis,
1249 3627 1305 3671 et
1336 3630 1433 3686 per
1455 3633 1671 3673 omnem
1703 3635 1816 3676 mo-

236 3703 369 3759 dum
398 3703 680 3757 servitutis
704 3743 721 3769 ,
764 3720 887 3759 cum
934 3706 1011 3761 illi
1041 3722 1149 3762 non
1181 3706 1357 3761 solum
1391 3708 1597 3779 ingrati
1634 3722 1815 3767 essent

237 3794 506 3849 adversus
535 3808 650 3857 eos,
698 3810 887 3851 verum
918 3807 971 3850 et
997 3798 1288 3854 universos
1326 3800 1563 3869 perdere
1586 3801 1811 3857 vellent.

239 3884 384 3954 Quid
418 3885 586 3956 igitur
612 3887 811 3957 injuste
838 3898 1051 3960 gestum
1087 3900 1203 3955 est,
1235 3892 1281 3947 si
1314 3908 1382 3948 ex
1421 3894 1607 3950 multis
1638 3911 1811 3966 pauca

237 3985 637 4044 sumpserunt,
698 3987 753 4033 et
804 3980 896 4048 qui
957 3989 1253 4048 potuerunt
1300 3983 1502 4039 multas
1554 3986 1815 4040 substan-

241 4066 348 4120 tias
371 4065 484 4137 (66)
515 4067 750 4134 habere,
794 4071 839 4124 si
882 4086 989 4125 non
1018 4073 1343 4129 serviissent
1378 4076 1494 4144 eis,
1536 4088 1591 4132 et
1619 4078 1817 4135 divites

239 4160 418 4222 abire.
448 4163 833 4231 paucissimam
865 4166 1173 4222 mercedem
1200 4183 1301 4238 pro
1328 4185 1520 4241 magna
1552 4172 1817 4230 servitute

319 4303 362 4335 ³⁸
393 4303 565 4359 Exod.
603 4318 643 4368 t,
681 4303 900 4370 15,14.
979 4305 1024 4337 ⁸⁸
1054 4304 1242 4361 Matth.
1271 4324 1369 4371 vn,
1410 4309 1462 4363 5.

242 4445 423 4501 veram
456 4438 711 4501 _no_stram
754 4426 1126 4501 profectionem
1166 4431 1393 4498 Opponit
1432 4431 1618 4499 typicce
1645 4433 1821 4501 profe-
1850 4436 1896 4491 D

235 4500 423 4573 etiani.
451 4498 558 4573 Sed
589 4512 802 4573 omnem
827 4497 1107 4573 dubitandi
1129 4497 1315 4573 ansam
1345 4497 1660 4573 praecidunt,
1689 4497 1810 4573 qua:

239 4571 518 4623 adduntur
548 4568 601 4622 in
634 4567 791 4635 hujus
817 4567 1010 4636 capitis
1042 4567 1177 4638 Iine_._
1192 4570 1277 4623 ubi
1304 4567 1547 4624 eamdem
1582 4567 1808 4638 ﬁguram

238 4640 419 4692 adhuc
455 4638 659 4711 clarius
682 4638 965 4711 explicans
982 4638 1070 4711 ait
1096 4655 1109 4690 :
1134 4636 1387 4711 Uni‘oersa
1402 4642 1583 4711 enim,
1606 4636 1722 4711 4m
1746 4659 1809 4695 ex

238 4708 473 4781 .Egypto
511 4708 714 4781 ﬁebat,
768 4706 1025 4781 proiectio
1055 4707 1265 4781 populi
1306 4726 1338 4761 a
1393 4708 1534 4781 Deo,
1585 4706 1737 4781 typus
1760 4724 1809 4765 et

233 4774 412 4846 imago
442 4774 541 4846 fuit
570 4774 907 4848 profectionis
936 4774 1187 4832 Ecclesia:
1207 4819 1222 4841 ,
1253 4795 1369 4848 qua:
1396 4780 1575 4848 futura
1605 4774 1716 4833 erat
1744 4798 1810 4836 ea:

233 4850 517 4919 gentibus;
565 4862 687 4917 qua:
740 4846 927 4901 eadem
981 4862 1121 4917 pene
1169 4846 1332 4903 verba
1364 4846 1513 4913 sunt,
1542 4865 1666 4919 quas
1721 4855 1808 4908 bic

236 4918 485 4972 adhibet.

312 4987 422 5059 (61)
448 4986 690 5059 Poterat.
741 4987 834 5059 Sic
881 5002 979 5057 pro
1006 4988 1195 5059 poterit
1228 4989 1443 5058 reposui
1474 5005 1539 5044 ex
1572 4990 1803 5045 Feuard.

240 5054 444 5127 niargL,
472 5057 735 5122 Clarom.,
765 5054 975 5118 Ottob..
1004 5054 1162 5114 Voss.
1188 5066 1244 5112 et
1270 5054 1435 5112 Herc.
1471 5059 1537 5125 2,
1574 5076 1672 5117 nec
1706 5063 1806 5114 du-

240 5130 356 5183 bito
381 5131 511 5196 quin
538 5128 712 5211 οὐδςὶς
744 5126 807 5181 ἂν
841 5126 1079 5211 ὲᾷιξνατο,
1106 5130 1340 5209 verterit
1364 5130 1634 5211 interpres
1658 5147 1805 5185 nemo

238 5207 485 5268 poterat;
512 5200 657 5267 quod
685 5200 998 5253 accuratior
1027 5200 1297 5267 quispiam
1331 5200 1621 5265 vertisset,
1657 5218 1805 5255 nemo

239 5278 435 5337 posset.

315 5337 424 5408 (62)
460 5339 800 5393 Diuturnam.
827 5337 1057 5403 Gallas.,
1091 5337 1329 5393 Feuard.
1362 5347 1417 5393 et
1444 5338 1609 5396 Merc.
1632 5340 1690 5407 2,
1721 5342 1806 5393 di-

242 5424 451 5462 urnam.

332 5477 421 5550 63)
451 5479 661 5550 Populi.
694 5477 759 5550 ln_
774 5479 1025 5550 gignendi
1048 5494 1199 5544 casu,
1233 5479 1692 5535 scilicetJudaici.

332 5478 401 5534 63
451 5479 661 5546 Populi.
694 5478 749 5533 In
774 5479 1025 5550 gignendi
1048 5494 1199 5544 casu,
1233 5479 1692 5535 scilicetJudaici.

310 5478 423 5673 ξω)
455 5550 535 5603 Ad
580 5549 696 5603 hoc.
745 5548 849 5603 Pro
898 5552 1144 5619 insuper.
1223 5559 1496 5618 praeterea.
1564 5551 1800 5614 Erasm.,

310 5640 317 5672 ι
348 5621 474 5673 las..
511 5620 765 5673 Feuard..
798 5620 1002 5673 Arund.
1032 5632 1085 5673 et
1117 5618 1280 5673 Merc.
1315 5620 1370 5673 2.
1400 5622 1593 5673 adhuc.

240 5618 474 5684 Gallas.,
511 5620 765 5684 Feuard.,
798 5620 1002 5675 Arund.
1022 5618 1085 5675 et
1117 5618 1280 5674 Merc.
1315 5620 1370 5685 2,
1400 5622 1593 5674 adhuc.

340 5690 427 5758 65)
463 5687 771 5743 Faciebant.
807 5690 993 5753 Iidem,
1027 5690 1244 5758 ﬁebant.

340 5691 407 5744 65
463 5690 771 5743 Faciebant.
807 5690 993 5753 Iidem,
1027 5690 1244 5758 ﬁebant.

312 5690 427 5834 (66;
449 5760 805 5834 substantias.
856 5759 996 5834 Suos
1047 5761 1223 5834 minus
1277 5768 1424 5816 recte
1454 5759 1693 5817 additum
1746 5761 1797 5813 in

238 5829 489 5891 edi'ttJaC
530 5829 783 5885 Arundel.
819 5840 876 5884 et
904 5829 1070 5887 Merc.
1103 5830 1161 5884 2.

641 5924 911 5987 ΡΑτιιοι..
959 5923 1077 5985 Gn.
1126 5925 1259 5986 VH.

1941 574 2068 643 quis
2103 576 2262 644 liber,
2293 582 2560 640 abductus
2582 587 2650 641 ab
2679 588 2865 659 aliquo
2892 606 2990 661 per
3017 594 3151 661 vim,
3180 606 3237 652 et
3263 598 3507 653 serviens

1936 667 1989 760 ei
2024 669 2187 760 annis
2219 671 2426 741 multis,
2456 685 2511 730 et
2552 690 2758 748 augens
2783 683 3141 742 substantiam
3166 689 3283 758 ejus
3309 733 3323 756 ,
3376 701 3506 760 post

1937 756 2138 813 deinde
2186 761 2408 831 aliquod
2455 768 2842 825 adminiculum
2877 756 3226 845 consecutus,
3282 756 3507 851 putetur

1936 847 2154 916 quidem
2192 853 2403 910 modica
2427 859 2672 927 quaedam
2699 861 2815 931 ejus
2850 866 3071 935 habere,
3106 847 3299 926 revera
3324 882 3503 926 autem

1936 955 2001 994 ex
2033 943 2215 999 multis
2239 945 2514 1005 laboribus
2554 952 2689 1017 suis,
2717 964 2773 1010 et
2795 970 2862 1011 ex
2888 960 3251 1029 acquisitione
3286 979 3502 1035 magna,

1936 1046 2106 1127 pauca
2154 1038 2462 1110 percipiens
2515 1044 2783 1114 discedat,
2834 1059 2889 1105 et
2920 1052 3024 1107 hoc
3067 1053 3182 1124 (67)
3231 1058 3299 1111 ab
3322 1057 3507 1127 aliquo

1937 1121 2239 1220 imputetur
2272 1130 2346 1194 ei,
2370 1134 2529 1199 quasi
2578 1151 2686 1191 non
2722 1148 2869 1194 recte
2912 1121 3107 1199 fecerit
3130 1121 3170 1208 ς-
3193 1148 3307 1216 ipse
3336 1121 3506 1220 magis

1937 1212 2169 1283 injustas
2198 1218 2362 1289 judex
2418 1228 2704 1294 apparebit
2735 1230 2810 1296 ei,
2841 1232 2934 1302 qui
2968 1249 3063 1303 per
3085 1235 3191 1291 vim
3212 1212 3291 1294 in
3331 1212 3505 1296 servi-

1937 1305 2068 1399 tium
2108 1305 2276 1364 fuerit
2323 1313 2608 1373 deductus.
2652 1320 2745 1376 Sic
2782 1337 2913 1394 ergo
2961 1336 3089 1381 sunt
3124 1338 3180 1384 et
3201 1329 3504 1399 bujusmodi

1934 1397 2036 1494 qui.
2062 1399 2333 1494 imputant
2355 1408 2554 1475 populo
2585 1424 2749 1480 parva
2780 1415 2894 1486 (68)
2933 1418 3000 1473 de
3028 1419 3216 1475 multis
3249 1397 3362 1494 (69)
3410 1440 3505 1480 ac-

1934 1486 2153 1586 cipienti
2175 1493 2279 1548 sibi
2307 1511 2321 1558 ;
2350 1505 2405 1550 et
2433 1498 2564 1566 ipsis
2588 1516 2693 1558 non
2726 1505 3015 1577 imputant,
3037 1513 3129 1582 qui
3156 1486 3357 1570 nullam
3378 1532 3508 1586 gra-

1937 1579 2064 1676 tiam
2112 1596 2175 1637 ex
2237 1588 2432 1643 merito
2484 1606 2769 1660 parentum
2832 1579 3072 1659 debitam
3126 1579 3502 1676 reddiderunt,

1935 1669 2044 1727 imo
2078 1676 2211 1729 etin
2244 1681 2625 1746 gravissimam
2669 1692 2986 1748 servitutem
3018 1696 3356 1769 redigentes,
3389 1669 3507 1758 ma;

1935 1764 2135 1819 ximam
2185 1770 2253 1823 ab
2300 1773 2378 1825 eis
2420 1780 2697 1833 consecuti
2750 1792 2875 1837 sunt
2908 1764 3201 1845 utilitatem
3241 1808 3254 1843 :
3293 1764 3350 1847 et
3383 1794 3505 1850 illos

1930 1858 2149 1926 quidem
2185 1878 2289 1917 non
2323 1868 2592 1937 signatum
2620 1887 2812 1931 aurum
2838 1888 3196 1951 etargentum
3226 1886 3279 1941 in
3311 1891 3503 1958 paucis

1934 1953 2171 2007 vasculis
2221 1956 2355 2028 (70),
2408 1965 2862 2029 quemadmodum
2899 1973 3253 2036 praediximus
3283 1953 3326 2043 ,-
3358 1984 3505 2036 acri-

1931 2043 2163 2136 pientes,
2222 2047 2425 2119 iujuste
2472 2052 2667 2111 fecisse
2696 2060 2914 2128 dicunt;
2951 2068 3275 2136 semetipsos
3318 2084 3500 2128 autem

1930 2133 2165 2231 (dicetur
2201 2140 2344 2194 enim
2373 2144 2517 2211 quod
2545 2160 2730 2202 verum
2759 2159 2870 2216 est,
2902 2152 3029 2208 licet
3060 2133 3347 2215 ridiculum
3381 2164 3502 2231 qui.

1928 2226 2154 2284 busdam
2169 2245 2299 2326 esse
2333 2234 2630 2309 videatur),
2660 2255 2728 2295 ex
2755 2241 2947 2300 alienis
2977 2245 3253 2306 laboribus
3288 2226 3501 2326 insigne

1929 2332 2121 2374 aurum
2157 2321 2291 2394 (71),
2323 2334 2381 2381 et
2409 2339 2718 2399 argentum,
2748 2340 2802 2388 et
2831 2348 3188 2395 mramentum
3208 2382 3223 2407 ,
3258 2359 3380 2398 cum
3403 2321 3498 2399 in-

1929 2412 2225 2483 scriptione
2245 2426 2301 2471 et
2334 2418 2574 2491 imagine
2595 2421 2826 2480 Caesaris
2854 2425 2907 2481 in
2926 2430 3081 2487 zonis
3104 2434 3217 2490 suis
3238 2434 3498 2505 ferentes,

1921 2502 2069 2573 juste
2098 2506 2199 2579 (se)
2243 2509 2354 2583 (72)
2382 2510 2564 2568 facere
2598 2514 2807 2572 dicunt.

1999 2597 2165 2671 268
2186 2599 2239 2657 3.
2275 2601 2333 2657 Si
2364 2612 2544 2659 autem
2571 2611 2916 2677 comparatio
2941 2612 3036 2668 ﬁat
3081 2626 3265 2673 nostra
3295 2628 3350 2676 et
3377 2621 3498 2679 illo-

1928 2703 2070 2753 rum,
2126 2691 2218 2760 qui
2264 2690 2465 2759 justius
2495 2698 2834 2765 apparebunt
2879 2704 3193 2773 accepisse?
3241 2720 3501 2767 utrumne

1925 2782 2157 2852 populus
2203 2783 2270 2839 ab
2322 2785 2608 2857 )Egyptiis,
2642 2791 2734 2859 qui
2762 2802 2921 2848 erant
2966 2810 3065 2865 per
3108 2802 3292 2855 omnia
3349 2804 3502 2860 debi-

1928 2882 2076 2928 tores
2104 2893 2118 2941 ;
2156 2890 2224 2929 an
2251 2892 2351 2932 nos
2375 2894 2405 2932 a
2432 2878 2714 2946 Romanis,
2736 2896 2791 2938 et
2815 2885 3040 2955 reliquis
3072 2893 3347 2961 gentibus,
3381 2908 3436 2951 et
3463 2914 3498 2954 a

1924 2965 2123 3037 quibus
2162 2969 2298 3024 nihil
2336 2972 2441 3027 tale
2468 2974 2625 3031 nobis
2645 2977 2905 3032 debeatur
2937 2976 3093 3051 (73)?
3122 2981 3227 3039 Sed
3258 2998 3319 3043 et
3342 3005 3502 3043 mun-

1925 3056 2026 3112 dus
2061 3072 2247 3126 pacem
2274 3060 2441 3117 habet
2471 3078 2569 3131 per
2596 3079 2690 3119 eos
2717 3105 2732 3128 ,
2777 3074 2833 3121 et
2866 3083 2969 3122 nos
2993 3067 3103 3143 (74)
3136 3072 3255 3128 sine
3306 3078 3501 3135 timore

1929 3148 1982 3203 in
2015 3149 2117 3204 viis
2145 3151 2488 3208 ambulamus
2510 3164 2567 3208 et
2600 3157 2919 3227 navigamus
2950 3174 3281 3234 quocunque
3314 3169 3499 3227 volue-

1924 3241 2116 3297 rimus.
2154 3243 2431 3300 Adversus
2456 3246 2622 3317 igitur
2647 3249 2955 3318 hujusmodi
2988 3263 3149 3324 aptus
3182 3260 3288 3316 erit
3315 3277 3495 3319 sermo

1923 3329 2139 3386 Domini
2192 3350 2206 3387 :
2276 3351 2295 3386 ι
2364 3333 2703 3407 Hypocrita,
2773 3341 3003 3411 dicens,
3090 3348 3269 3406 exime
3319 3356 3498 3421 primo

1923 3424 2131 3477 trabem
2166 3424 2233 3479 de
2255 3426 2412 3483 oculo
2439 3438 2551 3494 tuo,
2576 3441 2630 3485 et
2660 3442 2788 3489 tunc
2806 3438 3106 3507 perspicies
3147 3441 3366 3499 auferre
3421 3447 3499 3501 ic—

1921 3527 2131 3572 stucam
2167 3520 2236 3576 de
2280 3523 2439 3579 oculo
2488 3524 2675 3583 fratris
2713 3531 2870 3586 tui“.
2925 3551 2945 3585 ι
3004 3532 3214 3593 Etenim
3245 3542 3289 3596 si
3324 3544 3369 3599 is
3403 3548 3494 3614 qui

1922 3613 2021 3667 tibi
2049 3614 2165 3670 htec
2200 3616 2469 3685 imputat,
2497 3629 2555 3676 et
2586 3622 2857 3691 gloriatur
2890 3627 2945 3681 in
2974 3643 3071 3682 sua
3104 3630 3359 3700 scientia,
3405 3613 3495 3692 se-

1918 3714 2139 3773 paratus
2163 3714 2245 3760 est
2270 3722 2300 3760 a
2332 3710 2616 3776 gentilium
2649 3722 2815 3779 coetu,
2843 3727 2896 3771 et
2925 3719 3059 3773 nihil
3080 3734 3163 3781 est
3192 3726 3493 3783 alienorum

1922 3800 2062 3868 apud
2097 3815 2241 3865 eum,
2282 3803 2375 3857 sed
2408 3814 2491 3859 est
2519 3804 2629 3877 (75)
2666 3808 2994 3878 simpliciter
3026 3817 3227 3884 nudus,
3254 3829 3312 3874 et
3336 3822 3495 3877 nudis

1922 3889 2172 3961 pedibus,
2218 3904 2273 3948 et
2315 3895 2435 3950 sine
2477 3897 2639 3951 domo
2686 3898 2738 3954 in
2795 3904 3069 3961 montibus
3110 3922 3491 3978 conversatur,

1920 3989 2375 4055 quemadmodum
2430 3988 2648 4059 aliquod
2701 4006 2768 4049 ex
2824 3995 2909 4051 his
2964 4000 3311 4069 animalibus,
3369 4022 3494 4076 quae

1924 4080 2109 4134 herbis
2161 4093 2501 4148 vescuntur;
2555 4085 2772 4141 veniam
2804 4089 3127 4157 merebitur,
3173 4092 3300 4151 ideo
3346 4099 3491 4167 quod

1928 4173 2139 4242 ignoret
2170 4175 2529 4229 necessitates
2556 4186 2760 4233 nostra;
2787 4184 3230 4242 conversationis
3264 4186 3398 4259 (76).
3432 4190 3491 4245 Si

2141 4494 2452 4570 ξαηιαηδία
2476 4496 2916 4570 omnesmsssln
2945 4498 3130 4570 editt.,
3162 4519 3355 4570 pauca.

1990 4561 2101 4641 (69)
2133 4565 2210 4619 De
2237 4566 2436 4641 multis.
2468 4561 2759 4618 Laboribus
2775 4567 2995 4641 addunt
3019 4561 3180 4641 editi;
3220 4582 3274 4627 et
3299 4590 3487 4630 recon-

1917 4634 2093 4714 tiores
2133 4651 2289 4714 mss,
2320 4637 2585 4689 onnttunt
2608 4649 2739 4689 vero
2765 4634 3001 4693 Clarom.
3044 4648 3099 4694 et
3133 4639 3311 4710 Voss.,
3350 4662 3486 4714 quos

1918 4711 2071 4766 sequi
2107 4708 2296 4760 tutius.

1980 4726 2399 4852 ?i1(i)|li’lizli_:itlis.
2433 4774 2508 4852 Qe
2531 4774 2642 4829 suis
2665 4775 2934 4852 labqribus
2952 4778 3195 4835 additum
3227 4782 3278 4837 in
3298 4784 3479 4842 editt..

1915 4844 2111 4905 iterum
2143 4848 2399 4901 omittunt
2429 4844 2666 4900 Clarom.
2694 4856 2749 4900 et
2774 4846 2928 4902 Voss.

2008 4919 2095 4986 71)
2131 4916 2345 4986 Insigne
2380 4932 2592 4969 aurum.
2627 4915 2663 4970 Ι.
2701 4930 2754 4971 e.
2787 4930 3057 4985 signatum
3085 4937 3298 4977 aurum.

2008 4920 2066 4972 71
2131 4919 2345 4986 Insigne
2380 4932 2592 4969 aurum.
2627 4919 2663 4970 l.
2701 4930 2754 4971 e.
2787 4930 3057 4985 signatum
3085 4937 3298 4977 aurum.

1983 4919 2095 5062 in)
2124 4986 2279 5040 Iuste
2306 5001 2379 5039 se.
2407 4986 2667 5055 Espunge
2698 5002 2772 5054 se,
2806 4991 3084 5057 praecessit
3129 4994 3272 5047 enim
3302 5008 3485 5051 semet-

1913 5076 2075 5182 Ψδξέ
2130 5128 2411 5185 Debentur.
2437 5124 2701 5189 Clarom.,
2738 5126 3040 5183 debebatur.

1983 5128 2097 5271 in)
2128 5196 2231 5271 Per
2268 5214 2380 5271 eos_,
2422 5206 2468 5250 et
2492 5212 2604 5271 nos.
2647 5196 2867 5271 Priores
2892 5198 3027 5254 duas

2007 5196 2095 5261 74)
2128 5196 2231 5251 Per
2268 5214 2376 5259 eos,
2422 5206 2468 5250 et
2492 5212 2604 5249 nos.
2647 5196 2867 5251 Priores
2892 5198 3027 5254 duas
3057 5214 3217 5257 voces
3253 5217 3320 5257 ex
3371 5219 3477 5261 vet.

1912 5265 2310 5335 cod.,i-estituit
2342 5265 2601 5333 Feuard.,
2635 5268 2970 5335 posteriores
3016 5279 3200 5325 autem
3241 5276 3374 5327 duas
3412 5293 3478 5330 cx

1912 5356 2013 5395 ms.
2050 5332 2208 5395 Voss.
2246 5337 2453 5391 addidit
2499 5332 2666 5391 Grab.
2712 5334 2847 5392 Tres
2884 5339 3099 5407 priores
3146 5340 3314 5398 habet
3359 5346 3479 5399 Cla-

1912 5424 2079 5474 rom.,
2107 5408 2200 5461 sed
2237 5421 2340 5461 non
2365 5422 2476 5461 nos.

1979 5479 2093 5550 (75)
2126 5477 2240 5533 Est.
2275 5478 2367 5532 Sic
2396 5492 2494 5547 pro
2532 5486 2579 5528 et
2609 5477 2762 5547 posui
2788 5492 2857 5533 ex
2890 5476 3134 5534 Claram.
3160 5490 3214 5535 et
3241 5482 3474 5541 Feuard.

1910 5566 2083 5609 marg.

2111 5616 2469 5691 Necessitates
2492 5626 2687 5691 nostra;
2701 5619 3221 5691 conversationis.le
3237 5622 3472 5679 Feuartl.

1909 5690 1961 5743 in
1990 5688 2471 5761 inarquClat-omq
2500 5688 2838 5761 Arundel.et
2859 5688 3013 5744 Voss.
3040 5690 3141 5743 Alii
3168 5704 3474 5761 perperam,

1908 5759 2241 5815 necessitatis
2276 5769 2467 5813 nostra:
2481 5759 2945 5814 conversationem.

2021 4427 2083 4481 67
2142 4425 2209 4480 Et
2244 4427 2358 4478 hoc.
2383 4424 2491 4489 AL,
2518 4433 2568 4477 et
2590 4440 2655 4479 ea:
2682 4424 2797 4478 hoc.

2021 4497 2085 4552 68
2141 4494 2333 4549 Parva.
2362 4495 2452 4548 Sic
2476 4510 2667 4549 onmes
2702 4510 2797 4550 m5!

2021 4426 2109 4637 6ῢέ
2133 4565 2210 4619 De
2237 4566 2436 4619 multis.
2468 4561 2759 4618 Laboribus
2780 4584 2797 4637 _:

3161 5912 3239 5973 35
