4222 6320
753 309 885 363 1067
1487 307 1542 361 S.
1579 306 1835 363 IRENzEl
1870 307 2172 365 EPISCOPI
2201 309 2686 368 LUGDUNENSIS
2720 312 2806 367 ET
2836 313 3187 371 MARTYRIS
3857 316 3994 372 l068

748 444 929 488 autem
968 434 1035 487 ab
1061 431 1372 487 hominibus
1394 431 1504 501 (77)
1534 446 1653 500 quae
1686 432 1942 487 dicuntur
1964 432 2139 489 aliena
2174 448 2318 500 esse,
2348 442 2394 501 Α
2427 436 2798 491 hmreditatem
2830 437 3001 493 dabit.
3030 436 3088 493 Si
3121 438 3241 507 quis
3269 446 3451 492 autem
3474 436 3787 510 diligentius
3812 437 3992 494 inten-

750 526 1128 595 participatur,
1172 532 1229 579 et
1258 525 1438 593 arguit
1481 535 1669 594 typum
1704 539 1890 580 eorum
1912 566 1928 591 ,
1960 527 2313 596 semetipsum
2419 529 2512 581 dat
2542 529 2646 594 his,
2674 544 2795 598 quae
2830 545 2859 582 a
2890 530 3173 600 prophetis
3209 530 3457 583 dicuntur
3494 532 3561 585 de
3590 529 3724 595 line,
3754 538 3809 583 et
3840 545 3987 600 qua:-

751 616 1167 688 injustissimum
1200 617 1463 678 ostendit.
1504 626 1829 687 retorquens
1862 618 1915 671 in
1943 632 2002 673 se
2044 618 2313 687 ejusmodi
2416 633 2626 688 cunque
2662 618 2897 674 Joannes
2938 618 3233 689 discipulus
3281 618 3493 673 Domini
3529 618 3663 672 vidit
3698 618 3752 672 in
3776 617 3987 688 Apoca-

746 710 1175 766 accusationem.
1202 707 1516 763 Invenietur
1549 708 1658 780 (78)
1684 708 1831 763 enim
1867 707 2045 762 aliena
2077 708 2314 764 circum-

746 799 951 866 ferens,
997 809 1054 856 et
1084 814 1146 855 ea
1176 814 1297 870 qua:
1322 798 1439 868 ejus
1467 815 1571 855 non
1606 810 1751 863 sunt,
1793 800 2221 871 concupiscens;
2257 810 2315 856 et

745 901 964 961 propter
995 892 1099 947 hoc
1132 892 1338 947 dixisse
1368 892 1653 947 Dominum
1693 908 1708 947 :
1757 909 1776 942 ι
1829 892 2005 948 Nolite
2039 891 2310 961 judicare,

744 1001 812 1039 ne
835 984 1149 1050 judicemini
1186 1002 1199 1038 :
1235 985 1289 1039 in
1324 999 1434 1055 quo
1462 984 1605 1038 enim
1627 983 1830 1056 judicio
1853 984 2189 1054 judicabitis,
2220 984 2310 1055 ju-

742 1079 1012 1133 dicabitur
1059 1079 1125 1132 de
1179 1077 1411 1133 vobis".
1470 1098 1487 1130 ι
1532 1077 1648 1131 Non
1692 1079 1879 1148 utique
1932 1087 1989 1133 ut
2026 1087 2311 1147 peccantes

741 1186 849 1223 non
887 1170 1264 1239 corripiamus,
1328 1184 1431 1225 nec
1463 1180 1523 1223 ut
1569 1171 1654 1226 bis
1687 1185 1808 1240 qua:
1840 1170 1978 1225 male
2010 1170 2141 1225 fiunt
2180 1185 2311 1224 cou-

712 1248 713 1251 ¹
742 1265 1075 1329 sentiamus;
1112 1264 1205 1319 sed
1227 1273 1284 1318 ut
1316 1262 1410 1319 Dei
1440 1263 1828 1333 dispositiones
1865 1278 1972 1329 non
2002 1263 2310 1331 judicemus

743 1355 967 1422 injuste,
997 1371 1118 1410 cum
1160 1354 1251 1410 ille
1276 1355 1456 1409 omnia
1502 1355 1646 1427 jnste
1670 1355 1952 1425 profutura
1982 1356 2306 1427 providerit.

738 1448 1004 1515 Quoniam
1040 1448 1183 1503 enim
1241 1449 1451 1504 sciebat
1496 1463 1594 1502 nos
1643 1448 1711 1505 de
1756 1458 1941 1504 nostra
1972 1449 2307 1515 substantia,

738 1555 899 1611 quam
936 1541 1002 1595 ab
1029 1540 1136 1595 alio
1167 1540 1501 1610 accipientes
1526 1540 1871 1605 haberemus,
1903 1541 2041 1595 bene
2065 1552 2303 1596 acturos:

747 1652 769 1685 ι
808 1631 911 1699 Qui
956 1634 1101 1687 enim
1158 1634 1358 1700 habet,
1416 1632 1623 1703 inquit,
1655 1636 1790 1688 duas
1835 1634 2088 1699 tunicas,
2135 1634 2226 1689 det
2255 1634 2304 1687 ei

734 1721 824 1789 qui
867 1736 971 1773 non
1002 1720 1207 1775 habet:
1249 1730 1304 1776 et
1334 1722 1427 1791 qui
1472 1722 1636 1777 habet
1672 1736 1853 1777 escam
1875 1763 1889 1786 ,
1935 1723 2189 1779 similiter
2224 1723 2305 1778 fa-

2418 710 2552 782 lypsi
2573 710 2640 775 ⁴ι³,
2685 711 2927 766 inveniet
2952 711 3173 767 easdem
3211 710 3397 783 plagas
3428 710 3817 767 universaliter
3840 710 3986 765 acci-

2414 814 2543 869 pere
2568 809 2790 871 gentes,
2824 816 2959 873 qnas
2997 801 3534 873 tunc,particulatim
3571 801 3789 874 accepit
3812 799 3985 875 Egy-

2411 905 2557 963 pius.

2967 1006 3194 1065 CAPUT
3230 1008 3422 1064 XXXI.

2414 1093 2567 1162 Quod
2593 1094 2869 1166 Scriptura
2897 1117 3000 1153 non
3034 1103 3307 1171 redarguit
3330 1139 3345 1165 ,
3371 1099 3629 1153 veteribus
3662 1100 3876 1154 crimini
3900 1114 3982 1155 tc-

2496 1184 2632 1220 mere
2657 1171 2891 1223 dandum
2929 1188 3029 1224 non
3053 1189 3201 1235 esse;
3228 1172 3316 1224 sed
3342 1180 3519 1240 typum
3561 1171 3616 1224 in
3655 1187 3982 1241 eoquwreu-

2479 1243 2663 1320 ditur:
2694 1241 2838 1308 quod
2862 1240 3125 1311 probatur
3150 1242 3386 1310 exeniplo
3409 1241 3640 1295 incestus
3670 1240 3813 1295 aLot
3838 1257 3984 1295 cout-

2478 1323 2651 1365 ιιιιεει.

2485 1444 2535 1499 1.
2568 1443 2720 1499 Talia
2752 1446 2997 1517 quaedam
3020 1461 3283 1501 enarrans
3312 1447 3377 1505 de
3397 1445 3646 1519 antiquis
3668 1446 3979 1519 presbyter,

2410 1535 2828 1605 rellcichatnos,
2860 1547 2917 1593 et
2951 1539 3208 1594 dicebat:
3242 1539 3320 1594 De
3359 1540 3569 1596 eisdem
3598 1538 3711 1611 (85)
3738 1538 3979 1603 delictis,

2407 1628 2475 1681 de
2503 1628 2702 1697 quibus
2732 1629 2864 1698 ipsa:
2895 1629 3189 1699 Scriptura:
3218 1631 3577 1701 increpabant
3604 1630 3716 1701 (86)
3746 1630 3983 1701 patriar-

2408 1720 2540 1774 chas
2562 1728 2616 1774 et
2639 1721 2950 1791 prophetas,
2981 1736 3080 1777 nos
3112 1736 3219 1775 nou
3254 1730 3470 1791 oportet
3494 1720 3606 1793 (87)
3638 1721 3979 1791 exprobrare

734 1814 843 1867 ciat
864 1813 928 1865 ιι.
962 1832 980 1864 ι
1016 1812 1082 1868 Et
1116 1833 1130 1871 ε
1166 1832 1183 1865 ι
1214 1814 1426 1870 Esurivi
1458 1815 1627 1879 enim,
1655 1825 1709 1871 et
1736 1816 1969 1873 dedistis
1995 1818 2124 1872 mihi
2156 1834 2303 1873 man-
2338 1807 2377 1861 Β
2407 1810 2509 1877 eis.
2536 1826 2707 1881 neque
2732 1811 2847 1867 ﬁeri
2875 1811 3083 1867 similes
3116 1812 3284 1866 Cham
3311 1856 3325 1880 .
3352 1814 3445 1883 qui
3476 1812 3652 1869 irrisit
3683 1810 3977 1880 turpitudi-

732 1905 1035 1958 ducarezet
1058 1905 1233 1961 nudus
1267 1905 1365 1970 fui,
1393 1915 1449 1960 et
1473 1906 1714 1961 vestistis
1748 1907 1942 1962 me”.r
1989 1905 2090 1962 Et:
2121 1924 2140 1959 ι
2163 1906 2297 1962 Cum

734 1997 870 2053 facis
904 1996 1333 2053 misericordiam
1383 1997 1518 2070 (79),
1574 2015 1677 2053 non
1728 2000 1873 2054 sciat
1924 2000 2151 2055 sinistra
2208 2010 2295 2055 tua

732 2093 863 2164 quid
899 2091 1067 2149 faciat
1099 2094 1291 2149 dextra
1321 2102 1410 2147 tua
1428 2092 1509 2160 ⁸ος
1544 2113 1562 2145 ι
1612 2103 1669 2148 et
1712 2093 1919 2164 reliqua
1961 2109 2299 2164 quaecunque

730 2186 1134 2243 benefacientes
1165 2185 1554 2253 justilicamur,
1602 2185 1753 2241 velut
1802 2188 1869 2241 de
1898 2185 2088 2241 alienis
2115 2196 2297 2241 nostra

729 2280 1060 2335 rcdimentes
1093 2302 1105 2335 :
1142 2279 1210 2333 de
1258 2279 1454 2333 alienis
1498 2289 1679 2333 autem
1733 2279 1805 2333 ita
1831 2278 1974 2342 dico,
2004 2295 2109 2333 non
2142 2279 2295 2348 quasi

729 2373 961 2429 mundus
987 2372 1198 2427 alienus
1225 2372 1349 2427 sita
1385 2373 1525 2437 Deo,
1554 2372 1649 2427 sed
1695 2373 1951 2441 quoniam
1988 2372 2296 2439 huiusmodi

726 2468 975 2521 dationes
1027 2466 1096 2521 ah
1130 2464 1257 2520 aliis
1312 2464 1646 2535 accipientes
1703 2463 1989 2529 habemus,
2045 2463 2300 2520 similiter

728 2558 878 2613 velut
918 2558 992 2613 illi
1041 2558 1111 2613 ab
1148 2556 1421 2629 [Egyptiis
1453 2558 1543 2626 qui
1592 2571 1699 2610 non
1736 2557 1984 2610 sciebant
2032 2556 2218 2616 Deum.
2244 2566 2300 2610 et

725 2668 821 2721 per
854 2652 971 2707 haec
1004 2651 1116 2721 ipsa
1144 2650 1404 2721 erigimus
1432 2649 1838 2719 nobismetipsis
1880 2648 2293 2703 tabernaculum

728 2746 1015 2800 Deizcum
1071 2746 1212 2799 bene
1264 2741 1408 2797 enim
1456 2741 1787 2796 facientibus
1847 2739 2059 2794 habitat
2117 2740 2289 2807 Deus;

722 2836 1174 2910 quemadmodum
1205 2836 1465 2890 Dominus
1490 2834 1565 2888 ait
1602 2852 1616 2887 :
1654 2852 1671 2884 ι
1701 2832 1883 2889 Facite
1909 2833 2061 2889 vobis
2088 2834 2295 2889 amicos

722 2930 789 2983 de
827 2942 1132 2983 mammona
1167 2926 1499 2997 iniquitatis,
1528 2935 1588 2980 ut
1621 2925 1701 2989 hi,
1734 2928 1957 2995 quando
1981 2924 2149 2995 fugati
2176 2926 2293 2979 fue-

724 3021 867 3082 ritis,
897 3020 1163 3089 recipiunt
1183 3034 1280 3073 vos
1312 3018 1367 3073 in
1396 3028 1598 3073 aeterna
1624 3016 1976 3073 tabernacula
1997 3016 2061 3073 “.
2092 3036 2111 3069 ι
2137 3016 2293 3084 Quae-

2406 1920 2528 1959 nem
2561 1907 2735 1975 patris
2766 1906 2871 1971 sui,
2922 1915 2978 1959 ct
3025 1908 3076 1959 in
3127 1906 3567 1962 tnaledictioncm
3609 1904 3848 1967 decidit;
3884 1901 3978 1957 sed

2405 1998 2608 2067 gratias
2635 2013 2797 2069 agere
2820 2014 2917 2067 pro
2945 1999 3051 2052 illis
3088 1999 3214 2063 Deo,
3246 1999 3502 2069 quoniam
3533 2000 3584 2053 in
3607 2001 3841 2057 adventu
3880 2005 3980 2057 Do-

2403 2091 2535 2146 mini
2570 2091 2745 2146 nostri
2775 2093 3002 2147 remissa
3036 2102 3164 2147 sunt
3190 2094 3273 2146 eis
3312 2099 3535 2161 peccata
3573 2111 3587 2147 :
3617 2095 3824 2149 etenim
3856 2096 3979 2152 illus

2402 2184 2617 2238 dicebat
2648 2186 2853 2253 gratias
2887 2200 3073 2255 agere,
3118 2194 3173 2239 et
3205 2184 3501 2255 gloriﬁcari
3541 2186 3651 2258 (88)
3698 2189 3750 2242 in
3786 2199 3975 2244 nostra

2401 2276 2597 2332 salute.
2623 2276 2699 2333 De
2726 2277 2926 2348 quibus
2967 2289 3148 2333 autem
3184 2277 3481 2348 Scriptura!
3516 2297 3625 2334 uou
3663 2282 3974 2351 increpant,

2404 2368 2498 2425 sed
2530 2370 2852 2439 simpliciter
2885 2380 3013 2425 sunt
3059 2372 3269 2439 positae,
3308 2386 3406 2427 nos
3453 2388 3561 2427 non
3610 2373 3813 2430 debere
3859 2377 3973 2430 tieri

2401 2472 2752 2517 accusatores
2794 2461 2927 2534 (non
2980 2463 3125 2515 enim
3184 2476 3377 2518 sumus
3418 2463 3791 2534 diligentiores
3839 2465 3973 2532 Deo,

2400 2568 2580 2622 neque
2619 2568 2787 2623 super
2820 2554 3139 2623 magistrum
3188 2569 3474 2624 possumus
3519 2556 3664 2628 esse)
3691 2597 3705 2621 ,
3746 2559 3843 2613 sed
3886 2569 3965 2629 ty-

2406 2658 2531 2711 pqu
2557 2657 2823 2711 (μιάνειε.
2851 2640 2995 2697 Nihil
3027 2644 3172 2698 enim
3204 2643 3437 2699 Otiosum
3462 2656 3544 2701 est
3573 2659 3784 2713 eorum,
3826 2663 3972 2717 qua-

2398 2747 2617 2802 cunque
2691 2734 3086 2789 inaccusabilia
3143 2737 3319 2804 posita
3372 2748 3497 2792 sunt
3558 2738 3609 2792 in
3653 2738 3967 2809 Scriptnris.

2398 2825 2922 2892 “Quemadmodum
2944 2840 3000 2881 et
3022 2827 3141 2894 Lot,
3164 2832 3252 2899 qui
3279 2832 3467 2886 eduxit
3489 2833 3551 2886 de
3566 2830 3815 2887 Sodomis
3833 2834 3969 2887 ntias

2400 2934 2549 2983 suas,
2582 2934 2702 2990 qua:
2726 2932 3093 2991 concepernnt
3120 2922 3185 2977 de
3212 2933 3370 2992 patre
3398 2938 3519 2986 suo,
3549 2933 3602 2978 et
3621 2925 3711 2993 qui
3753 2924 3972 2994 reliquit

2398 3011 2447 3063 in
2478 3010 2824 3067 circumlinio
2853 3011 3208 3083 (89)uxoretn
3246 3029 3403 3067 suam
3450 3022 3681 3069 statuam
3708 3016 3840 3071 salis
3878 3033 3966 3071 ns-

722 3130 940 3183 cunque
973 3114 1147 3177 enim,
1191 3126 1315 3166 cum
1352 3125 1599 3167 essemus
1639 3110 1866 3176 ethnici,
1916 3111 1983 3164 de
2023 3110 2287 3180 injustitia
2317 3162 2358 3183 η
2394 3117 2498 3171 que
2554 3101 2608 3155 in
2658 3101 2977 3157 hOdiet‘num
3025 3102 3191 3157 diem.
3246 3102 3459 3158 Etenim
3497 3102 3602 3161 Lot
3628 3122 3736 3161 non
3768 3122 3834 3163 ex
3870 3123 3965 3162 sua

720 3206 1140 3276 acquisivimus,
1169 3206 1310 3268 haec,
1345 3218 1469 3259 cum
1508 3202 1925 3268 crediderimus,
1962 3202 2015 3256 in
2052 3202 2287 3257 domini-

720 3315 815 3355 cas
849 3300 1108 3353 utilitates
1134 3305 1523 3353 conversantes
1546 3294 1659 3366 (80)
1683 3293 2073 3365 justitlcamur.

790 3394 845 3450 4.
873 3390 1192 3446 Necessarie
1228 3390 1395 3460 igitur
1439 3391 1550 3444 hzec
1586 3389 1638 3442 in
1680 3398 1807 3459 typo
1838 3390 2290 3458 prmmeditahan-

722 3496 834 3551 lur,
872 3495 928 3539 et
964 3482 1373 3538 tabernaculum
1410 3482 1503 3535 Dei
1554 3496 1618 3534 ex
1670 3480 1753 3535 bis
1799 3481 2100 3536 fabricatur
2134 3503 2146 3537 :
2184 3483 2287 3539 illis

716 3580 938 3651 quidem
973 3575 1118 3645 juste
1162 3574 1579 3644 accipientibus,
1614 3573 2072 3643 quemadmodum
2098 3585 2287 3629 osten-

714 3674 898 3727 dimus
934 3686 948 3725 :
982 3668 1139 3723 nobis
1162 3676 1341 3719 autem
1368 3668 1716 3735 prmostcnsis
1762 3665 1895 3739 (8|),
1945 3667 2037 3735 qui
2082 3668 2289 3737 incipe-

716 3776 901 3816 remus
942 3758 1053 3830 (82)
1108 3774 1206 3828 per
1240 3757 1417 3811 aliena
1473 3756 1586 3810 Deo
1619 3757 1982 3815 deservire."
2023 3758 2283 3814 liniversa

714 3854 863 3909 enim
896 3867 1018 3922 quae
1046 3866 1113 3905 ex
1140 3849 1377 3920 [Egypto
1394 3848 1658 3917 profectio
1688 3850 1853 3903 tiebat
1880 3853 2062 3921 populi
2092 3868 2121 3905 a
2151 3852 2280 3918 Deo,

713 3954 873 4016 typus
894 3954 950 4000 et
977 3945 1157 4012 imago
1186 3942 1285 3997 fuit
1322 3941 1435 4015 (85)
1480 3942 1828 4013 profectionis
1860 3943 2133 4009 Ecclesiae,
2163 3959 2286 4014 quas

714 4047 833 4092 erat
862 4038 1039 4091 futura
1061 4054 1128 4092 ex
1155 4038 1406 4106 gentibus
1430 4054 1444 4089 :
1476 4046 1699 4107 propter
1725 4036 1827 4091 hoc
1860 4045 1913 4090 et
1942 4036 1997 4090 in
2032 4039 2136 4091 [lue
2166 4038 2278 4101 (84)

714 4134 949 4183 edncens
987 4143 1106 4181 eam
1133 4127 1259 4182 hinc
1284 4128 1337 4181 in
1380 4142 1532 4181 suam
1559 4126 1955 4189 hereditatem,
1981 4141 2142 4196 quam
2172 4142 2278 4181 non

714 4220 925 4291 Moyses
946 4219 1162 4287 quidem
1190 4217 1422 4272 famulus
1448 4216 1563 4281 Dei,
1590 4219 1684 4272 sed
1709 4217 1865 4271 Jesus
1899 4217 2071 4272 Filius
2099 4217 2190 4272 Dei
2225 4219 2277 4271 in

782 4336 1273 4404 "Matth.m,l,2.
1332 4339 1376 4370 ³⁸
1403 4338 1533 4392 Luc.
1563 4354 1618 4393 Ill
1643 4379 1657 4400 ,
1687 4340 1767 4391 ll.

714 4410 760 4442 ⁸³
788 4414 958 4479 Apoc.
984 4423 1097 4475 xu,
1137 4408 1172 4459 2
1201 4420 1255 4461 et
1273 4424 1422 4478 seqq.

784 4566 893 4639 (77)
924 4567 998 4621 Ab
1028 4566 1351 4619 hominibus.
1388 4562 1629 4618 Clarum.
1654 4574 1708 4618 et
1740 4565 2022 4630 Arundel.,
2057 4566 2119 4617 ab
2168 4583 2276 4618 om-
2315 4570 2355 4623 D

711 4640 891 4767 Willis.)
922 4706 1241 4761 Invenietur.
1270 4705 1380 4767 AL,
1414 4704 1698 4758 invenitur.

806 4708 870 4761 78
922 4708 1241 4761 Invenietur.
1270 4708 1380 4767 AL,
1414 4708 1698 4758 invenitur.

782 4708 894 4849 (79;
923 4775 1081 4849 Facis
1108 4778 1542 4849 misericordiam.
1577 4776 1659 4849 Alta
1708 4773 1942 4849 Feuard.
1981 4775 2031 4849 in
2068 4790 2267 4846 marg..

710 4845 975 4912 Clarum“
1002 4847 1157 4901 Voss.
1192 4854 1247 4900 et
1272 4846 1505 4916 ArumL,
1536 4845 1637 4899 nisi
1678 4848 1819 4915 quod
1850 4846 1901 4898 in
1932 4847 2103 4899 tribus
2126 4845 2275 4916 prio.

716 4919 864 4971 ribus
894 4918 1070 4987 facitis
1101 4919 1279 4971 minus
1307 4926 1450 4969 recte
1484 4914 1716 4985 legatur.
1764 4916 1823 4969 lu
1853 4917 2067 4971 caeteris
2092 4961 2105 4982 ,
2127 4914 2273 4969 'cum

709 4990 845 5057 locis
858 4990 1255 5057 eleemosynam.

783 5058 892 5130 (80)
922 5054 1318 5114 Canvérsantes.
1340 5056 1431 5110 Sic
1461 5054 1693 5130 Feuard.
1722 5056 1999 5130 inmarg.,
2029 5057 2272 5113 Clarum.

707 5141 762 5185 et
793 5126 986 5192 ‘Vo'ss.,
1028 5141 1127 5198 pro
1171 5143 1278 5197 quo
1332 5126 1664 5182 recentiores
1690 5128 2023 5197 Scripsernut
2062 5144 2273 5182 conver-

706 5210 909 5265 tentes;
939 5200 1080 5253 haud
1106 5201 1453 5253 adterteutes
1491 5198 1725 5250 activum
1760 5211 2145 5264 conversantes,
2173 5220 2271 5251 eo-

707 5272 1171 5349 detusiguilicalo
1200 5269 1459 5349 gaudere.

778 5338 889 5409 (81)
912 5336 1280 5398 Prwostensis.
1310 5336 1377 5391 In
1403 5340 1528 5409 ipsis
1553 5340 1793 5394 additum
1818 5337 1872 5391 in
1896 5338 2074 5401 editt.,
2100 5338 2273 5392 Arun-

704 5411 813 5465 del.
842 5424 893 5464 et
927 5414 1089 5477 Merc.
1114 5410 1169 5464 2.

777 5477 890 5555 (82)
930 5480 1443 5555 ΙπειμειίςηιιιείλΑΙη
1478 5484 1842 5555 inceperim”.

797 5550 884 5624 85)
923 5556 1105 5622 Imago
1134 5550 1256 5621 fuit.
1285 5552 1436 5624 Erus.
1472 5563 1524 5606 et
1546 5552 1772 5615 Θρήιξι,
1808 5550 1979 5619 imago
2011 5551 2189 5618 ﬁebat.

794 5620 883 5690 84)
912 5626 977 5677 In
1001 5620 1277 5690 ﬁne.Alii.
1310 5625 1362 5676 in
1392 5622 1573 5690 ﬁnem.

773 5630 861 5692 (84
912 5630 977 5677 tn
1001 5630 1128 5690 line.
1158 5630 1277 5680 Alii.
1310 5630 1362 5676 in
1392 5630 1573 5690 ﬁnem.

773 5630 883 5763 (ssi
916 5696 989 5746 [)2
1019 5696 1231 5747 eisdem.
1264 5692 1408 5749 Edit.
1445 5708 1566 5749 cum
1600 5694 1809 5747 Arund.
1842 5690 2077 5747 ctMerc.
2105 5690 2159 5757 2,
2189 5692 2263 5747 De

701 5763 784 5816 his
820 5768 1049 5833 quidem.

2397 3196 2695 3263 voluntate,
2726 3210 2903 3266 neque
2932 3211 2996 3251 ex
3021 3212 3119 3251 sua
3149 3199 3594 3269 concupiscentia
3627 3201 3856 3264 carnali,
3877 3217 3969 3257 ne-

2396 3302 2503 3357 qne
2539 3303 2758 3344 sensum
2788 3328 2802 3353 ,
2839 3304 3014 3358 neque
3046 3290 3438 3361 cogitationem
3491 3294 3801 3364 hujusmodi
3853 3296 3962 3367 (90)

2396 3382 2695 3451 accipiens,
2714 3384 3108 3437 consummavit
3133 3383 3240 3455 (9|)
3264 3394 3469 3457 typum.
3497 3385 3964 3457 Quemadmodum

2398 3472 2676 3543 Scriptura
2700 3474 2869 3528 dicit:
2896 3474 2991 3529 «Et
3010 3476 3235 3530 intravit
3252 3476 3427 3547 major
3452 3489 3575 3533 nata
3600 3480 3734 3551 (92),
3757 3493 3811 3535 et
3838 3486 3963 3534 dor-

2396 3566 2553 3621 mivit
2581 3580 2705 3621 cum
2724 3577 2878 3635 patre
2908 3581 3006 3622 suo
3033 3578 3194 3623 nocte
3222 3567 3357 3623 illa:
3402 3578 3457 3623 et
3502 3586 3611 3624 non
3652 3573 3815 3626 scivit
3864 3571 3965 3626 Lut

2395 3676 2515 3715 cum
2538 3662 2799 3718 dormiret
2826 3659 2911 3714 illa
2939 3657 3070 3730 (93),
3101 3666 3295 3713 etcum
3320 3662 3683 3731 surgeret‘h
3707 3663 3771 3717 Et
3789 3664 3839 3718 in
3867 3667 3963 3719 mi-

2394 3769 2526 3807 nore
2549 3754 2649 3808 hoc
2682 3754 2822 3808 idem
2856 3770 2871 3808 :
2914 3770 2933 3801 ‹
2980 3750 3046 3805 Et
3073 3765 3178 3805 non
3209 3753 3390 3818 scivit,
3424 3753 3623 3823 inquit,
3647 3755 3815 3827 269
3838 3772 3959 3811 cum

2392 3844 2703 3901 dormiisset
2726 3859 2933 3910 secum,
2955 3858 3055 3898 nec
3075 3856 3198 3897 cum
3225 3845 3558 3900 surrexisset
3573 3846 3640 3899 “.
3655 3867 3674 3899 ι

2387 3937 2477 4011 Μὴ
2517 3936 2711 4001 εἰδότος
2737 3935 2845 4009 (94)
2870 3934 2962 3988 τοῦ
2991 3931 3135 3997 Λὼτ,
3212 3932 3493 3990 Nesciente
3520 3936 3686 4008 igitur
3719 3938 3956 4006 homine,

2390 4031 2522 4102 μηδὲ
2546 4033 2704 4103 ἡδονῇ
2733 4030 3136 4095 δουλεύσαντας,
3211 4042 3393 4098 neque
3420 4030 3630 4084 libidini
3664 4031 3955 4097 serviente,

2386 4124 2664 4193 οἰκονομία
2690 4122 2991 4177 ἐπετελείτο
3011 4162 3025 4187 ,
3071 4122 3139 4176 δι’
3212 4121 3545 4194 dispensatio
3575 4126 3959 4194 perﬁciebatur

2385 4216 2450 4289 ἧς
2482 4221 2537 4271 αἱ
2564 4220 2788 4272 600......
2827 4219 3140 4287 συναγωγαὶ
3212 4233 3305 4287 per
3333 4232 3494 4285 quam
3534 4218 3654 4272 dua:
3699 4217 3824 4272 filia
3851 4259 3863 4280 ,
3908 4219 3955 4269 id

1845 4338 2107 4412 "Matth.
2142 4356 2268 4403 xxv,
2293 4342 2395 4404 35,
2426 4341 2546 4412 56.7
2587 4342 2633 4373 ⁸ο
2669 4341 2857 4412 Matth.
2890 4357 2972 4404 γι,
2998 4340 3053 4397 5.
3129 4342 3172 4373 ⁸¹
3194 4340 3329 4397 Luc.
3360 4356 3482 4407 xvi,

2293 4342 2395 4404 35,
2426 4341 2546 4412 56.7
2587 4342 2633 4373 ‘°
2669 4341 2857 4412 Matth.
2890 4357 2972 4404 γι,
2998 4340 3053 4397 5.
3129 4342 3172 4373 ⁸¹
3194 4340 3329 4397 Luc.
3360 4356 3482 4407 xvi,
3517 4341 3572 4398 9.
3646 4341 3693 4373 "
3726 4339 3858 4412 Cap.
3893 4341 3949 4395 L.

1500 4410 1546 4439 ⁸⁸
1565 4410 1695 4473 Cap.
1740 4410 1821 4463 LI.
1898 4410 1942 4441 "
1980 4409 2115 4463 Gen.
2151 4428 2260 4473 χιχ,
2291 4412 2376 4466 55.
2456 4412 2500 4442 ⁸⁸
2530 4411 2691 4478 lbid.,
2718 4411 2809 4467 35.

2600 4564 2973 4639 increpabant.
3005 4566 3134 4630 Alii,
3163 4566 3456 4634 increpant.

2455 4636 2565 4705 (87)
2596 4636 2834 4704 Oportet.
2868 4636 3032 4690 Editt.
3058 4639 3408 4691 cuntArund.
3434 4649 3491 4693 et
3522 4637 3689 4693 Merc.
3718 4637 3777 4703 3,
3801 4653 3952 4705 opor-

2381 4718 2510 4761 tere.

2450 4778 2539 4849 (88

2457 4847 2567 4919 (89)
2594 4848 2961 4919 Circum/inim
2986 4847 3119 4919 ﬁlii,
3151 4848 3398 4914 conﬁnio.

2455 4915 2566 4988 (90)
2602 4918 2942 4986 Hujusmodi.
2972 4915 3327 4985 Operationis,
3355 4921 3493 4973 haud
3524 4931 3673 4976 recte
3707 4921 3946 4976 additum

2383 5006 2426 5116 av
2474 4988 2914 5053 reuentioribus,
2966 4989 3141 5042 delevi
3198 4990 3525 5046 auctoritate
3582 4991 3825 5048 Clarom.
3895 5003 3947 5045 ct

2430 5075 2539 5114 oss.

2430 5075 2539 5114 088.

2452 5130 2566 5200 (91)
2592 5128 3007 5201 ςοιιειιηιῃιαυὲι.
3055 5126 3331 5201 Sed_huic
3362 5130 3530 5184 verbo
3571 5131 3854 5201 praefixum
3895 5133 3946 5185 in

2382 5197 2555 5255 editt.
2588 5200 2771 5261 Eras.,
2806 5198 3012 5254 Gallus.
3060 5210 3114 5254 et
3158 5197 3392 5254 Feuard.
3447 5197 3642 5257 merito
3686 5204 3947 5259 omittunt

2384 5284 2538 5325 vetus
2572 5268 2805 5323 Feuard.
2842 5270 2987 5333 cod.,
3021 5272 3262 5325 Clarum.
3289 5282 3342 5323 et
3374 5270 3531 5327 Voss.

2453 5342 2563 5412 (92)
2597 5338 2773 5412 Major
2812 5351 2959 5412 nata.
2984 5339 3197 5412 Mallem
3219 5343 3442 5412 ,Arnaior
3471 5354 3625 5396 natu.

2457 5409 2569 5483 (93)
2602 5409 3029 5483 Dormirethilla.
3074 5410 3210 5465 Male
3239 5410 3294 5465 in
3327 5414 3486 5466 editt.
3519 5415 3697 5477 hras.,
3733 5413 3941 5469 Gallus.

2378 5495 2429 5536 et
2468 5480 2753 5543 'li‘eunrd"
2778 5497 2842 5535 ac
2868 5480 3034 5538 Merc.
3060 5484 3097 5535 2
3160 5484 3339 5539 codd..
3372 5485 3622 5536 dormiret
3648 5494 3798 5536 nocte
3828 5486 3938 5536 itta.

2443 5554 2556 5623 (94)
2584 5549 2681 5618 Μὴ
2711 5551 2961 5618 εἰδότος.
2990 5552 3178 5608 Graeca
3206 5553 3320 5623 haec
3346 5570 3376 5607 e
3402 5552 3599 5607 Catena
3632 5551 3859 5607 Patrum
3891 5570 3941 5605 ιιι

2381 5621 2620 5677 Genesim
2642 5627 2722 5693 (ea
2754 5626 2889 5694 forte
2913 5638 3031 5692 qua
3049 5624 3190 5678 inter
3218 5621 3397 5694 [legite
3425 5624 3766 5678 bibliotheca:
3786 5625 3937 5676 Codd.

2379 5709 2507 5748 mss.
2539 5709 2689 5747 num.
2709 5693 3095 5763 l889,exstat,
3118 5696 3170 5747 in
3199 5693 3317 5763 qua:
3338 5697 3449 5748 haec
3476 5696 3665 5749 eadem
3695 5694 3943 5763 leguntur

2376 5765 2467 5819 fol.
2500 5764 2620 5833 154)
2649 5767 2817 5818 edidit
2844 5762 3145 5819 Hallunius
3191 5766 3246 5819 in
3287 5762 3403 5818 Vita
3437 5764 3633 5819 imitri
3656 5804 3671 5831 ,
3699 5766 3944 5834 exceptis

2596 4776 2921 4845 Gloriﬁcari.
2950 4776 3082 4840 Alii,
3110 4776 3352 4845 gloriari.

2545 4778 2567 4989 ξ
