4222 6320
320 354 462 413 I069

315 478 422 533 ἀπὸ
465 475 583 541 ἑνὸς
624 476 719 531 καὶ
765 473 858 529 τοῦ
904 474 1067 527 αὐτοῦ

316 571 519 641 πατρὸς
546 568 1067 639 τεκνοποιησάμεναι

313 665 613 737 ἑμηνόοντο
676 664 804 719 ἄνευ
869 662 1070 734 σαρκὸς

316 757 531 829 ἡδονῆς.
562 756 637 809 Οὐ
677 755 787 827 γὰρ
818 750 884 825 ἦν
912 752 1070 817 ἄλλος

313 852 491 915 οὐδεὶς
562 852 782 924 σπέρμα
840 848 1067 915 ζωτικὸν

316 945 411 999 καὶ
463 945 667 998 τέκνων
732 940 1068 1014 ἐπικαρπίαν

314 1039 613 1109 δυνάμενος
641 1036 827 1090 δοῦναι
854 1035 1065 1098 αὑταῖς,

315 1131 499 1197 καθὼς
527 1131 852 1204 γέγραπταν

1141 570 1208 624 ab
1254 584 1363 623 uno
1407 576 1463 623 et
1496 568 1685 622 eodem
1735 580 1890 638 patre

1142 660 1195 715 in
1220 660 1457 715 sobolem
1478 662 1747 730 ad0ptata:
1776 658 1888 730 (96)

1142 753 1593 821 signiﬁcabantur
1621 753 1740 806 sine
1768 765 1891 806 car-

1142 846 1226 902 nis
1251 846 1491 901 libidine.
1526 845 1632 900 Nec
1652 844 1794 899 enim
1812 844 1891 897 al-

1144 948 1226 994 ter
1251 947 1373 994 erat
1416 937 1647 1008 aliquis,
1677 936 1768 1006 qui
1813 952 1891 990 sc-

1142 1046 1265 1086 men
1323 1030 1486 1086 vitale
1548 1040 1603 1085 et
1653 1028 1886 1084 ﬁliorum

1143 1124 1376 1179 fructum
1412 1130 1596 1192 posset
1630 1121 1759 1179 dare
1784 1122 1885 1185 eis,

1100 1292 1103 1293 ν
1134 1215 1587 1288 quemadmodum
1624 1215 1885 1285 scriptum

1135 1320 1219 1367 est
1251 1328 1266 1367 :

320 1430 339 1463 ι
381 1411 524 1467 Dixit
570 1417 750 1464 autem
792 1405 963 1475 major
1012 1404 1082 1459 ad
1129 1403 1441 1459 minorem:
1484 1402 1649 1459 Pater
1691 1408 1884 1457 noster

315 1503 503 1558 senior
531 1509 636 1567 est,
666 1510 721 1555 et
752 1513 910 1554 nemo
939 1507 1023 1553 est
1058 1510 1222 1566 super
1259 1505 1461 1551 terram
1500 1496 1594 1567 qui
1623 1495 1790 1550 intret
1814 1494 1885 1549 ad

316 1609 434 1658 nos,
470 1602 530 1648 ut
556 1603 726 1660 oporti
750 1601 771 1647 t
796 1591 943 1646 omni
982 1599 1141 1645 terra:
1174 1588 1288 1659 (97)
1316 1606 1331 1643 :
1367 1590 1509 1653 veni,
1542 1587 1887 1657 potionemus

314 1696 525 1756 patrem
560 1694 807 1741 nostrum
866 1682 1026 1747 vino,
1057 1690 1113 1737 et
1153 1666 1487 1735 dormiamus
1534 1694 1657 1734 cum
1697 1692 1784 1746 eo,
1826 1690 1886 1732 ut

314 1777 637 1833 suscitemus
662 1773 773 1847 (98)
806 1774 872 1829 de
899 1783 1053 1842 patre
1082 1782 1271 1827 nostro
1294 1786 1479 1827 semen
1517 1772 1583 1824 ⁸⁷.
1614 1788 1634 1824 s

382 1914 436 1968 2.
480 1913 587 1967 Illa:
624 1913 841 1983 quidem
882 1910 1003 1965 lilia:
1029 1909 1325 1963 secundum
1375 1906 1780 1975 simplicitatem
1814 1914 1868 1957 et

312 2004 680 2059 innocentiam
720 2012 976 2073 putantes
1022 2000 1305 2054 universos
1339 1999 1589 2052 homines
1622 1997 1882 2067 periisse,

310 2094 763 2166 quemadmodmn
798 2091 1131 2154 Sodomitas,
1167 2099 1222 2144 et
1246 2089 1298 2143 in
1332 2089 1646 2143 universam
1680 2099 1882 2143 terram

312 2189 654 2244 iracundiam
691 2185 784 2239 Dei
817 2184 927 2256 (99)
980 2182 1388 2253 supervenisse.
1444 2182 1701 2236 dicebant
1746 2180 1882 2236 haec.

310 2278 656 2350 Quapromvr
694 2285 749 2331 et
783 2279 914 2345 ipsa:
970 2272 1313 2331 excusabiles
1362 2280 1507 2335 sunt,
1552 2271 1886 2327 arbitrantes

312 2387 373 2427 se
404 2370 549 2427 solas
576 2369 797 2424 relictas
823 2381 947 2424 cu
982 2375 1135 2436 patre
1160 2380 1259 2420 suo
1292 2365 1359 2419 ad
1412 2364 1883 2419 conservationem

310 2464 531 2535 generis
561 2460 820 2526 humani,
852 2466 908 2515 et
958 2466 1181 2528 propter
1227 2458 1331 2512 hoc
1379 2454 1886 2511 circumveniebant

313 2565 549 2623 patrem.
599 2552 703 2606 Per
753 2551 918 2605 verba
979 2558 1161 2603 autem
1222 2562 1410 2601 earum
1476 2545 1886 2617 signiﬁcabatur

312 2644 588 2700 neminem
619 2654 739 2697 esse
763 2640 994 2696 alterum
1028 2640 1119 2710 qui
1164 2639 1339 2709 possit
1383 2638 1619 2693 ﬁliorum
1658 2652 1885 2709 genera-

314 2734 515 2790 tionem
571 2730 762 2800 majori
828 2740 882 2786 et
955 2729 1153 2785 minori
1218 2743 1509 2800 synagoga
1583 2737 1883 2797 praestare,

312 2841 476 2896 quam
513 2824 731 2879 Patrem
781 2831 1025 2877 nostrum
1055 2819 1154 2893 (1).
1217 2820 1381 2875 Pater
1438 2828 1621 2876 autem
1672 2820 1887 2892 generis

316 2916 541 2973 humani
560 2916 796 2971 Verbum
822 2913 955 2968 Dei:
985 2910 1441 2983 quemadmodum
1469 2908 1682 2983 Moyses
1705 2919 1888 2965 osten-

311 3010 395 3063 dit
439 3008 673 3063 dicens:
706 3024 726 3058 ι
760 3004 951 3059 Nonne
994 3006 1086 3060 hic
1132 3004 1249 3074 ipse
1290 3013 1444 3072 pater
1479 3012 1603 3058 tuus
1646 3005 1888 3073 possedit

315 3110 386 3165 te,
416 3109 471 3156 et
495 3097 625 3153 fecit
658 3107 727 3161 te,
760 3104 815 3151 et
854 3098 1064 3150 creavit
1091 3106 1148 3150 te
1169 3096 1213 3128 δ’
1239 3096 1262 3149 i
1296 3114 1314 3149 s
1346 3093 1575 3161 Quando
1611 3094 1774 3165 igitur
1797 3096 1889 3150 hic

1481 351 1765 409 CONTRA
1798 348 2139 406 ΠᾸΞῐὶΕδΕΞ
2176 347 2303 404 LIB.
2343 347 2432 402 IV.

1141 484 1223 530 est
1264 475 1374 547 (95)
1424 476 1541 530 duae
1581 488 1884 546 synagogm,
1920 479 1961 536 Α
2000 473 2130 526 mihi
2167 469 2351 525 factus
2392 480 2478 525 est
2502 470 2567 524 “.
2613 489 2631 521 s
2666 470 2863 524 Totum
2914 480 3099 525 autem
3149 470 3569 542 signiﬁcabatur

3427 350 3565 405 10Ἱο

1995 581 2093 635 per
2125 564 2248 629 Lot,
2291 564 2549 633 quoniam
2603 580 2787 619 semen
2834 564 3003 634 patris
3053 563 3338 628 omnium,
3390 564 3443 617 id
3484 574 3570 619 est

1992 661 2230 731 Spiritus
2257 659 2389 722 Dei,
2440 673 2534 729 per
2580 673 2740 729 quem
2776 658 2918 713 facta
2970 665 3098 711 sunt
3145 659 3326 712 omnia
3354 697 3368 717 .
3415 672 3570 710 com-

1992 752 2184 807 mistus
2218 760 2275 805 et
2302 749 2486 805 unitas
2515 758 2602 805 est
2628 749 2779 804 carni
2801 790 2814 813 ,
2848 749 2949 802 hoc
2993 758 3081 802 est
3118 749 3375 819 plasmati
3415 763 3516 803 suo
3550 765 3564 801 :

1991 858 2086 912 per
2112 857 2277 913 quam
2326 840 2763 895 commistionem
2820 851 2875 893 et
2928 841 3193 895 unitatem
3245 842 3365 893 dua:
3398 856 3566 911 syna-

1990 947 2160 1004 gogas,
2187 932 2239 987 id
2264 942 2373 994 est,
2406 933 2527 986 duae
2565 933 3023 1002 congregationes
3073 932 3473 991 l'ructiﬁcantes
3496 949 3568 991 ex

1992 1027 2152 1081 Patre
2183 1039 2281 1081 suo
2322 1022 2459 1079 ﬁlios
2495 1024 2647 1079 vivus
2685 1026 2810 1079 vivo
2847 1023 2977 1082 Deo.
3076 1028 3083 1035 ’

2060 1120 2115 1175 5.
2160 1118 2225 1173 Et
2252 1134 2373 1173 cum
2429 1120 2543 1173 haec
2584 1118 2815 1181 ﬁerent,
2864 1131 3001 1171 uxor
3050 1122 3316 1173 remansit
3363 1120 3415 1173 in
3460 1122 3565 1175 So-

1990 1211 2190 1276 domis,
2210 1214 2323 1280 jam
2357 1225 2466 1265 non
2500 1224 2629 1264 caro
2659 1207 3061 1277 corruptibilis,
3096 1210 3193 1263 sed
3221 1221 3400 1265 statua
3432 1213 3566 1266 salis

1990 1319 2211 1375 semper
2246 1315 2476 1358 manens
2501 1300 2603 1374 (5),
2629 1310 2684 1356 et
2708 1314 2807 1369 per
2857 1299 3133 1354 naturalia
3180 1315 3243 1354 ea
3281 1317 3397 1371 quae
3433 1313 3567 1359 sum

1989 1396 2403 1452 consuetudinis
2455 1394 2692 1451 hominis
2721 1393 2833 1466 (6),
2869 1396 3169 1449 ostendens
3220 1397 3477 1465 quoniam
3511 1408 3568 1452 et

1989 1487 2275 1553 Ecclesia,
2337 1502 2458 1557 quae
2531 1496 2617 1541 est
2681 1485 2763 1541 sal
2826 1496 2984 1540 terra:
3008 1487 3099 1551 ",
3147 1489 3440 1545 snbrelicta
3484 1501 3568 1546 est

1991 1583 2045 1636 in
2100 1581 2339 1636 conﬁnio
2376 1593 2602 1645 .terrae,
2656 1579 2871 1649 patiens
2924 1594 3044 1647 quae
3097 1592 3226 1635 sunt
3276 1581 3564 1639 humana:

1988 1687 2044 1728 et
2087 1674 2212 1727 dum
2244 1687 2389 1742 saepe
2426 1671 2749 1725 auferuntur
2799 1673 2867 1725 ab
2923 1685 2986 1727 ea
3034 1674 3278 1727 membra
3331 1674 3563 1745 integra,

1993 1776 2311 1837 perseverat
2354 1774 2532 1820 statua
2585 1765 2760 1831 salis,
2822 1766 2967 1835 quod
3018 1773 3105 1820 est
3158 1764 3564 1822 ﬁrmamentum

1921 1829 1960 1883 Β
1994 1829 2158 1921 lidei,
2222 1859 2445 1913 ﬁrmans
2496 1867 2553 1911 et
2603 1829 2943 1927 praemittens
3009 1858 3149 1914 ﬁlios
3221 1861 3288 1915 ad
3348 1861 3565 1916 Patrem

1993 1951 2258 2021 ipsorum.

2497 2039 2730 2096 CAPUT
2785 2038 2978 2094 XXXII
3000 2040 3069 2093 ⁸³.

1996 2132 2281 2204 Utriusque
2332 2137 2628 2188 testamenti
2682 2149 2844 2187 unum
2886 2131 3065 2204 Deum
3102 2144 3367 2187 auctorem
3422 2152 3567 2202 esse,

2062 2206 2284 2342 ἵηὶυνὶε
2341 2204 2705 2274 apostolorum
2760 2203 3011 2271 discipuli
3071 2206 3387 2258 auctoritate
3442 2224 3572 2258 cun-

2107 2284 2261 2328 rmat.

2067 2366 2120 2420 1.
2161 2365 2483 2437 Huiusmodi
2513 2378 2733 2437 quoque
2766 2365 2834 2420 de
2866 2364 3078 2421 duobus
3107 2367 3449 2423 testamentis
3483 2387 3572 2424 se-

1993 2460 2117 2515 nior
2163 2460 2531 2531 apostolorum
2582 2459 2881 2530 discipulus
2938 2460 3282 2531 disputabat,
3347 2464 3415 2519 ab
3464 2481 3572 2521 uno

1994 2550 2210 2619 quidem
2238 2560 2294 2606 et
2320 2552 2511 2608 eodem
2541 2551 2653 2608 Deo
2684 2562 2918 2622 utraque
2938 2555 3240 2609 ostendens
3272 2573 3286 2609 :
3327 2571 3427 2613 nec
3451 2572 3572 2613 esse

1995 2644 2227 2699 alterum
2262 2643 2432 2699 Deum
2478 2654 2677 2715 praeter
2716 2662 2885 2701 unum
2918 2646 2995 2717 (7)
3045 2649 3135 2717 qui
3194 2649 3322 2704 fecit
3365 2659 3420 2706 et
3457 2652 3572 2721 pla-

1994 2736 2198 2790 smavit
2265 2751 2402 2801 nos,
2464 2750 2566 2791 nec
2624 2737 2935 2792 ﬁrmitatem
3001 2739 3204 2795 habere
3258 2756 3570 2798 sermonem

1994 2842 2183 2881 eorum
2219 2828 2313 2897 qui
2339 2827 2549 2893 dicunt,
2576 2837 2668 2883 aut
2695 2844 2795 2899 per
2823 2828 3068 2900 angelos,
3089 2841 3182 2884 aut
3214 2846 3313 2901 per
3339 2834 3575 2903 quamli-

1993 2915 2085 2970 bet
2112 2915 2186 2989 (8)
2217 2916 2493 2984 virtutem,
2537 2927 2629 2973 aut
2651 2920 2719 2975 ab
2756 2919 2863 2975 alio
2896 2919 3006 2976 Deo
3040 2920 3249 2977 factum
3273 2937 3395 2979 esse
3428 2924 3575 2979 hunc

1995 3011 2277 3075 mundum,
2306 3011 2398 3080 qui
2434 3020 2519 3066 est
2573 3012 2870 3067 secundum
2928 3029 3051 3068 nos.
3108 3012 3165 3068 Si
3211 3015 3357 3069 enim
3404 3017 3570 3071 semel

1995 3102 2119 3172 quis
2154 3111 2602 3158 transmoveatur
2627 3120 2657 3157 a
2688 3104 2895 3160 factore
2928 3108 3217 3165 omnium.
3269 3120 3325 3163 et
3373 3126 3573 3165 conce-

315 3194 481 3248 vitale
514 3205 729 3255 semen,
783 3190 833 3245 id
864 3198 948 3245 est
990 3188 1254 3259 Spiritum
1306 3188 1648 3243 remissionis
1691 3201 1888 3257 pecca-
1918 3192 1963 3254 C
1996 3194 2087 3248 dat
2122 3192 2190 3248 ab
2225 3191 2405 3263 aliquo
2440 3196 2634 3262 altero,
2670 3205 2764 3250 aut
2792 3211 2888 3265 per
2918 3196 3087 3251 alium
3142 3197 3348 3253 factam
3386 3203 3575 3256 condi-

313 3296 491 3341 torum
523 3299 622 3356 per
643 3298 805 3353 quem
860 3282 1225 3344 viviﬁcamur,
1260 3279 1451 3334 eﬁ‘udit
1482 3281 1535 3333 in
1588 3283 1883 3336 humanmn

315 3376 534 3447 genus?
593 3374 787 3431 Nonne
827 3384 958 3428 tunc
1006 3388 1127 3427 cum
1166 3372 1599 3427 convescebatur
1631 3371 1709 3442 (2)
1760 3386 1883 3424 cum

316 3468 648 3533 hominibus,
696 3476 750 3521 et
797 3464 1012 3519 bibebat
1062 3464 1244 3518 vinum
1286 3464 1338 3517 in
1381 3472 1527 3517 terra
1558 3464 1581 3515 Υ
1609 3481 1627 3515 ι
1663 3463 1823 3517 Venit
1860 3482 1878 3514 ι

311 3560 495 3625 enim,
526 3559 722 3627 inquit,
776 3574 794 3609 ι
827 3556 996 3613 Filius
1032 3556 1272 3611 hominis
1317 3556 1657 3609 manducans
1698 3565 1755 3610 et
1802 3556 1885 3609 bi-

314 3653 447 3706 bens
475 3650 562 3703 “z
604 3668 624 3701 ι
682 3657 738 3703 et
783 3664 909 3703 cum
970 3646 1360 3710 recubuisset,
1422 3646 1787 3710 obdormivit,
1832 3658 1886 3700 et

313 3754 560 3796 somnum
589 3740 752 3808 cepit.
806 3736 1272 3804 Quemadmodum
1317 3737 1434 3806 ipse
1477 3738 1534 3791 in
1584 3736 1756 3792 David
1796 3740 1883 3791 di-

312 3834 426 3889 cit:
484 3849 504 3885 ι
554 3831 665 3900 Ego
710 3829 942 3885 dormivi
975 3830 1055 3901 (ὅ)
1111 3838 1167 3885 et
1218 3844 1467 3884 somnum
1500 3830 1623 3899 cepi
1656 3830 1726 3883 '°.
1768 3850 1786 3881 ι
1818 3830 1885 3884 Et

311 3929 570 3999 quoniam
630 3927 686 3981 in
740 3934 927 3980 nostra
971 3925 1471 3981 communicatione
1514 3938 1569 3981 et
1623 3930 1731 3981 vita
1785 3931 1885 3983 hoc

313 4024 509 4093 agebat
542 4019 643 4095 (4),
675 4021 875 4077 iterum
908 4017 1026 4072 ait:
1068 4037 1087 4070 ι
1133 4017 1201 4072 Et
1239 4033 1465 4075 somnus
1504 4036 1656 4074 meus
1690 4023 1887 4076 suavis

382 4165 587 4219 "Gen.
634 4180 749 4228 xix,
777 4164 868 4226 3|.
898 4162 991 4217 52.
1065 4162 1112 4195 ⁸⁸
1150 4162 1308 4217 Dent.
1356 4176 1527 4227 xxxn,
1566 4164 1615 4217 6.

313 4236 359 4271 ³⁸
411 4235 602 4291 Matth.
666 4249 737 4302 ν,
790 4234 875 4289 15.
952 4232 999 4265 ⁵⁸
1034 4234 1167 4301 Cap.
1214 4230 1319 4286 LII.

1718 4164 1762 4194 ⁵⁸
1800 4164 1989 4223 Matth.
2036 4185 2125 4232 xi,
2166 4171 2251 4225 19.

1997 3285 2394 3355 tiouem,qu:e
2438 3298 2523 3341 est
2573 3289 2874 3343 secundum
2925 3303 3045 3356 nos,
3102 3291 3328 3345 multam
3381 3292 3572 3347 incon-

1993 3377 2300 3451 gruentiam
2367 3387 2422 3432 et
2480 3380 2749 3448 plurimas
2814 3381 3283 3438 contradictiones
3349 3399 3579 3443 necesse

1994 3484 2079 3529 est
2135 3474 2338 3529 incidat
2377 3473 2731 3541 huiusmodi:
2776 3474 2843 3528 ad
2890 3491 3028 3545 quas
3063 3476 3240 3530 nullas
3289 3476 3440 3532 dabit
3490 3494 3583 3533 ra-

1996 3568 2194 3632 tiones,
2227 3580 2405 3635 neque
2433 3566 2733 3621 secundum
2777 3566 3079 3622 verisimile
3101 3608 3117 3633 ,
3160 3583 3337 3638 neque
3377 3584 3570 3626 secun-

1993 3660 2120 3712 dum
2154 3659 2464 3712 veritatem.
2497 3657 2562 3710 Et
2588 3667 2811 3727 propter
2840 3657 2943 3713 hoc
2973 3659 3028 3713 hi
3074 3660 3171 3729 qui
3198 3660 3335 3715 alias
3367 3661 3578 3717 doctri-

1990 3764 2089 3803 nas
2129 3749 2367 3805 inlerunt
2387 3790 2404 3815 ,
2438 3749 2778 3805 abscondunt
2802 3766 2830 3803 a
2860 3752 3019 3806 nobis
3050 3766 3218 3820 quam
3248 3752 3451 3809 habent
3478 3754 3578 3823 ipsi

1992 3841 2059 3898 de
2084 3842 2192 3897 Deo
2222 3842 2591 3907 sententiam;
2630 3841 2867 3896 scientes
2897 3856 3157 3909 quassum
3198 3854 3253 3898 et
3298 3844 3461 3901 futile
3501 3842 3576 3917 (9)

1994 3933 2254 3988 doctrina:
2282 3948 2414 3998 suae,
2450 3945 2505 3988 et
2535 3933 2817 3996 timentes,
2856 3947 2923 3987 ne
2954 3933 3080 3987 victi
3118 3934 3318 3988 salvari
3354 3935 3576 4006 pericli—

1997 4035 2201 4083 tentur.
2231 4024 2288 4080 Si
2323 4038 2505 4081 antem
2545 4025 2743 4080 credat
2792 4026 2914 4095 quis
2951 4042 3117 4080 unum
3162 4026 3356 4088 Deum.
3392 4039 3449 4083 et
3480 4031 3573 4098 qui

2353 4171 2399 4202 '°
2445 4170 2585 4226 Psal.
2644 4186 2723 4234 ιιι,
2780 4169 2833 4224 6.
2937 4172 2981 4202 ⁵¹
3030 4171 3231 4227 Jercm.
3278 4190 3435 4237 xxxr,
3481 4177 3576 4231 26.

312 4358 503 4437 primis
528 4357 733 4437 verbis,
765 4356 839 4437 pi]
887 4355 1154 4437 εἱδόιιῖος.κ
1198 4355 1620 4437 δοιέλεύσαντοςγ,
1658 4372 1777 4425 qua:
1812 4374 1880 4412 ex
1917 4383 1961 4437 ι)

887 4355 1154 4437 εἱδόιιῖος.κ
1198 4355 1620 4437 δοιέλεύσαντοςν,
1658 4372 1777 4425 qua:
1812 4374 1880 4412 ex
1917 4383 1961 4437 ι)
1994 4358 2279 4437 Antiati},
2312 4370 2433 4423 cap.

316 4424 625 4482 Combelisii
660 4424 985 4484 msJCmena
1015 4426 1068 4479 in
1107 4424 1348 4479 Genesim
1374 4436 1632 4495 excerpta
1660 4424 1808 4481 sunt.

386 4498 494 4568 (95)
535 4495 669 4552 Duo:
692 4498 841 4565 filim,
871 4497 925 4549 id
952 4506 1050 4568 est.
1084 4496 1206 4549 Haec
1224 4496 1445 4568 auctori
1484 4494 1699 4568 Catena:
1724 4499 1884 4552 omit-

314 4565 427 4623 tere
462 4565 698 4635 placuit;
725 4568 769 4622 si
800 4578 979 4620 tamen
1010 4566 1063 4619 in
1094 4580 1194 4619 suo
1213 4565 1408 4636 Alrenzei
1437 4566 1627 4620 codice
1654 4566 1805 4636 legit.

386 4634 496 4709 (96)
532 4637 597 4692 In
620 4638 849 4691 sobolem
879 4639 1167 4709 adoptatio.
1199 4634 1383 4690 Graeca
1430 4651 1535 4689 vox
1560 4634 1882 4709 τεκνόποιη-

314 4706 545 4767 σάιζιεναι
576 4709 832 4763 vertenda
859 4716 997 4767 erat,
1020 4706 1246 4759 sobolem
1274 4716 1596 4767 generantes.

388 4775 496 4848 (97)
534 4775 597 4830 Ut
626 4777 998 4848 oportet_omni
1043 4786 1217 4848 terrai.
1264 4775 1485 4848 (ἔρξω,
1531 4775 1607 4848 ὡς
1650 4776 1882 4848 καθῆκει

497 4851 564 4919 τῇ
607 4850 717 4928 γῇ,
748 4846 941 4929 melius
993 4845 1225 4925 reddidit
1272 4846 1531 4929 Vulgatus
1583 4845 1882 4903 Bibliorum

316 4916 587 4985 interpres
618 4916 816 4986 :juxta
845 4932 1042 4986 morem
1071 4916 1325 4986 universa
1350 4926 1524 4970 teme.

389 4988 499 5058 (98)
532 4987 599 5041 Ut
630 4985 963 5041 suscitemus.
996 4985 1175 5050 Eras.,
1201 4985 1363 5049 Gall.,
1396 4987 1605 5041 Arund.
1639 4998 1693 5042 et
1717 4987 1879 5043 Merc.

311 5057 367 5123 9,
395 5069 442 5111 et
470 5057 805 5111 suscitemus.

408 5129 498 5196 99)
538 5127 657 5183 Dei.
691 5128 849 5181 Deest
876 5126 927 5179 in
959 5124 1291 5196 Clarom.A_et
1322 5124 1480 5180 Voss.

408 5129 498 5196 99)
538 5128 657 5183 Dei.
691 5128 849 5181 Deest
876 5128 927 5179 in
959 5128 1193 5181 Clarom.
1238 5135 1291 5179 et
1322 5128 1480 5180 Voss.

386 5128 663 5323 {asenatu
686 5210 891 5265 patrem
914 5209 1172 5251 nostrum.
1203 5194 1328 5250 Hatc
1352 5200 1546 5252 desum
1574 5197 1626 5251 in
1640 5197 1879 5253 Claram.

314 5279 368 5323 et
398 5279 547 5323 γοεε.

388 5337 638 5410 (ﬁlium
662 5342 1085 5410 convescebatur.
1114 5338 1193 5410 Ita
1240 5338 1481 5410 Clarum.
1522 5335 1884 5410 Consentium

314 5407 493 5479 quoad
521 5409 878 5478 posteriorem
908 5424 1091 5465 vocem
1114 5408 1345 5465 Feuard.
1377 5409 1430 5461 in
1460 5422 1631 5477 marg.
1652 5407 1880 5463 etVoss.

319 5480 373 5534 lu
404 5480 549 5540 aliis,
582 5479 1016 5543 conversabatur,
1060 5482 1177 5533 sine
1202 5495 1347 5532 cum.

411 5547 465 5613 ὅ)
507 5548 716 5603 Dicit...
745 5550 987 5605 dormivi.
1017 5552 1187 5613 Alias,
1216 5549 1493 5603 dicebat...
1524 5547 1838 5602 obdormivi.

407 5619 463 5688 4)
499 5620 715 5688 Agebat.
744 5619 914 5685 Alias,
942 5623 1219 5687 agebatur.

412 5687 465 5758 5)
506 5687 696 5743 Statua
724 5690 850 5743 salis
872 5705 1077 5757 semper
1112 5687 1607 5758 manens._Eadem,
1637 5697 1694 5758 ut
1741 5699 1885 5742 recte

318 5756 468 5815 noith
487 5760 679 5824 Grab.,
710 5759 871 5814 habet
898 5756 1146 5814 Clemens
1171 5761 1325 5813 lium.
1354 5756 1523 5829 Epist.
1554 5763 1620 5811 ad
1643 5757 1881 5813 Corinth.

314 5845 438 5903 cap.
474 5832 561 5891 ll.
583 5829 829 5886 Statuam
852 5846 912 5887 se
942 5830 1141 5886 vidisse
1169 5826 1413 5886 testatur
1443 5826 1715 5900 Iosephus
1741 5829 1833 5884 lib.
1866 5845 1881 5881 ι

2062 4428 2137 4509 (6)
2178 4426 2281 4509 Per
2309 4426 2583 4509 auguralia
2612 4443 2683 4509 ea.
2723 4443 2850 4509 quia
2878 4427 2998 4509 Eunt
3036 4434 3433 4509 consuet_udinis
3481 4435 3570 4488 lio-

1992 4494 2172 4561 minis.
2200 4507 2311 4552 etc.
2330 4494 2772 4569 Obscuriorihns
2796 4497 2887 4569 his
2917 4496 3093 4552 facem
3125 4500 3422 4569 praeferunt
3448 4520 3565 4556 νυτ-

1992 4583 2085 4621 sus
2113 4567 2376 4621 carminis
2412 4567 2661 4637 inscripti
2693 4563 2946 4631 Sodoma,
2978 4563 3138 4637 qund'
3167 4572 3311 4626 inter
3358 4572 3575 4627 Tertul-

1996 4638 2126 4691 liani
2157 4652 2321 4706 opera
2351 4646 2533 4691 exstat
2563 4655 2577 4691 :

2064 4725 2292 4795 Ipsaque
2326 4727 2502 4798 imago
2550 4727 2653 4780 sibi
2689 4726 2920 4795 formam
2961 4730 3074 4783 sine
3104 4747 3323 4798 corpore
3360 4750 3574 4789 servans

2067 4798 2230 4851 Durat
2265 4798 2458 4862 adhuc,
2484 4798 2679 4850 etenim
2707 4800 2850 4866 nuda
2883 4801 3114 4854 statione
3147 4803 3242 4855 sub
3269 4804 3372 4856 ιειή
3387 4821 3500 4858 ram

2069 4866 2179 4921 Nec
2212 4868 2407 4937 pluviis
2435 4867 2641 4933 dilapsa
2678 4868 2809 4930 situ,
2836 4886 2926 4921 nec
2957 4870 3139 4923 diruta
3171 4874 3358 4931 ventis.

2063 4939 2214 5013 Quin
2233 4940 2392 4991 etiam
2415 4938 2459 4990 si
2488 4938 2604 5007 quis
2644 4938 2968 5013 mutilaveri‘t
3000 4942 3203 4995 advena
3244 4943 3468 5013 formam
3502 4988 3513 5009 ,

2069 5010 2318 5062 Protinus
2346 5024 2411 5061 ea:
2442 5023 2555 5061 sese
2585 5018 2837 5077 suggestu
2868 5010 3084 5063 vulnera
3117 5010 3360 5078 complet.

2062 5078 2273 5132 Dicitur
2301 5090 2349 5130 et
2374 5082 2551 5131 vivens
2576 5079 2684 5131 alio
2701 5079 2820 5147 jam
2854 5095 3096 5147 corpore,
3122 5098 3279 5136 sexus

2065 5148 2347 5217 Muniﬁcos
2376 5148 2533 5202 solito
2566 5149 2874 5218 disjungere
2902 5152 3160 5219 sanguine
3203 5169 3428 5208 menses.

1991 5263 2417 5334 Yidelrenteam
2450 5259 2592 5334 infra
2633 5277 2761 5334 cap.
2791 5262 2861 5316 52
2908 5262 3069 5327 huius
3120 5266 3280 5334 libri,
3327 5284 3382 5327 ιι.
3418 5272 3469 5333 9,
3520 5283 3575 5328 et

1993 5333 2274 5409 Prtgletttii
2305 5330 2772 5409 Hamartigeniam
2802 5347 2963 5409 versu
2994 5334 3099 5409 ’μθ
3123 5346 3174 5409 et
3204 5330 3361 5409 seqq.

2065 5404 2141 5473 (7)
2162 5400 2361 5473 Unum.
2383 5402 2439 5457 In
2460 5400 2874 5469 Eras.,Gallas.,
2894 5402 3089 5467 Grab.,
3105 5400 3385 5465 Arund'fet
3408 5410 3572 5467 Merc.

1990 5473 2041 5537 2,
2062 5472 2199 5527 eum.
2222 5472 2453 5527 Feuard.
2478 5488 2610 5527 vero
2640 5484 2930 5541 utrumque
2958 5476 3011 5529 in
3036 5492 3131 5529 sua
3163 5479 3300 5532 edit.
3319 5482 3571 5536 retinuit.

2065 5542 2309 5615 (8)7Per
2348 5544 2679 5615 quamlibet.
2744 5544 2923 5599 Aliam
2983 5546 3229 5600 additum
3299 5550 3352 5604 in
3415 5555 3573 5607 editt.

1992 5612 2201 5670 Aritnd.
2243 5622 2296 5667 et
2346 5612 2515 5668 Merc.
2560 5614 2616 5675 2,
2660 5615 2818 5668 omisi
2861 5630 2985 5669 cum
3027 5617 3269 5672 Clarom.
3304 5628 3361 5675 et
3414 5619 3574 5675 \‘oss.

2068 5684 2145 5754 (9)
2189 5682 2461 5759 Qua_s_sum
2491 5693 2540 5737 et
2557 5684 2738 5759 futile.
2772 5685 3110 5759 l_ta_Clarom.
3142 5704 3266 5759 cum
3304 5706 3415 5759 quo
3458 5690 3576 5747 fere

1992 5754 2281 5828 consentit
2302 5754 2486 5817 Voss.,
2518 5754 2619 5828 nisi
2650 5756 2994 5828 quodﬁctile
3026 5773 3123 5825 pro
3165 5754 3571 5828 [utile-habeat.

1994 5827 2050 5881 in
2078 5826 2210 5882 edit.
2246 5822 2427 5882 Oxon.
2464 5840 2529 5881 ex
2576 5822 2843 5881 Arundel.
2894 5822 3057 5893 cod.)
3105 5822 3260 5899 quasi
3303 5846 3487 5886 casum
3522 5840 3571 5883 ει
