4222 6320
346 426 486 485 1075

1513 424 1791 483 CONTRA
1825 422 2165 481 HERESES
2205 421 2334 478 LIB.
2365 419 2456 475 IV.

3456 406 3592 463 10Ἱό

344 544 657 603 Secundum
684 554 896 610 autem,
932 542 987 598 in
1042 556 1150 613 quo
1194 557 1359 613 super
1410 544 1582 599 nubes
1632 544 1815 599 veniet
1841 544 1910 609 ",
1940 548 1988 606 Δ
2016 544 2222 601 sionem
2254 540 2524 597 sententia
2557 552 2653 593 sua
2681 534 2974 605 Unigenito
2996 534 3284 596 donantes,
3314 527 3589 599 propriam

343 636 719 718 superducens
752 634 897 692 diem
926 648 1047 703 qua:
1072 641 1156 689 est
1186 634 1331 689 sicut
1353 634 1605 690 clibanus
1627 636 1825 691 ardens
1842 635 1908 699 ⁷³,

342 741 397 785 et
424 726 737 799 percutiens
767 737 973 783 terram
1003 724 1173 779 verbo
1202 723 1316 781 oris
1344 724 1453 791 sui,
1478 734 1535 781 et
1587 724 1785 795 spiritu
1818 738 1915 794 per

341 820 485 876 labia
512 833 609 876 sua
640 818 983 875 interﬁciens
1011 815 1210 886 impios
1233 816 1299 880 ",
1335 825 1391 871 et
1424 816 1786 873 ventilahrum
1855 817 1909 873 in

339 926 506 967 manu
544 910 770 976 habens,
805 916 861 965 et
885 909 1186 965 emundans
1216 922 1400 962 aream
1453 923 1630 976 suam,
1660 917 1717 966 et
1766 910 1911 964 triti-

339 1015 464 1058 cum
496 1002 714 1072 quidem
746 1001 801 1056 in
837 1001 1095 1057 horreum
1141 998 1423 1070 colligens,
1455 1000 1784 1057 comburens
1814 1014 1913 1058 au-

340 1102 452 1148 tem
485 1091 669 1162 paleas
700 1092 821 1162 igne
846 1090 956 1161 (I9)
997 1090 1523 1161 lnexstinguihiliw.

409 1205 467 1261 2.
498 1205 545 1239 ’⁸
572 1205 918 1262 Examinahit
937 1214 1116 1262 autem
1146 1217 1203 1264 et
1233 1208 1542 1264 doctrinam
1588 1204 1909 1276 Marcionis,

339 1296 614 1368 quomodo
648 1295 878 1367 accipiat
910 1296 1047 1353 duos
1077 1297 1207 1353 deos
1237 1312 1381 1365 esse,
1441 1297 1651 1353 inﬁnita
1702 1298 1911 1354 distan-

341 1388 418 1444 tia
441 1397 722 1461 separatos
754 1389 826 1446 ab
886 1388 1117 1445 invicem
1148 1388 1282 1461 (2ο).
1318 1388 1416 1445 Vel
1458 1390 1910 1460 quemadmodum

339 1481 519 1538 bonus
550 1479 676 1547 erit,
704 1480 796 1551 qui
834 1478 1046 1538 alienos
1101 1480 1353 1537 homines
1407 1480 1680 1536 abstrahit
1731 1479 1801 1536 ah
1843 1497 1912 1539 eo

340 1571 438 1641 qui
473 1569 625 1635 fecit,
658 1580 715 1625 et
744 1570 810 1625 ad
843 1585 999 1626 suum
1047 1570 1282 1629 advocat
1317 1571 1597 1643 regnum?
1634 1580 1691 1627 et
1741 1586 1910 1643 quare

338 1659 561 1717 bonitas
584 1657 703 1729 ejus
732 1658 939 1727 deﬁcit,
968 1673 1076 1715 non
1129 1676 1320 1716 omnes
1352 1658 1613 1717 sa'lvansi
1643 1669 1698 1717 et
1738 1676 1909 1732 quare

340 1753 488 1809 circa
534 1749 782 1806 homines
838 1750 1059 1821 quidem
1104 1751 1283 1807 bonus
1334 1750 1572 1816 videtur,
1616 1750 1672 1807 in
1729 1752 1906 1823 ipsum

340 1853 553 1909 autem,
588 1842 679 1913 qui
705 1842 841 1899 fecit
867 1843 1143 1907 homines,
1187 1842 1599 1912 injustissimus,
1648 1844 1908 1901 auferens

341 1937 413 1992 ab
446 1950 511 1992 eo
538 1950 661 2006 quae
697 1943 826 1991 sunt
845 1933 1007 2006 ejus?
1040 1933 1324 2001 Quomodo
1352 1937 1556 1993 'autem
1604 1935 1753 2005 juste
1803 1937 1909 1993 Do-

338 2027 541 2091 minus,
570 2026 615 2082 si
646 2026 871 2082 alterius
933 2023 1110 2081 Patris
1148 2026 1386 2092 exsistit,
1439 2026 1603 2096 hujus
1640 2028 1910 2085 conditio-

338 2118 451 2183 nis,
480 2129 600 2185 qua
622 2125 708 2171 est
730 2114 1029 2171 secundum
1065 2130 1185 2182 nos,
1216 2115 1489 2188 accipiens
1512 2132 1731 2188 panem,
1749 2132 1907 2175 suum

334 2220 537 2279 corpus
563 2223 688 2266 esse
745 2210 860 2283 (2i)
888 2213 1293 2287 conﬁtebatur,
1315 2225 1373 2272 et
1418 2226 1909 2289 temperamentum

334 2300 530 2356 calicis
557 2301 669 2375 (22)
704 2317 860 2359 suum
889 2306 1211 2374 sanguinem
1242 2307 1620 2365 conﬁrmavit?
1644 2307 1712 2364 Et
1738 2322 1910 2379 quare

335 2407 399 2449 se
454 2392 653 2449 Filium
712 2394 950 2451 hominis
1005 2397 1398 2465 conﬁtebatur,
1473 2400 1522 2457 si
1580 2414 1691 2456 non
1749 2414 1907 2464 eam,

334 2501 457 2556 quae
511 2500 578 2543 ex
633 2487 853 2544 homine
899 2498 1012 2555 est,
1062 2489 1469 2560 generationem
1516 2488 1911 2545 sustinuisset?

334 2577 1033 2649 Quemadmodum_autem
1070 2590 1123 2635 et
1170 2589 1395 2651 peccata
1448 2580 1608 2638 nobis
1636 2581 1911 2638 dimittere

335 2677 572 2741 poterat,
592 2684 713 2741 quae
736 2679 925 2725 nostro
947 2670 1249 2727 debeamus
1275 2670 1475 2727 factori
1498 2680 1557 2727 et
1576 2671 1689 2727 Deo
1711 2672 1737 2726 1
1763 2670 1910 2740 Quo—

334 2759 498 2814 modo
537 2767 722 2814 autem
759 2767 813 2814 et
860 2773 986 2814 cum
1028 2774 1161 2817 caro
1209 2775 1321 2817 non
1379 2770 1551 2826 esset,
1597 2762 1696 2816 sed
1745 2774 1911 2830 pare-

334 2860 421 2907 ret
447 2850 605 2921 371
655 2850 813 2921 quasi
858 2852 1021 2907 homo
1046 2890 1062 2917 ,
1112 2852 1412 2907 cruciﬁxus
1443 2861 1546 2915 est.
1579 2862 1637 2907 et
1666 2866 1697 2907 e
1734 2852 1909 2909 latere

331 2940 454 3011 ejus
480 2951 685 3014 puncto
747 2943 974 3013 sanguis
1026 2943 1164 2999 exiit
1205 2951 1257 3001 et
1302 2944 1492 3015 aqua?
1520 2944 1673 3013 Quod
1726 2953 1908 3002 autem

332 3051 535 3105 corpus
582 3036 919 3105 sepelierunt
972 3036 1304 3107 sepultores,
1349 3049 1405 3095 et
1445 3039 1577 3109 quid
1606 3037 1738 3094 illud
1786 3046 1907 3094 erat

334 3128 481 3197 quod
510 3128 751 3182 surrexit
781 3141 812 3181 a
841 3128 1076 3182 mortuis
1100 3127 1123 3181 Ῥ

406 3239 461 3293 5.
499 3238 546 3271 ⁷⁸
570 3237 841 3294 Judicabit
866 3248 1044 3294 autem
1084 3248 1141 3295 et
1160 3253 1255 3296 eos
1284 3241 1376 3309 qui
1401 3252 1530 3297 sunt
1565 3257 1595 3295 a
1621 3242 1910 3301 Valentino
1936 3252 1980 3311 c
2011 3239 2073 3291 κο

1094 3248 1141 3295 et
1160 3253 1255 3296 eos
1284 3241 1376 3309 qui
1401 3252 1530 3297 sunt
1565 3257 1595 3295 a
1621 3242 1910 3301 Valentino
1936 3252 1980 3311 c
2011 3222 2252 3292 Χωρήσει
2273 3222 2352 3283 εἶς
2371 3219 2526 3282 θεδνν
2553 3220 2601 3271 ει
2633 3218 2708 3289 μὴ
2733 3221 2761 3272 6

336 3345 551 3397 omnes,
581 3332 707 3402 quia
739 3330 917 3402 lingua
948 3330 1163 3401 quidem
1195 3331 1523 3389 conﬁtentur
1548 3350 1710 3389 unum
1735 3336 1904 3391 Deum

336 3421 582 3488 Patrem,
612 3431 663 3477 et
695 3437 757 3477 ex
792 3422 894 3477 hoc
943 3422 1159 3483 omnia;
1192 3422 1367 3489 ipsum
1400 3432 1616 3489 autem.
1644 3426 1737 3494 qui
1776 3425 1907 3483 fecit

336 3512 541 3579 omnia,
576 3510 896 3569 defectionis
934 3512 1047 3569 sive
1082 3513 1221 3567 labis
1250 3512 1486 3568 fructum
1528 3530 1648 3571 esse
1670 3517 1855 3572 dicunt
1886 3534 1903 3572 :

336 3613 393 3660 et
416 3620 583 3659 unum
630 3602 917 3660 Dominum
950 3601 1136 3658 Jesum
1170 3602 1446 3659 Christum
1477 3604 1675 3660 Filium
1712 3607 1803 3662 Dei
1832 3610 1906 3663 si-

336 3694 543 3749 militer
570 3693 749 3762 lingua
791 3691 1135 3757 conﬁtentes,
1170 3694 1444 3761 propriam
1488 3696 1707 3766 quidem
1739 3700 1905 3755 emis-

415 3836 456 3871 ¹¹¹
496 3836 628 3889 Dan.
670 3850 765 3893 vn.
801 3835 886 3888 15.
964 3834 1010 3867 ⁷³
1051 3834 1279 3889 Malach.
1327 3849 1402 3899 tv,
1448 3837 1497 3893 l.

326 3901 369 3933 ”
411 3906 555 3962 lliad.
586 3920 661 3971 is,
694 3904 819 3969 312,
848 3904 972 3960 5l5.
1041 3905 1085 3940 ⁷⁸
1112 3903 1244 3975 Cap.
1276 3903 1411 3960 LIX.

411 4087 524 4155 (19)
569 4087 715 4154 Igne.
743 4087 850 4149 AL,
875 4082 931 4137 in
952 4087 1088 4156 igne.

412 4152 526 4229 ('20)
570 4152 853 4225 Separatos
884 4158 949 4209 ab
975 4152 1563 4229 invicetn._‘Quidpiam
1618 4161 1744 4221 post
1786 4152 1898 4207 haec

341 4225 529 4284 deesse
561 4229 757 4281 frustra
789 4229 1100 4295 suspicatur
1134 4225 1341 4282 Gallas.

414 4298 526 4365 (21)
566 4296 764 4354 Esse...
791 4294 966 4350 suam.
994 4295 1050 4350 In
1085 4296 1237 4351 Eras.
1262 4306 1317 4351 et
1345 4294 1553 4351 Gallas.
1582 4294 1739 4349 deest
1768 4307 1901 4357 esse,

338 4381 392 4423 et
419 4383 516 4435 pro
542 4384 693 4422 suum
727 4367 923 4437 legitur
946 4368 1050 4420 sui.

415 4434 529 4506 (22)
575 4434 1059 4506 Temperamentum
1088 4438 1291 4491 calicis.
1322 4435 1538 4491 Mistsnt
1562 4434 1781 4488 calicem
1796 4447 1899 4506 yo-

342 4519 431 4562 cat
460 4502 556 4561 lib.
586 4522 641 4571 ν,
671 4502 721 4562 ε’.
751 4505 806 4569 2,
833 4522 890 4559 n.
918 4506 974 4573 5,
1001 4507 1128 4575 quia
1167 4522 1233 4561 ex
1266 4506 1556 4561 traditione
1602 4502 1899 4574 apostolica

342 4588 715 4647 perpetuoque
743 4576 1001 4630 Ecclesiae
1043 4577 1323 4631 catholicae
1359 4591 1458 4630 usu
1490 4576 1679 4629 vinum
1706 4587 1903 4629 conse—

340 4648 605 4703 crandum
637 4660 776 4715 aqua
804 4647 1087 4701 miscetur.

411 4716 522 4789 (23)
546 4715 619 4789 In
649 4713 899 4789 unitatem
930 4715 1176 4789 cessisse;
1196 4714 1419 4783 Snpple,
1446 4713 1608 4789 liquet
1640 4752 1657 4777 ,
1686 4713 1905 4789 planum

341 4777 437 4849 est,
480 4777 562 4842 v’el
610 4787 890 4855 quidpiam
921 4784 1118 4855 simile.
1140 4777 1511 4855 Demonstrat:
1531 4777 1767 4855 Irenzeus
1795 4780 1900 4836 Va-

341 4853 876 4923 lentinianos'lingua
912 4854 1127 4923 quidem
1163 4870 1289 4909 cum
1325 4853 1621 4909 Catltolicis
1673 4865 1906 4908 consen-

341 4939 355 4979 t
387 4942 461 4988 re,
494 4934 673 4981 mente
704 4938 834 4978 vero
859 4924 1165 4979 dissentire.

411 4994 525 5065 (24)
568 4994 851 5065 Proph_ela.
890 4993 994 5065 Alii
1060 5002 1233 5065 poeta.
1265 4992 1517 5065 Allndcre
1546 4992 1759 5065 videtur
1805 5007 1903 5047 au-

337 5061 459 5134 cmr
483 5061 549 5117 ad
571 5065 696 5134 haec
724 5061 831 5117 Tit.
861 5076 904 5127 l,
929 5062 1031 5117 12:
1061 5061 1224 5127 Ἴδιος
1257 5062 1433 5134 ausint
1465 5062 1770 5134 προφήτης.

432 5133 524 5201 25)
556 5133 810 5187 Inimicus
844 5142 919 5185 est
961 5134 1120 5197 enim,
1154 5148 1261 5187 etc.
1303 5132 1480 5186 Verba
1514 5132 1666 5186 'sunt
1706 5132 1905 5201 quibus

556 5134 813 5215 Inimicus
844 5142 919 5185 est
961 5134 1120 5197 enim,
1154 5148 1261 5187 etc.
1303 5134 1480 5186 Verba
1542 5142 1666 5214 sunt
1706 5134 1905 5201 quibus

340 5207 413 5284 {tu
442 5206 616 5284 lli-em.
638 5202 839 5284 Ulyssr,
870 5202 1145 5284 multae!
1168 5205 1587 5284 Agamemnonis
1617 5212 1770 5284 parte
1797 5204 1906 5284 pol—

341 5273 627 5353 licen.ti,rs_i_
672 5274 724 5327 in
778 5273 1161 5353 ejusﬁgratiam
1185 5273 1437 5353 leniret:
1490 5273 1903 5341 respondentem

340 5332 562 5396 exhibet
589 5332 852 5396 Homerus
878 5332 1041 5395 Iliad.
1077 5358 1155 5403 ix,
1184 5342 1310 5403 512,
1339 5332 1476 5397 5l3:

354 5411 599 5482 Ἐχθρὸς
624 5411 733 5482 γάρ
750 5428 850 5482 μοι
881 5410 1078 5475 κεῖν-ξς
1097 5411 1251 5482 ὁμῶς
1290 5410 1489 5482 Ἀΐδαο
1509 5414 1797 5482 πύλῃσιν,

347 5483 526 5569 ’θεῇς
542 5480 743 5569 ἕτερα
754 5480 1181 5569 misitsed
1203 5480 1606 5569 φμσέεῑιαμο
1627 5480 1897 5569 598146“-

415 5551 526 5621 (26)
567 5550 888 5619 Ἀνακρινεῒ
909 5550 976 5603 δὲ
1007 5552 1104 5604 καὶ
1160 5550 1300 5619 τοὺς
1352 5550 1684 5618 Ἦϐιώνους.
1715 5554 1901 5608 Graeca

345 5622 460 5677 haec
494 5622 1018 5675 citatTheodoretus
1045 5621 1171 5675 dial.
1206 5638 1259 5675 It.

419 5689 531 5761 (επ)
565 5690 629 5761 Et
652 5691 927 5761 quomodo.
964 5689 1151 5745 Graeca
1182 5701 1406 5754 sonant,
1441 5701 1529 5745 aut
1551 5697 1830 5760 quomodo.

420 5758 531 5831 (28)
561 5758 619 5815 Si
657 5758 757 5815 non
782 5761 919 5813 Deus
942 5760 996 5812 in
1024 5761 1279 5829 hominem
1308 5765 1330 5817 τ
1365 5758 1653 5832 Supple'ex
1686 5762 1896 5829 Graeco,

349 5833 579 5899 transiit,
609 5833 693 5888 vel
713 5832 986 5900 quidpiam
1010 5832 1206 5886 simile.

754 5480 1075 5551 parasitos;
1090 5481 1181 5535 ἐνὶ

1574 3840 1620 3871 ⁷⁸
1658 3841 1761 3896 lsa.
1794 3857 1869 3907 st,
1903 3844 1957 3897 4.

2022 647 2152 686 vero
2176 631 2378 696 Verbo,
2404 637 2459 684 et
2485 626 2718 683 alteram
2745 623 2986 687 Christo,
3015 621 3243 676 alteram
3284 631 3417 673 vero
3463 614 3589 669 Sal-

2020 724 2225 789 vatori;
2253 722 2326 777 ita
2352 730 2412 775 ut
2440 719 2735 776 secundum
2759 731 2857 774 eos
2872 717 3127 772 dicantur
3151 710 3376 783 quidem
3403 705 3589 763 omnia

2018 830 2139 871 esse
2191 814 2347 885 quasi
2396 827 2585 876 unum,
2634 821 3080 880 unumquemque
3132 812 3311 860 atttem
3351 802 3590 873 ipsorum

2019 905 2312 978 separatim
2344 902 2590 974 intelligi,
2608 910 2660 958 et
2685 901 2961 973 propriam
2992 898 3193 954 habere
3215 892 3586 957 emissionem,

2020 996 2317 1055 secundum
2365 1009 2520 1052 suam
2589 992 3049 1062 coniugationem.
3101 988 3340 1058 Linguas
3408 984 3590 1053 itaque

2018 1103 2207 1145 eorum
2255 1087 2510 1143 videlicet
2564 1085 2713 1141 solas
2748 1085 2802 1139 in
2853 1082 3117 1137 unitatem
3169 1076 3403 1133 cessisse
3432 1072 3583 1145 (‘23);

2018 1177 2348 1234 sententiam
2388 1188 2519 1231 vero
2549 1186 2739 1229 eorum
2792 1178 2848 1226 et
2891 1180 3111 1224 sensum
3159 1178 3280 1233 qua:
3319 1158 3589 1231 profunda

2018 1278 2147 1326 sunt
2181 1267 2440 1334 scrutari,
2484 1265 2829 1323 decidentem
2873 1260 2941 1315 ab
2971 1256 3213 1323 unitate,
3249 1252 3490 1310 incidere
3530 1250 3587 1303 in

2016 1359 2357 1417 multiforme
2388 1357 2482 1414 Dei
2524 1355 2815 1428 judicium,
2854 1366 2977 1409 cum
3014 1350 3081 1405 de
3130 1348 3237 1415 his,
3293 1357 3413 1414 qua
3455 1341 3590 1396 sibi-

2017 1452 2232 1521 metipsi
2257 1452 2687 1513 adinvenerunt,
2722 1441 3204 1512 interrogabantur
3246 1453 3276 1493 a
3324 1436 3585 1499 Christo;

2016 1560 2179 1616 quem
2220 1554 2276 1598 et
2338 1551 2529 1613 postea
2586 1549 2769 1595 natum
2817 1550 2979 1606 quam
3040 1532 3293 1588 Pleroma
3350 1526 3586 1584 Eonum

2014 1637 2226 1702 dicunt,
2252 1643 2306 1691 et
2339 1632 2687 1690 emissionem
2710 1630 2827 1702 ejus
2859 1634 2983 1695 post
3016 1621 3436 1679 diminutionem
3471 1616 3588 1673 sive

2016 1727 2398 1791 defectionem,
2428 1732 2481 1781 et
2508 1731 2733 1796 propter
2766 1735 2885 1777 eam
2935 1716 3244 1789 passionem
3277 1726 3398 1784 quae
3442 1708 3584 1765 facta

2015 1833 2100 1880 est
2146 1822 2199 1877 in
2244 1818 2473 1892 Sophia,
2503 1816 2827 1886 semetipsos
2872 1808 3260 1867 ohstetricatos
3284 1817 3404 1860 esse
3446 1800 3590 1858 δωτ-

1936 1909 1986 1972 Β
2012 1922 2183 1971 mant.
2205 1907 2504 1968 Accusabit
2534 1916 2717 1962 autem
2739 1918 2835 1959 eos
2858 1900 3127 1957 Homerus
3154 1895 3403 1967 proprius
3438 1893 3587 1963 ipso-

2012 2020 2133 2062 sum
2161 2001 2425 2074 propheta
2457 1998 2593 2071 (ει),
2626 2011 2656 2052 a
2693 2010 2800 2067 quo
2831 1990 3033 2047 eruditi
3062 1988 3187 2045 talia
3235 1988 3584 2050 invenerunt.

2010 2096 2129 2166 ipso
2186 2095 2409 2151 dicente
2458 2091 2618 2146 haec:
2658 2106 2679 2142 ι
2716 2086 2974 2143 Inimicus
3008 2091 3093 2138 est
3142 2080 3287 2136 enim
3322 2078 3435 2148 (25)
3492 2077 3586 2134 ille

2010 2188 2145 2244 mihi
2174 2185 2428 2243 similiter
2450 2190 2612 2253 atque
2635 2182 2784 2238 iores
2819 2178 3143 2241 inferorum,
3167 2175 3260 2247 qui
3287 2173 3436 2228 aliud
3465 2171 3586 2240 qui.

2012 2281 2135 2335 dem
2193 2276 2483 2334 abscondit
2521 2275 2576 2331 in
2623 2271 2791 2330 corde
2822 2286 2939 2336 suo,
2984 2268 3132 2324 aliud
3189 2275 3369 2321 autem
3422 2276 3587 2319 enar-

2010 2381 2096 2425 rat
2129 2370 2196 2425 ".
2241 2388 2259 2421 I
2288 2366 2620 2425 "Judicabit
2643 2374 2823 2421 autem
2849 2372 2905 2418 et
2931 2359 3251 2430 vaniloqnia
3288 2370 3583 2426 pravorum

2010 2461 2413 2528 Gnosticorum,
2456 2458 2695 2515 Simonis
2742 2470 2840 2512 eos
2892 2452 3030 2525 Magl
3066 2450 3367 2522 discipulos
3397 2457 3585 2505 osten-

2012 2555 2164 2611 dens.

2084 2670 2139 2725 4.
2196 2669 2502 2739 ’Δνακρινετ
2567 2666 2623 2720 δὲ
2665 2664 2763 2720 καὶ
2903 2664 2959 2718 4.
2998 2659 3269 2718 Judicabit
3316 2667 3495 2713 autem
3530 2665 3588 2711 et

2010 2763 2136 2825 τοὺς
2162 2757 2452 2822 Ἠσαίινους
2481 2757 2591 2827 (36)
2612 2774 2625 2787 '
2645 2756 2761 2820 πῶς
2837 2760 3146 2817 Ebionitas:
3168 2754 3440 2827 quomodo
3459 2767 3584 2822 pos-

2010 2851 2259 2907 δύνανται
2290 2849 2551 2923 σωθῆναι,
2586 2851 2636 2903 si
2685 2850 2761 2920 μὴ
2836 2862 2963 2909 sunt
2990 2850 3229 2915 salvari,
3292 2847 3395 2902 nisi
3442 2845 3584 2901 Deus

2010 2947 2040 2999 ὀ
2062 2943 2196 3009 Θεὸς
2212 2938 2281 3013 ἦν
2304 2944 2334 2997 ὁ
2360 2942 2458 3013 τὴν
2491 2940 2763 3012 σωτηρίαν
2834 2958 2917 3001 est
2942 2944 3036 3013 qui
3086 2942 3316 2998 salutem
3365 2937 3581 2993 illorum

2010 3036 2189 3092 αὐτῶν
2224 3036 2316 3089 ἐπὶ
2369 3034 2472 3107 γῆς
2528 3034 2762 3105 ἑργασά-
2832 3052 2996 3107 super
3060 3046 3260 3091 terram
3330 3042 3586 3102 operatus

2014 3144 2202 3200 μενοςς
2232 3125 2446 3192 Ἣπῶς
2476 3126 2761 3198 ἄνθρωπος
2835 3129 2955 3185 est?
3005 3126 3073 3183 Et
3121 3125 3392 3197 quomodo
3442 3121 3583 3192 (27)

2838 3224 3001 3278 homo
3030 3219 3262 3276 transiet
3286 3218 3338 3272 in
3387 3216 3581 3281 Deum,

2014 3314 2146 3377 Θεὸς
2176 3312 2429 3385 ὲχωρήθη
2462 3311 2766 3382 εῐςᾶνθρω-
2838 3314 2882 3369 si
2939 3327 3047 3367 non
3098 3312 3240 3367 Deus
3290 3311 3343 3365 in
3402 3308 3585 3364 homi-

2014 3424 2147 3463 mv:
2838 3421 2959 3462 nem
2981 3403 3129 3469 (28)?

2013 3522 2475 3588 Quemadmodum
2527 3530 2708 3576 autem
2739 3519 3011 3589 relinquet
3048 3526 3242 3571 mortis
3269 3511 3585 3584 generatio-

2013 3628 2159 3675 nem,
2190 3614 2233 3668 si
2292 3628 2398 3669 non
2435 3615 2489 3668 in
2518 3627 2711 3667 novam
2742 3609 3156 3682 generationem
3183 3606 3299 3678 (29)
3340 3604 3480 3660 mire
3528 3612 3585 3658 et

2014 3704 2287 3772 inopinate
2324 3720 2355 3758 a
2384 3705 2515 3770 Deo,
2551 3702 2605 3758 in
2648 3703 2862 3773 signum
2900 3710 3088 3753 autem
3119 3696 3332 3759 salutis,
3367 3701 3579 3759 datam,

2020 3843 2300 3900 ’ν’Μειιιὶι.
2331 3861 2413 3911 ιιι,
2446 3845 2534 3899 ta.
2609 3846 2655 3877 τι
2727 3845 2865 3917 Cap.
2912 3840 3065 3896 LVII.
3159 3835 3581 3906 "Cap-LVI"-

2082 4090 2192 4162 (29)
2216 4090 2276 4146 Si
2304 4106 2406 4165 non
2428 4090 3346 4165 in__nouam_generationem.Supple'
3364 4094 3581 4161 iterum,

2012 4159 2269 4236 transeat,
2308 4159 2393 4236 vel
2451 4160 2655 4230 aliquid
2708 4159 3036 4236 huiusmodi.
3069 4159 3582 4236 Quae'sequuntur,

2010 4230 2255 4304 nonnihil
2306 4230 2538 4304 obscura
2570 4241 2714 4286 sunt.
2760 4230 2861 4304 Hic
2915 4230 3103 4304 unum
3135 4246 3301 4304 atque
3336 4230 3583 4291 'alterum

2006 4301 2229 4369 verbum
2282 4300 2547 4356 excidisse
2607 4310 2759 4369 putat
2806 4300 3058 4368 Grabius,
3101 4319 3165 4359 ac
3208 4300 3466 4360 lrenreum
3507 4314 3583 4358 Ita

2007 4368 2148 4423 forte
2173 4370 2505 4443 scripsisse:
2538 4368 2740 4443 Sinon
2770 4373 2825 4426 in
2872 4387 3056 4427 novam
3087 4376 3478 4443 generationem

2006 4455 2124 4510 qua
2144 4449 2219 4494 est
2262 4456 2326 4494 ea:
2346 4439 2544 4511 virgine
2583 4456 2675 4510 per
2704 4440 2885 4507 ﬁdem,
2911 4439 3125 4498 credens
3173 4462 3289 4498 eam
3336 4444 3580 4511 recipiat,

2008 4518 2228 4592 (iamest.
2268 4525 2361 4580 per
2399 4511 2604 4592 ﬁdem,
2648 4512 3114 4592 regenerationem.
3150 4515 3219 4569 At
3257 4514 3467 4592 fallitur
3498 4516 3582 4592 vir

2012 4578 2395 4633 doctissimus:
2437 4579 2571 4633 nihil
2603 4578 2825 4635 excidit.
2875 4580 3039 4648 quue
3067 4599 3277 4638 mecum
3319 4583 3462 4639 ultro
3500 4584 3580 4638 fa-

2014 4649 2213 4722 tebitur
2238 4649 2487 4722 quisquis
2517 4650 2834 4722 attenderit,
2875 4650 2992 4705 haec
3025 4670 3041 4706 :
3090 4670 3206 4722 qua
3238 4664 3313 4708 est
3357 4670 3423 4708 ea:
3472 4655 3581 4709 air-

2010 4720 2262 4791 ginenper
2301 4718 2459 4791 ﬁdem
2511 4720 2987 4791 regenerationem,
3027 4718 3127 4790 per
3180 4723 3580 4791 appositionetn

2012 4788 2355 4863 intelligenda
2408 4802 2565 4863 esse,
2605 4797 2789 4863 utpote
2816 4790 2884 4844 ab
2914 4788 3119 4847 Irenaeo
3169 4788 3348 4847 addita
3402 4794 3581 4863 expli-

2012 4858 2170 4911 candi
2206 4859 2553 4931 gratiaquid
2588 4859 2659 4914 sit
2710 4874 2840 4911 nova
2873 4864 3161 4931 generatio,
3218 4864 3283 4916 de
3339 4878 3441 4931 qua
3474 4858 3581 4916 'hic

2011 4944 2190 4982 sermo
2216 4928 2332 4985 est.
2360 4928 2452 4983 Sic
2487 4929 2651 4999 igitur
2673 4930 3034 4984 construenda
3067 4934 3319 4999 periodus
3340 4928 3579 4998 {Quem-

2011 4999 2295 5070 admodum
2334 5007 2509 5051 autem
2562 4998 2810 5070 relinquet
2858 4999 3011 5053 homo
3063 4998 3245 5056 mortis
3282 5006 3578 5070 generatio-

2013 5082 2149 5138 nem,
2178 5069 2223 5122 si
2252 5084 2356 5122 non
2388 5077 2633 5122 transeat
2657 5069 2709 5122 in
2743 5084 2926 5123 nouam
2960 5069 3341 5138 generationem
3377 5076 3506 5125 mire
3530 5084 3579 5126 et

2010 5137 2276 5204 inopinate
2316 5155 2346 5190 a
2396 5138 2526 5202 Deo,
2558 5140 2614 5191 in
2653 5140 2857 5207 signum
2915 5137 3090 5192 autem
3148 5143 3332 5194 salutis
3364 5143 3578 5205 datam;

2011 5220 2131 5281 eam
2163 5207 2422 5281 videlicet
2447 5210 2893 5281 regenerationem
2917 5226 3033 5281 ante
3063 5223 3226 5264 estex
3248 5212 3447 5279 virgine
3487 5228 3581 5281 per

2009 5276 2362 5363 ﬁdena‘i’ul’er
2409 5276 2680 5363 virginem.
2721 5286 2901 5332 autem
2950 5280 3039 5331 hic
3079 5276 3347 5363 intelligit:
3365 5276 3576 5362 auctor,

2011 5362 2118 5400 non
2145 5346 2202 5399 Β.
2228 5345 2452 5401 Mariam
2478 5345 2682 5402 Christi
2713 5358 2962 5413 matrem,
2998 5351 3091 5403 sed
3127 5345 3447 5413 Ecclesiam,
3498 5345 3573 5404 uti

2011 5428 2225 5470 constat
2254 5432 2318 5471 ex
2348 5418 2466 5473 loco
2494 5417 2747 5483 parallelo
2788 5416 2924 5471 infra
2959 5436 3015 5471 ιι.
3053 5420 3107 5473 Η
3144 5439 3156 5473 :
3196 5419 3413 5473 Verbum
3454 5436 3578 5475 caro

2009 5487 2106 5539 erit
2132 5499 2175 5539 et
2206 5486 2381 5540 Filius
2438 5488 2683 5550 hominis,
2722 5502 2885 5557 purus
2925 5504 3055 5556 pure
3098 5506 3287 5557 puram
3341 5491 3577 5556 aperiens

2009 5556 2235 5619 vult-am,
2262 5574 2375 5609 eam
2395 5573 2509 5625 qua’
2543 5567 2806 5623 regenerat
2845 5555 3076 5612 homines
3098 5555 3153 5612 in
3195 5561 3379 5623 Deum,
3417 5572 3576 5625 quam

2009 5625 2118 5688 ipse
2146 5643 2331 5694 puram
2361 5630 2505 5695 fecit.
2533 5636 2641 5679 etc.
2667 5626 2774 5680 Nec
2807 5629 2952 5697 enim
2987 5628 3099 5683 hinc
3124 5631 3391 5697 appositio
3416 5668 3431 5691 ,
3460 5645 3575 5681 eam

2010 5712 2123 5767 quia
2148 5709 2415 5765 regenerat
2445 5698 2675 5749 homines
2710 5698 2762 5751 in
2812 5696 2999 5753 Deum.
3047 5701 3137 5753 ulli
3162 5696 3332 5753 alteri
3354 5740 3368 5761 ,
3412 5714 3577 5767 quam

2013 5766 2284 5828 ECLiCSiiB,
2317 5769 2609 5821 convenire
2633 5776 2829 5834 potest.
