4222 6320
712 466 848 522 1075

1448 454 1506 510 S.
1550 451 1798 509 ΙΙὶΕΝᾹίΙ
1835 452 2142 509 EPISCOPl
2179 451 2664 509 LUGDUNENSIS
2697 453 2784 508 ΕΤ
2826 452 3182 509 ΜΑΒΤῩΜΒ

3798 457 3927 512 Ιοῗϐ

709 595 826 649 qua:
850 585 933 632 est
959 590 1024 631 ex
1056 573 1268 643 virgine
1306 585 1402 641 per
1427 569 1611 634 iidem,
1643 568 2153 637 regenerationem?
2183 566 2276 622 Vel
2305 575 2351 630 Α
2449 565 2502 620 6.
2535 567 2578 598 ⁸⁸
2602 565 2879 621 Judieabit
2927 577 3110 620 autem
3171 577 3224 621 et
3267 567 3769 638 pseudoprophetas
3801 572 3926 642 (56).

709 686 870 742 quam
904 666 1018 738 (30)
1049 665 1386 734 adoptionem
1414 661 1685 730 accipient
1707 677 1735 712 a
1773 661 1916 725 Deo,
1944 677 2269 731 permanen-

709 778 789 817 tes
819 763 871 817 in
905 760 1009 815 bac
1051 756 1236 828 genesi
1257 797 1274 823 ,
1301 769 1422 826 qua
1446 763 1530 808 est
1561 754 1858 808 secundum
1891 753 2161 810 hominem
2216 754 2268 807 in

708 855 814 910 hoc
846 850 1083 908 mundo?
1115 849 1392 916 Quomodo
1415 858 1593 900 autem
1632 843 1750 914 plus
1782 859 1943 912 quam
1992 843 2268 908 Salomon,

709 956 802 998 aut
857 943 976 1014 plus
1029 957 1191 1009 quam
1244 938 1411 993 Jonas
1463 935 1718 995 habebat,
1764 942 1816 990 et
1852 934 2112 988 Dominus
2152 942 2271 988 erat

712 1039 896 1103 David,
926 1037 1016 1106 qui
1045 1035 1284 1106 ejusdem
1320 1048 1438 1086 cum
1458 1030 1590 1099 ipsis
1619 1029 1720 1083 fuit
1751 1027 2099 1083 substantia?
2127 1026 2272 1093 Quo-

708 1133 871 1187 modo
920 1141 1097 1185 autem
1151 1143 1296 1192 eum,
1351 1125 1442 1192 qui
1493 1125 1752 1178 adversus
1811 1121 2058 1176 homines
2115 1119 2271 1174 fortis

707 1233 845 1284 erat,
874 1221 965 1290 qui
991 1235 1098 1273 non
1130 1217 1305 1271 solum
1340 1214 1470 1268 vicit
1497 1212 1791 1277 hominem,
1821 1212 1915 1266 sed
1956 1221 2010 1268 et
2055 1211 2271 1267 detine-

707 1313 804 1366 bat
827 1326 948 1365 eum
973 1309 1073 1363 sub
1099 1323 1194 1363 sua
1233 1314 1516 1375 potestate,
1545 1305 1784 1370 devicit,
1814 1313 1868 1359 et
1897 1318 2018 1357 eum
2050 1304 2267 1372 quidem

706 1403 796 1469 qui
828 1401 1248 1465 vicerat,-vicit;
1281 1413 1403 1452 eum
1434 1412 1564 1451 vero
1596 1397 1687 1465 qui
1727 1395 1906 1450 victus
1938 1393 2136 1459 fuerat,
2172 1394 2270 1446 hn-

708 1491 907 1544 miuem
936 1488 1160 1551 ditnisit,
1195 1487 1295 1540 nisi
1328 1487 1576 1553 superior
1606 1485 1801 1538 fuisset
1829 1498 1894 1538 eo
1917 1483 2152 1545 homine,
2177 1483 2266 1550 qui

707 1580 884 1634 fuerat
917 1577 1133 1632 victus?
1158 1575 1344 1632 Melior
1376 1586 1553 1629 autem
1588 1590 1653 1631 eo
1687 1576 1926 1636 homine,
1957 1574 2050 1643 qui
2075 1588 2269 1627 secun-

706 1671 834 1723 dum
863 1667 1271 1724 similitudinem
1303 1665 1394 1720 Dei
1438 1664 1619 1719 factus
1664 1672 1771 1728 est,
1828 1672 1881 1715 et
1913 1662 2268 1716 excellentior

706 1761 956 1828 quisnam
981 1759 1051 1813 sit
1084 1757 1221 1813 alius
1242 1798 1257 1822 ,
1301 1758 1402 1811 uisi
1440 1756 1610 1811 Filius
1641 1755 1770 1819 Dei,
1801 1755 1865 1808 ad
1894 1753 2046 1822 cujus
2075 1753 2268 1808 simili-

708 1852 947 1905 tudinem
1007 1849 1185 1904 l'actus
1235 1860 1316 1904 est
1359 1847 1556 1903 homo?
1585 1847 1648 1900 Et
1698 1854 1916 1914 propter
1943 1845 2047 1899 hoc
2078 1846 2129 1898 in
2161 1844 2264 1898 line

707 1945 820 2014 (3|)
869 1943 981 2010 ipse
1012 1939 1249 1996 ostendit
1275 1935 1682 1994 similitudinem
1713 1955 1726 1990 :
1757 1935 1928 1990 Filius
1957 1934 2047 1990 Dei
2091 1934 2265 1990 factus

705 2043 785 2085 cst
819 2031 1000 2094 homo,
1029 2031 1305 2100 antiquam
1353 2029 1772 2097 plasmationem
1817 2029 1870 2082 in
1912 2028 2261 2096 semetipsum

704 2122 1036 2189 suscipiens,
1086 2121 1540 2190 quemadmodum
1569 2121 1908 2175 ostendimus
1938 2119 2048 2191 (59)
2101 2121 2152 2173 in
2199 2133 2265 2175 eo

707 2215 846 2267 libro
870 2215 959 2282 qui
1004 2223 1085 2268 est
1117 2214 1219 2268 hoc
1241 2214 1494 2282 superior
1521 2213 1587 2265 ⁷⁹.

771 2325 826 2382 5.
855 2326 899 2357 ⁸⁰
921 2324 1187 2378 iudicabit
1220 2332 1399 2378 autem
1432 2334 1487 2378 et
1516 2339 1609 2379 eos
1636 2328 1724 2393 qui
1767 2323 2064 2393 putativutn
2108 2323 2263 2374 indu-

702 2429 855 2475 cunt.
880 2418 1346 2484 Quemadmodum
1375 2418 1518 2471 enim
1551 2418 1648 2484 ipsi
1680 2431 1804 2470 vere
1833 2433 1891 2470 se
1919 2426 2111 2486 putant
2150 2417 2260 2468 dis-

703 2520 898 2581 putare
929 2509 1064 2580 (55),
1097 2510 1313 2580 quando
1338 2510 1594 2580 magister
1621 2523 1807 2563 corum
1828 2508 2098 2577 putativus
2129 2507 2263 2560 fuit?

701 2603 810 2658 Aut
839 2602 1292 2670 quemadmodum
1323 2601 1538 2654 lirmum
1568 2601 1693 2668 quid
1721 2601 1918 2654 habere
1941 2608 2163 2666 possunt
2196 2599 2262 2650 ab

700 2707 787 2753 eo,
811 2693 853 2745 si
880 2693 1176 2761 putativus,
1201 2701 1257 2745 et
1296 2707 1399 2745 non
1433 2691 1636 2746 veritas
1665 2690 1819 2743 erat?
1863 2687 2142 2754 Quomodo
2169 2703 2264 2741 an-

703 2791 808 2836 tcm
837 2782 934 2849 ipsi
962 2781 1189 2835 salutem
1216 2795 1341 2835 vere
1372 2780 1699 2850 participare
1716 2788 1960 2848 possunt,
1989 2779 2033 2832 si
2065 2777 2174 2839 ille,
2208 2779 2260 2831 in

700 2887 860 2940 quem
909 2872 1132 2926 credere
1174 2887 1234 2927 se
1278 2872 1499 2934 dicunt,
1555 2870 1902 2939 semetipsum
1965 2871 2259 2937 putativum

699 2963 1061 3018 ostendebat?
1105 2962 1411 3018 Putativum
1437 2971 1522 3016 est
1568 2962 1759 3029 igitur,
1794 2971 1847 3016 et
1897 2978 1999 3015 non
2035 2961 2258 3023 veritas,

699 3068 858 3104 omne
881 3051 991 3122 (54)
1026 3056 1162 3120 apml
1205 3067 1298 3106 eos
1329 3069 1342 3105 :
1379 3063 1435 3106 et
1483 3067 1630 3106 nunc
1675 3050 1787 3118 jam
1838 3063 2130 3120 qua-retur,
2195 3068 2260 3104 ne

700 3143 838 3196 torte
866 3158 988 3196 cum
1045 3154 1100 3197 et
1125 3144 1225 3212 ipsi
1258 3143 1504 3198 homines
1527 3157 1634 3198 non
1666 3143 1771 3196 sint
1797 3179 1815 3207 ,
1840 3143 1932 3196 sed
1975 3154 2118 3195 muta
2148 3141 2261 3196 ani-

700 3338 823 3381 rant
848 3327 976 3396 (55).

2370 655 2462 724 qui
2500 671 2605 710 non
2638 667 2858 727 accepta
2887 673 2915 710 a
2950 656 3057 711 Deo
3084 657 3392 726 prophetica
3422 657 3617 730 gratia,
3639 676 3738 717 nec
3772 662 3929 717 Deum

2374 747 2642 809 timentes,
2673 748 2767 800 sed
2809 759 2902 801 aut
2944 759 3170 818 propter
3221 763 3416 804 vanam
3460 751 3710 822 gloriam,
3741 763 3835 808 aut
3868 758 3929 809 ad

2370 845 2632 904 qutestum
2666 836 2902 906 aliquem
2933 879 2947 901 ,
2977 847 3070 893 aut
3111 850 3166 894 et
3213 841 3372 896 aliter
3399 844 3694 896 secundum
3738 857 3929 914 Opera-

2373 926 2572 982 tionem
2621 928 2746 983 mali
2801 930 3048 998 spiritus,
3079 933 3288 1001 tingunt
3315 947 3373 988 se
3409 933 3758 1003 prophetare,
3786 951 3928 989 men-

2374 1019 2568 1074 tientes
2590 1022 2848 1074 adversus
2891 1024 3073 1075 Denuo.

2439 1110 2492 1162 7.
2535 1111 2838 1182 Ἀνακρινεῖ
2889 1113 2945 1165 δὲ
2994 1115 3118 1177 τοὺς
3258 1116 3418 1186 272
3483 1116 3534 1172 7.
3586 1117 3631 1149 ⁸¹
3667 1115 3931 1172 Judicabit

2371 1201 2481 1269 ('57)
2515 1201 2582 1256 τὰ
2601 1203 2870 1274 σχίσματα
2900 1206 3120 1274 ἐργαζο-
3189 1219 3368 1262 autem
3391 1218 3446 1263 et
3471 1223 3590 1274 eos,
3654 1209 3745 1278 qui
3785 1209 3928 1263 schi-

2372 1295 2585 1362 μένους,
2619 1295 2807 1357 κενοὺς
2836 1295 2993 1358 ὄντας
3020 1295 3118 1364 τῆς
3190 1302 3792 1369 sinataoperantur,qui
3815 1312 3932 1356 sunt

2368 1383 2459 1436 τοῦ
2521 1383 2653 1437 Θεοῦ
2706 1385 2922 1454 ἀγάπης
2950 1425 2964 1449 ,
3024 1387 3118 1438 καὶ

2367 1476 2427 1528 τὸ
2493 1476 2622 1531 ἴδιον
2671 1476 2943 1540 λυσιτελὲς
2997 1495 3120 1530 σκο-

2368 1568 2602 1632 ποῦντας
2631 1609 2645 1632 ,
2690 1568 2825 1622 ἀλλὰ
2887 1568 2961 1639 μὴ
3018 1569 3118 1640 τὴν

2367 1658 2556 1712 ἕνωσιν
2606 1659 2706 1729 τῆς
2758 1660 3112 1729 Ἑκκλησίας·

2366 1753 2459 1803 καὶ
2489 1750 2575 1803 διὰ
2621 1752 2820 1822 μικρὰς
2871 1753 2966 1805 καὶ
3015 1753 3116 1815 τὰς

2366 1842 2599 1911 ὑψούσας
2641 1843 2818 1907 αἰτίας
2862 1845 2923 1896 τὺ
2975 1845 3114 1914 μέγα

2366 1937 2459 1988 καὶ
2509 1936 2716 2003 ἔνδοξον
2790 1936 2947 2007 σῶμα
3022 1937 3112 1989 τοῦ

2365 2027 2600 2099 Χριστοῦ
2657 2029 2949 2100 τέμνοντας
3023 2030 3115 2082 καὶ

2364 2122 2735 2192 διαιροῦντας,
2770 2121 2864 2174 καὶ
2896 2121 3019 2174 ὅσον
3056 2122 3115 2173 τὸ

2364 2215 2450 2268 ἐπ’
2477 2215 2680 2278 αὐτοῖς,
2721 2211 3073 2285 ἀναιροῦντας
3098 2230 3111 2242 ο

2365 2308 2489 2370 τοὺς
2530 2307 2751 2378 εἰρήνην
2802 2304 3109 2367 λαλοῦντας,

2364 2399 2456 2450 καὶ
2519 2398 2751 2467 πόλεμον
2820 2394 3112 2466 ἐργαζομέ-

2363 2511 2504 2556 νους,
2541 2492 2754 2564 ἀληθῶς
2783 2491 3113 2555 διῦλίζοντας

2362 2588 2452 2640 τὸν
2477 2586 2734 2648 κώνωπα,
2756 2587 2844 2638 τὸν
2867 2586 2921 2639 δὲ
2945 2585 3115 2656 κάμη-

2289 2683 2291 2685 ’
2362 2681 2451 2734 λον
2499 2681 2917 2743 καταπίνοντας.
2955 2679 3114 2733 Οὐδε-

2366 2777 2463 2846 μία
2491 2776 2546 2828 δὲ
2571 2774 2867 2846 τηλικαύτη
2889 2775 3111 2828 δύναται

2366 2869 2497 2938 πρὸς
2545 2869 2722 2922 αὐτῶν
2775 2868 2906 2923 κατά
2915 2871 3111 2940 ροωσις

2361 2965 2636 3034 γενέσθαι,
2673 2965 2831 3035 ἡλίκη
2857 2964 2949 3018 τοῦ
2994 2965 3109 3036 σχί-

2362 3059 2564 3131 σματός
2587 3061 2734 3113 ἐστιν
2759 3062 2790 3130 ή
2831 3059 3000 3130 βλάϐη
3024 3102 3035 3114 .
3059 3098 3073 3112 .
3096 3102 3106 3113 .

3191 1390 3380 1450 inanes
3403 1390 3536 1464 (58),
3568 1407 3674 1447 non
3725 1392 3930 1447 baben-

3193 1493 3273 1537 tes
3360 1484 3452 1538 Dei
3537 1484 3883 1541 dilectionem
3915 1525 3929 1549 ,

3189 1590 3446 1646 suamque
3488 1577 3778 1632 utilitatem
3840 1594 3932 1647 po-

3191 1666 3294 1720 tius
3327 1668 3738 1724 considerantes
3768 1685 3928 1740 quam

3192 1760 3448 1814 unitatem
3500 1742 3755 1817 Ecclesia:
3807 1779 3822 1816 :
3881 1772 3933 1816 et

3191 1862 3411 1920 propter
3438 1852 3549 1924 (59)
3595 1854 3838 1908 modicas
3881 1864 3929 1909 et

3189 1944 3453 2014 quaslibet
3469 1943 3584 2015 (40)
3602 1960 3798 2000 causas
3816 1961 3932 2001 ma-

3189 2051 3348 2106 gnum
3379 2045 3431 2090 et
3468 2037 3762 2107 gloriosum
3809 2052 3925 2093 cor-

3187 2144 3286 2198 pus
3327 2128 3523 2182 Christi
3573 2130 3932 2184 conscindunt

3186 2229 3242 2275 et
3281 2221 3550 2287 dividunt,
3589 2231 3645 2275 et
3672 2232 3928 2290 quantum

3189 2313 3240 2365 in
3275 2312 3407 2382 ipsis
3434 2325 3536 2375 est,
3566 2314 3926 2376 interﬁciunt;

3188 2421 3372 2474 pacem
3417 2407 3719 2476 loquentes,
3746 2414 3801 2460 et
3821 2403 3932 2457 bel-

3188 2498 3295 2551 lum
3337 2507 3663 2566 operantes;
3693 2510 3822 2550 vere
3871 2495 3931 2548 li-

3185 2601 3418 2660 quantes
3449 2590 3704 2651 culicem,
3741 2597 3798 2640 et
3843 2601 3931 2640 ca-

3187 2684 3383 2738 melum
3463 2680 3928 2752 transglutientes.

3186 2776 3338 2830 Nulla
3369 2775 3513 2831 enim
3546 2776 3614 2828 ab
3661 2772 3742 2826 eis
3777 2780 3924 2825 tanta

3184 2877 3358 2940 potest
3380 2869 3492 2923 ﬁeri
3511 2865 3784 2921 correctio
3797 2863 3926 2936 (At),

3182 2972 3383 3033 quanta
3454 2972 3538 3015 cst
3616 2958 3927 3014 schismatis

3185 3057 3468 3127 pernicies.
3511 3053 3782 3111 Judicabit
3842 3067 3926 3104 au-

2363 3156 2468 3201 tem
2525 3159 2578 3203 et
2641 3163 2829 3204 omnes
2872 3165 2963 3204 eos
3018 3150 3109 3219 qtti
3154 3155 3277 3201 sunt
3316 3155 3469 3201 extra
3519 3144 3822 3207 veritatem,
3876 3143 3926 3195 id

700 3234 859 3287 utalia
887 3275 902 3297 ,
942 3236 1223 3290 hominum
1289 3233 1508 3289 ttmbras
1563 3234 1702 3303 apud
1775 3233 2033 3302 plurimos
2089 3230 2260 3302 perfe-
2286 3253 2331 3311 ο
2364 3240 2552 3306 estqui
2582 3250 2705 3292 sunt
2739 3250 2889 3292 extra
2927 3239 3220 3293 Ecclesium
3253 3254 3264 3289 :
3302 3237 3416 3304 ipse
3452 3244 3627 3287 autem
3658 3250 3686 3286 a
3718 3233 3927 3287 trainine

2361 3329 2707 3399 judicabitur.

766 3471 809 3498 ⁷⁸
831 3468 958 3537 Cap.
994 3466 1133 3528 XVI.
1162 3481 1215 3522 η.
1244 3467 1275 3520 6
1295 3507 1310 3532 ,
1337 3476 1390 3520 et
1415 3481 1532 3535 cap.
1553 3463 1734 3529 XVI",
1762 3481 1814 3519 tt.
1846 3469 1891 3530 l,
1922 3468 1977 3522 ‘2.
2039 3468 2084 3499 ⁸⁸
2108 3468 2237 3538 Cap.
2271 3469 2383 3526 LK.
2443 3472 2484 3502 ⁸³
2520 3475 2648 3538 Cap.
2673 3471 2805 3524 LXI.
2879 3474 2922 3503 ⁸³
2953 3472 3081 3540 Cap.
3111 3469 3262 3524 LXII.

773 3604 884 3673 (50)
937 3604 1127 3669 Quam.
1177 3603 1355 3666 Eras.,
1401 3602 1625 3667 Gallas,
1671 3602 1869 3665 Grab...
1909 3602 2171 3658 Arundel.
2199 3613 2256 3658 et

699 3675 864 3727 Merc.
903 3675 959 3737 2,
992 3674 1448 3740 quemadmodum.

772 3745 879 3815 (51)
908 3743 972 3796 In
999 3744 1123 3823 ﬁne.
1159 3743 1247 3795 Sic
1271 3759 1371 3823 pro
1412 3742 1464 3795 in
1501 3741 1674 3823 ﬁnem:
1704 3741 1779 3823 uti
1817 3756 2099 3823 perperam
2151 3742 2254 3823 .ha-

699 3815 826 3868 bent
863 3811 1048 3866 omnia
1084 3812 1409 3880 exetuplaria
1435 3853 1451 3878 ,
1480 3811 1758 3866 emendavi
1787 3826 1851 3863 ex
1892 3811 2008 3866 loco
2043 3812 2255 3880 penitus

698 3883 976 3951 parallelo,
1012 3881 1102 3936 lib.
1134 3896 1341 3951 v,A_cap.
1382 3883 1444 3942 l.
1477 3883 1528 3935 iu
1576 3880 1701 3943 line,
1731 3880 1822 3934 ubi
1857 3882 2101 3950 allegatis
2149 3882 2255 3936 Gev

699 3948 889 4006 ineseos
921 3953 1098 4004 verbis
1131 3971 1142 4005 :
1178 3948 1460 4004 Faciamus
1485 3953 1742 4003 hominem
1773 3951 1839 4019 ad
1883 3948 2165 4019 imaginem
2206 3959 2255 4005 et

696 4024 1090 4074 similitudinem
1147 4031 1398 4080 nostram,
1452 4023 1631 4074 statim
1693 4018 2249 4086 subjungit’auctor:

701 4091 764 4143 lit
788 4102 997 4158 propter
1017 4091 1190 4160 hocin
1213 4090 1318 4156 ﬁne
1347 4106 1449 4143 non
1471 4105 1535 4160 ea:
1562 4089 1824 4160 tfoluntate
1867 4092 2066 4152 carnis,
2092 4107 2254 4160 neque

693 4177 758 4213 er
789 4156 1058 4213 'roluntate
1081 4159 1196 4222 viri,
1230 4160 1320 4230 sed
1347 4173 1412 4230 ea:
1449 4159 1641 4226 placito
1682 4156 1879 4230 Patris.
1910 4176 2093 4213 manus
2139 4156 2251 4230 ejus

696 4235 860 4281 rit-nm
888 4231 1214 4297 perfecerunt
1242 4228 1529 4297 hominem,
1555 4231 1631 4278 uti
1660 4227 1752 4294 ﬁat
1778 4227 1946 4280 Adam
1968 4227 2248 4283 secundum

693 4296 1046 4365 imaginem'et
1086 4296 1479 4350 similitudinem
1507 4296 1618 4349 ltei.

763 4366 874 4436 (3‘2)
916 4367 1268 4421 Ostendimus.
1305 4366 1493 4426 Editt.,
1522 4366 1772 4419 diximus.

766 4439 875 4509 (55)
919 4437 1046 4490 Vere
1072 4453 1126 4488 se
1155 4446 1339 4501 putant
1363 4438 1653 4505 disputare.
1682 4436 1877 4509 Negat,
1905 4437 2077 4504 inquit
2107 4436 2241 4492 Gra-

694 4511 835 4572 hius,
859 4508 1134 4560 doctrinas
1157 4517 1316 4572 atque
1346 4516 1841 4576 argumentationes
1869 4508 2089 4559 istorum
2134 4509 2244 4560 hae-

693 4578 1020 4640 reticorum,
1076 4574 1516 4630 Marcionital‘ttm
1567 4574 1841 4639 videlicet,
1899 4577 2242 4642 aliorumque

695 4647 1037 4705 Docetarum,
1084 4644 1135 4696 in
1162 4645 1392 4699 veritate
1436 4645 1689 4700 fundatas
1729 4661 1869 4706 esse,
1900 4645 1942 4698 si
1988 4647 2246 4701 Servatur

693 4727 864 4769 nostet
903 4715 1221 4782 phantasma
1253 4713 1371 4771 fuit.
1409 4714 1568 4770 Forte
1586 4717 1730 4768 enim
1760 4715 1991 4783 loquela,
2025 4718 2245 4784 perinde

692 4796 747 4837 ut
792 4793 1018 4837 externa
1058 4784 1259 4850 specie,
1311 4786 1558 4839 homines
1604 4784 1833 4848 delusit;
1873 4787 2025 4851 cujus
2067 4796 2242 4840 tamen

690 4855 868 4908 verbis
896 4854 1070 4908 omnis
1104 4854 1537 4909 Christianorum
1563 4854 1810 4907 doctrina
1839 4854 2102 4909 innititur.

761 4921 874 4994 (54)
909 4921 1094 4980 Outne.
1125 4923 1354 4979 Feuard.
1389 4940 1455 4979 ex
1494 4925 1663 4978 veteri
1703 4924 1822 4977 cod.
1860 4925 2035 4978 minus
2075 4935 2239 4988 recte,

687 5011 885 5048 omnm.

907 5064 1203 5135 Perferant.
1235 5065 1326 5116 Sic
1347 5063 1682 5133 antiquiores
1725 5064 2076 5135 athnclioris
2107 5077 2243 5117 not-.e

688 5132 1038 5196 rtnid.',vetus
1089 5134 1347 5196 Feuard.,
1404 5132 1642 5188 Clarum.
1690 5143 1744 5184 et
1782 5132 1933 5187 Voss.
1977 5132 2033 5186 lu
2065 5134 2240 5197 Eras.,

688 5203 848 5266 Gull.,
884 5203 1113 5258 Feuard.
1165 5207 1316 5258 editt.
1365 5220 1427 5257 ac
1472 5203 1633 5256 Merc.
1681 5204 1716 5255 2
1745 5203 1921 5262 codd..
1951 5203 2236 5272 proferant.

687 5275 821 5338 Quid
856 5275 1051 5328 habeat
1087 5275 1290 5328 Arund.
1321 5274 1439 5327 cod.
1473 5274 1612 5327 haud
1636 5273 1816 5325 dicere
1837 5283 1919 5326 est
1939 5316 1954 5340 ,
1977 5273 2240 5342 siquidcnt

688 5342 945 5397 scribitur
983 5343 1107 5396 illud
1163 5346 1385 5397 verbum
1421 5359 1544 5396 cum
1600 5343 2024 5398 abbreviationis
2078 5353 2238 5407 nota,

687 5416 818 5484 adeo
845 5425 906 5467 ut
954 5415 1221 5468 incertum
1240 5414 1322 5484 sit
1373 5431 1471 5484 an_
1493 5413 1776 5484 legendum
1828 5415 1897 5466 sit
1950 5413 2237 5484 perferant,

683 5482 975 5551 proferant,
1005 5485 1082 5553 vol
1113 5482 1412 5553 ραι-[διίστη.
1446 5481 1718 5553 Posterius
1740 5481 1957 5553 qu.dcnt
1977 5495 2024 5537 et
2063 5485 2240 5553 legere

683 5562 734 5602 rt
756 5552 1228 5632 scribereGrabio
1255 5552 1486 5621 placuit,
1516 5552 1657 5632 quod
1691 5552 1886 5632 elt‘ipse
1915 5552 2146 5632 mallent,
2190 5555 2235 5606 si

682 5624 858 5685 potior
906 5621 1291 5691 suﬂ'ragarctur
1347 5621 1664 5675 auctoritas.
1712 5621 1891 5685 Quare
1938 5628 2107 5676 tutius
2156 5632 2239 5676 est

684 5695 844 5744 trium
881 5693 1248 5762 antiquiorum
1277 5695 1439 5745 codd.
1483 5692 1714 5744 lectione
1739 5703 1905 5753 stare,
1956 5705 2078 5762 quae
2109 5693 2238 5746 licet

684 5761 859 5880 :uilnus
913 5761 1133 5825 Latina,
1180 5779 1283 5816 nou
1341 5763 1734 5816 inconunodutn
1792 5761 1983 5816 tamen
2020 5777 2235 5817 sensum

700 5839 858 5880 tutel.

700 5839 858 5882 taliet.

749 5898 856 5977 (59))
885 5899 957 5959 Et
981 5903 1478 5975 muL'Opmphctas,
1503 5901 1790 5958 Marccsics
1817 5908 1925 5960 haec
1958 5904 2117 5959 ferire
2147 5905 2235 5958 ad-

2367 3615 2519 3658 notat
2544 3603 2953 3662 Feuardcntius.
2987 3605 3273 3659 Existimat
3299 3618 3425 3658 vero
3453 3600 3688 3656 Grabius
3720 3600 3925 3657 Manta-

2361 3676 2735 3745 nistasipotius
2772 3675 2888 3729 sive
2931 3676 3300 3745 Catapbrygas
3349 3671 3661 3742 perstringi,
3693 3687 3921 3745 quorum

2361 3753 2508 3823 secta
2540 3740 2697 3814 longe
2725 3745 2943 3823 lateque
2981 3740 3182 3823 spargi
3209 3740 3474 3823 cmperat,
3509 3756 3632 3823 curn
3688 3740 3923 3823 irenaeus

2360 3814 2503 3884 hunc
2533 3825 2589 3869 et
2610 3809 3249 3884 p'rrecedeittem'tcriium
3277 3809 3471 3864 librqu
3499 3809 3786 3884 scriberet.
3820 3810 3923 3865 Sed

2357 3883 2543 3951 quidni
2598 3877 2857 3952 utrosque
2905 3883 3162 3951 respiciat
3187 3890 3376 3936 auctor
3403 3878 3632 3952 noster?
3659 3877 3922 3948 Utrisque

2355 3948 2499 4022 enim
2527 3948 2781 4022 apprime
2821 3948 3127 4021 congruunt
3165 3953 3516 4006 characteres
3542 3948 3875 4022 _hi_e__inotati
3901 3968 3916 4004 :

2358 4018 2639 4077 Marcosiis
2665 4023 2902 4091 quidem,
2934 4018 3008 4074 uti
3052 4022 3256 4091 liquido
3306 4019 3582 4091 constabit
3624 4018 3698 4072 illi
3732 4021 3827 4088 qui
3856 4035 3916 4074 ea

2355 4092 2544 4161 legerit
2593 4089 2711 4161 qua:
2741 4093 2806 4145 de
2835 4092 2900 4144 iis
2943 4091 3160 4160 scripsit
3185 4089 3420 4161 [renisus
3449 4090 3540 4142 lib.
3578 4104 3616 4150 ι,
3655 4103 3779 4161 cap.
3817 4091 3914 4156 l5;

2359 4159 2700 4216 illontauistis
2726 4176 2878 4227 vero,
2903 4163 2978 4214 uti
3007 4159 3209 4230 patebit
3229 4160 3278 4213 ei
3325 4162 3414 4227 qui
3448 4163 3531 4214 vel
3561 4159 3752 4214 oculos
3785 4161 3919 4228 injes

2354 4231 2561 4284 ceritin
2589 4240 2835 4284 veterum
2891 4232 3246 4299 quorumdam
3284 4238 3591 4290 auctorum,
3618 4231 3711 4298 qui
3749 4232 3920 4284 haere-

2355 4302 2488 4352 ticos
2514 4301 2628 4356 illos-
2651 4301 2872 4368 scriptis
2899 4299 3754 4370 confutarnnt,lragmenta,quze
3784 4316 3918 4354 con-

2349 4371 2586 4494 :grnasvit
2615 4370 2769 4494 ttiqabis
2802 4370 3062 4424 Eusebius
3088 4367 3178 4423 ιιιιῐ
3195 4387 3224 4420 v
3245 4367 3399 4424 Hist:
3429 4369 3635 4433 etclam,
3658 4371 3915 4439 cappdli,

2423 4478 2437 4494 α
2551 4453 2603 4493 81.
2706 4483 2716 4494 .

2423 4442 2526 4500 ,18
2551 4453 2603 4493 et
2634 4442 2716 4494 l9.

2418 4507 2527 4579 (37)
2545 4508 2865 4577 Ἀνακρινεῖ
2876 4508 2944 4562 δὲ
2965 4510 3124 4575 τούς.
3145 4506 3332 4564 Graeca
3349 4510 3462 4562 haec
3482 4523 3511 4560 e
3529 4522 3660 4579 ms_s_.
3689 4507 3914 4565 Joannis

2351 4575 2669 4633 Damascum
2708 4575 2990 4632 Paraltelis
3039 4587 3295 4646 excerpta
3343 4579 3579 4645 vulgavit
3611 4575 3915 4635 Haltoixius

2279 4622 2322 4676 ί)
2353 4622 2994 4718 in“"iii;"i}.'n;sji{.;gi
3041 4622 3914 4718 1§5"c'."tsr.'“ista;753;;

2349 4717 2488 4770 θεῖον
2519 4720 2586 4772 ab
2613 4719 2801 4772 eodem
2855 4716 3184 4772 Damascum
3228 4717 3466 4772 additam
3501 4727 3628 4772 ante
3659 4716 3818 4781 τούς,
3845 4722 3911 4772 ad

2347 4789 2727 4858 (surripiendum
2771 4800 3013 4858 sensum,
3036 4788 3338 4842 omisimus.

2418 4855 2527 4928 (58)
2558 4855 2920 4928 lnanes.__Sic
2964 4873 3112 4928 mss._
3128 4871 3318 4928 omnes
3345 4873 3465 4911 cum
3509 4855 3702 4910 Graeco
3736 4867 3908 4912 testu.

2348 4925 2435 4978 Δι’
2468 4925 2642 4991 ωε..
2705 4925 2908 4981 Gallus.
2971 4936 3026 4980 et
3073 4926 3304 4982 Feuard.
3355 4940 3660 4996 perperam,
3713 4929 3910 4981 imma-

2347 5014 2453 5050 nes.

2415 5066 2523 5136 (59)
2556 5064 2621 5117 Et
2650 5073 2878 5136 propter.
2924 5063 3223 5136 Cotelerius
3253 5064 3306 5119 in
3337 5067 3480 5120 notis
3509 5065 3579 5136 in_
3607 5065 3902 5136 interpola-

2345 5133 2452 5189 tum
2472 5133 2658 5205 lgnatii
2681 5133 2965 5205 Epistolam
2988 5133 3055 5186 ad
3077 5134 3395 5205 bmymcos,
3416 5150 3533 5203 cap.
3551 5134 3601 5200 7,
3617 5135 3898 5205 legendum

2343 5203 2586 5274 conjicit,
2608 5213 2655 5256 et
2677 5204 2764 5272 qui
2792 5213 3030 5272 propter;
3055 5203 3148 5258 sed
3179 5206 3510 5272 pronominis
3529 5205 3733 5260 additio
3755 5203 3900 5260 haud

2345 5289 2652 5329 necessarta
2664 5314 2678 5328 .

2415 5344 2525 5416 (40)
2561 5344 2861 5416 Quaslibet.
2884 5346 3020 5398 llinc
3046 5344 3418 5416 emendandus
3444 5351 3620 5398 textus
3646 5340 3897 5411 Graecus,

2343 5425 2397 5469 et
2426 5413 2531 5486 pro
2556 5413 2797 5486 ιέιιῖκοιξςταςΔ
2855 5415 3135 5486 legendum
3178 5415 3577 5486 τυχούσαςι-ιιι-
3601 5423 3901 5486 rectemo-

2345 5481 2458 5538 nui't
2487 5481 2626 5538 idem
2648 5481 3078 5538 Coteleriaisloco
3097 5499 3219 5539 mox
3244 5481 3432 5538 citato.
3459 5481 3550 5538 Sic
3567 5481 3708 5536 infra
3729 5483 3822 5538 lib.
3842 5500 3894 5546 v,

2341 5570 2461 5623 cap.
2497 5553 2580 5612 50,
2611 5555 2707 5624 οὐχ
2733 5555 2761 5605 ὀ
2789 5553 2965 5624 τυχὼν
2992 5552 3230 5617 κίνδυνος
3256 5555 3503 5619 vertitur,
3537 5567 3639 5605 non
3683 5557 3894 5620 quodli-

2341 5628 2416 5675 bet
2441 5623 2753 5691 periculum,
2781 5625 2816 5679 i.
2846 5623 2896 5678 e;
2944 5640 3046 5678 non
3082 5624 3189 5677 leve
3225 5624 3517 5690 periculum
3572 5637 3592 5674 :
3643 5632 3699 5677 et
3733 5626 3895 5689 paulo

2341 5708 2483 5756 ante,
2507 5693 2783 5763 ἐπιτιμίαν
2805 5693 2864 5744 οὐ
2898 5692 2994 5764 τὴν
3035 5692 3318 5763 τυχοῦσαν,
3354 5709 3554 5760 pronam
3595 5707 3699 5748 non
3726 5695 3895 5747 modio

2339 5779 2472 5816 C(liil.

2409 5833 2517 5895 (lit)
2541 5832 2826 5886 Corrertio.
2859 5830 2931 5885 Ita
2957 5831 3191 5886 Clarom.
3215 5842 3268 5887 et
3290 5831 3440 5886 Voss.
3458 5832 3613 5901 juxta
3636 5830 3888 5889 Graecum

2341 5904 2694 5973 κυνὶρθωτις,
2727 5904 2916 5958 melius
2942 5917 3104 5975 quam
3135 5903 3245 5968 alii,
3277 5917 3552 5972 correptio.
