4222 6320
327 457 464 517 I017

323 620 385 639 ...
409 583 649 637 πάντα...
706 582 1027 653 συνέστηκεν
1050 600 1067 615 ·

319 677 400 740 εἰς
440 676 539 731 ἕνα
580 676 713 729 Θεὸν
766 677 1070 747 παντοκρά-

318 786 471 842 sapa.
500 769 559 835 ἐξ
588 764 647 824 οὗ
675 769 742 823 τὰ
762 769 956 833 πάντα,
981 770 1071 823 nt-

320 880 437 925 στις
475 863 802 933 blandimur
849 865 943 917 καὶ
990 867 1071 929 εἰς

314 960 408 1013 τὸν
432 959 558 1013 Υἱὸν
579 957 673 1013 τοῦ
706 959 839 1013 Θεοῦ
866 959 1069 1030 Ἰησοῦν

312 1054 657 1127 Χριστὸν,τὺν
674 1054 876 1125 Κύριον
892 1054 1066 1127 ἡμῶν,

310 1148 379 1204 δι’
402 1144 463 1202 οὗ
492 1150 560 1204 τὰ
592 1152 791 1213 πὰπα,
829 1152 923 1204 καὶ
968 1151 1067 1215 τὰς

311 1246 621 1317 οἰκονομίας
660 1246 823 1301 αὑτοῦ
844 1286 858 1310 ,
892 1247 959 1300 δι’
991 1241 1067 1302 ὧν

310 1339 592 1412 ἄνθρωπος
621 1341 838 1410 ἐγένετο
867 1343 895 1396 ὁ
938 1341 1066 1406 Υἱὸς

309 1432 404 1486 τοῦ
448 1433 603 1496 Θεοῦ,
664 1434 928 1505 πεισμονὴ
979 1434 1067 1504 βε-

308 1524 437 1579 ϐαία
460 1542 472 1555 ·
512 1526 605 1579 καὶ
635 1528 713 1591 εἱς
744 1527 805 1579 τὸ
837 1526 1061 1598 Πνεῦμα

306 1616 1058 1674 τοῦθεοῦ.........

304 1711 367 1763 τὸ
397 1710 496 1773 τὰς
518 1714 827 1783 οἰκονομίας
848 1714 1060 1785 Πατρός

304 1819 363 1855 τε
404 1804 495 1856 καὶ
520 1804 650 1857 rio-3
694 1806 1058 1875 σκηνοϐατοῦν

302 1896 427 1950 καθ’
472 1898 709 1969 ἑκάστην
754 1898 947 1967 γενεὰν
998 1902 1057 1953 ὲν

300 1990 414 2051 τοῖς
447 2039 454 2045 .
484 1990 787 2061 ἀνθρώποις
808 2031 825 2053 ,
881 1991 1057 2055 καθὼς

301 2080 551 2153 βούλεται
578 2086 607 2135 ὁ
634 2084 839 2156 Πατήρ.

368 2269 421 2325 8.
474 2270 678 2335 Γνῶσις
734 2271 958 2342 ἀληθὴς,
1015 2274 1048 2343 ἡ

292 2363 403 2417 τῶν
471 2364 784 2418 ἀποστόλων
837 2365 1047 2437 διδαχὴ,

293 2458 386 2509 καὶ
403 2458 462 2510 τὸ
481 2459 704 2528 ἀρχαῖον
722 2458 818 2528 τῆς
835 2458 1056 2529 Ἐκκληα

294 2554 418 2616 σίας
445 2554 694 2624 σύστημα
736 2554 878 2607 κατὰ
913 2572 1051 2608 παν-

288 2647 383 2710 τὸς
419 2649 511 2702 τοῦ
538 2650 760 2720 κόσμου.
784 2690 795 2703 .
822 2691 834 2702 .

1517 461 1796 517 CONTRA
1821 461 2165 520 HERESES
2197 463 2323 519 LIB.
2359 462 2445 519 IV.

1114 581 1334 639 'Omnia
1360 586 1501 638 enim
1533 586 1581 640 ei
1611 594 1893 641 constant:
1927 592 1968 646 Α
1999 585 2190 640 ctionis
2239 601 2456 649 munus,
2497 585 2639 655 quod
2688 594 2771 639 est
2804 584 3093 655 pretiosius
3144 600 3307 653 quam
3340 590 3542 655 agnitio

1145 687 1198 734 et
1231 680 1283 733 in
1315 696 1478 735 unum
1513 682 1676 737 Deum
1712 681 1889 737 omni-

1145 786 1439 845 potentem,
1464 792 1528 832 ex
1555 794 1661 849 quo
1686 778 1887 843 omnia,

1144 868 1277 925 ﬁdes
1306 869 1547 939 integra;
1595 878 1649 925 et
1706 870 1758 923 in
1798 869 1889 924 Fi-

1142 961 1273 1017 lium
1292 963 1382 1019 Dei
1402 963 1677 1019 Christum
1702 962 1886 1019 Jesum

1146 1055 1427 1112 Dominum
1476 1066 1757 1124 nostrum,
1792 1073 1889 1127 per

1140 1167 1298 1220 quem
1320 1151 1526 1219 omnia,
1551 1160 1607 1206 et
1657 1151 1888 1221 disposi-

1140 1248 1313 1300 tiones
1340 1244 1480 1314 ejus,
1509 1260 1605 1315 per
1632 1261 1766 1314 quas
1790 1247 1889 1299 ho-

1140 1352 1227 1392 mo
1258 1336 1431 1392 factus
1466 1346 1549 1392 est
1579 1336 1749 1392 Fiiins
1791 1334 1884 1392 Dei

1136 1430 1272 1502 (άὲ),
1289 1432 1552 1486 sententia
1570 1431 1748 1495 ﬂrma,
1767 1447 1886 1499 qua:

1134 1534 1219 1579 est
1256 1526 1309 1581 in
1356 1524 1559 1596 Spiritu
1606 1524 1700 1579 Dei
1748 1523 1882 1597 (45),

1133 1618 1222 1688 qui
1272 1628 1493 1690 praestat
1552 1619 1880 1691 agnitionem

1130 1712 1411 1777 veritatis,
1454 1712 1543 1782 qui
1577 1712 1882 1783 dispositio-

1128 1819 1224 1859 nes
1250 1804 1423 1859 Patris
1451 1815 1507 1859 et
1552 1804 1674 1859 Filii
1717 1822 1882 1875 expo-

1129 1898 1236 1953 suit
1275 1896 1410 1969 (44),
1428 1900 1721 1952 secnndum
1747 1914 1881 1967 quas

1129 1993 1315 2046 aderat
1408 1992 1590 2063 generi
1682 1995 1841 2047 buma
1858 2022 1875 2035 -

1130 2104 1199 2142 no
1232 2086 1343 2159 (i5)
1360 2126 1377 2153 ,
1423 2086 1873 2158 quemadmodum

1131 2181 1242 2234 vult
1272 2180 1453 2237 Pater.

1191 2275 1244 2328 8.
1283 2274 1328 2307 ⁸⁸
1366 2274 1584 2344 Agnitio
1616 2290 1740 2329 vera
1791 2286 1874 2329 est

1124 2367 1477 2438 apostolorum
1494 2366 1871 2439 doctrinami),

1124 2472 1175 2516 et
1206 2461 1462 2530 antiquus
1485 2460 1739 2515 Ecclesia:
1764 2473 1872 2516 sta—

1126 2566 1211 2610 tus
1227 2598 1239 2620 ,
1267 2556 1318 2609 in
1358 2554 1612 2610 universo
1649 2555 1866 2615 mundo.

1124 2660 1180 2703 et
1257 2649 1541 2703 character
1626 2647 1870 2716 corporis

287 2735 492 2793 Christi
520 2740 819 2794 secundum
850 2739 1223 2794 successiones
1246 2739 1648 2808 episcoporum,
1673 2740 1869 2808 quibus

291 2827 369 2883 illi
413 2843 567 2898 eam,
609 2844 729 2899 quae
776 2828 827 2884 in
878 2844 1199 2901 unoquoque
1242 2828 1360 2886 loco
1407 2836 1526 2893 est,
1570 2829 1867 2886 Ecclesiam

292 2919 631 2977 tradiderunt
660 2939 674 2975 :
703 2936 823 2991 quae
866 2922 1113 2991 pervenit
1148 2935 1318 2990 usque
1356 2921 1421 2975 ad
1475 2935 1573 2975 nos
1623 2922 1866 2976 custodi-

292 3010 439 3067 tione
466 3010 581 3084 (47)
606 3014 725 3070 sine
765 3014 982 3070 ﬁctione
1027 3012 1430 3082 Scripturarum
1472 3013 1725 3068 tractatio
1752 3014 1863 3084 (68)

289 3103 631 3173 plenissima,
658 3120 835 3176 neque
872 3105 1299 3161 additamentum
1332 3119 1509 3173 neque
1536 3104 1862 3159 ablatiouetn

287 3194 596 3263 recipiens;
644 3206 701 3252 et
756 3198 912 3254 lectio
958 3197 1076 3253 sine
1134 3197 1440 3262 talsatione,
1470 3207 1525 3252 et
1566 3198 1860 3252 secundum

3422 464 3560 521 1078

1996 676 2280 747 gloriosius
2311 687 2489 731 autem
2526 690 2686 746 quam
2740 676 3039 747 prophetia,
3084 676 3335 733 omnibus
3386 691 3564 733 autem

1999 767 2221 837 reliquis
2250 767 2673 823 cbarismatibus
2699 767 3210 838 supereminentius.

2063 884 2117 939 9.
2177 884 2223 915 “
2245 882 2585 953 Quapropter
2620 882 2859 938 Ecclesia
2911 882 3061 937 omni
3108 880 3162 935 in
3198 880 3317 936 loco
3344 880 3414 933 ob
3445 896 3563 934 eam

1993 989 2153 1044 quam
2186 975 2349 1031 habet
2375 989 2504 1045 erga
2542 973 2708 1029 Deum
2753 973 3099 1029 dilectionem
3121 1010 3138 1038 ,
3165 970 3563 1026 multitudinem

1994 1075 2291 1136 martyrum
2320 1064 2372 1119 in
2401 1064 2548 1119 omni
2592 1070 2835 1131 tempore
2864 1059 3147 1133 przmittit
3198 1064 3265 1113 ad
3312 1056 3559 1123 Patrem;

1992 1160 2217 1229 reliquis
2248 1168 2424 1212 autem
2467 1158 2721 1212 omnibus
2758 1172 2862 1209 non
2906 1163 3115 1209 tantum
3150 1167 3257 1207 non
3309 1150 3563 1205 habenti.

1991 1254 2091 1309 bus
2111 1252 2220 1326 (49)
2252 1252 2391 1306 hanc
2435 1265 2548 1306 rem
2577 1248 2866 1319 ostendere
2892 1249 3033 1317 apud
3074 1259 3153 1311 se,
3182 1243 3275 1299 sed
3303 1258 3403 1298 nec
3437 1244 3562 1311 qui-

1991 1346 2110 1399 dem
2150 1341 2520 1399 necessariutn
2570 1355 2695 1396 esse
2727 1338 3034 1394 dicentibus
3069 1334 3177 1390 tale
3206 1334 3557 1405 martyrium;

1989 1452 2107 1493 esse
2129 1438 2274 1492 enim
2298 1434 2617 1506 martyrium
2647 1444 2837 1486 verum
2867 1428 3190 1485 sententiain
3210 1440 3399 1481 eorum
3427 1425 3557 1495 (50):

1989 1527 2091 1582 nisi
2118 1527 2162 1583 si
2193 1542 2355 1589 unus,
2384 1535 2481 1580 aut
2532 1523 2640 1579 duo
2673 1520 2992 1591 aiiqnando,
3033 1532 3127 1588 per
3154 1532 3314 1571 omne
3350 1526 3562 1584 tempus

1988 1636 2054 1675 ex
2085 1634 2191 1688 quo
2213 1617 2474 1672 Dominus
2498 1614 2746 1686 apparuit
2774 1614 2825 1667 in
2860 1613 3043 1676 terris,
3078 1626 3201 1666 cum
3225 1607 3561 1678 martyribus

1988 1709 2230 1771 nostris,
2260 1706 2414 1777 quasi
2457 1716 2512 1761 et
2557 1705 2673 1773 ipse
2719 1700 3150 1758 misericordiam
3196 1707 3555 1758 consecutus,

1986 1800 2336 1869 opprobrium
2390 1796 2553 1853 simul
2601 1793 2861 1865 baiulavit
2914 1793 3173 1854 nominis.
3228 1801 3283 1844 et
3327 1805 3451 1845 cum
3481 1790 3559 1842 eis

1986 1891 2183 1947 ductus
2231 1900 2335 1958 est,
2366 1890 2513 1945 velut
2547 1888 2777 1957 adiectio
2817 1885 3063 1956 quaedam
3089 1883 3285 1939 donata
3324 1883 3423 1935 eis.
3448 1882 3559 1950 0p-

1913 1964 1954 2018 Β
1985 1984 2259 2052 probrium
2294 1984 2440 2038 enim
2461 1997 2673 2047 eorum,
2704 1981 2793 2051 qui
2820 1977 3247 2050 persecutionem
3277 1976 3557 2045 patiuntur

1983 2084 2203 2147 propter
2255 2074 2552 2146 justitiam.
2602 2084 2655 2129 et
2706 2088 2897 2129 omnes
2943 2084 3133 2141 ptenas
3184 2077 3471 2131 susunent,
3504 2076 3560 2121 et

1984 2166 2382 2222 mortillcantur
2422 2177 2642 2237 prepter
2686 2180 2807 2221 eam
2842 2180 2959 2235 qua:
2986 2172 3071 2218 est
3098 2177 3225 2233 erga
3259 2160 3427 2217 Deum
3474 2162 3555 2213 di-

1982 2258 2295 2325 lectionem,
2330 2270 2383 2311 ct
2408 2259 2806 2313 confessionem
2837 2256 2957 2311 Filii
2988 2256 3129 2327 ejus,
3166 2254 3276 2310 sola
3310 2254 3552 2309 Ecclesia

1981 2367 2112 2421 pure
2152 2352 2383 2407 sustinet
2431 2358 2595 2425 (saepe
2650 2351 2951 2416 debilitata,
2998 2360 3053 2405 et
3103 2351 3289 2406 statim
3350 2361 3552 2416 augens

1982 2443 2242 2507 membra,
2266 2452 2320 2496 et
2350 2442 2558 2512 integna
2612 2443 2748 2496 tiens
2771 2485 2783 2506 ,
2813 2440 3269 2509 quemadmodum
3302 2447 3356 2493 et
3398 2448 3553 2507 typus

1978 2534 2119 2602 ejus,
2148 2550 2266 2604 qua:
2294 2533 2392 2587 fuit
2416 2534 2559 2588 illius
2583 2531 2718 2597 Lot,
2747 2534 2877 2589 salis
2908 2530 3336 2603 ﬁgmentum)”:
3358 2527 3552 2584 simili-

1981 2637 2059 2681 ter
2100 2638 2157 2680 ut
2184 2636 2388 2681 veteres
2419 2628 2695 2695 prophetae
2742 2627 3074 2681 sustinentes
3095 2621 3545 2693 persecutionem,

1978 2717 2427 2785 quemadmodum
2463 2718 2721 2773 Dominus
2753 2716 2829 2772 ait
2850 2736 2874 2772 .:
2920 2736 2939 2769 ι
2976 2716 3069 2772 Sic
3094 2716 3238 2771 enin:
3280 2718 3546 2784 persecuti

1977 2818 2105 2863 sunt
2142 2810 2467 2879 prophetas,
2502 2810 2595 2879 qui
2658 2816 2786 2865 ante
2836 2822 2934 2865 vos
2983 2807 3205 2863 luerunt
3231 2805 3313 2871 ";
3356 2821 3377 2857 ο
3413 2819 3546 2873 quo-

1976 2901 2119 2955 niam
2152 2916 2290 2956 nove
2329 2901 2574 2973 quidem,
2600 2901 2695 2957 sed
2724 2901 2865 2957 idem
2912 2900 3151 2971 Spiritus
3198 2899 3545 2970 requiescens

1972 3008 2134 3063 super
2167 3009 2309 3060 eam,
2344 2996 2412 3050 ab
2453 2996 2539 3051 liis
2582 2996 2672 3065 qui
2707 3010 2815 3051 non
2856 2994 3127 3065 recipiunt
3156 2991 3391 3047 Verbum
3424 2989 3542 3052 Dei,

1976 3086 2408 3153 persecutionem
2435 3088 2659 3157 patitur.

2040 3195 2129 3251 l0.
2162 3194 2206 3227 ⁸⁷
2232 3195 2383 3263 Quod
2414 3197 2629 3267 quidem
2661 3197 2938 3268 prophetae
2971 3212 3095 3253 cum
3136 3198 3389 3269 reliquis,
3420 3214 3541 3269 qua:

287 3282 594 3355 Scriptores
624 3290 891 3361 expositio
941 3288 1213 3357 legitima,
1252 3300 1306 3343 et
1357 3290 1607 3358 diligens,
1653 3298 1707 3345 et
1744 3290 1861 3343 sine
1888 3327 1933 3386 ο
1970 3288 2383 3359 prophetabant,
2407 3289 2582 3342 ethoc
2599 3289 3260 3360 prophetaverunt,273
3283 3291 3538 3359 quoniam

285 3380 548 3450 periculo,
580 3390 633 3436 et
676 3383 795 3438 sine
845 3382 1207 3453 blasphemia;
1244 3390 1299 3437 et
1348 3382 1679 3449 praecipuum
1724 3382 1857 3437 dile-

353 3520 540 3576 "Cau.
578 3519 760 3575 LXlll.
837 3521 883 3552 ‘“
902 3520 1029 3589 Cap.
1070 3518 1252 3574 LXIV.

352 3662 464 3730 (42)
500 3663 875 3733 Dispositiones
911 3664 1046 3733 ejus,
1098 3679 1185 3728 per
1212 3678 1341 3731 quas
1370 3663 1525 3715 homo
1566 3663 1735 3733 factus
1763 3676 1840 3717 est

285 3734 460 3790 Filius
478 3732 592 3788 Dei.
633 3732 724 3788 Sic
753 3744 941 3789 exacte
964 3733 1115 3803 juxta
1148 3733 1394 3803 Graecum
1432 3744 1587 3787 vetus
1610 3732 1841 3787 Feuard.

280 3808 425 3868 cod.,
485 3805 816 3858 Clarcmont.
850 3814 905 3858 et
958 3820 1069 3859 om.
1122 3802 1355 3869 Anglic.,
1393 3818 1494 3855 una
1535 3818 1656 3857 cum
1714 3803 1844 3856 edit.

281 3876 460 3932 Oxon.
496 3877 564 3927 At
600 3875 652 3927 in
677 3872 798 3929 aliis
824 3874 1079 3929 omnibus
1107 3874 1260 3927 editi.
1289 3874 1505 3931 vitiose,
1538 3874 1850 3933 dispositio-

280 3949 360 4000 nis
383 3943 520 4012 ejus,
547 3959 639 4013 per
663 3960 838 4011 quem,
862 3944 943 3999 vel
972 3961 1153 4015 quam,
1176 3942 1347 4011 factus
1375 3954 1449 3995 est
1474 3946 1630 3995 Iinmo
1671 3940 1849 3996 Filius

285 4017 401 4070 Dei.

278 4155 325 4210 Β
349 4083 461 4167 (45)
489 4083 619 4149 Quae
647 4096 721 4139 est
752 4086 807 4139 in
831 4084 1031 4155 Spiritu
1066 4083 1180 4139 Dei.
1209 4085 1411 4147 Graec,
1443 4095 1487 4137 et
1512 4085 1563 4137 in
1589 4084 1847 4153 Spiritum

328 4173 397 4209 et.

328 4173 397 4209 ει.

349 4222 462 4294 (μ)
486 4222 1014 4297 ExposuitiGriece,
1040 4223 1427 4297 σκηνοσαςτρῦν,
1461 4238 1621 4291 quam
1650 4241 1845 4297 vocem

275 4292 587 4349 mutandam
617 4295 725 4347 vult
748 4293 1046 4349 Cotelerius
1099 4292 1145 4350 ιζ
1175 4296 1237 4349 ΙΙΙ
1268 4293 1597 4348 Monumenl.
1641 4292 1839 4349 Eccles.

275 4364 496 4437 Cnet-ae,
540 4362 644 4416 col.
695 4365 819 4428 676,
854 4364 905 4417 itt
960 4364 1388 4437 ἐξηγησάμενον,
1418 4364 1523 4437 sed
1568 4366 1706 4437 citra
1753 4380 1848 4418 ne-

273 4436 631 4490 cessitatem:
671 4450 817 4498 nam,
867 4444 926 4488 ιιι
984 4434 1130 4491 recte
1182 4434 1437 4489 observat
1486 4434 1740 4498 Grattius,
1792 4444 1843 4488 et

275 4506 487 4573 vulgatu
524 4505 634 4573 ipsa
664 4503 837 4558 lesica
870 4507 1099 4569 docent,
1137 4504 1361 4558 verbum
1412 4503 1760 4568 σκηνοὸατέω
1790 4506 1842 4557 in

272 4576 412 4629 bona
436 4575 837 4644 signiﬁcatione
867 4574 1140 4630 interdum
1173 4575 1550 4644 accrpiturpro
1576 4576 1841 4645 pervulga,

270 4662 490 4708 expono,
521 4654 629 4698 etc.

580 4662 629 4698 ι’.

300 4662 782 4781 Ὗῖἕῖέξέηηάωη
804 4732 935 4784 quas
958 4714 1141 4767 aderat
1164 4714 1333 4781 generi
1354 4714 1604 4767 humano.
1652 4714 1837 4770 Graicn

269 4795 488 4847 sonant,
522 4788 806 4839 secundum
836 4801 1257 4855 unamquamque
1286 4785 1671 4854 generationem
1704 4787 1839 4839 inter

268 4855 529 4909 homines.

341 4923 452 4991 (ιϐ)
485 4924 693 4993 Agnitio
724 4941 843 4979 vera
884 4934 963 4979 est
1005 4923 1360 4992 apostolorum
1403 4925 1679 4991 doctrina,
1726 4938 1831 4981 etc.

268 4992 495 5048 Multum
528 4992 613 5048 his
634 4995 861 5064 aliisque
895 4996 1167 5050 turbatum
1192 5010 1249 5048 se
1274 4994 1437 5049 fuisse
1468 4996 1669 5049 fatetur
1692 4996 1832 5051 Gra-

266 5064 411 5124 liius,
450 5066 592 5134 quod
623 5070 713 5133 qui
751 5066 945 5133 capitis
985 5065 1143 5134 hujus
1185 5066 1423 5118 tneuthra
1470 5067 1829 5132 cohaererent,

262 5148 330 5205 ac
368 5136 435 5205 de
469 5135 733 5203 agnitione
762 5151 881 5189 tera
916 5136 1020 5190 dici
1072 5146 1276 5204 posset,
1313 5136 1453 5204 quod
1483 5138 1553 5189 sit
1583 5136 1829 5205 antiquus

266 5202 521 5257 Ecclesia";
541 5214 730 5267 status,
756 5216 885 5263 etc.,
920 5202 1345 5274 prmeipuumque
1380 5205 1675 5259 dilectionis
1707 5202 1829 5259 nm-

264 5289 387 5332 nus.
434 5288 538 5327 non
569 5274 817 5328 videret:
850 5275 1021 5329 donec
1058 5274 1272 5329 tandem
1301 5277 1568 5340 advertit,
1602 5279 1824 5331 verbum

261 5343 380 5395 serti
407 5356 435 5395 a
466 5341 655 5398 Graeco
702 5355 847 5399 textu
895 5347 1088 5400 abesse
1109 5384 1125 5409 ,
1160 5356 1322 5414 atque
1372 5347 1473 5399 iata
1507 5346 1595 5400 hic
1626 5360 1731 5401 non
1762 5349 1826 5401 de

264 5415 536 5482 agnitione
601 5414 906 5482 pra:dicari,
949 5416 1043 5467 sed
1101 5416 1354 5469 distincte
1389 5419 1656 5470 recenseri
1708 5426 1825 5469 tan-

260 5498 423 5551 quam
448 5498 510 5537 ea
531 5498 650 5552 quae
672 5485 869 5537 homini
894 5487 948 5539 in
976 5482 1210 5540 Ecclesia
1234 5486 1419 5538 viventi
1447 5496 1705 5548 constare,
1728 5503 1822 5541 seu

259 5563 459 5624 pnesto
492 5568 615 5607 esse
631 5554 770 5624 dicit
797 5554 983 5624 ultima
1016 5557 1224 5610 numeri
1265 5556 1620 5622 precedentis
1648 5558 1822 5623 perio-

260 5627 381 5706 dus.
413 5623 679 5708 Atnpattlo
704 5623 919 5708 facilius
948 5627 1196 5708 turbatur
1223 5625 1305 5708 vir
1354 5627 1549 5708 doctus
1598 5642 1611 5679 :
1649 5642 1822 5696 neque

258 5694 406 5748 enim
431 5692 813 5765 diﬂicilisgadeo
843 5708 1023 5761 opera:
1060 5703 1142 5750 est
1167 5695 1426 5751 sectiouis
1456 5696 1615 5765 hujus
1653 5692 1822 5749 mein-

259 5765 351 5817 lira
379 5776 563 5835 secum
595 5763 881 5835 colligare;
913 5780 1087 5834 neque
1114 5782 1175 5821 ea
1198 5780 1262 5819 es
1297 5765 1483 5819 ultima
1511 5763 1821 5835 praeceden-

260 5835 329 5888 tis
354 5833 566 5887 numeri
598 5833 818 5903 periodo
847 5844 1067 5890 nectere
1088 5835 1243 5903 juvat
1268 5876 1283 5898 ,
1328 5836 1435 5890 imo
1462 5833 1698 5889 avellere
1728 5851 1818 5888 ne-

258 5919 474 5959 cessum
504 5913 607 5956 est.
641 5902 906 5958 Nimirum
952 5902 1227 5972 sigillatim
1248 5907 1519 5961 enarratis
1550 5908 1616 5960 iis
1639 5906 1818 5959 omni-

263 5977 381 6039 bus,
417 5977 483 6029 de
512 5973 708 6043 quibus
758 5977 1079 6032 sententiain
1110 5976 1245 6032 feret
1287 5977 1543 6045 spiritalis
1578 5976 1812 6044 discipu~

1965 3396 2129 3451 super
2143 3395 2493 3451 quoscunque
2526 3383 2855 3450 requieverit
2880 3380 3119 3452 Spiritus
3140 3382 3257 3449 Dei,
3281 3395 3334 3437 et
3361 3382 3539 3436 obedi-

1330 3520 1374 3551 ³³
1401 3518 1537 3575 Gen.
1567 3535 1679 3579 nx.
1710 3519 1800 3574 26.
1879 3519 1923 3553 ⁸⁸
1946 3518 2140 3576 Matth.
2166 3536 2216 3586 v,
2244 3520 2329 3575 l2.
2396 3521 2439 3553 ⁸⁷
2476 3520 2607 3579 Cat).
2651 3520 2811 3575 LXV.

1950 3664 2068 3728 lus;
2122 3672 2235 3717 tum
2278 3663 2499 3717 domum
2535 3663 2586 3715 in
2626 3677 2731 3729 quo
2768 3678 2890 3716 veta
2926 3665 3125 3731 agnitio
3173 3667 3277 3717 sita
3329 3663 3443 3725 sit,
3476 3675 3527 3719 et

1993 3733 2149 3788 uibus
2177 3733 2592 3788 characterihus
2623 3748 2651 3785 a
2680 3730 2809 3785 falsa
2831 3730 3217 3787 Guosticorum
3250 3732 3528 3799 agnitione

1993 3749 2149 3788 uinus
2177 3749 2592 3788 cttaractertous
2623 3749 2651 3785 a
2680 3749 2809 3785 tatsa
2831 3749 3217 3787 bonsttcorum
3250 3749 3528 3799 agnitione

1951 3749 2344 3871 distinguatur,
2369 3802 2605 3870 explicat
2630 3803 2884 3856 Irenaeus.
2911 3803 3130 3872 Agnitio
3156 3817 3305 3872 vera,
3332 3802 3529 3871 inquit,

1952 3887 2014 3932 ea
2055 3870 2157 3939 est,
2186 3888 2305 3942 quae
2340 3888 2402 3925 ex
2458 3873 2828 3940 apostolortnn
2878 3870 3124 3926 doctrina
3165 3870 3278 3926 lluit
3303 3916 3317 3937 ,
3370 3870 3420 3925 et
3462 3891 3522 3925 ex

1953 3944 2178 4009 antiquo
2230 3942 2487 3996 Ecclesia:
2531 3951 2723 4006 statu,
2786 3957 2851 3996 ac
2898 3944 3221 3997 charactere
3282 3945 3529 4011 corporis

1952 4012 2181 4077 Christi,
2219 4012 2472 4067 Ecclesiae
2526 4012 2773 4075 ‘idelicet,
2806 4015 3103 4066 secundum
3153 4014 3528 4068 successiones

1951 4083 2328 4150 episcoporum
2356 4092 2560 4145 manat,
2596 4093 2731 4143 etc.,
2762 4095 2990 4149 quaeque
3022 4081 3310 4136 charilatis
3338 4098 3526 4138 mune-

1958 4168 2012 4205 re
2044 4154 2338 4221 praecipuo,
2393 4166 2489 4206 seu
2545 4152 2800 4206 Ecclesiae
2852 4153 3063 4207 unitate
3121 4154 3319 4207 nititur
3356 4174 3367 4203 .
3405 4166 3521 4217 seu,

1951 4223 2094 4292 quod
2125 4220 2268 4276 idem
2302 4231 2405 4285 est,
2438 4222 2793 4291 apostolorum
2833 4223 3095 4285 doctrina,
3119 4226 3365 4292 antiquus
3422 4222 3525 4276 Er-

1948 4290 2117 4345 clest'a.’
2152 4303 2343 4355 status,
2371 4290 2502 4362 etc.,
2551 4307 2615 4345 ac
2660 4292 2916 4362 eliaritas,
2964 4306 3089 4347 sunt
3123 4290 3323 4362 agnitio
3373 4309 3519 4360 vero,

1952 4361 2428 4433 lanaequeproinde
2449 4362 2514 4416 de
2546 4362 2650 4433 illis
2675 4362 2805 4433 (non
2835 4361 2922 4414 illa
2962 4365 3029 4416 de
3061 4361 3183 4424 hac,
3208 4364 3352 4431 quod
3382 4362 3523 4417 Grao'

1948 4435 2093 4484 bnnn
2121 4431 2357 4500 fefellit),
2387 4446 2483 4487 ceu
2531 4431 2755 4486 cl'l‘ectus
2788 4432 2875 4501 de
2922 4447 3108 4496 causa,
3160 4433 3515 4501 praedicatur;

1948 4502 2091 4571 quod
2125 4503 2342 4571 quidem
2376 4502 2516 4568 tropi
2564 4517 2734 4571 genus
2784 4500 2928 4556 haud
2978 4500 3114 4557 adeo
3162 4500 3428 4568 insolens,
3461 4516 3521 4559 ut

1947 4569 2207 4625 lectorem
2235 4580 2500 4626 attentum
2533 4569 2860 4627 conturbare
2892 4571 3092 4625 valeat.

1876 4667 1918 4721 ο
1948 4710 1963 4721 _
2018 4642 2131 4721 (in?)
2164 4640 2651 4721 Custoditione._lta
2680 4651 2828 4695 vetus
2857 4640 3087 4721 Ἐρυθεὼ
3117 4643 3237 4721 cod.
3272 4652 3328 4697 et
3356 4640 3515 4721 Voss.

1947 4710 2000 4764 In
2031 4710 2294 4776 Clarium,
2317 4712 2623 4771 custoditio,
2648 4729 2746 4780 pro
2770 4728 2877 4782 quo
2906 4711 2956 4765 itt
2994 4711 3160 4767 Merc.
3203 4713 3251 4778 ι,
3276 4716 3516 4769 oscitans

1943 4782 2198 4837 librarius
2230 4782 2471 4850 scripsit,
2498 4781 2800 4835 cnstoitito.’
2832 4781 3079 4837 Editores
3106 4796 3237 4839 vero
3272 4786 3515 4854 scripse-

1943 4861 2062 4905 runt
2100 4854 2378 4905 custodita.

2013 4921 2126 4991 με)
2152 4921 2441 4979 Tracmtio.
2470 4922 2543 4977 ita
2576 4922 2839 4989 Claront.,
2874 4924 3107 4986 Aruml.,
3138 4922 3323 4992 Voss.,
3357 4936 3513 4979 vetus

1939 4992 2173 5047 Feuard.
2204 4995 2325 5046 cod.
2368 5005 2425 5048 et
2450 4993 2615 5048 Graii.
2654 4994 2781 5058 Alii,
2823 4994 3164 5048 tractatione.
3201 4995 3325 5051 Haec
3384 5012 3511 5049 vero

1939 5063 2011 5117 ita
2036 5065 2399 5134 construenda
2433 5082 2448 5120 :
2480 5064 2691 5133 Agnitio
2732 5080 2849 5118 vera
2878 5074 2967 5134 est
3018 5070 3266 5119 tractatio
3315 5068 3511 5134 plenis-

1936 5135 2070 5186 sinta
2093 5130 2505 5201 Scripturarum,
2530 5130 2651 5201 qua:
2680 5133 2905 5203 pervenit
2938 5149 3098 5203 usque
3126 5135 3196 5189 ad
3218 5130 3507 5189 nos'custoo

1935 5204 2132 5256 ditione
2155 5206 2263 5257 sine
2292 5204 2519 5269 ﬁctione.

2006 5273 2119 5342 (a9)
2148 5273 2269 5327 Non
2298 5285 2504 5327 tantum
2532 5291 2633 5327 non
2656 5274 2985 5331 habentibus.
3012 5274 3169 5329 Solus
3200 5275 3353 5331 Voss.
3380 5282 3502 5334 cod.

1932 5346 2134 5417 omittit
2169 5360 2273 5417 non
2317 5357 2541 5417 tantum,
2586 5358 2747 5413 quem
2800 5357 2981 5401 tamen
3029 5357 3306 5400 errantem
3348 5352 3505 5417 sequi

1931 5413 2133 5468 Grabio
2156 5414 2374 5469 Dlacuit.

2003 5484 2114 5607 (50)
2156 5484 2283 5537 Esse
2315 5487 2453 5538 enim
2506 5488 2819 5557 martyrium
2863 5504 3039 5543 verum
3070 5490 3382 5543 sententiam
3412 5501 3503 5539 eo-

2003 5572 2066 5607 m.
2118 5566 2165 5607 tet
2197 5565 2341 5607 recte
2365 5556 2601 5607 Clarum.
2636 5569 2693 5607 et
2727 5558 2878 5607 Voss.
2913 5560 3066 5607 Eras-
3097 5574 3247 5607 vero.
3292 5557 3497 5607 Gallus.

1930 5572 2066 5609 rum.
2094 5556 2165 5608 ita
2197 5565 2341 5609 recte
2365 5556 2601 5611 Claront.
2636 5556 2693 5611 et
2727 5558 2878 5613 Voss.
2913 5560 3067 5614 Eras.
3097 5574 3247 5621 vero,
3292 5557 3497 5613 Gallas.

1928 5638 1981 5679 et
2009 5624 2240 5681 Feuard.
2268 5640 2551 5694 perperam
2578 5628 2767 5682 etsine
2790 5645 2977 5693 sensu,
3016 5644 3127 5683 esse
3154 5645 3334 5683 eorum
3356 5644 3501 5679 mar-

1927 5697 2119 5817 grium
2156 5711 2327 5749 verum
2371 5698 2656 5750 secundum
2690 5702 3002 5753 sententiam
3046 5714 3245 5753 eorum.
3273 5698 3331 5753 ιιι
3390 5707 3497 5755 vet.

1971 5768 2157 5817 enurtl.
2188 5768 2310 5817 cod.
2340 5766 2477 5817 bene
2508 5770 2725 5817 auident
2762 5770 2990 5817 ltahctttr
3011 5772 3149 5817 enim
3180 5783 3277 5817 [πο
3293 5783 3495 5817 eorum.

1971 5768 2157 5818 euard.
2188 5768 2310 5837 cod.
2340 5766 2477 5821 bene
2508 5770 2725 5836 quidem
2762 5770 2990 5823 habetur
3011 5772 3149 5823 enim
3179 5783 3277 5837 pro
3293 5783 3495 5828 eorum,

1923 5837 2019 5889 sed
2102 5836 2241 5889 male
2315 5838 2622 5893 secundum.
2673 5837 2731 5890 in
2780 5841 2991 5893 Arund.
3052 5836 3359 5894 econtrario
3432 5852 3497 5890 ac

1924 5905 2093 5960 Merc.
2125 5904 2161 5957 ‘2
2194 5918 2341 5959 recte
2366 5907 2634 5963 omittitur
2664 5911 2947 5963 secundum
2972 5927 2991 5976 ,'
3017 5912 3109 5966 scd
3135 5912 3277 5967 male
3312 5924 3493 5963 eorum

1924 5995 2020 6046 pro
2055 5976 2191 6029 enim
2230 5975 2443 6048 legitur.
