4222 6320
734 416 871 474 1079

1468 414 1525 471 S.
1557 413 1818 471 ΙΒΕΝᾹΣΙ
1860 414 2163 473 EPISCOPI
2200 411 2688 473 LlJC-DIJNENSIS
2724 412 2808 470 ΕΤ
2863 408 3217 469 ΜΔΙὶΠΙιΙδ

3837 405 3969 464 1081

730 540 908 596 verint
939 538 1118 594 Verbo
1133 535 1332 604 Patris,
1351 538 1717 594 etsecuudnm
1747 538 1999 595 virtutem
2018 539 2311 596 servierint
2338 543 2383 599 Δ
2409 543 2473 598 Et
2493 542 2585 615 qui
2615 541 2801 597 dicunt
2825 556 2840 594 :
2867 555 2887 589 ι
2916 535 3206 607 Speciosus
3234 531 3411 587 l'orma
3447 546 3559 603 pm
3608 531 3737 585 ﬁliis
3783 530 3963 586 homi-

732 630 807 696 ei,
830 630 1263 700 persecutionem
1287 629 1580 700 patientur,
1598 644 1653 683 ct
1671 629 2072 696 lapiclabuntur,
2090 640 2139 687 et
2154 631 2300 687 occi-

734 722 951 778 dentur.
982 720 1040 776 l'n
1089 722 1399 790 semetipsis
1427 721 1571 776 enim
1609 723 1724 777 han
1756 720 1937 775 omnia
1987 720 2299 791 praeﬁgura-

735 813 870 868 bant
897 812 1195 884 prophetae,
1232 822 1451 883 propter
1475 813 1820 869 dilectionem
1858 812 1969 876 Dei,
1995 823 2050 868 et
2077 822 2300 883 propter

734 906 963 959 verbum
1024 903 1159 974 ejus.
1182 902 1317 959 Cum
1369 903 1514 959 enim
1566 914 1620 958 et
1669 905 1767 974 ipsi
1830 903 2069 959 membra
2119 913 2301 958 essent

732 994 962 1063 Christi,
1005 995 1378 1066 unusquisque
1420 1009 1607 1052 eorum
1656 997 1950 1051 secundum
1998 995 2141 1064 quod
2183 1003 2302 1050 erat

736 1086 1064 1153 membrum,
1088 1090 1386 1141 secundum
1421 1086 1525 1141 hoc
1558 1096 1611 1140 et
1666 1085 2131 1157 proplictatiouctn
2187 1100 2302 1139 ma-

734 1177 1053 1244 nifestabat,
1089 1193 1277 1233 omnes
1314 1188 1368 1235 et
1398 1176 1548 1232 multi
1583 1193 1749 1232 unum
1781 1176 2226 1246 prmformantcs,
2249 1187 2303 1232 at

734 1284 799 1324 ea
829 1285 950 1339 qua:
978 1279 1104 1324 sunt
1133 1270 1292 1325 unius
1319 1270 1726 1327 aununtiantcs.
1745 1270 2026 1338 Quomodo
2042 1270 2185 1325 enim
2208 1286 2302 1337 per

736 1370 921 1415 nostra
977 1359 1218 1415 membra
1251 1360 1494 1429 operatio
1536 1362 1749 1430 quidem
1784 1360 2025 1414 universi
2053 1361 2302 1430 corporis

734 1450 1072 1517 ostenditur;
1109 1448 1279 1520 ﬁgura
1335 1460 1516 1504 autem
1550 1451 1717 1506 totius
1748 1450 1983 1509 hominis
2007 1463 2104 1519 per
2135 1464 2301 1503 unum

738 1542 1041 1595 membrum
1094 1556 1201 1596 non
1251 1542 1578 1605 ostenditur,
1612 1542 1706 1597 sed
1735 1556 1834 1611 per
1863 1541 2043 1597 omnia
2080 1558 2095 1595 :
2130 1540 2209 1595 sic
2248 1548 2304 1595 et

737 1629 1213 1700 prophetteomnes
1230 1631 1445 1701 quidem
1475 1647 1639 1685 unum
1663 1631 2112 1702 priellgurabaut;
2134 1646 2303 1687 unus-

737 1724 969 1795 quisque
995 1733 1174 1778 autem
1202 1740 1387 1781 eorum
1425 1725 1723 1780 secundum
1775 1726 1916 1796 quod
1972 1734 2088 1780 erat
2136 1739 2303 1780 mem-

739 1816 917 1877 brum,
954 1816 1246 1872 secuudum
1274 1818 1375 1872 hoc
1407 1828 1461 1872 et
1504 1818 1912 1888 dispositionem
1953 1818 2301 1888 adimplebat,

2408 650 2560 690 num.
2590 633 2635 666 "
2660 651 2677 701 ;
2707 650 2728 684 ι
2769 638 2823 685 et
2860 647 2880 682 ι
2924 648 2937 683 :
2982 625 3149 683 Unxit
3188 633 3239 681 te
3274 623 3437 692 Deus,
3482 620 3625 679 Deus
3668 629 3795 677 tuus
3846 622 3967 677 oleo

2408 726 2602 781 laetitia
2623 739 2734 796 prae
2762 720 3106 779 consortibus
3134 717 3263 774 tuis.
3289 717 3371 783 ";
3408 734 3428 769 ι
3462 722 3518 771 et
3564 732 3578 769 :
3614 734 3635 768 ι
3671 714 3967 783 Accingere

2408 818 2645 888 gladium
2666 825 2843 881 tuum,
2873 810 3267 886 potentissime,
3291 809 3436 865 circa
3453 806 3629 863 femur
3649 816 3800 862 tuum
3821 802 3931 874 (57)
3947 819 3966 858 :

2407 910 2585 981 specie
2616 916 2710 964 tua
2739 917 2793 963 et
2826 904 3231 979 pulchritudine
3262 910 3357 957 tua
3398 907 3453 957 et
3486 897 3726 961 intende,
3757 906 3810 952 et
3840 908 3968 966 pro-

2408 1016 2563 1072 spere
2595 999 2847 1071 procede,
2887 1005 2942 1052 et
2973 1010 3135 1065 regna
3159 999 3377 1065 propter
3402 989 3704 1051 veritatem,
3729 996 3785 1043 et
3814 1000 3970 1040 mau-

2408 1090 2773 1154 suetudinem,
2797 1095 2853 1144 et
2875 1086 3144 1157 justitiam
3192 1082 3279 1149 “;
3310 1099 3329 1134 ι
3373 1088 3429 1136 et
3481 1091 3821 1149 quascunque
3864 1073 3971 1130 alia

2411 1184 2536 1238 talia
2569 1182 2712 1237 dicta
2761 1188 2887 1235 sunt
2935 1178 3001 1232 de
3022 1191 3109 1243 eo,
3142 1189 3260 1230 eam
3294 1186 3415 1242 qua
3445 1179 3527 1226 est
3554 1169 3608 1224 in
3649 1182 3815 1239 regno
3846 1180 3969 1237 spe-

2407 1274 2546 1329 ciem
2590 1272 2711 1342 ejus
2760 1279 2811 1326 et
2848 1269 3135 1332 decorem,
3173 1274 3227 1321 et
3264 1262 3685 1319 exsultationem
3715 1271 3972 1328 superco-

2410 1372 2739 1426 ruscantem,
2796 1369 2851 1415 et
2899 1354 3474 1428 supereminentiorem
3538 1349 3650 1420 (58)
3712 1346 3970 1403 omnibus

2410 1457 2499 1525 qui
2544 1462 2835 1525 regnantur
2868 1451 2978 1520 (59)
3018 1450 3121 1505 sub
3154 1446 3295 1517 ipso,
3325 1441 3731 1515 signiﬁcabant;
3774 1447 3832 1493 ut
3874 1435 3969 1508 qui

2410 1552 2656 1613 audiunt,
2675 1548 3119 1617 concupiscerent
3145 1541 3219 1597 ibi
3258 1537 3488 1595 inveniri
3527 1535 3662 1607 (60),
3692 1533 3961 1603 placentia

2411 1644 2669 1699 facientes
2691 1640 2820 1694 Deo.
2845 1636 2949 1704 Qui
2980 1636 3176 1691 iterum
3205 1631 3445 1688 dicentes
3478 1647 3492 1683 :
3528 1646 3548 1680 ι
3579 1626 3754 1681 Homo
3784 1635 3889 1693 est,
3916 1633 3973 1680 et

2411 1735 2535 1803 quis
2585 1739 2876 1802 cognoscet
2924 1742 3049 1784 eum
3081 1725 3166 1779 "1'
3207 1731 3262 1779 et
3322 1740 3387 1777 ει
3418 1720 3552 1776 Veni
3580 1718 3691 1789 (6|)
3725 1718 3795 1773 ad
3846 1731 3976 1788 pro-

2416 1826 2631 1895 phetam
2675 1822 2819 1892 (62),
2862 1827 2916 1874 et
2952 1817 3157 1889 peperit
3191 1815 3428 1880 ﬁlium’,
3472 1820 3527 1868 et
3584 1819 3811 1866 vocatur
3865 1804 3980 1881 (65)

739 1918 797 1963 et
824 1924 943 1964 eam
981 1924 1099 1978 qua?
1129 1910 1426 1965 secundum
1456 1910 1589 1964 illud
1630 1912 1930 1965 membrum
1975 1922 2090 1968 erat
2117 1953 2131 1977 ,
2172 1926 2300 1981 ope-
2334 1905 2378 1961 Β
2420 1930 2613 1969 nomen
2670 1914 2789 1986 ejus
2838 1909 3199 1977 admirabilis,
3253 1906 3620 1971 consiliarius.
3667 1901 3810 1958 De“!
3864 1898 3977 1956 f0"

740 2001 1008 2055 rationem
1042 1997 1244 2055 Christi
1275 1999 1651 2069 praelormabat
1689 1999 1819 2071 (51).

812 2090 902 2146 11.
936 2089 1163 2157 Quidam
1188 2091 1329 2145 enim
1359 2091 1408 2144 in
1442 2090 1609 2160 gloria
1649 2090 1897 2146 videntes
1929 2105 2076 2157 eum,
2111 2091 2309 2163 glorio-

742 2199 856 2241 sam
894 2183 1010 2252 ejus
1059 2185 1201 2251 apud
1244 2183 1457 2239 Patrem
1506 2199 1536 2239 a
1579 2183 1787 2239 dextris
1832 2185 2307 2241 conversationem

741 2275 1001 2331 videbant
1035 2273 1103 2341 ⁸⁸,
1136 2276 1224 2329 alii
1263 2290 1425 2346 super
1486 2276 1679 2341 nubes,
1728 2276 2179 2347 quemadmodum
2218 2276 2309 2331 Fi-

741 2369 872 2423 lium
898 2368 1153 2432 hominis,
1176 2367 1480 2423 venientem
1498 2368 1566 2436 ⁸³,
1597 2377 1651 2423 et
1683 2368 1930 2423 dicentes
1956 2368 2020 2422 de
2041 2383 2109 2423 eo
2134 2384 2149 2423 :
2177 2386 2194 2418 ι
2220 2366 2309 2420 Vi-

744 2458 944 2513 debunt
970 2459 1024 2511 in
1048 2472 1209 2527 quem
1244 2456 1775 2527 compuuxerunt”;
1817 2475 1836 2506 ι
1872 2455 2163 2510 adventum
2195 2455 2311 2524 ejus

743 2548 1140 2621 significabant,
1177 2548 1241 2602 de
1272 2561 1381 2617 quo
1418 2549 1531 2617 ipse
1565 2547 1639 2600 ait
1668 2562 1682 2599 :
1724 2564 1742 2598 ι
1784 2545 1969 2612 Putas,
1997 2560 2118 2601 cum
2140 2544 2312 2602 Filius

747 2642 981 2696 nominis
1002 2641 1231 2705 venerit,
1260 2640 1499 2695 inveniet
1531 2639 1689 2694 ﬁdem
1740 2653 1903 2709 super
1934 2648 2135 2693 terram
2168 2638 2251 2691 "2
2287 2658 2306 2690 ι

747 2734 827 2790 De
852 2750 958 2804 quo
1001 2742 1055 2788 et
1084 2732 1283 2788 Paulus
1304 2732 1379 2786 ait
1411 2750 1425 2786 :
1461 2750 1479 2784 ι
1517 2732 1573 2787 Si
1613 2742 1789 2786 tamen
1833 2732 2040 2801 justum
2062 2741 2145 2788 est
2167 2731 2308 2799 apud

746 2825 914 2883 Deum
949 2824 1251 2880 retribuere
1284 2824 1384 2887 eis,
1416 2823 1508 2892 qui
1552 2822 1811 2877 tribulam
1842 2837 1937 2876 vos
1973 2821 2108 2893 (52),
2144 2820 2313 2874 tribu-

744 2916 1038 2983 lationem;
1095 2924 1150 2970 et
1196 2915 1350 2970 vobis
1399 2915 1488 2983 qui
1539 2912 1896 2978 tribulamiui,
1937 2911 2179 2983 requiem
2211 2924 2311 2964 no.

746 3011 955 3066 biscum
1018 3010 1072 3064 in
1118 3009 1445 3063 revelatione
1506 3006 1715 3061 Domini
1766 3004 1893 3061 Jesu
1922 3007 1987 3061 de
2022 3004 2159 3061 caelo
2184 3020 2309 3059 cum

745 3102 951 3173 angelis
981 3102 1199 3157 virtutis
1246 3103 1362 3170 ejus
1393 3101 1528 3173 (55),
1556 3110 1610 3155 et
1652 3101 1705 3155 in
1740 3099 1955 3153 ﬂamma
2000 3098 2138 3168 ignis
2168 3099 2234 3151 θ’.
2290 3116 2309 3149 ›

744 3196 851 3249 Alii
902 3210 1029 3249 vero
1062 3195 1294 3264 judicem
1338 3194 1582 3248 dicentes
1609 3208 1755 3256 eum,
1800 3203 1855 3247 et
1895 3192 2039 3246 diem
2100 3190 2311 3244 Domini

2416 2008 2487 2067 tis
2522 2008 2573 2069 ¹;
2615 2024 2635 2058 ι

2549 2092 2612 2145 0i
2651 2090 2745 2145 τὸν
2775 2092 2841 2145 ὲκ
2876 2091 2975 2163 τῆς
3026 2107 3168 2163 παρ-
3236 2088 3303 2143 Et
3352 2089 3444 2158 qui
3483 2100 3608 2142 eum
3660 2100 3723 2139 ex
3779 2082 3990 2151 virgine

2414 2184 2567 2249 (ξένου
2635 2183 2747 2255 (64)
2823 2182 3168 2255 Ἐμμανουήλ
3243 2176 3985 2255 Ειιιωεηιιθίριιπίὶἰεθὶηηιξ,

2413 2250 2809 2348 κηρύττόντές,
2853 2250 2950 2348 τὴν)
2978 2250 3171 2329 ενωσίν
3242 2250 3614 2329 adunitionem
3671 2270 3833 2325 Verbi
3890 2250 3984 2323 σει

2413 2368 2507 2421 τοῦ
2546 2368 2717 2437 Λόγου
2738 2366 2833 2421 τοῦ
2866 2366 3001 2420 Θεοῦ
3029 2366 3167 2438 πρὸς
3237 2367 3306 2422 ad
3369 2366 3580 2439 plasma
3643 2366 3758 2435 ejus
3817 2362 3989 2419 mani-

2414 2460 2474 2513 τὺ
2491 2461 2716 2531 πλάσμα
2732 2460 2895 2515 αὑτοῦ
2917 2458 3165 2531 ἐδήλουν·
3244 2458 3518 2515 festabant
3550 2474 3564 2510 :

2416 2553 2677 2621 quoniam
2708 2551 2946 2607 Verbum
2970 2566 3101 2608 caro
3140 2551 3269 2618 erit,
3306 2561 3362 2608 et
3386 2550 3559 2606 Filius
3591 2550 3685 2605 Dei
3721 2550 3864 2605 ﬁlius
3892 2549 3989 2605 ho-

2418 2647 2583 2701 minis
2638 2645 2828 2715 (purus
2873 2659 3009 2714 pure
3063 2657 3255 2713 puram
3298 2642 3550 2712 aperiens
3588 2641 3833 2705 vulvam,
3865 2652 3983 2694 eam

2417 2752 2538 2809 quae
2570 2745 2857 2809 regenerat
2911 2737 3158 2791 homines
3211 2736 3265 2791 in
3312 2734 3509 2797 Deum,
3544 2748 3706 2803 quam
3754 2733 3871 2802 ipse
3894 2746 3990 2801 pu-

2420 2844 2536 2884 ram
2560 2827 2733 2900 fecit),
2779 2836 2834 2882 et
2895 2828 2996 2883 hoc
3041 2826 3235 2892 factus,
3267 2828 3410 2897 quod
3439 2837 3495 2882 et
3522 2840 3643 2889 nos,
3675 2826 3815 2881 Deus
3837 2822 3991 2879 tortis

2418 2932 2523 2988 est,
2578 2932 2632 2977 et
2685 2920 3050 2977 inenarrabile
3085 2920 3249 2976 habet
3285 2933 3472 2990 genus.
3512 2918 3579 2973 Et
3612 2918 3703 2989 qui
3753 2918 3986 2973 dicunt:

2424 3034 2443 3067 ι
2490 3014 2750 3068 Dominus
2793 3013 2846 3067 in
2890 3012 3022 3069 Sion
3049 3011 3159 3083 (65)
3192 3011 3404 3066 locutus
3440 3019 3546 3075 est,
3582 3020 3637 3066 et
3670 3011 3739 3065 de
3767 3009 3991 3064 Jerusa-

2422 3105 2527 3160 lem
2578 3104 2725 3160 dedit
2750 3119 2936 3161 vocem
2962 3120 3118 3159 suam
3154 3103 3219 3169 ⁸;
3256 3121 3275 3154 ι
3307 3112 3406 3158 et:
3450 3121 3469 3154 ι
3508 3102 3675 3159 Notus
3722 3103 3775 3156 in
3806 3100 3989 3157 Judza

2423 3197 2637 3263 Deus';
2671 3214 2688 3245 ι
2722 3196 2815 3266 qui
2849 3196 2903 3252 in
2926 3195 3110 3252 Iudaea
3137 3195 3426 3251 adventum
3456 3195 3573 3264 ejus
3589 3194 3987 3265 signiﬁcabant.

748 3297 1003 3356 tanquam
1035 3286 1305 3340 clibanum
1331 3284 1740 3363 ardentem,qui
1779 3303 1797 3335 ‹
1827 3284 2036 3352 colligit
2071 3283 2311 3337 triticum
2340 3265 2387 3327 (ἶ
2417 3289 2521 3356 Qui
2559 3265 2752 3342 autem,
2770 3302 2967 3343 rursus
2993 3286 3213 3341 dicunt:
3243 3304 3263 3338 ι
3285 3286 3363 3340 Ab
3383 3286 3566 3343 Africo
3581 3301 3775 3343 ventre
3799 3286 3987 3349 Deum,

746 3378 803 3431 in
841 3378 1065 3441 horrea,
1094 3376 1280 3446 paleas
1316 3387 1489 3430 autem
1510 3378 1791 3431 comburet
1811 3377 1920 3447 igni
1951 3376 2314 3447 inexstingui—

748 3468 841 3522 bili
868 3470 936 3533 ”,
974 3489 993 3521 ι
1030 3468 1502 3524 comminabantur
1549 3470 1650 3533 eis,
1679 3468 1771 3538 qui
1824 3468 2093 3524 increduli
2127 3478 2313 3534 erant;

748 3561 814 3616 de
842 3560 1040 3629 quibus
1069 3568 1122 3612 et
1155 3559 1265 3627 ipse
1301 3558 1563 3612 Dominus
1591 3557 1666 3609 ait
1704 3573 1717 3608 :
1754 3576 1772 3608 ‹
1805 3558 1963 3611 Abite
1987 3571 2015 3609 a
2044 3572 2126 3611 tne
2158 3556 2272 3626 (54)
2298 3596 2314 3620 ,

750 3652 1049 3716 maledicti,
1101 3650 1154 3703 in
1216 3651 1391 3720 ignem
1442 3660 1735 3713 :eternum,
1775 3664 1935 3716 quem
1989 3658 2316 3717 praeparant

748 3742 912 3797 Pater
947 3756 1100 3797 meus
1128 3742 1343 3796 diabolo
1374 3750 1425 3793 et
1461 3743 1665 3812 angelis
1696 3742 1813 3810 ejus
1842 3740 1909 3792 “.
1946 3759 1964 3791 ι
1996 3740 2061 3794 Et
2084 3742 2314 3808 Aposto-

747 3834 832 3888 lus
861 3841 1040 3886 autem
1076 3832 1327 3887 similiter
1348 3836 1423 3887 ait
1448 3848 1464 3886 :
1493 3852 1511 3885 ι
1538 3834 1637 3900 Qui
1689 3850 1879 3904 ptenas
1912 3834 2115 3890 dabunt
2148 3836 2316 3889 inter-

749 3926 853 3977 itus
879 3934 1110 3978 :eternas
1135 3922 1244 3994 (55)
1270 3940 1297 3977 a
1331 3923 1467 3979 facie
1511 3926 1745 3989 Domini,
1786 3937 1839 3980 et
1874 3941 1901 3979 a
1938 3926 2107 3996 gloria
2145 3928 2315 3981 virtu-

753 4016 822 4068 tis
840 4012 973 4081 ejus,
1005 4030 1125 4068 cum
1164 4016 1373 4069 venerit
1416 4015 1710 4084 gloriﬁcari
1755 4016 1809 4070 in
1864 4018 2072 4072 sanctis
2093 4018 2222 4071 suis.
2260 4025 2314 4071 et

750 4106 1091 4161 admirabilis
1125 4106 1238 4161 ﬁeri
1299 4107 1385 4161 his
1415 4107 1526 4177 (56)
1553 4109 1643 4178 qui
1682 4108 1910 4164 credunt
1953 4109 2007 4163 iu
2033 4124 2156 4165 eum
2184 4110 2249 4162 ⁸⁸.
2287 4128 2305 4160 ι

821 4282 865 4319 ⁵⁸
894 4282 1036 4358 Psa_l_.
1054 4298 1164 4358 cut,
1194 4285 1245 4339 1.
1320 4283 1522 4358 "Dan.
1547 4300 1644 4358 vt_t_,
1665 4286 1750 4358 [ὅ.
1813 4287 1857 4317 ⁹⁰
1878 4284 2042 4358 ΖτιςΙι.
2074 4302 2166 4352 xu,
2196 4286 2488 4358 1οκ⁹¹ιιιιε

1878 4284 2042 4358 Zacl}.
2074 4302 2166 4352 xu,
2196 4286 2535 4358 10.‘"Luc.
2565 4303 2717 4351 xvttt,
2743 4287 2797 4358 8.
2866 4289 2909 4318 9’
2932 4287 2971 4341 ll
2998 4286 3186 4341 Thess.
3214 4305 3252 4358 ι,
3275 4288 3375 4342 6e!
3391 4302 3544 4358 seqq.

2418 3387 2471 3432 et
2501 3377 2568 3432 de
2628 3390 2813 3431 monte
2875 3378 3133 3431 umbroso
3160 3384 3215 3431 et
3252 3376 3534 3432 condenso
3558 3376 3611 3442 ⁶;
3642 3395 3661 3429 ι
3694 3376 3987 3431 adventum

2412 3468 2551 3538 ejus,
2574 3469 2667 3538 qui
2697 3480 2778 3524 est
2809 3483 2874 3523 ex
2902 3466 3198 3535 Bethleem,
3225 3468 3475 3523 dicebant
3512 3466 3987 3540 (quemadmodum

2413 3562 2753 3618 ostendimus
2781 3561 2831 3614 in
2860 3574 2925 3614 eo
2963 3559 3124 3623 libro,
3157 3559 3251 3629 qui
3294 3568 3376 3614 est
3406 3569 3533 3614 ante
3562 3559 3706 3613 hunc
3728 3558 3812 3629 ');
3845 3556 3985 3611 unde

2418 3664 2475 3709 et
2506 3654 2551 3708 is
2572 3653 2661 3722 qui
2691 3663 2905 3723 pressi,
2943 3660 2997 3705 et
3021 3650 3197 3720 pascit
3238 3650 3490 3720 populum
3540 3649 3718 3704 Patris
3756 3649 3865 3712 sui,
3899 3661 3990 3702 ve-

2417 3745 2519 3799 nit.
2548 3743 2649 3811 Qui
2683 3755 2863 3798 autetn
2885 3743 3110 3796 dicunt:
3138 3742 3367 3796 adventu
3395 3740 3505 3812 (66)
3539 3741 3655 3808 ejus
3685 3760 3704 3791 ι
3732 3739 3988 3809 quemad-

2418 3836 2633 3891 modum
2685 3849 2899 3899 cervus,
2950 3834 3173 3887 claudus
3213 3832 3407 3900 saliet,
3456 3842 3509 3887 et
3543 3832 3703 3901 plana
3745 3833 3853 3886 erit
3880 3830 3984 3883 liu-

2418 3941 2521 3994 gua
2547 3934 2848 3992 mutorum,
2878 3936 2934 3980 et
2964 3927 3277 3996 aperientur
3305 3923 3449 3981 oculi
3483 3938 3777 3987 caecorum,
3807 3932 3861 3976 et
3892 3935 3982 3974 au-

2419 4035 2506 4073 res
2539 4020 2826 4074 surdorum
2863 4018 3149 4083 audient“,
3185 4037 3202 4070 ι
3239 4029 3293 4073 et
3332 4032 3522 4072 manus
3540 4016 3814 4071 dissoluta:
3845 4014 3976 4087 (67).

2415 4119 2469 4165 et
2497 4124 2667 4180 genua
2698 4110 2893 4166 debilia
2931 4110 3287 4164 ﬁrmabuntur
3314 4110 3367 4175 ';
3393 4117 3446 4163 et
3471 4126 3485 4163 :
3523 4125 3541 4159 ι
3570 4106 3874 4178 Resurgeut
3894 4107 3983 4178 qui

3621 4287 3668 4318 ”
3686 4286 3876 4341 Matth.
3903 4302 3980 4349 ιη,

749 4354 835 4406 12.
911 4355 957 4424 ’f
985 4352 1176 4408 Matth.
1199 4369 1329 4417 xxv,
1362 4355 1449 4409 61.
1514 4357 1559 4389 ⁸⁵
1602 4355 1639 4409 ll
1673 4355 1862 4411 Thess.
1904 4373 1963 4421 ιι,
1992 4356 2044 4420 9,
2081 4358 2163 4411 10.
2226 4358 2272 4389 ’³
2298 4355 2416 4411 Psal

2313 4356 2444 4411 Psal.
2481 4374 2626 4424 XLIV,
2667 4360 2721 4413 '5.
2754 4356 2759 4363 ’
2798 4359 2843 4391 ⁹⁷
2877 4358 3034 4420 Ibid.,
3081 4358 3135 4411 8.
3210 4357 3256 4388 “
3292 4352 3548 4423 lbid.,",
3587 4356 3640 4410 5.
3717 4358 3762 4389 ”
3786 4356 3980 4410 Jereut.

751 4439 883 4485 xvu,
916 4422 968 4477 9.
1074 4424 1090 4454 ¹
1126 4424 1228 4478 lsa.
1263 4439 1383 4488 Vill,
1416 4427 1469 4480 3.
1571 4428 1590 4456 ⁸
1615 4426 1718 4480 lsa.
1744 4443 1819 4493 ix,
1850 4426 1905 4479 6.

749 4494 769 4525 '
794 4494 1191 4563 Cap.xx,n.4
1286 4495 1308 4527 ⁸
1346 4496 1449 4551 lsa.
1477 4498 1708 4563 xxxv,5,
1741 4499 1792 4551 6.
1867 4499 1888 4528 ⁹
1918 4496 2075 4561 lbid.,
2112 4499 2163 4551 5.

2004 4429 2023 4459 ³
2046 4427 2250 4491 lsa.vu,
2280 4428 2368 4482 M.

2479 4430 2499 4459 ‘
2524 4428 2656 4482 .Ioel.
2686 4444 2766 4491 ιιι,
2798 4427 2883 4482 16.
2989 4427 3171 4485 'Psal.
3199 4428 3434 4492 Lxxv,5.
3539 4428 3560 4459 ⁸
3585 4427 3791 4482 Habac.
3824 4443 3898 4493 ιιι,
3932 4426 3982 4480 5.

821 4673 931 4747 (51)
961 4666 1473 4747 Ρῃὲίονηιαὺαιηιιει
1494 4675 1725 4729 Clarom.
1759 4674 2008 4737 etVoss.,
2035 4678 2137 4730 nisi
2171 4677 2311 4745 quod
2346 4680 2391 4735 D
2494 4675 2604 4747 (59)
2660 4673 2984 4745 Regnantur.
3026 4672 3118 4729 Sic
3156 4674 3392 4729 Claram.
3434 4675 3632 4731 melius
3679 4690 3844 4746 quam
3875 4675 3985 4739 alii,

751 4744 803 4795 iu
856 4743 956 4797 hoc
1014 4746 1219 4797 librarii
1270 4745 1590 4813 negligentia
1640 4748 1922 4813 scriptum,
1973 4743 2311 4811 reformubal.

753 4814 805 4865 lu
841 4815 984 4885 aliis,
1016 4814 1359 4881 prapltetabat
1386 4833 1402 4876 ,'
1435 4828 1488 4870 et
1524 4817 1574 4868 in
1602 4817 1889 4885 puStrcntis
1918 4817 2127 4870 Erasmi
2160 4818 2312 4870 editt.

751 4884 1008 4951 pessime,
1042 4886 1333 4950 oportebat.

823 4952 932 5022 (52)
968 4950 1243 5006 Tribulant
1274 4971 1376 5007 vos.
1410 4954 1498 5007 Sic
1520 4954 1777 5021 Clarom.,
1799 4958 2006 5011 Arund.
2033 4967 2088 5011 et
2128 4956 2315 5020 Grab.,

745 5022 897 5091 juxta
914 5022 1166 5091 (Apostoli
1209 5032 1432 5077 textum.
1466 5025 1680 5089 Cmteri,
1709 5030 1957 5080 tribulam
1988 5045 2097 5081 nos.

848 5038 897 5073 ta
926 5038 966 5075 ιι
1011 5038 1166 5077 ostou
1209 5038 1432 5077 textum.
1466 5038 1680 5089 Meteri,
1709 5038 1957 5080 tributam
1988 5045 2097 5081 nos.

844 5090 933 5161 55)
967 5038 1190 5146 Binum
1218 5094 1351 5161 ejus.
1388 5093 1544 5147 Eras.
1589 5106 1642 5149 et
1670 5095 1829 5158 Gal|.,
1864 5100 2071 5151 virtutis
2095 5096 2209 5150 Dei.

822 5090 934 5233 ξω)
967 5090 1190 5146 Virtutis
1218 5094 1351 5161 ejus.
1388 5093 1544 5147 Eras'
1589 5106 1642 5149 ει
1670 5095 1829 5158 δυηι,
1864 5100 2071 5151 virtutis
2095 5096 2209 5150 Dei.

752 5161 918 5285 “cf:
959 5162 1015 5285 ἒ
1034 5180 1131 5217 me.
1181 5163 1385 5217 Desunt
1450 5166 1502 5217 in
1564 5164 1741 5231 Eras.,
1803 5168 1969 5233 Gall.,
2007 5168 2217 5222 Arund.
2266 5176 2319 5221 et

804 5247 918 5285 CI'C.
959 5247 1015 5285 Ζ.

824 5301 935 5384 (55)
986 5302 1644 5384 ζηιρνὶιιιςῃωςενηαεῖιιη
1701 5308 1875 5384 editis
1913 5306 2317 5384 exemplaribus

752 5373 957 5448 Graecis
979 5373 1204 5448 legitur,
1239 5374 1455 5444 ὄλεθρον
1476 5379 1721 5441 αἰώνιον;
1752 5378 1802 5431 in
1838 5373 2312 5448 Vulgata-Latina,

752 5450 801 5495 in
832 5443 1046 5497 interitu
1088 5454 1331 5498 internus.

820 5513 931 5585 (56)
969 5510 1111 5585 Fieri
1130 5514 1231 5568 his.
1267 5515 1319 5568 lu
1343 5518 1471 5569 edit.
1501 5515 1562 5569 Ν.
1588 5516 1732 5571 Test.
1769 5518 1947 5581 codd.,
1974 5518 2087 5585 ﬁeri
2119 5520 2173 5571 in
2206 5535 2316 5571 om-

750 5584 1044 5653 mbusqui,
1080 5592 1185 5637 etc.

750 5722 792 5774 ν
819 5651 1161 5725 (δηΐεηιυγ
1202 5665 1367 5708 tuum.
1400 5654 1507 5709 Vox
1562 5668 1706 5710 tuum
1740 5658 1893 5713 abest
1928 5674 1955 5711 a
1986 5657 2222 5714 ClarOtn.
2264 5668 2317 5712 et

798 5738 908 5774 οκρι.

798 5738 908 5776 0⁸91.

822 5793 930 5861 (58)
975 5794 1553 5863 Superemineutiorem,
1607 5799 1769 5853 Elllll.
1836 5818 1951 5855 cum
2009 5802 2198 5855 Arund.
2264 5811 2313 5855 et

750 5860 919 5917 Merc.
938 5864 993 5925 2,
1024 5860 1501 5929 supet‘cnitnenlmt,

2421 4756 2759 4816 regenerqntu
2771 4763 2812 4798 r.

2493 4816 2603 4886 (60)
2641 4814 2711 4869 Ut
2753 4817 2839 4883 qui
2891 4814 3112 4868 audiunt
3153 4815 3573 4886 concupiscerent
3620 4816 3695 4868 ibi
3741 4814 3981 4869 inveniri.

2420 4885 2657 4941 Clarom.
2698 4887 2855 4956 longe
2881 4886 3057 4947 aliter,
3100 4894 3147 4939 et
3174 4885 3261 4953 qui
3310 4885 3531 4938 audiunt
3574 4885 3983 4953 concupiscenti-

2422 4964 2514 5009 bus
2547 4958 2769 5009 inveniri
2808 4957 3091 5021 placentia,
3127 4966 3231 5007 etc.

2493 5026 2602 5098 (61)
2646 5025 2798 5098 Veni.
2830 5026 3060 5098 Feuard.
3091 5025 3142 5078 in
3175 5033 3425 5098 ntarg._et
3451 5024 3569 5098 cod.
3607 5023 3764 5080 Voss.
3810 5026 3982 5098 venit;

2423 5094 2692 5161 quomodo
2736 5098 2897 5150 etiam
2956 5094 3153 5148 habent
3200 5094 3432 5163 Cyrillus
3491 5094 3645 5148 Alex.
3709 5104 3762 5149 et
3812 5097 3981 5150 codex

2422 5168 2684 5235 Alexand.
2714 5168 2767 5220 in
2802 5166 2997 5233 quibus
3024 5164 3236 5229 legitur,
3269 5165 3561 5235 προσῆλθε.

2450 5309 2457 5317 Ι
2495 5235 2605 5307 (62)
2638 5234 2975 5304 Prophetam.
3002 5235 3058 5288 In
3100 5234 3363 5288 feminino
3386 5234 3607 5304 genere,
3636 5252 3735 5304 pro
3764 5239 3982 5305 prophe-

2421 5319 2623 5360 lissam.

2494 5378 2600 5446 (65)
2649 5375 2894 5430 Vocatur.
2930 5376 3192 5446 Clarom.,
3232 5375 3521 5446 vocabitur.

2495 5444 2600 5511 (64)
2634 5451 2695 5499 Ol
2718 5448 2825 5499 τὸν
2847 5446 2913 5498 ἐκ
2946 5444 3054 5512 τῆς
3078 5445 3393 5513 παρθένου.
3423 5444 3612 5497 Cranen
3651 5444 3765 5498 lucc
3789 5446 3982 5512 allegat

2425 5519 2797 5572 Theodoretus
2820 5518 2945 5571 dial.
2974 5516 3033 5579 ‘2,
3064 5527 3101 5567 t.
3128 5515 3216 5575 IV,
3244 5530 3363 5583 pag.
3389 5516 3476 5574 87,
3508 5515 3641 5568 edit.
3682 5515 3980 5570 Sirtnondi.

2492 5588 2599 5659 (65)
2641 5587 2868 5659 InSion.
2890 5584 3220 5659 JuxtaLXX
3250 5584 3527 5659 legendum
3552 5594 3716 5659 esset,
3748 5588 3812 5637 de
3834 5584 3979 5641 Sion.

2493 5652 2601 5728 (66)
2636 5658 2893 5711 Adventu.
2920 5658 2998 5710 lta
3026 5655 3261 5711 Clarom.
3294 5664 3347 5708 et
3378 5652 3535 5709 Voss.
3592 5655 3784 5710 melius
3820 5671 3980 5726 quam

2420 5732 2530 5791 alii,
2566 5731 2863 5781 adventum.

2490 5799 2599 5865 (67)
2654 5797 2951 5854 lliuolnta'.
3006 5797 3168 5852 Editt.
3206 5812 3326 5851 cum
3375 5795 3581 5852 Ai'und.
3623 5805 3674 5852 et
3724 5795 3889 5852 Merc.
3924 5796 3976 5861 2,

2424 5870 2677 5925 resolu'a’.
