4222 6320
1454 428 1735 487 CONTRA
1765 429 2110 489 REBESES
2155 428 2284 485 LIB.
2314 427 2401 485 IV.

3396 429 3535 487 1082

292 550 352 606 in
376 558 730 606 monumento
762 549 874 624 (68)
906 558 1036 607 sunt
1059 549 1256 606 mortui
1288 552 1371 619 “;
1406 571 1425 605 ι
1458 562 1551 606 et:
1586 571 1606 605 ι
1642 552 1758 623 Ipse
1780 554 1863 608 in-
1895 560 1941 616 Α
1968 552 2252 615 ctelorum,
2277 546 2496 620 aperire
2525 556 2759 605 internas
2790 560 3001 621 portas,
3048 558 3106 603 ut
3156 548 3391 605 introeat
3434 565 3531 605 rex

294 640 583 698 ﬁrmitates
609 640 1465 713 nostrasaccipiet,etlanguores
1492 644 1731 714 portabit
1758 645 1853 711 ¹¹;›

290 747 389 788 eas
448 747 572 803 quae
628 733 695 789 ab
738 748 803 788 eo
871 733 1186 790 curationes
1236 732 1440 790 ﬁebant
1504 736 1860 793 annuntiave-

292 833 441 879 runt.

366 912 449 970 12.
491 913 719 982 Quidam
744 922 926 969 autem
950 912 1227 969 hominem
1253 912 1553 979 inﬁrmum,
1591 921 1648 970 et
1687 913 1860 985 inglo-

295 1006 520 1071 riosum,
560 1013 616 1061 et
666 1005 931 1061 scientem
982 1003 1131 1061 ferre
1178 1003 1549 1061 inﬁrmitatem
1592 1006 1659 1072 ",
1679 1014 1736 1061 et
1772 1018 1859 1061 se-

288 1097 509 1154 dentem
543 1111 707 1167 super
730 1095 933 1165 pullum
978 1095 1146 1151 asinae
1173 1094 1305 1169 (69),
1336 1106 1621 1153 venturum
1664 1094 1860 1152 Iliero-

288 1192 553 1261 solymam
578 1190 655 1257 ¹⁸;
694 1191 911 1245 dorsum
939 1204 1095 1245 suum
1123 1200 1416 1261 ponentem
1447 1191 1514 1246 ad
1543 1188 1775 1262 ﬂagella,
1800 1199 1856 1247 et

290 1281 539 1338 maxillas
566 1296 692 1336 suas
722 1282 787 1337 ad
812 1280 1020 1352 palmas
1046 1282 1113 1348 ⁸⁸,
1137 1292 1195 1339 et
1213 1283 1668 1353 quemadmodum
1696 1298 1852 1339 ovem

288 1372 490 1428 adduci
541 1374 608 1428 ad
649 1375 926 1431 victimam
957 1374 1026 1439 ",
1058 1385 1113 1429 et
1137 1384 1293 1431 aceto
1328 1386 1383 1430 et
1412 1374 1538 1431 l‘elle
1572 1376 1743 1447 putari
1783 1374 1849 1443 “,

283 1468 345 1516 et
372 1460 440 1515 ab
495 1463 707 1527 amicis,
734 1474 791 1519 et
832 1466 902 1520 ab
948 1466 1032 1520 his
1057 1466 1151 1535 qui
1182 1466 1411 1534 proximi
1439 1475 1587 1533 sunt,
1616 1466 1855 1523 derelin-

288 1552 385 1623 qui
414 1552 477 1619 ",
500 1560 555 1608 et
589 1556 968 1611 extendentem
995 1572 1187 1614 manus
1218 1574 1315 1630 per
1339 1567 1503 1614 totam
1532 1559 1673 1615 diem
1700 1560 1767 1624 ¹⁸,
1797 1570 1855 1617 et

283 1644 357 1701 ab
380 1646 461 1703 eis
493 1647 587 1717 qui
611 1662 733 1703 eum
780 1649 1171 1717 intuebantur,
1227 1652 1552 1708 subsannari
1588 1661 1644 1708 et
1686 1653 1852 1707 male-

285 1736 421 1802 dici,
448 1746 504 1794 et
530 1740 720 1810 partiri
752 1740 863 1814 (70)
891 1742 1217 1799 vestimenta
1249 1744 1390 1814 ejus,
1422 1753 1475 1798 et
1499 1758 1660 1814 super
1684 1745 1851 1800 vesti-

286 1841 527 1887 mentum
549 1830 666 1902 ejus
701 1835 838 1890 mitti
873 1845 1077 1891 sortem
1095 1836 1159 1903 ",
1188 1844 1243 1892 et
1271 1838 1322 1892 in
1353 1837 1541 1892 limum
1570 1835 1679 1909 (71)
1707 1851 1852 1893 mor-

1967 643 2153 713 gloria:
2178 642 2257 709 ἰς
2293 641 2755 698 resurrectionem
2783 641 2923 710 ejus,
2968 656 3088 712 quae
3126 648 3222 697 est.
3244 656 3273 695 a
3306 642 3533 698 mortuis

1971 748 2071 804 per
2098 731 2337 800 Patrem,
2368 739 2424 787 et
2477 730 2845 802 receptionem
2896 731 2949 785 in
2982 727 3159 786 caelos
3199 743 3537 799 praiconave-

1966 833 2109 879 runt.
2144 824 2200 879 ln
2232 838 2299 879 eo
2324 831 2506 878 autem
2523 822 2668 893 quod
2700 823 2958 879 dixerunt
2984 840 3001 878 :
3027 840 3047 875 ι
3086 822 3131 877 Δ
3158 836 3369 878 summo
3394 820 3533 877 cutio

1962 915 2206 984 egressio
2229 914 2367 985 ejus,
2397 923 2452 969 et
2489 928 2755 968 occursus
2797 914 2915 985 ejus
2957 928 3130 983 usque
3154 914 3221 967 ad
3259 928 3533 969 summum

1964 1006 2113 1073 caeli,
2134 1014 2190 1062 et
2218 1020 2324 1061 non
2346 1014 2431 1061 est
2457 1004 2549 1074 qui
2580 1016 2641 1060 se
2667 1005 2965 1059 abscondat
2986 1019 3016 1059 a
3043 1003 3225 1059 calore
3253 1002 3371 1071 ejus
3394 1002 3477 1071 ";
3504 1020 3526 1085 ρ

1964 1098 2220 1167 quoniam
2252 1096 2379 1151 illuc
2403 1103 2718 1165 assumptus
2737 1106 2842 1159 est,
2874 1094 3016 1150 unde
3036 1104 3091 1149 et
3142 1094 3446 1155 descendit,
3477 1101 3534 1148 et

1963 1204 2071 1243 non
2096 1199 2182 1245 est
2205 1189 2295 1259 qui
2321 1188 2529 1259 justum
2556 1185 2819 1257 judicium
2850 1187 2973 1251 ejus
2994 1185 3235 1257 ell'ugiat,
3266 1186 3318 1239 id
3355 1186 3529 1253 ipsum

1962 1281 2373 1337 annuntiabant.
2427 1280 2496 1336 Et
2541 1279 2631 1351 qui
2688 1278 2799 1350 (77)
2840 1278 3143 1334 dicebant:
3192 1295 3211 1330 ι
3270 1277 3532 1334 Dominus

1962 1375 2227 1445 regnavit,
2290 1374 2602 1429 irascantur
2663 1371 2871 1441 populi,
2909 1370 3002 1441 qui
3052 1372 3205 1427 sedet
3233 1369 3345 1443 (78)
3368 1386 3532 1444 super

1958 1467 2263 1533 cherubim,
2284 1474 2693 1521 commoveatur
2726 1472 2873 1520 terra
2904 1464 2989 1531 “;
3021 1483 3040 1517 ι
3076 1464 3272 1533 partim
3308 1465 3530 1537 quidem

1960 1575 2101 1625 eam,
2134 1574 2254 1629 quae
2312 1565 2436 1628 post
2476 1557 2902 1628 assumptionem
2925 1556 3041 1626 ejus
3079 1556 3217 1612 facta
3247 1566 3333 1612 est
3368 1572 3534 1629 super

1958 1664 2051 1705 eos
2082 1650 2175 1720 qui
2205 1650 2258 1704 in
2290 1664 2415 1705 eum
2445 1649 2822 1717 crediderunt,
2854 1648 2991 1703 iram
3028 1650 3097 1703 ab
3124 1650 3380 1705 omnibus
3426 1665 3529 1721 po-

1958 1735 2119 1806 pulis.
2148 1746 2203 1792 et
2222 1746 2423 1791 motum
2456 1736 2722 1792 universa
2747 1745 2908 1791 terra:
2936 1736 3201 1794 adversus
3230 1738 3531 1795 Ecclesiam

1958 1828 2391 1898 prophetabant;
2414 1828 2613 1899 partim
2634 1836 2820 1883 autem
2871 1827 3127 1885 veniente
3158 1843 3225 1885 eo
3272 1831 3339 1886 de
3372 1830 3531 1886 caelis

286 1924 357 1979 είς
390 1925 704 1991 ἀοάυοιυηι,
736 1936 792 1980 οι
823 1927 1004 1981 omnia
1038 1927 1204 1995 una;
1252 1944 1379 1983 eum
1414 1929 1508 1999 qui
1552 1929 1847 1984 secundum
1882 1915 1925 1972 Β
1955 1933 2078 1973 cum
2110 1919 2321 1989 angelis
2364 1920 2589 1976 virtutis
2638 1918 2781 1987 ejus,
2835 1921 3167 1976 commoveri
3218 1922 3529 1979 universam

283 2015 560 2071 hominem
592 2031 676 2072 est
702 2018 991 2072 adventum
1026 2016 1166 2086 ejus,
1199 2019 1340 2073 sicut
1378 2018 1602 2073 intravit
1640 2019 1695 2073 in
1721 2018 1851 2073 Hie-

280 2106 636 2177 rosolymam,
666 2107 720 2161 in
756 2123 859 2178 qua
904 2116 959 2162 et
984 2122 1199 2177 passus,
1227 2116 1280 2163 et
1326 2110 1647 2174 cruciﬁxus,
1680 2110 1849 2164 susti—

281 2199 403 2251 nuit
433 2198 613 2251 omnia
630 2212 966 2268 quaecunque
988 2208 1111 2253 sunt
1128 2199 1409 2267 praedicta,
1433 2199 1848 2270 prophetabant.

279 2286 385 2340 Alii
408 2297 587 2341 autem
618 2287 861 2344 dicentes
894 2303 912 2343 :
941 2306 960 2341 ι
1014 2289 1436 2347 Rememoratus
1478 2300 1562 2345 est
1593 2290 1851 2346 Dominus

280 2389 508 2434 sanctus
571 2388 904 2434 mortuorum
982 2396 1253 2447 suorum,
1329 2383 1422 2452 qui
1496 2382 1848 2452 pradormie-

279 2478 413 2526 runt
443 2470 552 2542 (72)
594 2470 646 2525 in
717 2481 862 2527 terra
919 2470 1061 2537 limi,
1093 2479 1149 2526 et
1190 2472 1476 2529 descendit
1508 2474 1573 2528 ad
1617 2488 1734 2538 eos,
1768 2476 1847 2530 uti

277 2562 540 2632 erigeret,
575 2563 643 2618 ad
672 2562 989 2620 salvaudum
1015 2564 1240 2633 illos”;
1275 2583 1295 2620 ι
1335 2580 1555 2620 causam
1597 2564 1848 2620 reddide-

282 2664 429 2719 runt,
458 2665 677 2725 propter
698 2669 861 2725 quam
891 2670 1087 2725 passus
1110 2666 1195 2712 est
1226 2656 1339 2713 haec
1378 2658 1583 2712 omnia.
1629 2656 1731 2723 Qui
1754 2672 1850 2711 au-

282 2754 389 2801 tem
415 2746 672 2801 dixerunt
702 2762 717 2800 :
750 2763 771 2798 (
804 2746 861 2801 in
916 2747 1005 2801 illa
1052 2749 1161 2814 die,
1197 2750 1329 2804 dicit
1379 2749 1662 2813 Dominus.
1701 2752 1847 2806 occi-

282 2839 375 2890 det
402 2838 484 2891 sol
517 2838 765 2904 meridie,
796 2850 852 2893 et
878 2850 1040 2896 erunt
1076 2840 1315 2895 tenebrae
1347 2855 1511 2911 super
1550 2850 1749 2896 terram
1792 2842 1845 2894 in

280 2926 369 2981 die
397 2926 552 2992 lucis,
569 2938 625 2983 et
645 2940 957 2986 convertam
977 2931 1092 2987 dies
1117 2931 1286 2986 festos
1300 2941 1511 2987 vestros
1540 2934 1592 2987 in
1620 2933 1844 2999 luctum,

279 3027 336 3071 et
379 3017 629 3074 universa
682 3022 893 3077 cantica
925 3034 1102 3077 vestra
1152 3023 1206 3076 in
1240 3022 1681 3079 lamentationem
1716 3024 1792 3091 “;
1822 3043 1840 3077 ι

279 3124 404 3164 eum
437 3124 688 3165 occasum
747 3113 898 3177 solis,
948 3115 1037 3183 qui
1072 3114 1339 3169 cruciﬁxo
1372 3130 1437 3170 eo
1484 3115 1584 3169 luit
1611 3114 1680 3169 ab
1710 3115 1846 3169 hora

1959 2020 2189 2078 terram,
2214 2012 2671 2081 quemadmodum
2704 2014 2819 2085 ipse
2851 2015 2929 2069 ait
2960 2032 2974 2071 :
3013 2033 3032 2067 ι
3070 2014 3183 2069 Enit
3220 2024 3379 2072 terra!
3409 2032 3531 2073 mo-

1958 2112 2044 2157 tus
2073 2102 2183 2174 (79)
2221 2118 2467 2174 magnus,
2486 2105 2664 2176 qualis
2693 2122 2800 2161 non
2827 2115 2913 2162 est
2934 2105 3107 2162 lactus
3126 2108 3194 2164 ab
3222 2107 3379 2163 initio
3406 2110 3473 2165 "'.
3503 2129 3522 2163 ι

1958 2196 2024 2251 Et
2053 2212 2246 2253 rursus
2272 2197 2325 2251 in
2353 2213 2419 2252 eo
2445 2213 2568 2253 cum
2591 2199 2722 2253 dicit
2744 2214 2756 2251 :
2778 2218 2797 2250 ι
2832 2200 3526 2275 Quisquisjudicatur(80),

1955 2302 2020 2343 ex
2053 2288 2281 2343 adverso
2324 2297 2504 2354 astet;
2536 2299 2592 2343 et
2620 2290 2867 2359 quisquis
2919 2290 3271 2356 justilicatur,
3330 2307 3531 2363 appro-

1955 2380 2180 2449 pinquet
2236 2393 2403 2449 puero
2460 2380 2591 2444 Dei;
2636 2400 2655 2433 ι
2691 2390 2793 2435 et:
2829 2400 2847 2433 ι
2878 2381 2974 2437 ναι
3040 2384 3215 2449 vobis,
3270 2386 3528 2453 quoniam

1957 2486 2149 2526 omnes
2193 2471 2541 2527 veterascetis
2589 2472 2727 2527 sicut
2750 2474 3158 2538 vestimentum,
3187 2483 3241 2529 et
3263 2476 3407 2529 tinea
3434 2490 3531 2533 co-

1955 2562 2135 2616 medet
2162 2576 2260 2616 vos
2290 2561 2373 2629 ";
2415 2582 2434 2615 ι
2466 2572 2520 2617 et
2554 2578 2569 2617 :
2609 2580 2627 2614 ι
2661 2562 3049 2620 Humiliabitur
3077 2566 3254 2621 omnis
3282 2581 3433 2636 caro,
3472 2575 3531 2624 et

1954 2654 2287 2710 exaltabitur
2313 2653 2576 2709 Dominus
2603 2654 2751 2710 solus
2778 2657 2831 2710 in
2857 2656 3139 2711 altissimis
3168 2658 3248 2723 ”;
3287 2676 3305 2710 ι
3343 2659 3523 2730 signi-

1956 2746 2172 2810 licatur,
2233 2746 2492 2815 quoniam
2546 2754 2668 2816 post
2698 2748 3008 2815 passionem
3055 2748 3164 2821 (81)
3208 2750 3298 2819 qui
3334 2761 3525 2808 contra

1953 2850 2076 2891 eum
2109 2834 2350 2900 fuerunt,
2411 2839 2511 2892 sub
2561 2838 2790 2908 pedibus
2841 2839 2958 2909 ejus
3000 2842 3253 2908 subjiciet
3279 2842 3444 2909 Deus,
3468 2851 3527 2898 et

1963 2930 2077 2998 ipse
2102 2942 2265 3000 super
2293 2942 2483 2984 omnes
2504 2929 2857 2994 exaltabitur,
2892 2940 2947 2985 et
2983 2945 3142 2985 nemo
3184 2930 3288 2985 erit
3318 2932 3411 3002 qui
3436 2935 3527 3001 ju-

1954 3019 2221 3076 stilicetur
2241 3027 2335 3073 aut
2354 3029 2701 3089 comparetur
2724 3022 2791 3074 ad
2824 3036 2969 3075 eum.

2025 3109 2114 3165 M.
2154 3108 2220 3163 Et
2247 3110 2336 3179 qui
2368 3109 2577 3173 dicunt,
2606 3109 2993 3181 dispositurum
3026 3112 3197 3167 Deum
3225 3123 3526 3169 testamen-

278 3211 454 3263 lexla.
508 3202 796 3258 manifeste
849 3204 1331 3269 annuntiaverunt,
1364 3213 1421 3260 et
1463 3206 1590 3277 quia
1640 3214 1848 3275 postea-
1882 3266 1917 3277 -
1957 3209 2067 3254 tum
2125 3214 2321 3255 novum
2374 3200 2723 3267 hominibus,
2768 3216 2873 3254 non
2918 3204 3378 3271 quemadmodum
3411 3204 3525 3259 dis-

278 3307 440 3361 quam
472 3293 636 3366 274
666 3296 767 3350 hoc
793 3296 992 3350 factum
1016 3306 1122 3361 est,
1142 3299 1198 3352 hi
1244 3266 1337 3367 qui
1356 3266 1656 3353 secundum
1676 3298 1846 3369 legem
1876 3266 1919 3324 θ’
1954 3295 2135 3361 posuit
2168 3291 2418 3362 patribus
2460 3291 2513 3345 in
2557 3266 2738 3348 Horeb
2774 3292 2851 3357 ³⁶;
2880 3266 2950 3348 et-
2974 3308 3070 3348 cor
3100 3308 3299 3347 novum
3327 3305 3381 3350 et
3410 3295 3526 3365 spi-

279 3392 436 3437 erant
468 3384 584 3438 dies
609 3386 734 3439 festi
770 3400 981 3451 eorum,
1009 3396 1064 3441 et
1087 3387 1321 3453 cantica,
1346 3388 1398 3442 in
1441 3388 1642 3443 luctum
1685 3400 1739 3443 et
1765 3389 1847 3442 la-

279 3476 667 3531 mentationem
695 3486 1037 3532 verterentur
1064 3475 1198 3547 (T5),
1230 3491 1352 3532 cum
1381 3477 1685 3549 inciperent
1710 3479 1848 3533 tradi

278 3565 553 3632 gentibus.
579 3566 771 3620 Adhuc
793 3567 957 3621 etiam
982 3567 1319 3622 manifestius
1337 3570 1440 3624 hoc
1460 3571 1601 3625 idem
1620 3579 1673 3625 et
1690 3570 1847 3625 lere-

276 3657 416 3708 mins
447 3656 705 3721 ostendit,
738 3657 817 3710 sic
834 3658 1022 3712 dicens
1048 3656 1157 3730 (74)
1188 3676 1203 3712 :
1241 3678 1260 3711 ε
1301 3660 1585 3715 Exinanita
1620 3671 1705 3716 est
1730 3677 1851 3731 qua

278 3745 423 3814 parit
454 3745 587 3816 (75),
624 3744 807 3799 taeduit
843 3748 1021 3801 anima
1069 3749 1233 3818 ejus:
1263 3752 1459 3806 occidit
1502 3752 1582 3807 sol
1627 3753 1675 3808 ei
1712 3752 1845 3824 (76),

279 3850 401 3891 cum
432 3837 605 3892 adhuc
638 3837 847 3893 medius
869 3838 984 3893 dies
999 3850 1166 3905 esset,
1186 3840 1408 3896 confusa
1436 3853 1537 3907 est,
1564 3854 1617 3897 et
1646 3844 1849 3912 impru-

278 3930 487 4005 perium
526 3942 683 3999 passa
714 3940 799 3984 est
833 3948 846 3985 :
883 3931 1122 4001 reliquos
1146 3946 1335 3987 eorum
1369 3935 1419 3986 iu
1443 3934 1679 4003 gladium
1711 3932 1851 3989 dabo

280 4021 335 4077 in
369 4032 664 4091 conspectu
699 4022 1042 4077 inimicorum
1073 4037 1265 4078 eorum
1288 4027 1354 4077 ".
1390 4044 1409 4077 ι

349 4112 438 4166 15.
465 4111 565 4179 Qui
599 4120 778 4167 autem
814 4113 1069 4168 dixerunt
1107 4126 1229 4167 eum
1277 4113 1579 4177 dormisse,
1609 4122 1662 4169 et
1695 4128 1843 4169 som-

1950 3384 2115 3438 ritum
2149 3398 2345 3437 novum
2401 3383 2532 3437 dare
2588 3384 2903 3439 hominibus
2932 3385 3011 3450 ³¹;
3056 3396 3109 3440 et
3137 3401 3330 3441 rursus
3358 3402 3373 3440 :
3403 3404 3422 3439 ι
3459 3386 3526 3442 Et

1950 3475 2173 3543 antiqua
2226 3472 2393 3527 nolite
2444 3483 2735 3542 reputare;
2789 3490 2939 3542 ecce,
2992 3475 3135 3531 facio
3192 3492 3350 3545 nova,
3400 3493 3527 3550 quae

1951 3578 2094 3618 nunc
2118 3563 2383 3628 orientur,
2407 3566 2693 3619 etscietis:
2720 3576 2775 3621 ct
2802 3565 2997 3621 iaciam
3028 3568 3083 3621 in
3118 3570 3334 3623 deserto
3356 3570 3523 3639 viam,

1952 3668 2007 3711 ct
2037 3657 2089 3710 in
2135 3666 2283 3713 terra
2318 3658 2583 3727 inaquosa
2622 3656 2865 3725 ﬂumina,
2900 3664 2968 3714 ad
3014 3663 3308 3729 potandum
3357 3678 3527 3733 genus

1952 3746 2207 3813 electum,
2232 3748 2488 3815 populum
2519 3763 2697 3803 meum
2723 3764 2881 3817 quem
2910 3752 3196 3819 acquisivi,
3222 3763 3279 3805 ut
3297 3753 3527 3808 virtutes

1954 3855 2103 3895 meas
2136 3849 2355 3895 enarret
2378 3839 2454 3907 ";
2494 3858 2511 3889 ι
2535 3856 2654 3907 qua:
2670 3850 2754 3894 est
2784 3842 2904 3895 novi
2936 3849 3243 3896 testamenti
3276 3844 3525 3910 libertas,

1953 3933 2094 3987 hanc
2142 3933 2433 3987 manifeste
2490 3931 2911 3997 anuuntiabaut,
2962 3943 3017 3988 et
3058 3950 3255 3988 uorum
3317 3936 3523 4001 vinum,

1953 4024 2097 4094 quod
2132 4025 2187 4078 iu
2218 4039 2389 4079 novos
2434 4032 2584 4078 utres
2628 4023 2859 4076 mittitur
2890 4024 2955 4091 ³³,
2985 4025 3144 4078 iidem
3194 4042 3315 4095 quas
3336 4035 3420 4081 est
3468 4026 3525 4082 in

1956 4119 2196 4180 Christo,
2230 4132 2334 4185 qua
2369 4116 2713 4169 annuntiavit
2743 4114 2853 4186 (82)
2883 4126 3059 4170 ortam
3087 4116 3140 4170 in
3168 4132 3352 4173 eremo
3382 4119 3525 4173 viam

278 4218 409 4257 num
443 4205 675 4273 cepisse,
739 4216 793 4259 et
858 4206 1248 4269 resurrexisse,
1283 4208 1543 4275 quoniam
1587 4206 1847 4261 Dominus
1950 4208 2200 4276 justitize,
2226 4216 2280 4261 et
2313 4208 2366 4261 in
2393 4217 2536 4261 terra
2576 4207 2836 4275 inaquosa
2873 4208 3093 4261 ilumiua
3127 4207 3365 4278 Spiritus
3400 4226 3527 4264 san-

277 4302 613 4371 suscepisset
658 4317 782 4357 eum
842 4303 909 4369 ³³,
966 4312 1021 4358 et
1077 4303 1458 4372 praecipientes
1515 4301 1848 4370 principibus
1956 4302 2050 4364 cti,
2084 4300 2359 4368 adaquare
2392 4313 2562 4369 genus
2611 4297 2843 4354 electum
2893 4301 3007 4363 Dei,
3033 4300 3175 4367 quod
3214 4301 3524 4370 acquisivit,

355 4417 397 4448 ¹⁶
424 4415 737 4487 isa._3xvt_._
758 4416 846 4487 l_9.
879 4481 893 4487 _
924 4418 965 4449 “
1006 4419 1109 4477 lsa.
1139 4436 1259 4487 Lm,
1307 4421 1358 4475 ι.
1439 4424 1480 4454 ⁸⁸
1529 4420 1686 4486 ΙΙιίιΙ..
1725 4422 1777 4474 5.
1858 4420 1901 4452 ¹³
1934 4420 2022 4474 Zal

1858 4420 1901 4452 ¹³
1934 4420 2097 4475 Zach.
2126 4437 2200 4483 ix,
2229 4420 2284 4476 9.
2365 4420 2524 4475 “lsa.
2558 4438 2610 4487 ι,
2643 4419 2695 4473 6.
2776 4421 2817 4452 "
2851 4422 2955 4475 lsa.
3007 4436 3122 4487 Lm,
3158 4422 3210 4477 7.
3298 4421 3341 4452 “
3380 4421 3521 4478 Psal.

280 4461 645 4556 unt-17:22:"
662 4461 737 4556 '1"
750 4461 915 4556 :Dsal.
958 4461 1287 4556 x£§}';u',"i‘é.
1307 4461 1411 4522 ﬂ"
1871 4493 1914 4524 "
1934 4461 1947 4473 ⁸

1871 4493 1914 4524 ¹¹¹
1934 4461 2097 4547 '3in3
2125 4461 2331 4555 .8,
2358 4461 2610 4556 16ξσ18ίη
2643 4461 2695 4523 ἷδ
2726 4461 3210 4548 ιειοθιῗιῗίιῖιίιῗ1ό..
3279 4492 3323 4522 ἰ

278 4548 595 4625 ῃιιιθηω.
672 4552 717 4582 ⁸³
742 4549 1066 4625 J_e_rem._x_v,
1091 4555 1144 4609 9.
1220 4557 1264 4587 “
1292 4556 1437 4613 Psal.
1477 4576 1568 4625 ιιι,
1612 4548 1698 4614 (1.⁷
1743 4563 1789 4594 ’⁸
1825 4560 1945 4616 Psal

1839 4561 1965 4616 Psal.
2004 4577 2159 4624 xxiii,
2192 4548 2244 4621 7,
2273 4548 2330 4615 9.
2402 4548 2447 4593 ’⁵
2489 4560 2631 4616 Psal.
2669 4576 2821 4622 xvm,
2849 4559 2900 4613 7.
2977 4560 3023 4590 ’⁸
3058 4558 3195 4614 Psal.
3240 4576 3425 4624 xcvm,
3454 4560 3506 4615 1.

280 4617 327 4649 "
357 4617 544 4696 Matth.
576 4622 851 4696 ηυνξ-21.
920 4622 966 4653 ’⁸
999 4617 1103 4696 lsa.
1141 4642 1192 4691 L,
1219 4626 1270 4692 8,
1298 4628 1350 4682 9.
1428 4632 1470 4661 "
1496 4617 1599 4684 isa.
1637 4648 1697 4693 ιι,
1737 4632 1821 4683 17.
1899 4634 1943 4663 ³ο

1899 4634 1943 4663 ³ο
1976 4617 2173 4687 ,ιοξινθιιιξ
2199 4617 2349 4695 xxxi,
2380 4632 2469 4696 3i,
2499 4631 2587 4685 32.
2657 4632 2697 4663 ⁸¹
2726 4617 2921 4685 Ezech.
2957 4645 3143 4693 xxxvu,
3174 4628 3263 4683 26.
3330 4630 3373 4662 "
3405 4617 3507 4685 lsa.

277 4703 436 4751 mu,
467 4690 550 4743 18.
628 4691 671 4722 ³³
704 4690 891 4746 Matth.
924 4709 1001 4761 ix,
1033 4695 1118 4751 17.

342 4802 454 4875 (68)
498 4806 565 4860 1η
590 4816 947 4863 monumento.
975 4808 1060 4863 Al.
1086 4810 1140 4863 in
1164 4810 1531 4867 monumentis.

344 4875 453 4947 (69)
486 4878 679 4947 Asiam.
700 4877 755 4947 lu
794 4878 936 4941 aliis,
965 4879 1118 4932 asini.

345 4944 457 5017 (70)
480 4944 706 5017 Rartiri.
740 4946 958 5002 Passive
978 4964 1077 5017 pro
1096 4950 1297 5017 dividi.

343 5015 452 5086 (71)
494 5015 724 5070 Limum.
785 5017 876 5072 Sic
921 5015 1042 5071 cum
1092 5016 1380 5075 Psalmista
1412 5020 1615 5074 habent
1648 5033 1837 5075 omnes

272 5100 409 5142 mss.
436 5086 514 5139 ’At
538 5086 718 5150 Eras.,
750 5086 887 5141 Gali.
920 5096 971 5141 et
1000 5086 1228 5143 Feuard.
1258 5090 1417 5152 male,
1448 5091 1623 5144 limen.

344 5154 457 5226 (72)
484 5154 955 5226 Prafdarmieruut.‘
998 5156 1444 5214 Prwdormicrant
1493 5160 1547 5213 iu
1604 5160 1836 5216 lt‘euard.

269 5225 448 5292 marg.
474 5236 527 5277 et
558 5225 717 5280 Voss.

344 5294 458 5368 (75)
492 5294 848 5368 Verterentur.
895 5294 1093 5351 Eorum
1132 5300 1258 5354 huic
1288 5299 1456 5353 verbo
1485 5299 1835 5368 prteﬁxumin

270 5364 529 5419 munibus
556 5364 711 5419 cdilt.
744 5367 917 5419 delevi
951 5370 1279 5425 auctoritate
1300 5364 1566 5432 Clarom.,
1604 5371 1758 5423 Voss.
1784 5381 1837 5423 et

273 5436 439 5489 Merc.
473 5436 537 5499 2,
568 5450 629 5487 ac
686 5435 903 5503 insuper
951 5454 1073 5489 cum
1106 5438 1313 5494 duobus
1342 5438 1611 5509 prioribus
1642 5440 1836 5507 scripsi

272 5515 597 5559 verterentur.
614 5521 709 5572 pro
739 5518 1175 5563 converterentur.

348 5575 459 5645 (74)
496 5575 701 5648 Diceris.
735 5575 809 5628 De
840 5574 1157 5648 Jerusalem,
1182 5581 1322 5648 quod
1349 5581 1587 5633 additum
1619 5580 1834 5636 videtur

276 5663 304 5699 a
335 5645 749 5705 recentioribus.
776 5646 969 5700 omitto
999 5663 1120 5701 cum
1151 5645 1389 5703 Clarum.
1417 5661 1473 5703 et
1507 5650 1660 5704 Voss.

348 5714 459 5783 (75)
495 5713 626 5778 Qua:
660 5717 818 5783 parit.
846 5713 1048 5783 Septem
1085 5719 1230 5774 addit
1256 5735 1410 5775 sacer
1445 5729 1641 5775 textus.

349 5784 457 5851 (76)
488 5786 690 5838 Occidit
719 5785 795 5839 sol
827 5786 891 5838 ei.
918 5786 1061 5841 Loco
1109 5790 1297 5847 horum
1334 5791 1504 5847 solum
1557 5804 1601 5844 et
1648 5800 1827 5846 exstat

279 5857 332 5912 in
370 5858 521 5913 codd.
555 5854 786 5911 Clarum.
813 5865 866 5912 et
893 5855 1044 5913 Voss.

1876 4812 1920 4867 D
2020 4808 2131 4877 (77)
2178 4808 2418 4876 ldipsum
2473 4807 2880 4860 auuuntiabaut.
2936 4806 3001 4859 Et
3048 4809 3160 4877 qui.
3216 4806 3387 4862 Textu
3441 4811 3512 4865 ita

1948 4889 2096 4960 tecte
2121 4878 2416 4960 diviso...“
2451 4880 2572 4960 qui;
2597 4893 2660 4931 ex
2712 4878 2919 4960 drum].
2948 4888 3008 4960 _et
3047 4878 3210 4960 Merc.
3245 4880 3294 4959 1,
3326 4882 3507 4960 ρόωἱι

1948 4948 2142 5017 Grab.;
2168 4950 2435 5016 siquidem
2464 4947 2514 5001 in
2534 4947 2909 5002 Feuard.etlit.
2928 4949 3219 5017 deestqui;
3252 4951 3303 5002 in
3330 4948 3512 5016 Eras.,

1948 5016 2117 5081 Gal|.,
2148 5018 2407 5079 Clarom.,
2439 5019 2589 5073 Voss.
2618 5027 2672 5071 et
2700 5018 2867 5071 altero
2887 5017 3050 5072 Merc.
3076 5016 3125 5071 et
3149 5019 3506 5076 desideratur.

2022 5088 2130 5159 (78)
2160 5089 2263 5153 Qui
2290 5090 2451 5142 sedet.
2486 5090 2576 5142 Sic
2605 5088 2844 5142 Clarom.
2870 5089 3020 5157 juxta
3050 5103 3263 5143 sacrum
3284 5098 3509 5146 textum.

1946 5156 2141 5229 theri
2170 5174 2472 5229 perperam,
2498 5159 2587 5227 qui
2602 5159 2767 5212 sedes.

2020 5228 2131 5299 (79)
2169 5228 2281 5302 Erit
2308 5239 2462 5302 term:
2485 5240 2674 5302 motus.
2704 5230 2827 5285 Haec
2858 5244 2925 5285 ex
2972 5231 3233 5288 memoria
3274 5231 3511 5302 allegan-

1949 5312 2055 5363 tnr,
2094 5315 2215 5352 nam
2244 5300 2295 5353 in
2329 5299 2746 5369 Evangeliunon
2788 5312 2941 5354 terra:
2978 5313 3171 5366 motus,
3221 5302 3314 5356 sed
3344 5299 3515 5356 tribu-

1946 5373 2072 5425 latio
2097 5369 2312 5435 legitur.

2019 5441 2126 5509 (80)
2157 5440 2406 5508 Quisquis
2423 5440 2723 5509 judicatur,
2749 5450 2853 5494 etc.
2877 5440 2961 5494 Ab
2992 5441 3075 5495 his
3114 5440 3508 5509 aliquantulum

1946 5514 2221 5579 discrepat
2257 5520 2435 5563 textu.»
2462 5510 2566 5562 τῶν
2601 5515 2677 5574 0⁸,
2706 5526 2863 5579 quem
2906 5512 3223 5565 consuiesis.

2018 5578 2127 5649 (81)
2161 5578 2286 5651 Post
2313 5581 2631 5648 passionem.
2656 5578 2735 5634 Et
2766 5584 3176 5651 assumptiouem
3206 5598 3381 5636 omnes
3414 5583 3509 5637 ad-

1944 5651 2074 5704 dunt
2102 5650 2259 5703 editt.
2290 5665 2411 5703 cum
2460 5652 2665 5706 Aruud.
2705 5662 2757 5705 et
2796 5650 2960 5706 Merc.
2989 5652 3045 5718 2,
3081 5653 3336 5707 omittunt
3374 5668 3508 5707 vero

1932 5722 2170 5775 Clarum.
2206 5730 2261 5773 et
2294 5720 2446 5774 Voss.

2006 5790 2115 5858 (82)
2133 5788 2316 5842 Fidem
2336 5807 2452 5860 qua:
2466 5801 2539 5845 est
2563 5790 2615 5843 in
2635 5791 2862 5855 Christo,
2879 5792 3353 5859 quatannuntiarit.
3375 5792 3504 5846 Par-

1938 5861 2154 5916 ticulaiu
2195 5878 2285 5929 per
2321 5871 2442 5916 ante
2476 5863 2631 5929 [idem
2672 5878 2922 5932 expungu
2969 5863 3286 5918 auctoritate
3336 5862 3496 5919 codd.
