4222 6320
203 456 349 513 1085

1370 450 1646 508 CONTRA
1684 449 2028 507 HEBESES
2061 449 2191 504 LIB.
2234 447 2320 503 ιν.

3303 437 3436 495 1986

197 571 428 641 quidem
475 571 544 627 de
595 570 767 626 altero
811 569 1044 640 quodam
1086 569 1254 635 dicta,
1298 568 1552 624 similiter
1595 578 1774 623 autem
1805 567 1965 625 Alex
1991 576 2048 620 et
2076 565 2298 620 verbum
2329 563 2520 616 exiens
2556 575 2585 614 a
2620 556 2944 620 Jerusalem,
3000 565 3203 610 tantam
3249 571 3437 625 ptltcttl

195 670 504 716 evenerunt
530 661 640 733 (93)
670 661 917 716 Domino.
949 661 1151 717 Omnes
1176 661 1322 715 enim
1351 662 1627 730 prophetae
1651 660 1770 715 haec

196 749 393 806 eadem
423 753 888 823 prophetaverunt
914 770 928 808 :
958 751 1053 808 sed
1084 766 1259 820 neque
1294 751 1456 806 alicui
1502 765 1570 805 ex
1617 759 1768 806 vete-

199 842 360 898 ribus
395 853 716 898 evenerunt.
751 843 808 899 Si
838 846 982 899 enim
1015 843 1326 899 evenissent
1374 842 1533 897 alicui
1573 857 1638 897 ex
1675 857 1770 897 ve-

199 930 415 987 teribus
449 933 550 986 ista
580 971 595 996 ,
651 948 756 994 non
789 934 975 1003 utique
1005 933 1098 1003 qui
1126 942 1312 1004 postea
1347 931 1594 997 fuerunt,
1641 948 1765 1000 pro-

198 1021 524 1090 phetassent
571 1022 623 1076 in
677 1023 986 1078 novissimis
1037 1021 1373 1090 temporibus
1419 1019 1598 1074 futura
1629 1019 1765 1076 haec.

197 1115 399 1170 Adhuc
442 1116 607 1170 etiam
641 1130 798 1171 nemo
839 1125 923 1170 est
953 1129 1131 1184 neque
1162 1123 1411 1184 patrmn,
1445 1127 1620 1182 neque
1645 1128 1769 1180 pro-

197 1208 516 1278 phetarum,
562 1222 740 1278 neque
787 1207 1136 1276 antiquorum
1169 1222 1389 1276 regum,
1426 1207 1574 1261 circa
1605 1221 1765 1274 quem

201 1301 454 1370 proprie
483 1316 553 1356 ac
597 1300 910 1370 specialiter
962 1299 1163 1356 factum
1209 1300 1282 1354 sit
1311 1298 1516 1369 aliquid
1551 1299 1764 1352 borum.

197 1389 344 1444 Nam
368 1406 559 1447 omnes
585 1391 802 1459 quidem
834 1392 1036 1447 Christi
1076 1393 1361 1460 passiones
1403 1392 1768 1460 prophetave-

201 1495 375 1548 runt;
427 1485 529 1554 ipsi
560 1495 738 1538 autem
771 1486 836 1538 ad
884 1485 1196 1554 patiendum
1216 1523 1231 1548 ,
1278 1481 1532 1538 similiter
1561 1490 1623 1536 ut
1651 1481 1767 1552 ipsa

199 1575 462 1644 praedicta
486 1588 633 1641 sunt,
651 1577 805 1646 longe
821 1587 996 1634 erant.
1018 1577 1080 1632 Et
1103 1583 1425 1647 argumenta
1448 1582 1627 1628 autem
1650 1589 1770 1642 quae

200 1667 464 1736 pnedicta
491 1678 619 1723 sunt
650 1669 940 1723 Dominicze
967 1667 1268 1738 passionis,
1316 1666 1370 1720 in
1423 1664 1570 1718 nullo
1599 1665 1769 1719 altero

201 1758 350 1813 facta
381 1769 526 1814 sunt.
548 1758 734 1830 Neque
765 1760 910 1815 enim
941 1760 1020 1815 sol
1052 1760 1230 1815 medio
1253 1758 1341 1814 die
1364 1760 1566 1815 occidit
1589 1759 1770 1825 aliquo

201 1853 274 1905 de
323 1851 596 1906 veteribus
646 1862 904 1918 mortuo,
960 1867 1134 1923 neque
1176 1851 1407 1907 scissum
1457 1861 1541 1905 est
1589 1853 1767 1903 velum

1876 657 2005 712 fecit
2049 657 2189 727 apud
2237 670 2331 710 eas
2378 662 2586 721 gentes,
2634 667 2755 720 qua:
2795 665 2919 704 eum
2953 648 3062 720 (99)
3097 658 3437 718 receperunt,

1874 760 1928 803 et
1977 762 2072 818 per
2107 761 2200 803 eas
2246 749 2425 816 arguit
2469 742 2846 812 imprudentia:
2896 740 3122 793 multum
3160 737 3436 806 populum,

1877 840 2092 894 videtur
2117 852 2461 907 consequens
2500 835 2566 888 de
2600 833 2772 888 altero
2802 830 3006 886 dixisse
3039 831 3347 898 prophetas.
3376 827 3438 881 Si

1874 940 2052 984 autem
2083 928 2351 984 libertatis
2379 926 2481 987 lex,
2511 924 2561 978 id
2605 931 2690 977 est
2734 923 2958 975 verbum
2989 919 3081 975 Dei
3110 919 3176 972 ab
3223 926 3442 988 aposto—

1874 1023 1960 1083 lis,
1993 1021 2084 1090 qui
2141 1036 2169 1074 a
2215 1018 2511 1073 Jerusalem
2541 1021 2814 1074 exierunt,
2866 1013 3252 1067 aununtiatum
3283 1011 3335 1064 in
3364 1009 3439 1081 (l)

1875 1111 2182 1167 universam
2211 1120 2437 1171 terram,
2482 1107 2537 1160 in
2573 1114 2786 1160 tantum
2818 1101 3332 1156 transmutatiouetn
3366 1097 3442 1152 fe-

1873 1205 1969 1265 cit,
2016 1212 2074 1257 ut
2119 1201 2326 1270 gladios
2359 1198 2436 1269 ('2)
2483 1207 2537 1252 et
2579 1197 2795 1249 lanceas
2837 1193 3149 1248 bellatorias
3175 1193 3227 1246 in
3259 1200 3440 1244 aratra

1874 1291 2230 1346 fabricaverit
2258 1292 2372 1360 ipse
2402 1289 2500 1361 (3),
2542 1297 2599 1342 et
2631 1287 2684 1341 in
2719 1286 2917 1349 falces,
2963 1301 3083 1353 qua:
3125 1284 3342 1338 donavit
3375 1281 3441 1334 ad

1875 1387 2182 1442 metendum
2220 1384 2572 1449 frumentum,
2607 1384 2658 1438 in
2707 1397 2909 1453 organa
2959 1378 3181 1448 pacifica
3211 1376 3309 1448 (l),
3345 1376 3443 1430 de-

1876 1476 2164 1530 mutaverit
2195 1474 2293 1547 (5),
2340 1483 2396 1528 et
2447 1474 2558 1546 jam
2603 1473 2852 1529 nesciunt
2887 1485 3149 1542 pugnare,
3194 1471 3288 1524 sed
3318 1486 3443 1540 per-

1875 1570 2016 1624 cussi
2051 1577 2106 1623 et
2144 1568 2368 1623 alteram
2399 1568 2639 1638 praebent
2677 1566 2992 1633 maxillam;
3025 1581 3132 1620 non
3160 1565 3226 1619 de
3261 1565 3445 1635 aliquo

1878 1661 1983 1713 alio
2031 1659 2307 1729 praphetaa
2344 1659 2598 1712 dixerunt
2627 1658 2792 1728 276
2842 1659 2956 1712 inec
2979 1697 2994 1721 ,
3036 1657 3130 1713 sed
3163 1658 3228 1712 de
3255 1673 3321 1711 eo
3349 1659 3444 1726 qui

1881 1750 2010 1806 fecit
2040 1765 2124 1806 ea.
2157 1749 2252 1805 llic
2280 1761 2459 1804 autem
2487 1759 2575 1804 est
2603 1749 2862 1803 Dominus
2896 1758 3118 1814 noster,
3162 1757 3219 1802 et
3260 1749 3312 1802 in
3345 1749 3446 1802 hoc

1878 1851 1962 1895 est
2005 1856 2187 1895 sermo
2234 1856 2394 1895 verus
2441 1861 2456 1898 :
2507 1842 2764 1912 quoniam
2815 1842 2930 1911 ipse
2961 1850 3046 1895 est
3079 1841 3169 1908 qui
3201 1851 3441 1894 aratrum

201 1943 419 2012 templi,
470 1959 644 2012 neque
685 1952 825 1998 terra
880 1954 1025 1998 mota
1074 1952 1178 2008 est,
1233 1955 1413 2011 neque
1461 1949 1628 2011 petrae
1659 1941 1770 1995 dis-
1804 1923 1841 1978 Β

1876 1931 2036 1996 fecit,
2086 1939 2142 1984 et
2169 1927 2360 1984 falcem
2393 1930 2604 1995 intulit,
2651 1932 2752 1986 hoc
2797 1940 2882 1985 est
2945 1931 3183 1986 hominis
3215 1931 3444 2001 primam

199 2046 383 2104 rupta:
411 2045 556 2100 sunt,
593 2049 767 2103 neque
798 2035 996 2088 mortui
1030 2046 1469 2100 resurrexerunt,
1505 2051 1682 2101 neque
1713 2036 1765 2087 iu

203 2124 366 2176 tertia
400 2123 486 2177 die
512 2125 634 2194 quis
666 2123 880 2178 illorum
907 2123 1165 2190 surrexit,
1196 2138 1373 2194 neque
1404 2135 1653 2193 receptus
1684 2134 1769 2178 est

202 2215 258 2268 in
290 2216 510 2279 ctelum,
562 2230 755 2284 neque,
809 2230 930 2270 cum
959 2227 1368 2280 assumeretur,
1419 2216 1590 2287 aperti
1640 2226 1771 2270 sunt

200 2306 356 2368 curii,
392 2320 565 2376 neque
594 2307 646 2360 in
676 2320 869 2362 nomen
901 2308 1130 2378 alicujus
1160 2308 1389 2364 alterius
1417 2308 1771 2364 crediderunt

199 2407 419 2465 grutes,
468 2411 644 2467 neque
690 2399 810 2466 quis
851 2413 919 2453 ex
967 2400 1046 2453 eis
1092 2407 1342 2455 mortuus
1391 2409 1445 2453 et
1477 2414 1764 2468 resurgens

199 2489 421 2557 aperuit
467 2504 666 2544 novum
699 2488 969 2545 libertatis
998 2499 1404 2547 testamentum.
1440 2490 1557 2546 Non
1607 2491 1771 2560 igitur

202 2577 273 2630 de
321 2577 527 2644 altero,
573 2579 665 2634 sed
721 2581 787 2635 de
826 2580 1092 2646 Domino,
1147 2583 1199 2636 in
1262 2595 1421 2650 quem
1478 2597 1770 2636 concurre-

201 2679 336 2723 runt
357 2668 468 2742 (94)
490 2669 674 2724 omnia
699 2670 953 2741 praedicta
979 2671 1157 2740 signa,
1182 2671 1438 2726 dicebant
1468 2673 1768 2742 prophetae.

277 2760 330 2814 4.
363 2760 421 2814 Si
472 2771 653 2816 autem
705 2761 899 2829 aliquis
945 2760 1149 2817 Iudaeis
1183 2763 1591 2818 advocationem
1633 2778 1772 2832 prte-

200 2863 384 2917 stans,
413 2854 741 2908 erectionem
771 2853 881 2926 (95)
921 2859 1125 2923 templi,
1155 2870 1296 2924 quae,
1327 2865 1680 2924 posteaquam
1718 2857 1770 2910 in

202 2945 540 3014 Babylonem
583 2947 1128 3016 transmigraverunt,
1178 2946 1320 3001 facta
1350 2955 1436 3002 est
1477 2949 1577 3002 sub
1605 2945 1774 3003 Zoro-

203 3035 392 3098 babel,
417 3045 469 3090 et
499 3037 886 3090 discessionem
918 3035 1136 3105 populi,
1170 3049 1290 3104 quae
1337 3034 1478 3091 facta
1524 3043 1608 3091 est
1651 3043 1774 3102 post

204 3129 553 3200 septuaginta
580 3143 774 3194 annos,
804 3129 948 3183 dicat
969 3129 1073 3184 hoc
1101 3143 1225 3184 esse
1245 3143 1442 3183 novum
1476 3137 1772 3184 testamen-

205 3229 366 3284 tum;
400 3228 694 3288 cognoscat
737 3219 993 3287 quouiam
1042 3219 1313 3288 lapideum
1351 3218 1573 3288 quidem
1631 3228 1768 3274 tem-

205 3309 356 3375 plum
390 3316 710 3363 restructum
733 3305 841 3380 (96)
871 3317 954 3362 est
980 3317 1107 3363 tunc
1135 3307 1335 3381 (adhuc
1361 3309 1507 3363 cnim
1539 3308 1632 3363 illa
1650 3323 1774 3377 quae

205 3399 266 3452 in
321 3399 544 3468 lapideis
593 3400 790 3456 tabulis
839 3401 981 3454 facta
1028 3399 1229 3464 fuerat,
1266 3401 1350 3455 les
1383 3399 1771 3472 servabatur);

203 3502 407 3541 novum
438 3498 621 3542 autem
651 3499 1033 3544 testamentum
1066 3491 1247 3545 datum
1289 3499 1373 3545 est
1422 3490 1647 3559 nullum,
1679 3494 1772 3546 sed

203 3594 274 3634 ea
305 3579 450 3649 lege,
475 3595 596 3648 qure
631 3595 727 3650 per
755 3579 975 3652 Moysen
1000 3584 1123 3636 data
1151 3595 1255 3647 est,
1286 3584 1577 3638 utebantur
1606 3599 1778 3654 usque

203 3673 278 3725 ad
308 3673 598 3726 adventum
632 3672 840 3726 Domini
868 3690 881 3736 ;
910 3686 938 3726 a
969 3671 1380 3728 Dominiautem
1412 3675 1646 3729 adventu
1678 3691 1774 3730 no-

204 3777 339 3815 vum
373 3771 754 3816 testamentum
784 3763 850 3817 ad
876 3777 1061 3832 pacem
1100 3763 1484 3826 reconcilians,
1514 3775 1568 3818 et
1596 3766 1776 3819 vivifi-

204 3852 385 3906 catrix
428 3851 513 3906 lex
563 3854 618 3907 in
661 3854 970 3909 universam
1010 3855 1180 3910 exivit
1208 3864 1412 3910 terram
1446 3854 1599 3928 (97):
1634 3874 1653 3907 ‹
1693 3857 1772 3911 Ex

206 3946 345 3998 Sion
378 3945 523 4014 enim
570 3945 782 4016 prodiet
809 3944 918 4018 (98)
960 3946 1040 4001 lex
1063 3989 1078 4012 ,
1120 3957 1174 4003 et
1213 3947 1436 4004 verbum
1470 3949 1678 4004 Domini
1710 3950 1777 4004 de

206 4037 540 4100 Jerusalem,
583 4047 638 4091 et
680 4048 868 4106 arguet
908 4041 1160 4107 populum
1205 4038 1430 4093 multum
1460 4057 1474 4091 ;
1503 4049 1558 4093 et
1586 4040 1775 4094 conci-

207 4133 341 4186 dent
368 4130 575 4200 gladios
599 4145 727 4187 suos
754 4131 807 4185 in
836 4140 1042 4193 aratra,
1088 4141 1142 4186 et
1178 4132 1398 4185 lanceas
1436 4146 1564 4186 suas
1592 4134 1644 4186 in
1675 4132 1775 4186 fal-

209 4235 329 4285 ces,
359 4231 410 4274 et
433 4219 545 4287 jam
574 4236 680 4275 non
711 4221 924 4276 discent
949 4237 1192 4292 pugnare
1217 4223 1285 4275 ".
1326 4240 1344 4274 ι
1377 4222 1434 4276 Si
1465 4223 1635 4294 igitur
1667 4225 1771 4278 alia

284 4361 330 4391 ³³
361 4358 461 4412 lsa.
490 4375 547 4422 Il,
583 4361 636 4425 5,
663 4359 725 4424 4;
755 4358 913 4414 Mieh.
945 4375 1016 4424 tv,
1044 4359 1102 4421 2,
1127 4360 1182 4414 5.
1257 4359 1302 4390 ⁸⁸
1327 4361 1429 4414 Ιεεν.
1463 4375 1593 4425 Lvu,
1637 4359 1684 4414 i.

211 4545 352 4600 Casu
401 4548 628 4615 quodam
654 4545 782 4601 Vhth
837 4550 1065 4600 evenisse
1094 4561 1194 4599 non
1242 4549 1456 4612 potestis
1485 4547 1678 4598 dicere.
1711 4547 1775 4600 Et

214 4620 371 4685 longe
403 4616 553 4685 pejus
586 4615 979 4671 Fenardentius
1003 4626 1286 4685 utramque
1321 4616 1607 4685 lectionem
1635 4631 1772 4671 con-

205 4684 460 4754 jnngens,
493 4686 747 4754 scripsit:
783 4687 989 4740 veniens
1022 4687 1077 4738 in
1106 4684 1259 4737 terris
1285 4684 1532 4752 implevit,
1557 4696 1778 4753 prwsta-

213 4755 284 4808 bit
317 4753 373 4808 in
416 4753 692 4836 novissimo
735 4757 958 4809 dierum.
989 4754 1125 4809 Casu
1152 4753 1377 4820 quodam
1409 4756 1520 4808 ἠως
1550 4757 1777 4808 euertisse

214 4839 319 4877 non
379 4833 427 4876 ot
491 4829 559 4878 tis
584 4829 772 4879 dicere.

287 4840 750 4973 (9§)'gvenerunt.
782 4895 964 4962 Eram,
1000 4893 1138 4949 Gall.
1163 4934 1176 4956 ,
1223 4893 1388 4948 Grab.
1427 4905 1483 4947 et
1520 4893 1682 4948 Mere.
1723 4897 1773 4961 l,

212 4974 498 5018 evenertnt.

310 5031 400 5100 94)
432 5029 837 5088 Concurrerunt.
863 5033 971 5096 AL,
1000 5042 1337 5087 concurrunt.

309 5099 399 5172 95)
427 5100 771 5158 Euclionem.
803 5102 1242 5172 Praepositionem
1276 5117 1369 5169 per
1396 5117 1426 5156 a
1453 5099 1685 5158 Feuard.
1721 5115 1775 5158 et

213 5173 381 5227 Grab.
431 5185 714 5240 perperam
762 5173 885 5226 buic
926 5173 1042 5227 voci
1091 5174 1363 5240 praeflxam
1409 5175 1641 5240 expunxi
1672 5190 1772 5229 au-

216 5243 472 5362 ;linritaée
518 5241 717 5304 Eras.,
762 5241 965 5299 Gallae.
994 5280 1012 5308 ,
1082 5242 1319 5298 Clarom.
1348 5280 1364 5307 ,
1411 5243 1668 5299 Aruudel.
1719 5255 1774 5299 et

269 5329 381 5362 ch.
455 5349 469 5362 .

215 5314 381 5367 Merc.
415 5314 469 5362 2.

288 5381 398 5454 (99)
429 5378 776 5454 ll_e_strttrtum_._
805 5379 916 5446 AL,
952 5381 1270 5454 restitutum.

291 5448 403 5519 (97)
456 5448 694 5522 Terram.
739 5451 1184 5515 Quemadmodum
1212 5451 1457 5506 dixerunt
1506 5455 1768 5522 prapltette

219 5522 433 5578 additur
455 5519 504 5570 in
531 5519 683 5572 editt.

288 5584 401 5658 (98)
428 5587 667 5658 '_l_’rodt'et.
699 5587 809 5651 AL,
842 5588 1103 5658 procedet.

285 5653 398 5730 ('99)
424 5653 582 5730 Eum.
617 5657 778 5730 Refer
811 5653 878 5712 ad
910 5657 1098 5730 Λᾴγον.

287 5727 364 5799 (l)
401 5727 777 5799 Ajtnuntialunt
818 5730 895 5782 in.
949 5727 1017 5780 In
1071 5741 1169 5797 pro
1212 5737 1286 5781 est
1329 5743 1393 5784 ex
1450 5729 1658 5782 Arund.
1711 5740 1767 5784 et

217 5796 382 5858 Merc.
429 5796 485 5858 2.
528 5797 718 5870 posuit
733 5796 901 5851 Grab.
924 5796 1257 5870 ;_ut_rumquc
1285 5813 1409 5855 vero
1444 5800 1605 5854 habet
1637 5799 1763 5854 Cla-

219 5887 377 5933 τοίη..
408 5863 652 5922 neutrum
681 5863 834 5924 Eras.
863 5879 920 5922 et
942 5866 1080 5922 Gali.

1878 2021 2315 2083 seminationem,
2336 2035 2454 2088 qua:
2475 2019 2578 2075 fuit
2601 2020 2900 2076 secundum
2933 2021 3103 2076 Adam
3131 2020 3443 2090 plasntatio,

1877 2124 1930 2165 et
1960 2113 2012 2166 in
2044 2111 2358 2166 novissimis
2390 2111 2725 2182 temporibus
2768 2127 2864 2182 per
2893 2110 3128 2167 Verbum
3160 2112 3445 2168 collectam

1879 2204 2390 2259 fructificationem:
2438 2212 2494 2258 et
2538 2213 2764 2273 propter
2821 2204 2924 2258 hoc
2972 2205 3065 2274 qui
3109 2203 3185 2274 (6)
3233 2205 3444 2258 initium

1879 2299 1968 2352 fini
1999 2297 2386 2367 conjungebat,
2409 2305 2465 2351 et
2489 2306 2847 2366 utrorumque
2865 2297 3125 2353 Dominus
3154 2299 3447 2365 exsisteus,

1878 2391 1929 2445 iu
1957 2391 2062 2445 fine
2087 2391 2307 2459 quidem
2341 2398 2581 2444 aratrum
2609 2391 2873 2456 ostendit,
2902 2391 3104 2460 lignum
3131 2391 3446 2460 copulatum

1875 2485 2043 2548 ferro,
2085 2491 2140 2537 et
2167 2483 2247 2538 sic
2274 2485 2390 2551 ejus
2419 2482 2494 2554 (7)
2541 2486 2866 2556 expurgavit
2903 2493 3108 2540 terram
3137 2504 3150 2540 :
3184 2485 3444 2555 quoniam
3510 2471 3513 2473 ’

1878 2578 2089 2632 firmum
2125 2573 2357 2630 Verbum
2409 2577 2618 2630 unitum
2665 2578 2841 2643 carni,
2897 2586 2951 2632 et
3002 2577 3190 2631 habitu
3249 2577 3342 2630 tali
3371 2575 3446 2646 (8)

1876 2671 2149 2736 confixus,
2185 2671 2502 2727 emundavit
2554 2670 2858 2724 silvestrem
2906 2678 3129 2722 terram.
3163 2667 3318 2722 initio
3345 2683 3447 2721 au-

1881 2773 1985 2814 tem
2036 2761 2230 2816 falcem
2285 2761 2556 2828 figurabat
2605 2774 2701 2827 per
2730 2757 2897 2822 Abel,
2949 2757 3268 2827 significans
3313 2756 3446 2826 justi

1878 2853 2090 2921 generis
2142 2853 2437 2908 humanam
2483 2851 2910 2906 collectionem:
2967 2866 2987 2901 ι
3031 2848 3159 2902 \‘ide
3201 2852 3382 2916 enim,
3423 2869 3442 2902 s

1879 2945 2072 3014 inquit,
2103 2965 2122 2999 t
2159 2947 2433 3015 quomodo
2479 2946 2660 3015 justus
2702 2943 2863 3014 perit,
2900 2952 2956 2997 et
2982 2957 3143 2996 nemo
3185 2943 3444 3004 intuetur,

1877 3049 1932 3090 et
1961 3037 2063 3092 viri
2106 3037 2236 3106 justi
2271 3037 2555 3103 tolluntur,
2603 3045 2658 3089 et
2706 3050 2866 3090 nemo
2893 3033 3095 3101 excipit
3122 3034 3285 3088 corde
3313 3034 3378 3087 ‘°.
3424 3057 3440 3084 ι

1882 3128 2006 3184 llaec
2039 3139 2219 3183 autem
2273 3129 2327 3182 in
2373 3126 2506 3182 Abel
2560 3127 2777 3196 quidem
2825 3126 3365 3194 prmmeditahautur.
3417 3143 3446 3182 a

1881 3221 2158 3289 prophetis
2192 3217 2265 3290 (9)
2298 3231 2426 3271 vero
2458 3218 2911 3284 prae-conabantur
2938 3256 2952 3280 ,
2991 3217 3042 3269 in
3086 3215 3315 3271 Domino
3347 3234 3446 3273 au-

1879 3323 1982 3364 tem
2014 3309 2462 3380 perficiebautur,
2491 3317 2545 3362 et
2577 3309 2628 3362 in
2667 3308 2824 3362 nobis
2853 3317 3032 3363 autem
3071 3306 3302 3380 idipsutu
3338 3320 3446 3379 est,

1875 3408 2253 3470 consequente
2281 3414 2513 3466 corpore
2547 3414 2708 3454 suum
2741 3409 2924 3468 caput.

1948 3492 2004 3546 5.
2031 3492 2076 3523 “
2109 3491 2172 3546 Et
2205 3491 2464 3546 adversus
2496 3505 2592 3546 eos
2639 3490 2877 3559 quidem,
2929 3489 3020 3560 qui
3067 3491 3135 3544 ab
3180 3491 3290 3545 alio
3338 3489 3448 3546 Deo

1880 3583 2167 3652 prophetas
2197 3583 2404 3647 dicunt,
2437 3581 2506 3635 ab
2536 3580 2711 3635 altero
2739 3589 2923 3635 autem
2963 3580 3122 3636 Patre
3159 3582 3443 3635 Dominum

1881 3684 2147 3739 nostrum,
2199 3671 2326 3726 talia
2375 3680 2499 3726 sunt
2556 3682 2722 3740 apta,
2773 3671 2815 3726 si
2867 3686 2975 3740 quo
3025 3672 3188 3725 modo
3230 3674 3448 3726 tandem

1880 3769 2165 3836 quiescant
2210 3781 2241 3821 a
2298 3776 2448 3821 tanta
2513 3764 3017 3821 irrationabilitate.
3071 3765 3301 3834 PrOpter
3348 3767 3450 3820 hoc

1881 3860 2026 3912 enim
2058 3869 2113 3911 et
2157 3857 2466 3913 laboramus
2514 3873 2627 3916 eas.
2675 3875 2794 3929 qua:
2838 3868 2964 3912 sunt
3012 3872 3077 3911 ex
3122 3857 3446 3926 Scripturis,

1881 3949 2141 4006 adhibere
2174 3951 2560 4017 ostensiones;
2610 3962 2669 4005 ut
2718 3951 2850 4020 ipsis
2885 3950 3230 4005 sermonibus
3258 3949 3448 4003 confu-

1885 4053 2061 4095 tantes
2091 4055 2204 4105 eos,
2237 4050 2499 4108 quantum
2546 4043 2598 4097 in
2629 4042 2786 4096 nobis
2830 4052 2942 4100 est,
2970 4041 3322 4095 cohibeamus
3352 4055 3444 4095 cos

1882 4150 1910 4184 ει
1959 4133 2150 4201 grandi
2196 4131 2561 4201 blasphemia,
2609 4144 2662 4188 et
2707 4149 2738 4187 a
2774 4135 3064 4188 multarunt
3102 4135 3327 4186 deorum
3359 4133 3452 4189 de-

1884 4225 2049 4279 menti
2080 4224 2463 4279 fabricatione.

1762 4359 1808 4392 ιι
1844 4359 1976 4428 Cap.
2023 4358 2252 4417 vaut.

212 4492 391 4557 minus
423 4486 565 4557 recte
595 4477 791 4557 legitur
820 4494 834 4531 :
863 4476 1129 4557 prtestabit
1154 4476 1206 4530 in
1241 4475 1772 4557 novissiquierutn.
1809 4500 1854 4556 ο

1913 4475 2123 4597 [ἐὲἒοζη
2153 4487 2483 4534 tantum...ttt
2515 4477 2744 4548 gladios.
2779 4476 2866 4531 AL
2892 4519 2907 4541 ,
2938 4477 2993 4531 in
3029 4476 3451 4545 tantam...quod

1933 4562 2107 4601 catos.

1879 4562 2437 4686 Ψίὶἓόωραὸγίεαυεήι
2470 4619 2600 4686 ipse.
2651 4615 2740 4670 Sic
2765 4616 3124 4680 Claromont.,
3157 4617 3242 4670 cui
3270 4618 3445 4680 quoad

1880 4696 2210 4807 postremam
2264 4703 2446 4742 vocem
2496 4687 2843 4741 consentiunt
2901 4686 3114 4754 Anglic.
3169 4700 3320 4740 omn.
3385 4687 3444 4740 In

1925 4757 2111 4807 euard.
2170 4771 2365 4807 marm.
2419 4756 2694 4807 fabricavit
2742 4756 2874 4807 ipse.
2919 4755 2974 4807 In
3004 4756 3230 4807 relinuis
3265 4757 3444 4807 minus

1925 4757 2111 4826 euard.
2170 4771 2365 4826 marg.,
2418 4756 2694 4826 fabricavit
2737 4756 2874 4826 ipse.
2919 4755 2974 4808 ln
3004 4756 3230 4821 reliquis
3265 4757 3446 4826 minus

1885 4827 2041 4887 bene,
2081 4825 2495 4893 [αἰνήσωσι-ἕπε,
2539 4826 2621 4878 vel
2666 4825 3051 4894 fabricaverunt
3102 4826 3222 4893 ipsi.
3277 4825 3447 4880 Porro

1880 4894 2002 4963 ipse
2027 4909 2122 4961 pro
2153 4909 2304 4949 more
2336 4897 2503 4949 refert
2544 4895 2815 4963 interpres
2847 4897 2910 4946 ad
2946 4895 3120 4962 Λόγον
3140 4936 3155 4960 ,
3198 4897 3448 4963 quamvis

1882 4961 2041 5036 paulo
2064 4975 2193 5018 ante
2220 4975 2418 5036 neutro
2448 4980 2650 5036 genere
2674 4961 2804 5018 usus
2832 4964 3017 5018 fuerit.
3037 4961 3152 5020 Sed
3179 4961 3445 5036 ejusmodi

1881 5032 2180 5100 sphalmata
2218 5034 2316 5101 ipsi
2353 5032 2492 5088 haud
2529 5034 2742 5088 insueta
2778 5044 2924 5088 sunt.

1949 5102 2027 5170 (4)
2073 5101 2138 5156 lu
2168 5103 2372 5171 organo
2397 5103 2643 5174 paciﬁca.
2679 5102 2805 5174 Haec
2834 5104 3096 5174 glossema
3125 5103 3297 5169 olent,
3326 5111 3381 5174 e_t
3411 5118 3441 5156 a

1881 5181 2052 5234 textu,
2088 5183 2275 5241 utpOte
2323 5172 2614 5241 superﬂua,
2671 5172 2969 5242 ableganda
3024 5175 3301 5228 videntur.
3341 5172 3445 5227 Per

1879 5243 2273 5311 appositionem
2301 5243 2490 5296 saltem
2516 5243 2802 5311 intelligas.

1949 5309 2024 5382 (5)
2053 5310 2561 5382 Drmutaverit.78ic
2595 5309 2793 5366 iterum
2841 5312 3079 5368 Clarom.
3107 5312 3166 5366 ltt
3203 5311 3440 5373 Feuard.

1877 5381 2075 5450 marg.,
2103 5382 2410 5435 demutavit.
2435 5381 2491 5436 in
2525 5384 2760 5450 caeteris,
2796 5385 3202 5437 demutaverint.

1969 5399 1993 5432 r
2034 5421 2075 5441 .,
2103 5397 2410 5459 aeinutamt.
2435 5397 2491 5436 tu

1967 5397 2028 5526 ῥῗ
2053 5451 2174 5526 Qui.
2212 5451 2510 5526 Al.,_quotl.

1970 5519 2026 5591 7)
2081 5521 2242 5590 Ejus.
2305 5519 2478 5574 Αὑτοῦ
2546 5530 2758 5577 vertere
2815 5523 3092 5579 debuisset
3169 5523 3443 5592 interpres

1873 5660 2022 5783 mg)
2056 5657 2193 5716 Tali.
2245 5659 2518 5726 Clarom.,
2565 5662 2811 5728 Arund.,
2859 5661 3029 5717 Merc.
3058 5663 3095 5716 2
3135 5669 3192 5716 et
3242 5659 3437 5727 Grab.,

1872 5869 1914 5922 ϐ
2154 5801 2435 5870 prophetis.
2494 5799 2584 5855 Sic
2640 5817 2736 5868 pro
2787 5801 2839 5854 in
2867 5801 3134 5873 prophetis
3185 5799 3340 5872 posui
3369 5814 3436 5855 ex

1920 5879 1997 5922 lar
2037 5886 2109 5922 ll.

1920 5879 2109 5924 tarum.
