4222 6320
1538 412 1596 471 S.
1631 412 1895 471 IRENEI
1930 406 2237 468 EPISCOPI
2274 402 2754 463 LUGDIJNENSlS
2794 402 2881 459 ET
2920 398 3272 457 MARTYRIS
3905 396 4043 455 H388

1301 528 1531 587 CAPUT
1568 528 1761 585 XXXV
1789 530 1855 583 δ’.
2389 525 2436 581 Δ
2465 523 2837 592 periectionis,
2872 530 2925 577 et
2961 520 3196 591 Spiritus
3228 518 3558 589 agnitionis;
3590 522 3638 573 is
3678 533 3843 583 vero,
3874 517 3972 588 qui
4010 534 4038 571 a

814 622 960 680 Vana
1005 632 1055 677 et
1096 624 1287 677 insano
1316 639 1450 687 esse,
1495 639 1611 692 qua
1651 624 1716 676 de
1738 622 1924 692 _pariis
1965 619 2362 692 Scriptura_runt
2472 616 2783 686 Demiurgo,
2835 614 2937 669 fuit
2982 613 3211 682 spiritus
3248 612 3596 681 ignorantia,
3631 622 3687 669 et
3719 612 4041 667 diminutio-

806 420 942 477 1087

874 694 1146 763 principiis
1178 687 1703 763 comminiscebautur
1736 690 2093 763 Valentiniani
2138 699 2185 743 et
2215 687 2362 763 quo:

870 758 989 818 stici
1016 758 1056 827 ,⁷
1088 779 1182 820 nec
1224 762 1445 830 proinde
1484 761 1760 831 prophetas
1799 761 1984 828 (multo
2010 761 2183 831 minus
2210 758 2365 812 Chri-

872 834 1032 902 stum)
1042 832 1236 902 pertint
1250 850 1282 886 a
1303 830 1631 902 summitate,
1649 833 1843 899 partim
1861 847 1897 902 _a
1915 830 2218 902 medietate,
2235 844 2364 897 par-

872 906 967 957 tint
997 899 1338 969 e’Deminrgo
1368 900 1593 971 amatos,
1614 901 1817 954 locutos
1846 900 2031 969 fuisse.

868 994 923 1049 1.
950 996 1230 1050 Adversus
1257 1006 1351 1050 eos
1380 1008 1567 1049 rursus
1593 992 1684 1063 qui
1721 1001 1847 1046 sunt
1894 1006 1928 1046 a
1954 989 2265 1055 Valentino,
2311 998 2367 1043 et

801 1087 1036 1157 reliquos
1062 1083 1181 1141 l’alsi
1209 1082 1443 1140 nominis
1469 1083 1782 1152 Gnosticos,
1806 1082 1897 1154 qui
1928 1081 2220 1152 aliquando
2242 1079 2367 1151 qui-

800 1176 923 1232 dem
978 1192 1009 1231 a
1060 1176 1372 1233 summitate
1414 1178 1662 1247 quaedam
1706 1190 1929 1243 eorum,
1974 1188 2095 1245 quae
2138 1182 2269 1229 sunt
2310 1172 2364 1228 in

803 1265 1102 1335 Scripturis
1129 1268 1326 1337 posita,
1352 1266 1497 1323 diCta
1521 1267 1732 1335 dicunt,
1756 1276 1977 1340 propter
2005 1279 2191 1323 semen
2220 1265 2365 1337 quod

800 1365 885 1411 est
914 1356 1038 1411 inde
1064 1374 1079 1424 ;
1117 1356 1410 1427 aliquando
1435 1371 1563 1412 vero
1592 1372 1623 1411 a
1652 1358 1965 1422 medietate,
1997 1365 2219 1426 propter
2245 1369 2358 1410 ma-

803 1454 942 1499 trem
967 1444 1258 1502 Prunicam
1292 1448 1549 1503 audacem
1581 1446 1694 1520 (l0)
1722 1466 1735 1514 ;
1765 1448 1930 1502 multa
1964 1462 2091 1503 vero
2121 1461 2150 1500 a
2179 1445 2363 1501 mundi

798 1536 1158 1603 fabricatore,
1189 1553 1219 1593 a
1245 1552 1355 1609 quo
1380 1548 1436 1594 et
1464 1539 1614 1595 missi
1642 1548 1770 1595 sunt
1793 1540 2067 1610 propheta
2091 1558 2105 1593 :
2134 1538 2366 1594 dicimus

797 1628 960 1683 valde
1005 1628 1384 1687 irrationabile
1416 1645 1555 1694 esse,
1607 1632 1659 1685 in
1708 1641 1915 1686 tantum
1947 1630 2143 1700 inapize
2197 1629 2360 1685 dedu-

801 1734 927 1775 cere
952 1720 1166 1776 Patrem
1194 1723 1576 1777 univenorum
1600 1761 1616 1787 ,
1649 1722 1803 1793 quasi
1840 1738 1947 1777 non
1980 1720 2231 1776 habuerit
2266 1734 2364 1775 sua

802 1810 1187 1876 instrumenta.
1220 1827 1319 1882 per
1344 1828 1469 1884 qua
1496 1829 1631 1884 pure
1667 1828 1751 1879 ea,
1783 1828 1904 1884 qua;
1934 1823 2058 1867 sunt
2090 1813 2144 1868 in
2180 1813 2365 1868 Plero-

800 1909 966 1967 mate,
994 1903 1467 1959 aununtiarentur.
1502 1902 1672 1971 Quem
1704 1904 1853 1958 enim
1890 1903 2134 1969 timebat,
2174 1912 2231 1957 ut
2261 1918 2367 1958 non

802 1992 974 2049 libere
997 2002 1055 2049 et
1077 1996 1195 2051 sine
1221 1994 1607 2051 commistione
1637 1996 1755 2063 ejus
1788 1995 2033 2064 spiritus,
2062 1995 2154 2065 qui
2191 2003 2275 2050 est
2312 1994 2365 2049 in

800 2084 1164 2141 diminutione
1191 2095 1245 2141 et
1276 2088 1587 2159 ignorantia
1621 2087 1821 2155 factus,
1871 2087 2088 2157 proprie
2113 2101 2178 2141 ac
2206 2102 2366 2157 sepa-

798 2176 961 2231 ratim
992 2176 1329 2248 signiﬁcant
1358 2177 1690 2233 voluntatem
1720 2192 1874 2235 suam
1892 2178 1916 2231 i
1935 2178 2015 2233 An
2038 2177 2269 2233 timebat
2298 2192 2367 2233 ne

800 2267 1017 2337 plurimi
1045 2269 1407 2334 salvarentur,
1451 2285 1573 2325 cum
1611 2268 1795 2342 plures
1835 2284 1971 2340 pure
1996 2271 2277 2326 audissent
2301 2284 2366 2325 ea

801 2377 925 2431 qua:
962 2372 1089 2417 sunt
1123 2362 1412 2418 veritatis?
1439 2364 1522 2417 An
1558 2376 1747 2418 rursus
1791 2363 2061 2434 impotens
2102 2373 2222 2419 erat
2250 2364 2365 2433 ipse

800 2452 905 2506 sibi
950 2467 1259 2522 praeparare
1300 2467 1420 2518 eos,
1466 2453 1557 2522 qui
1603 2453 1892 2509 adventum
1927 2453 2231 2511 Salvatoris
2262 2470 2365 2509 au-

804 2544 1119 2599 nuntiarent
1146 2543 1301 2615 (tl)?

871 2635 927 2689 2.
960 2634 1018 2690 Si
1071 2647 1253 2689 autem
1306 2650 1427 2690 cum
1480 2637 1587 2692 huc
1629 2638 1871 2693 venisset
1926 2637 2199 2706 Salvator,
2240 2651 2367 2693 suos

802 2726 1080 2799 apostolos
1132 2726 1282 2782 misit
1331 2726 1383 2782 iu
1432 2728 1715 2791 mundum,
1748 2742 1886 2797 pure
1929 2729 2219 2783 adventum
2249 2729 2369 2798 ejus

802 2819 1218 2885 annuntiantes,
1266 2828 1322 2872 ct
1366 2818 1699 2873 voluntatem
1743 2817 1922 2873 Patris
1970 2818 2258 2884 docentes,
2310 2818 2367 2873 in

804 2910 954 2965 nullo
983 2912 1454 2968 communicantes
1472 2925 1648 2982 neque
1670 2914 1938 2983 gentium.
1964 2927 2137 2983 neque
2160 2913 2371 2970 Iudaeo-

802 3018 921 3058 rum
950 3005 1245 3070 doctrinas;
1273 3005 1441 3061 multo
1459 3006 1631 3077 magis
1656 3007 1709 3061 in
1743 3005 2044 3063 Pleromate
2065 3006 2362 3069 exsistens,

798 3098 1183 3168 praedicatores
1218 3100 1465 3170 praprios
1496 3100 1855 3165 destinasset,
1889 3102 2281 3155 annuutiantes
2312 3099 2367 3153 in

802 3184 949 3285 hunc
1000 3187 1261 3241 mundum
1310 3187 1549 3285 futurum
1596 3187 1719 3285 (lii
1763 3189 2056 3244 adventum
2112 3188 2254 3285 eius,
2307 3189 2361 3243 in
2399 3222 2448 3285 ο

803 3274 953 3330 nullo
980 3276 1442 3331 communicantes
1472 3276 1537 3331 iis
1567 3276 1896 3345 prophetiis,
1931 3292 2051 3346 qua:
2084 3274 2197 3345 (l5)
2240 3282 2369 3331 sunt

801 3379 832 3417 a
866 3366 1177 3438 Demiurgo.
1218 3368 1272 3423 Si
1305 3378 1510 3434 autem,
1558 3384 1683 3423 cum
1734 3380 1881 3425 esset
1925 3370 2064 3423 intra
2095 3367 2367 3433 Pleroma,

804 3472 934 3511 usus
980 3466 1064 3513 est
1096 3460 1163 3513 iis
1210 3460 1493 3528 prophetis
1534 3460 1627 3529 qui
1653 3470 1815 3513 erant
1844 3460 2139 3515 secundum
2172 3458 2366 3528 legem,

802 3558 858 3602 et
889 3564 985 3619 per
1031 3563 1125 3603 eos
1173 3548 1414 3603 ostendit
1458 3565 1579 3619 quae
1632 3560 1757 3603 sunt
1783 3562 1929 3614 sua;
1968 3546 2137 3602 multo
2175 3548 2367 3617 magis,

806 3653 928 3693 cum
959 3640 1064 3695 huc
1096 3642 1367 3703 venisset,
1399 3641 1484 3695 his
1516 3640 1647 3703 ipsis
1674 3655 1805 3695 usus
1844 3639 2032 3695 fuisset
2064 3639 2367 3710 magistris,

803 3741 855 3785 et
901 3746 998 3799 per
1044 3746 1139 3785 eos
1191 3736 1573 3787 annuntiassct
1626 3732 1787 3786 nobis
1836 3730 2217 3801 Evangelium.
2249 3731 2369 3787 Jam

804 3824 966 3893 igjtur
1000 3838 1106 3879 non
1144 3823 1372 3879 Petrum
1404 3834 1460 3881 et
1502 3824 1753 3890 Paulum,
1785 3835 1838 3881 et
1877 3825 2117 3895 reliquos
2162 3834 2372 3895 aposto—

805 3916 884 3969 los
932 3917 1117 3971 dicant
1170 3917 1525 3973 annuntiasse
1566 3918 1882 3983 veritatem,
1911 3918 2006 3973 sed
2046 3917 2287 3983 Scrihas,
2318 3925 2373 3971 et

807 4007 1131 4073 Pharisaeos,
1161 4018 1217 4064 et
1240 4008 1482 4079 reliquos
1508 4025 1604 4080 per
1636 4024 1773 4078 quos
1803 4010 1889 4065 lex
1921 4011 2367 4066 annuntiabatur.

805 4098 859 4152 Si
909 4111 1091 4154 autem
1139 4114 1267 4155 suos
1316 4102 1369 4155 in
1422 4118 1520 4158 suo
1553 4102 1787 4156 adventu
1820 4102 2072 4172 proprios
2097 4102 2371 4172 apostolos

804 4190 1060 4245 emisitin
1086 4190 1282 4260 spiritu
1309 4194 1576 4257 veritatis,
1604 4201 1659 4247 et
1682 4208 1788 4247 nou
1819 4194 1872 4248 in
1902 4194 2097 4264 spiritu
2128 4193 2367 4259 erroris;

808 4283 910 4336 hoc
936 4282 1078 4336 idem
1114 4282 1288 4352 ipsum
1318 4294 1372 4339 et
1397 4286 1449 4339 in
1476 4286 1757 4355 prophetis
1775 4286 1939 4341 fecit:
1974 4302 2190 4358 semper
2223 4287 2370 4340 enim

811 4372 1040 4441 idipsum
1075 4370 1306 4429 Verbum
1341 4374 1456 4429 Dei.
1485 4374 1553 4429 Et
1600 4378 1645 4431 si
1681 4378 1899 4447 quidem
1958 4377 2023 4430 de
2060 4375 2372 4445 principali-

813 4474 921 4519 tate
965 4465 1200 4535 Spiritus
1257 4466 1399 4531 fuit,
1459 4470 1755 4525 secundum
1813 4470 2053 4539 regulam
2109 4472 2372 4540 ipsorum,

2470 710 2577 773 uis,
2624 718 2679 763 et
2708 709 2931 773 erroris,
2978 718 3035 763 et
3072 710 3275 765 umbrae
3303 707 3635 781 progenies;
3675 706 4043 776 quemadmo-

2469 802 2597 855 dum
2640 802 2693 856 in
2732 816 2840 856 uno
2878 809 2938 857 et
2983 786 3169 857 eodem
3202 802 3376 873 potuit
3419 815 3540 857 esse
3570 799 3838 871 perfectio
3871 807 3929 853 et
3957 799 4043 854 di-

2472 891 2722 956 minutio,
2750 892 2959 962 agnitio
2984 900 3039 949 et
3065 893 3393 965 ignorantia,
3422 908 3579 949 error
3601 902 3657 947 et
3688 892 3924 955 veritas,
3950 889 4041 945 lux

2470 992 2525 1042 et
2550 986 2829 1042 tenebrae?
2854 985 2910 1041 Si
2943 996 3125 1041 autem
3159 986 3213 1042 in
3242 988 3525 1058 prophetis
3551 986 3892 1059 impossibile
3919 994 4040 1041 erat

2476 1078 2588 1133 hac
2618 1078 2691 1131 ita
2719 1092 2865 1141 esse,
2898 1078 2993 1135 sed
3019 1076 3085 1132 ab
3114 1093 3223 1134 uno
3252 1077 3364 1134 Deo
3393 1079 3620 1135 verbum
3647 1079 3866 1135 Domini
3896 1090 4039 1148 pra-

2470 1168 2783 1233 couabant,
2830 1177 2886 1223 et
2933 1170 3220 1225 adventum
3262 1170 3386 1226 Filii
3432 1172 3552 1241 eius
3592 1172 4035 1235 annuntiahaut;

2473 1257 2642 1313 multo
2670 1258 2839 1331 magis
2868 1257 3128 1316 Dominus
3158 1260 3274 1330 ipse
3309 1277 3583 1331 nunquam
3614 1263 3777 1318 modo
3805 1262 4035 1334 quidem

2472 1346 2537 1403 de
2585 1348 2898 1417 principali,
2948 1348 3107 1403 modo
3157 1364 3291 1404 vero
3324 1351 3391 1406 de
3442 1350 3684 1421 subjecta
3718 1350 4039 1407 deminora-

2474 1439 2619 1494 tione
2646 1439 2865 1496 fecisset
2890 1454 3191 1509 sermones,
3228 1450 3286 1498 et
3313 1441 3606 1513 agnitionis
3630 1452 3685 1499 et
3717 1444 4043 1510 ignorantia

2471 1530 2629 1585 simul
2660 1529 2838 1587 factus
2867 1532 3167 1604 magister;
3211 1549 3311 1592 nec
3345 1550 3585 1605 unquam
3617 1536 3778 1607 modo
3812 1536 4039 1605 quidem

2474 1620 2657 1675 mundi
2701 1620 3115 1690 fabricatorem,
3149 1626 3308 1681 modo
3353 1635 3533 1681 autem
3562 1642 3707 1688 eum.
3753 1626 3847 1697 qui
3873 1642 4044 1695 super

2472 1712 2617 1767 hunc
2646 1722 2748 1773 est.
2783 1713 3116 1785 gloriﬁcaret
3140 1716 3381 1783 Patrem,
3429 1718 3887 1789 quemadmodum
3920 1718 4042 1787 ipse

2473 1807 2587 1863 ait:
2621 1825 2640 1859 ε
2668 1806 2840 1864 Nemo
2862 1809 3103 1865 immittit
3131 1812 3547 1867 commissuram
3573 1812 3887 1869 vestimenti
3912 1812 4038 1868 novi

2400 1876 2443 1932 Β
2474 1900 2529 1956 in
2565 1904 2944 1958 vestimentum
2979 1912 3163 1970 vetus,
3213 1919 3313 1961 nec
3358 1906 3575 1960 mittunt
3605 1907 3790 1961 vinum
3841 1920 4042 1960 novum

2474 1992 2526 2046 in
2553 2001 2703 2048 utres
2735 2002 2944 2051 veteres
2974 1994 3040 2049 ⁸³.
3077 2013 3096 2047 ι
3127 1996 3297 2067 Igitur
3330 2004 3424 2051 aut
3469 1997 3781 2052 omnimodo
3829 2006 3885 2053 et
3938 1996 4043 2069 ipsi

2472 2082 2780 2139 abstineant
2805 2098 2865 2139 se
2886 2099 2917 2139 a
2946 2085 3245 2155 prophetis,
3280 2094 3538 2155 tanquam
3568 2099 3599 2140 a
3630 2086 3909 2141 veteribus
3934 2102 3951 2149 ;
3986 2095 4044 2142 et

2475 2188 2581 2229 non
2634 2174 2835 2237 dicant,
2887 2190 2982 2232 eos
3028 2176 3098 2231 ab
3144 2190 3208 2231 ea
3260 2176 3523 2242 novitate,
3574 2192 3694 2248 quae
3741 2179 4041 2235 secundum

2472 2263 2927 2334 principalitatem
2954 2275 3058 2331 est,
3104 2267 3351 2335 quedam
3389 2266 3613 2332 dixisse,
3660 2268 3979 2337 prmissos
4010 2282 4041 2323 a

2475 2354 2801 2424 Demiurgo:
2859 2364 2951 2411 aut
2999 2370 3189 2412 rursus
3234 2365 3535 2426 arguuntur
3568 2356 3681 2427 ιιι)
3728 2374 3759 2412 a
3811 2356 4041 2413 Domino

2473 2446 2725 2512 dicente,
2782 2464 2801 2495 ι
2858 2460 3057 2501 novum
3106 2446 3289 2502 viuum
3335 2463 3439 2503 oon
3477 2448 3617 2505 mitti
3660 2450 3715 2505 in
3749 2459 3901 2505 utres
3946 2465 4042 2505 ve-

2474 2544 2642 2592 teres.
2684 2556 2703 2589 ι

2545 2633 2601 2688 3.
2643 2631 2794 2689 Unde
2840 2642 3021 2690 autem
3074 2649 3257 2690 semen
3307 2630 3494 2690 Matris
3540 2635 3786 2705 ipsorum
3828 2644 4042 2707 poterat

2476 2737 2809 2795 cognoscere
2857 2738 2939 2787 ea,
2987 2739 3111 2794 quas
3156 2735 3314 2782 erant
3348 2729 3489 2785 intra
3540 2726 3822 2794 Pleroma,
3857 2744 4043 2784 sacra-

2473 2826 2679 2882 menta,
2720 2825 2776 2872 et
2804 2816 2872 2872 de
2904 2817 2991 2874 his
3026 2817 3250 2887 eloquii
3281 2820 3560 2890 Siquidem
3603 2830 3756 2877 extra
3790 2822 4042 2877 Pleroma

2475 2912 2746 2966 exsistens
2794 2910 2987 2979 Mater,
3037 2912 3247 2981 peperit
3280 2912 3385 2969 hoc
3421 2914 3597 2984 ipsum
3635 2930 3817 2972 semen
3847 2934 3863 2984 ;
3896 2916 4042 2985 quod

2477 3009 2658 3056 autem
2686 3011 2841 3057 extra
2873 3001 3123 3059 Pleroma
3163 3014 3289 3068 est,
3337 3015 3489 3060 extra
3536 3006 3867 3078 agnitionem
3918 3021 4043 3063 esse

2478 3094 2686 3158 dicunt,
2735 3096 2880 3165 quod
2930 3104 3015 3151 est
3067 3096 3395 3166 ignorantia.
3440 3098 3722 3165 Quomodo
3771 3099 3932 3167 igitur
3961 3099 4038 3163 id,

2477 3188 2617 3254 quod
2640 3196 2757 3240 erat
2787 3184 3117 3255 ignorantia,
3138 3201 3320 3242 semen
3346 3198 3689 3257 conceptum,
3714 3190 4045 3261 agnitionem

2476 3275 2800 3330 annuntiare
2821 3278 3071 3345 poterat?
3096 3277 3205 3333 Aut
3228 3282 3681 3349 quemadmodum
3710 3282 3825 3351 ipsa
3849 3281 4043 3343 Mater.

2476 3384 2678 3437 eaque
2711 3377 2869 3423 erant
2901 3368 3245 3438 Pleromatis,
3278 3375 3645 3442 cognoscebat
3670 3382 4046 3436 sacramenta.

2477 3460 2728 3514 informis
2773 3470 2831 3514 et
2880 3460 3191 3532 inligurata,
3230 3468 3385 3533 quasi
3444 3464 3751 3518 abortivum
3805 3463 4047 3533 proiecta

2476 3552 2647 3615 foras,
2677 3561 2732 3605 et
2777 3550 2848 3607 ibi
2878 3560 3060 3621 aptata
3088 3562 3141 3607 et
3171 3553 3426 3618 formata,
3480 3564 3532 3607 et
3569 3554 3636 3608 ab
3674 3554 3817 3609 Horo
3861 3556 4047 3625 prohi-

2476 3641 2585 3695 bita
2614 3641 2845 3695 interius
2872 3641 3102 3711 ingredi,
3137 3653 3191 3697 et
3222 3658 3393 3713 usque
3414 3646 3481 3697 ad
3506 3648 4041 3700 consummationem

2474 3743 2627 3787 extra
2660 3730 2905 3787 Pleroma
2935 3746 3309 3801 perseverans,
3354 3737 3405 3789 id
3464 3748 3546 3791 est
3599 3746 3753 3791 extra
3800 3738 4041 3805 agnitio-

2478 3827 2646 3881 nem?
2678 3825 2839 3896 277
2874 3825 3083 3879 Rursus
3120 3839 3299 3883 autem
3335 3830 3646 3897 passionem
3698 3828 3914 3883 Domini
3963 3840 4041 3900 ty-

2478 3933 2602 3987 pum
2662 3933 2785 3975 esse
2832 3921 3076 3976 dicentes
3122 3922 3453 3977 extensioois
3484 3922 3684 3977 Christi
3721 3924 4044 3992 superioris,

2477 4026 2582 4082 qua
2616 4023 2875 4067 extensus
2922 4012 3066 4069 Horo
3108 4014 3220 4085 (15)
3254 4013 3511 4068 formavit
3548 4027 3734 4069 eorum
3777 4012 4041 4078 Matrem;

2476 4102 2531 4157 in
2561 4104 2793 4172 reliquis
2816 4116 3148 4173 arguuntur,
3206 4120 3314 4161 non
3346 4106 3609 4161 habentes
3633 4106 4045 4162 similitudinem

2480 4196 2587 4266 typi
2612 4194 2722 4267 (l6)
2739 4198 3048 4252 ostendere.
3082 4197 3179 4254 Ubi
3194 4198 3337 4253 enim
3370 4213 3583 4252 sursum
3606 4197 3860 4253 Christus
3892 4210 4047 4255 aceto

2478 4296 2532 4338 et
2561 4286 2684 4339 felle
2714 4294 2930 4353 potatus
2960 4287 3089 4340 est?
3117 4295 3207 4339 aut
3240 4286 3330 4339 ubi
3360 4286 3526 4340 divisa
3560 4296 3683 4341 sunt
3715 4289 4045 4345 vestimenta

2480 4376 2641 4445 eius?
2686 4388 2778 4429 aut
2832 4376 2921 4429 ubi
2964 4386 3197 4444 punctus
3251 4384 3356 4442 est,
3411 4389 3466 4431 et
3509 4377 3676 4432 exivit
3729 4380 3951 4448 sanguis
3992 4388 4047 4433 et

2480 4469 2664 4538 aqua?
2696 4478 2785 4522 aut
2817 4469 2904 4522 ubi
2940 4478 3121 4538 guttas
3154 4469 3433 4539 sanguinis
3470 4469 3724 4524 sudavit?
3755 4480 3811 4525 et
3843 4471 4045 4540 reliqua

810 4556 1045 4628 spiritus
1096 4555 1265 4621 lucis,
1314 4568 1367 4613 et
1420 4558 1655 4628 Spiritus
1703 4563 1984 4628 veritatis,
2034 4572 2089 4617 et
2138 4562 2374 4635 Spiritus
2405 4576 2454 4638 ι)
2480 4575 2813 4633 quaecunque
2838 4557 3066 4616 Domino
3096 4560 3431 4627 acciderunt,
3461 4561 3528 4615 de
3559 4561 3760 4631 quibus
3794 4563 4046 4618 dixerunt

858 4732 900 4764 δ’
941 4732 1072 4799 Cap.
1116 4730 1305 4787 ωαχ.
1394 4736 1439 4767 ⁸³
1471 4734 1605 4789 Luc.
1637 4751 1688 4801 v,
1714 4734 1803 4803 36,
1830 4736 1916 4791 57.

913 4938 995 5002 Μ)
1024 4937 1315 4992 Audacem.
1348 4938 1503 4993 Deest
1528 4942 1579 4993 in
1610 4938 1847 4995 Clarom.
1877 4948 1931 4995 et
1956 4938 2110 4996 Voss.

910 5008 991 5079 ll)
1024 5009 1428 5079 annuntiarent.
1457 5011 1565 5070 AL.
1594 5013 2023 5077 pramuutiarent.

910 5075 995 5149 lg)
1028 5075 1619 5149 graprios...{uturumv.
1653 5081 1855 5133 Desunt
1884 5080 1938 5133 in
1976 5079 2131 5135 Voss.

1031 5145 1509 5219 Prophetiis,vqitaf.
1541 5149 1645 5212 AL,
1676 5151 1965 5217 prapltetis,
1997 5152 2108 5219 qui.

911 5218 997 5287 14)
1035 5219 1360 5283 Arguuntur.
1395 5218 1562 5287 Edit.,
1594 5230 1898 5287 urguentur.

915 5286 997 5359 l5)
1041 5287 1158 5359 Quo
1190 5297 1429 5359 extensus
1460 5286 1626 5341 Hora.
1662 5286 1756 5342 ’lta
1800 5304 1896 5357 pro
1934 5306 2091 5359 quam
2132 5300 2373 5343 extensus

820 5356 1025 5422 Horon,
1066 5356 1148 5408 vel
1182 5356 1334 5417 hora,
1365 5368 1423 5411 ut
1448 5367 1703 5425 corrupte
1745 5356 1956 5413 habent
1974 5366 2161 5413 omnes
2189 5361 2372 5424 codd.,

820 5428 1071 5489 emendo,
1104 5440 1211 5479 non
1245 5428 1461 5494 quidem
1486 5427 1649 5481 ullius
1674 5444 1777 5482 ms.
1800 5430 2005 5484 codicis
2032 5430 2376 5491 auctoritate,

820 5498 912 5552 scd
946 5513 1010 5551 ex
1046 5499 1159 5565 ipso
1192 5496 1420 5562 lreumo,
1451 5498 1542 5566 qui
1577 5498 1628 5550 in
1662 5497 1783 5551 aliis
1815 5497 1949 5553 locis
1980 5500 2167 5553 iisdem
2199 5498 2379 5553 verbis

820 5576 873 5622 et
900 5567 1088 5621 eodem
1122 5580 1283 5619 sensu
1314 5583 1444 5622 usus
1481 5578 1583 5622 est.
1619 5566 1755 5621 Nam
1788 5582 1946 5635 supra
1972 5569 2064 5623 lib.
2104 5584 2141 5631 ι,
2171 5584 2293 5637 cap.
2318 5567 2374 5631 ι,

821 5654 879 5707 n_.
946 5637 1016 5698 Ι,
1077 5637 1267 5690 scribit
1318 5640 1586 5691 misertum
1652 5640 2002 5693 Achamotha:
2061 5640 2381 5707 superiorem

821 5705 1115 5770 Christum,
1157 5716 1201 5759 et
1241 5722 1333 5771 per
1373 5724 1574 5760 crucem
1602 5718 1893 5772 extensum,
1926 5724 2020 5761 sua
2050 5705 2238 5760 virtute
2270 5707 2381 5775 for-

824 5793 995 5846 mam:
1029 5777 1279 5845 formam,
1310 5787 1415 5831 etc.
1462 5779 1593 5842 Quae
1626 5780 1813 5830 eadem
1848 5779 2038 5845 repetit
2082 5794 2200 5846 cap.
2230 5778 2281 5837 7,
2327 5794 2380 5827 η.

823 5845 878 5905 ‘3.
914 5848 1054 5903 circa
1081 5849 1218 5903 mcd.
1250 5849 1510 5905 Exteusus
1539 5848 1699 5919 igitur
1725 5847 1865 5902 lloro
1892 5849 2129 5902 Iormavit
2153 5845 2378 5901 matrem

2472 4941 2792 4997 Achamoth.
2820 4939 2886 4996 Et
2910 4939 3005 4996 lib.
3040 4955 3101 5006 ιι,
3135 4954 3255 5004 cap.
3286 4937 3453 4999 18.'n.
3481 4937 3549 5008 5A:
3586 4936 3800 5003 Utrum,
3850 4940 4047 5008 inquit,

2470 5016 2513 5065 is
2547 5014 2637 5081 qui
2683 5015 2746 5081 ob
2794 5012 2898 5064 illis
2938 5010 3206 5080 afﬁngitur
3240 5024 3449 5081 sursum
3493 5006 3758 5081 Christus,
3793 5006 4051 5076 supera—

2474 5078 2651 5134 teusus
2682 5079 2851 5145 Hora,
2883 5082 2939 5133 id
2967 5078 3043 5135 est
3068 5078 3191 5147 ﬁni,
3220 5088 3265 5132 et
3290 5078 3535 5145 formavit
3579 5095 3759 5132 eorum
3788 5081 4051 5133 matrem!

2476 5151 2605 5217 Quae
2648 5152 2837 5205 eadem
2873 5151 3035 5204 verba
3083 5157 3210 5203 sunt
3257 5162 3377 5215 quae
3424 5147 3511 5199 hic
3559 5150 3780 5202 adhibet
3810 5167 3822 5202 :
3851 5152 4048 5217 quibus

2477 5216 2597 5275 luce
2627 5222 2831 5275 clarius
2860 5221 3265 5274 demonstratur
3290 5226 3490 5271 nostra:
3519 5216 3769 5273 lectionis
3800 5216 4005 5272 veritas
4032 5237 4044 5271 :

2479 5306 2601 5343 cum
2626 5291 2857 5343 maxime
2889 5289 3018 5342 nihil
3051 5288 3390 5358 frequentius
3413 5288 3464 5340 in
3490 5303 3640 5351 mss.,
3662 5292 3737 5342 uti
3764 5290 3880 5358 jam
3918 5290 4039 5342 alibi

2482 5361 2689 5422 monui,
2725 5359 2971 5413 ablativis
2999 5359 3051 5411 in
3076 5358 3439 5420 accusativus,
3469 5367 3523 5410 et
3552 5359 3670 5411 vice
3704 5372 3892 5422 versa,
3922 5376 4045 5425 per-

2484 5443 2669 5497 peram
2722 5429 2920 5482 additis
2975 5438 3069 5480 aut
3115 5428 3335 5482 omissis
3383 5427 3815 5483 abbreviatiouis
3868 5431 4046 5491 notis,

2483 5498 2861 5560 commutatis;
2904 5511 2970 5551 ac
3012 5497 3239 5566 proinde
3276 5499 3515 5564 proclive
3561 5497 3727 5553 fuerit
3776 5501 4043 5562 scribere,

2483 5583 2640 5636 quam
2672 5567 2873 5633 Har-on,
2902 5582 2998 5635 pro
3032 5584 3135 5634 qua
3168 5566 3336 5620 Hora.

2558 5638 2667 5706 (l6)
2711 5636 2832 5689 Non
2866 5638 3202 5691 habentem...
3248 5637 3378 5705 typi.
3432 5636 3759 5693 Particulam
3812 5638 3929 5706 jun-
3963 5639 4046 5690 bis

2489 5704 2711 5760 vocibus
2762 5710 3035 5771 praeﬁxum
3086 5707 3243 5761 omisi
3274 5704 3425 5759 lcum
3482 5707 3718 5762 Clarom.
3764 5718 3819 5762 et
3862 5704 4041 5765 νοω..

2486 5792 2713 5847 quorum
2768 5780 2985 5843 insuper
3031 5777 3358 5833 auctoritate
3400 5780 3507 5845 typi
3544 5795 3641 5846 pro
3698 5790 3877 5847 typum
3916 5791 4037 5831 cum

2491 5846 2690 5903 Grabio
2726 5848 2899 5916 posui.
