4222 6320
195 349 332 410 1089
1346 353 1628 412 CONTRA
1666 354 2008 416 HﬁRESES
2044 353 2172 413 LIB.
2210 351 2300 410 IV.
3295 353 3427 411 I090

190 467 486 540 prophetae.
525 464 676 523 Unde
701 481 833 539 ergo
862 486 929 523 tre
950 485 1026 524 πε
1050 486 1171 538 qua:
1210 483 1341 525 tunc
1371 470 1590 541 quidem
1619 487 1754 528 nono
1779 479 1830 537 Α
2346 484 2576 545 CAPUT
2617 483 2850 549 xxxv]
2862 490 2931 546 οι,

189 557 318 615 dum
366 568 659 616 evenerant
688 557 834 630 (Π),
890 557 1226 629 incipiebant
1274 567 1454 615 autem
1507 561 1756 628 evenire,

187 659 282 704 aut
308 647 501 718 Mater,
537 660 630 706 aut
654 663 841 706 semen
870 647 989 719 eius
1027 649 1336 706 divinavit?

260 759 314 816 4.
348 761 536 816 Adhuc
567 761 731 816 etiam
759 773 926 830 super
951 761 1071 816 haec
1095 760 1288 816 dicunt
1313 759 1537 832 quidem
1557 775 1584 814 a
1605 762 1755 831 prin-

188 851 462 923 cipalitate
503 852 748 923 quaedam
793 851 978 918 dicta,
1026 850 1292 908 confutati
1355 851 1424 907 ab
1482 852 1577 915 iis.
1636 866 1758 922 qua
1928 862 1983 920 l.
2011 860 2184 930 Quem
2213 859 2361 917 enim
2406 874 2513 915 non
2558 858 2805 916 confutat
2836 860 3116 926 Dominus,
3145 875 3324 933 neque
3357 862 3428 916 ub

187 939 244 996 in
275 941 574 1012 Scripturis
619 942 685 997 de
723 938 930 998 Christi
975 941 1211 996 adventu
1261 940 1588 998 referuntur.
1624 941 1756 1010 Quae
1855 952 2028 1009 ειιειιο
2057 954 2240 1008 dicere
2267 951 2583 1022 propheta,
2616 953 2718 1009 nisi
2748 969 2777 1008 α
2807 951 2968 1010 patre
2991 951 3130 1023 ejus,
3158 967 3331 1022 neque
3355 951 3428 1009 ει)

186 1043 373 1087 autem
417 1033 526 1088 sint
563 1031 677 1088 haec
701 1030 838 1102 (l8),
873 1045 978 1086 non
1018 1029 1132 1100 jam
1164 1047 1330 1087 unum
1363 1035 1625 1096 sentiunt.
1660 1035 1756 1089 sed

1856 1045 1962 1101 alia
1994 1053 2050 1101 et
2087 1045 2191 1101 alia
2223 1043 2529 1102 substantia
2559 1043 2696 1116 (25),
2747 1044 2842 1100 sed
2891 1044 2959 1100 ab
2996 1059 3103 1099 uno
3140 1053 3196 1100 et
3231 1047 3427 1101 eodem

187 1121 284 1178 alii
312 1122 418 1178 alia
450 1123 515 1179 de
544 1123 631 1178 his
665 1123 798 1192 ipsis
831 1121 1186 1192 respondeant.
1235 1121 1294 1178 Si
1326 1124 1449 1194 quis
1485 1125 1630 1180 enim
1658 1139 1755 1180 ex-
1854 1137 2044 1204 Ριιι-ο,
2078 1151 2253 1207 neque,
2299 1135 2466 1192 alium
2519 1135 2754 1206 aliquem
2787 1151 2849 1192 ea
2897 1151 3016 1206 quae
3049 1144 3175 1192 sunt
3222 1136 3275 1191 in
3321 1136 3428 1192 hoe

183 1217 556 1287 perimentum
586 1229 777 1271 eorum
807 1215 1002 1271 volens
1030 1214 1300 1284 accipere,
1335 1218 1630 1287 separatim
1663 1218 1753 1272 in-

1855 1230 2062 1286 mundo
2113 1229 2330 1295 fecisse,
2389 1227 2495 1283 nisi
2546 1242 2702 1284 suum
2756 1225 2997 1296 Patrem,
3051 1227 3249 1282 docens
3298 1227 3422 1284 sic:

187 1318 432 1382 terroget
473 1309 540 1364 de
591 1307 774 1378 aliquo
822 1321 1074 1365 sermone
1109 1322 1230 1375 θοι.
1275 1309 1370 1378 (Illi
1421 1309 1754 1367 θιεεηθηιθί
1863 1339 1882 1374 ι
1917 1318 2092 1376 Romo
2140 1329 2260 1376 erat
2312 1319 2534 1390 quidam
2583 1317 3018 1390 paterfamilias,
3059 1327 3116 1374 et
3159 1320 3427 1390 plantavit

185 1402 301 1458 sint
326 1399 467 1472 apud
493 1413 616 1464 eos;
652 1399 893 1456 inveniet
918 1398 1085 1454 alium
1116 1399 1333 1469 quidem
1382 1399 1652 1456 dicentem
1688 1402 1756 1458 de
1855 1411 2100 1473 vineam,
2145 1419 2201 1464 et
2249 1423 2430 1477 sepem
2477 1409 2838 1467 circumdedit
2871 1410 2961 1472 ei,
3001 1417 3055 1462 et
3099 1409 3234 1464 fodit
3277 1409 3426 1465 inea

183 1491 510 1564 Propatore,
543 1493 596 1548 id
625 1502 704 1548 est
748 1491 816 1547 de
845 1491 1042 1564 Bytho,
1075 1507 1200 1550 esse
1241 1493 1296 1548 id
1339 1494 1484 1565 quod
1514 1495 1755 1551 interro-

1857 1502 2119 1567 torcular,
2146 1510 2201 1558 et
2225 1499 2516 1556 aediﬁcavit
2541 1499 2762 1565 turrim,
2792 1507 2848 1555 et
2883 1499 3084 1555 locavit
3116 1513 3236 1555 eam
3280 1501 3428 1555 colo-

184 1595 379 1657 getur;
416 1583 579 1641 alium
619 1601 750 1641 vero
789 1587 858 1642 de
895 1583 1056 1641 initio
1103 1585 1370 1652 omnium,
1417 1585 1470 1641 id
1523 1596 1630 1657 est,
1688 1587 1754 1643 de

1859 1596 1966 1662 nis,
1994 1606 2052 1653 et
2081 1609 2308 1667 peregre
2339 1592 2620 1665 profectus
2664 1603 2772 1649 est.
2823 1593 2957 1649 Cum
3003 1603 3188 1648 autem
3229 1607 3429 1664 appro-

185 1675 516 1749 Unigenito;
561 1676 799 1733 alterum
850 1692 979 1733 vero
1012 1677 1080 1734 de
1118 1675 1281 1732 Patre
1327 1677 1594 1741 omnium,
1654 1680 1756 1733 hoc
1857 1690 2178 1759 ρῑηίιυειεεθι
2218 1697 2430 1755 tempus
2463 1684 2757 1748 l‘mctuum,
2788 1684 2936 1740 misit
2981 1692 3172 1740 servos
3202 1699 3330 1740 suos
3358 1683 3426 1739 ad

181 1779 272 1828 est
299 1772 366 1826 de
401 1770 577 1826 Verbo
604 1769 754 1841 (i9);
797 1769 936 1824 alter
964 1785 1155 1826 rursus
1183 1770 1326 1824 dicet
1348 1768 1413 1824 de
1443 1784 1549 1826 uno
1579 1768 1758 1826 liene
1789 1828 1828 1848 η

1757 1798 1758 1803 π
1789 1828 1828 1848 ,η
1858 1782 2103 1846 colonos,
2133 1787 2194 1833 ut
2225 1777 2532 1848 acciperent
2564 1775 2632 1831 de
2653 1775 2916 1833 fructibus
2959 1777 3094 1832 suis.
3129 1776 3196 1831 Et
3217 1776 3424 1846 coloni,

180 1877 396 1927 eorum,
436 1862 526 1933 qui
575 1828 711 1916 sunt,
740 1828 804 1914 in
858 1857 1169 1914 Pleromate
1207 1855 1434 1926 IEones,
1482 1859 1622 1924 dici;
1664 1858 1753 1914 alii
1786 1828 1828 1884 Β

1786 1828 1828 1884 Β
1856 1828 2212 1941 ageses.
2226 1828 2626 1932 '.‘.‘.':{.;'.'.‘.;.J
2650 1828 3243 1937 ges...1.;a.;..:.‘.;
3255 1828 3424 1920 an;

182 1963 366 2010 autem
395 1953 462 2009 de
490 1951 730 2015 Christo.
761 1961 813 2006 el
840 1949 977 2005 είίυε
1009 1948 1077 2006 de
1101 1947 1407 2007 εδινεῑοτθ·
1441 1951 1542 2017 (illi
1572 1959 1752 2006 amem
1857 1970 2036 2014 autem
2064 1957 2464 2028 lapidaverunt,
2499 1955 2665 2011 alium
2698 1969 2828 2012 vero
2854 1956 3192 2012 occiderunt.
3225 1955 3426 2011 iterum

1859 623 1936 678 Ab
1975 638 2080 677 uno
2106 631 2157 677 et
2186 621 2366 677 eodem
2400 619 2561 692 Patre
2584 621 2774 679 missos
2793 636 2906 676 esu
2931 619 3236 690 prophetas,
3264 638 3297 677 a
3322 622 3429 692 quo

2302 702 2352 746 et
2384 690 2628 746 Christus
2655 693 2845 746 missus
2874 699 2973 746 est.

183 2046 406 2103 illorum
446 2046 673 2117 peritior
719 2056 826 2111 est,
878 2053 1233 2114 posteaquam
1284 2044 1514 2100 multum
1567 2055 1755 2102 tacens
1856 2053 2009 2108 misit
2039 2049 2174 2105 alios
2204 2064 2391 2105 servos
2431 2049 2612 2120 plures
2641 2047 2948 2116 prioribus;
2977 2055 3032 2102 et
3059 2046 3308 2102 fecerunt
3335 2049 3420 2102 eis

181 2138 537 2208 Ιποιηιθΐίιο
569 2137 636 2191 de
678 2134 824 2190 Ηοτο
869 2136 948 2189 θίῑ
990 2134 1194 2192 diem!“
1238 2152 1392 2203 esse;
1443 2137 1584 2194 ειίυε
1625 2153 1756 2193 vero
1856 2143 2129 2201 similiter.
2160 2138 2467 2197 Novissime
2501 2150 2683 2195 autem
2733 2140 2880 2195 misit
2927 2140 3008 2195 eis
3054 2137 3222 2194 lilium
3268 2155 3428 2194 suum

180 2244 331 2296 eam,
360 2243 480 2299 quae
504 2237 587 2284 est
618 2229 761 2283 intra
790 2225 1219 2295 Plenitudinem,
1248 2227 1509 2298 Sophiam
1538 2229 1753 2299 signifi-
1857 2235 2075 2291 unicum
2097 2233 2238 2305 (24),
2271 2233 2458 2289 dicens
2491 2250 2504 2287 :
2537 2231 2705 2288 Forte
2741 2232 3080 2288 verebuntur
3108 2230 3224 2302 (25)
3253 2230 3425 2286 illium

181 2322 337 2388 cari;
369 2321 509 2376 alius
539 2334 667 2376 vero
694 2319 861 2386 illam,
892 2335 1012 2390 qute
1039 2330 1193 2376 extra
1213 2318 1622 2378 Plenitudinem
1645 2332 1754 2388 est,
1857 2341 2060 2381 meum.
2102 2323 2290 2380 Coloni
2335 2337 2466 2380 vero
2496 2338 2618 2378 cum
2650 2321 2914 2378 vidissent
2955 2322 3123 2376 filium
3172 2321 3430 2377 dixerunt

180 2410 413 2468 Matrem
464 2410 814 2476 annuntiari;
867 2419 921 2466 et
967 2411 1108 2467 alius
1150 2412 1335 2467 mundi
1368 2411 1752 2469 fabricatorem
1857 2419 2000 2472 intra
2031 2431 2134 2473 se:
2167 2416 2268 2474 llic
2313 2423 2397 2472 est
2447 2415 2644 2482 hzeres,
2691 2414 2896 2480 venite,
2931 2414 3246 2469 occidamus
3276 2429 3426 2480 eum,

180 2501 356 2559 Deum
385 2503 498 2575 (20)
529 2504 690 2558 dicet.
721 2499 910 2558 Tanta:
953 2513 1078 2559 sunt
1123 2505 1189 2560 de
1219 2519 1328 2560 uno
1367 2503 1512 2560 inter
1540 2520 1635 2562 eos
1672 2507 1756 2563 di-
1855 2519 1912 2565 et
1955 2508 2275 2564 habebimus
2311 2507 2684 2564 hmreditatem
2723 2505 2841 2574 eius
2874 2521 2891 2562 :
2927 2515 2981 2562 et
3026 2506 3426 2576 apprehensum

181 2598 496 2662 versitates,
543 2597 608 2650 de
653 2595 845 2650 iisdem
903 2592 1205 2664 Scripturis
1257 2596 1439 2652 varias
1488 2597 1754 2654 habentes
1855 2612 1980 2654 eum
2021 2595 2302 2666 eiecerunt
2343 2606 2499 2652 extra
2544 2596 2785 2663 vineam,
2819 2603 2876 2651 et
2915 2594 3234 2651 occiderunt
3273 2610 3418 2648 enm.

181 2688 516 2752 sententias;
564 2697 617 2743 et
648 2703 756 2742 uno
797 2686 1099 2758 eodemque
1128 2701 1383 2743 sermone
1424 2688 1584 2755 lecto,
1629 2690 1754 2744 uni-
1855 2687 1992 2745 Cum
2019 2703 2148 2759 ergo
2173 2687 2384 2744 venerit
2411 2687 2664 2742 dominus
2693 2687 2866 2743 vinem
2885 2726 2902 2753 ,
2931 2687 3062 2759 quid
3092 2684 3255 2742 faciet
3277 2690 3426 2740 colo.

179 2779 330 2834 versi
385 2777 635 2833 obductis
699 2775 1005 2847 superciliis
1060 2776 1329 2846 agitantes
1372 2777 1489 2848 (2i)
1531 2778 1753 2850 capita,
1857 2783 1943 2839 nis
1972 2781 2115 2837 iiiis?
2146 2782 2210 2838 Et
2251 2781 2513 2837 dixerunt
2563 2780 2640 2836 illi
2667 2799 2682 2834 :
2711 2779 2882 2836 Malos
2927 2780 3065 2836 male
3111 2779 3324 2851 perdet,
3373 2789 3423 2834 et

181 2868 345 2924 valde
367 2869 583 2939 quidem
605 2867 867 2923 altissime
896 2880 956 2921 se
981 2866 1184 2922 habere
1206 2881 1511 2923 sermonem
1542 2870 1753 2933 dicunt,
1855 2876 2068 2931 vineam
2099 2888 2253 2931 suam
2305 2873 2506 2928 locahit
2554 2871 2678 2928 aliis
2721 2870 2960 2936 colonis,
2988 2872 3082 2942 qui
3121 2872 3346 2927 reddent
3376 2873 3424 2926 ei

181 2976 294 3015 non
325 2969 504 3014 autem
538 2973 728 3014 omnes
769 2972 967 3029 capere
1002 2958 1429 3029 magnitudinem
1457 2959 1754 3029 ejusinlel-
1857 2969 2066 3023 lructus
2117 2964 2450 3036 temporibus
2501 2965 2639 3020 suis.
2686 2963 2891 3020 lterum
2933 2964 3069 3020 dicit
3120 2962 3423 3018 Dominus:

179 3051 380 3116 lectus,
423 3052 511 3121 qui
558 3051 754 3105 ibidem
801 3049 1148 3116 continetur;
1181 3058 1237 3105 et
1270 3059 1492 3122 propter
1522 3051 1646 3115 hoc,
1679 3050 1755 3106 si-

1857 3060 2144 3130 Nunquam
2195 3055 2734 3130 legistis:Lapidem
2782 3070 2944 3126 quem
2994 3055 3428 3126 reprohaveruut

179 3143 409 3197 lentinm
444 3144 738 3198 maximam
769 3157 880 3198 rem
910 3157 1035 3198 esse
1065 3149 1209 3214 apud
1241 3144 1538 3215 sapientes.
1573 3142 1751 3215 Opor-
1781 3167 1824 3228 ο
1857 3152 2215 3218 tedillcantes,
2249 3149 2340 3204 hic
2381 3147 2557 3204 factus
2585 3155 2668 3202 est
2700 3147 2752 3202 in
2788 3153 2958 3217 caput
2988 3144 3207 3217 anguli?
3233 3145 3279 3200 Δ
3319 3148 3426 3202 Do-

180 3244 304 3290 tere
337 3234 451 3305 (22)
481 3236 627 3290 enim
664 3249 810 3300 eam,
840 3249 961 3304 quae
988 3235 1060 3290 sit
1087 3249 1327 3300 sursum,
1360 3234 1550 3305 Sigen,
1584 3251 1679 3307 per
1703 3237 1755 3293 id
1858 3240 2007 3295 mino
2056 3238 2232 3294 lactus
2280 3245 2394 3300 est,
2447 3247 2501 3291 et
2547 3243 2632 3291 est
2676 3233 2947 3289 mirabiiis
2987 3232 3102 3305 (26)
3155 3236 3211 3291 in
3254 3234 3428 3296 oculis

178 3326 331 3396 quod
364 3336 446 3381 est
471 3329 614 3395 apud
642 3341 738 3382 eos
765 3328 1066 3392 silentium,
1099 3326 1422 3383 deformari.
1452 3326 1544 3383 Sic
1570 3335 1752 3382 autem
1857 3328 2086 3387 nostris.
2123 3327 2353 3398 Propter
2380 3327 2527 3397 quod
2558 3325 2683 3394 dico
2715 3323 2888 3388 vobis,
2926 3325 3182 3393 quoniam
3211 3325 3428 3380 aufere-

179 3417 386 3472 aheunt
413 3431 623 3481 omnes.
672 3427 937 3487 quotquot
988 3427 1138 3482 sunt,
1177 3425 1357 3475 tantas
1389 3419 1457 3474 de
1512 3434 1620 3474 uno
1663 3432 1754 3489 ge-
1860 3437 1946 3481 tur
1975 3442 2004 3480 a
2035 3424 2187 3480 vobis
2221 3439 2449 3495 regnum
2492 3420 2613 3486 Dei,
2655 3430 2711 3476 et
2751 3418 2972 3474 dabitur
3004 3421 3151 3491 genti
3200 3420 3426 3477 facienti

182 3517 402 3565 stantes
428 3508 752 3574 sententias,
780 3509 832 3562 in
851 3506 1170 3563 abscondito
1189 3507 1427 3565 ferentes
1451 3524 1634 3568 secum
1659 3526 1755 3564 sua
1856 3517 2065 3573 {ructus
2095 3515 2206 3588 (2‘1)
2244 3514 2438 3585 ejus“.
2464 3531 2482 3565 ι
2514 3512 2621 3568 Per
2671 3527 2794 3583 qua:
2843 3512 3084 3566 ostendit
3139 3513 3428 3570 manifeste

180 3600 464 3656 acumina.
512 3599 648 3655 Cum
692 3600 860 3668 igitur
893 3599 1037 3654 inter
1083 3613 1178 3655 eos
1223 3602 1544 3657 convenerit
1588 3603 1654 3657 de
1687 3603 1755 3658 iis
1856 3606 2137 3677 discipulis
2185 3606 2299 3661 suis
2330 3619 2497 3660 unum
2546 3605 2765 3675 quidem
2795 3611 2852 3657 et
2894 3603 3148 3657 eumdem
3186 3614 3428 3673 patrem-

179 3707 309 3763 qua:
341 3693 396 3748 in
429 3689 730 3761 Scripturis
763 3701 891 3744 sunt
935 3691 1219 3760 praedicta,
1270 3701 1397 3747 tunc
1445 3701 1501 3746 et
1531 3708 1560 3747 a
1599 3693 1756 3749 nobis
1856 3697 2112 3762 familias,
2143 3697 2246 3751 hoc
2299 3705 2386 3750 est
2430 3696 2599 3750 Deum
2647 3693 2890 3757 Patrem,
2923 3692 3016 3762 qui
3061 3707 3157 3763 per
3185 3696 3422 3766 seipsutu

180 3783 646 3841 confutabuntur.
679 3781 792 3839 Non
834 3784 980 3838 enim
1021 3782 1159 3840 bene
1185 3785 1506 3852 sentientes,
1535 3786 1751 3842 interim
1855 3785 2038 3842 omnia
2085 3784 2259 3840 facit:
2291 3784 2472 3838 varios
2511 3798 2642 3838 vero
2673 3784 2970 3854 agricolas,
2999 3785 3264 3854 quosdam
3295 3785 3419 3854 qui-

180 3888 368 3932 tamen
419 3874 739 3945 semetipsos
784 3883 1052 3945 arguunt,
1091 3874 1158 3930 de
1197 3875 1386 3931 iisdem
1435 3878 1619 3933 verbis
1648 3894 1752 3932 non
1857 3877 1977 3933 dem
2008 3875 2453 3941 contumeliosos,
2477 3886 2533 3932 et
2558 3876 2845 3946 superbos,
2875 3875 3344 3941 etinfructuosos,
3368 3889 3426 3932 et

176 3969 616 4027 consentientes.
653 3965 762 4023 Nos
796 3976 980 4022 autem
1030 3983 1195 4022 unum
1240 3977 1298 4022 et
1344 3967 1522 4023 solum
1560 3984 1752 4023 verum
1855 3971 2022 4042 278
2073 3969 2284 4025 Domini
2337 3968 2748 4035 interfectores;
2795 3969 3057 4040 quosdam
3112 3983 3242 4024 vero
3298 3984 3425 4025 cum

179 4062 353 4118 Deum
412 4062 687 4117 doctorem
737 4068 1047 4130 sequentes,
1095 4067 1154 4116 et
1201 4059 1448 4131 regulam
1501 4060 1754 4116 veritatis
1854 4064 2004 4120 omni
2026 4062 2331 4118 obedientia
2357 4062 2651 4117 reddentes
2675 4059 2886 4116 fructus
2913 4060 3250 4131 temporibus
3272 4061 3421 4116 suis:

177 4155 448 4210 habentes
478 4152 596 4221 ejus
627 4164 931 4216 sermones,
965 4151 1034 4208 de
1064 4150 1258 4207 iisdem
1305 4165 1525 4222 semper
1559 4157 1752 4209 eadem
1854 4165 1912 4211 et
1935 4154 2184 4212 eumdem
2212 4154 2355 4209 hunc
2381 4150 2850 4223 patremfamilias,
2888 4152 3183 4222 aliquando
3202 4152 3423 4224 quidem

179 4245 417 4302 dicimus
456 4260 680 4312 omnes,
727 4257 891 4300 unum
942 4242 1114 4297 Deum
1161 4242 1436 4308 scientes,
1486 4241 1752 4299 factorem
1856 4246 2163 4302 mittentem
2211 4259 2423 4310 servos,
2455 4243 2752 4316 aliquando
2783 4243 3003 4314 quidem
3025 4243 3218 4299 Filium
3241 4258 3422 4298 suum.

181 4337 347 4407 hujus
374 4337 766 4403 universitatis,
792 4336 884 4406 qui
917 4336 1213 4406 prophetas
1241 4334 1413 4401 misit,
1443 4335 1538 4406 qui
1564 4335 1754 4392 eduxit
1853 4342 1899 4395 Α
1927 4356 2035 4412 quo
2065 4343 2231 4412 igitur
2257 4338 2418 4395 Patre
2466 4338 2665 4394 missus
2701 4335 2815 4409 (28)
2861 4346 2948 4393 est
2993 4335 3166 4393 Filius
3209 4338 3277 4391 ad
3325 4350 3426 4391 eos

178 4429 438 4501 Ρορυιυπι
473 4430 538 4485 de
569 4439 714 4484 lem!
742 4427 982 4499 Militi.
1027 4426 1118 4496 qui
1168 4426 1222 4481 in
1267 4427 1580 4483 novissimis
1621 4439 1754 4484 tem-
1853 4435 2096 4496 colonos,
2132 4433 2225 4505 qui
2275 4431 2675 4488 interfecerunt
2718 4444 2868 4496 eum,
2907 4430 2975 4484 ab
3020 4429 3123 4485 hoc
3152 4435 3207 4485 et
3252 4428 3422 4485 servi.

178 4525 406 4596 poribus
431 4521 626 4578 Filium
654 4537 812 4577 suum
847 4519 1238 4586 manifeslavit,
1269 4519 1345 4576 uti
1392 4519 1750 4578 confunderet
1781 4509 1826 4564 D
1855 4525 1962 4582 Sed
1991 4526 2161 4582 Filius
2182 4525 2405 4596 quidem
2435 4523 2588 4594 quasi
2623 4535 2654 4576 a
2693 4520 2858 4576 Patre
2885 4521 3109 4577 veniens
3135 4521 3421 4592 principali

183 4615 512 4681 incredulos,
545 4625 601 4669 et
641 4616 954 4684 exquireret
973 4613 1202 4683 iustitiae
1238 4612 1497 4667 fructum.
1856 4619 2202 4683 auctoritate,
2233 4617 2448 4673 dicebat
2479 4630 2496 4671 :
2533 4633 2552 4667 ι
2573 4613 2687 4686 Ego
2721 4622 2904 4670 autem
2947 4612 3075 4670 dico
3105 4614 3261 4670 vobis
3277 4614 3362 4669 “:
3396 4634 3417 4668 ι

269 4713 317 4745 ⁸⁵
339 4713 470 4783 Cap.
507 4709 669 4766 LXX.
744 4710 790 4742 ⁸⁸
819 4709 1010 4766 Matth.
1041 4723 1157 4774 xxi,
1185 4707 1256 4764 '55
1285 4715 1342 4763 et
1365 4722 1519 4777 seqq.
1595 4708 1641 4741 “
1662 4708 1852 4769 Matth.
1880 4728 1935 4781 ν,

770 4710 790 4742 ⁵
819 4709 1010 4766 Matth.
1041 4723 1157 4774 xxi,
1185 4707 1256 4764 '55
1285 4715 1342 4763 et
1365 4722 1519 4777 seqq.
1595 4708 1641 4741 “
1662 4708 1852 4769 Matth.
1880 4728 1935 4781 ν,
1961 4713 2054 4781 22,
2082 4711 2172 4780 28,
2201 4723 2256 4768 et
2286 4727 2437 4782 seqq.

281 4835 364 4897 Π)
410 4834 724 4888 Evenerant.
757 4833 842 4886 Al.
879 4841 1150 4887 veneram.
1850 4834 1906 4888 in
1941 4835 2062 4891 aliis
2108 4833 2346 4889 Matthaei
2379 4831 2536 4887 codd.
2587 4829 2733 4886 haud
2785 4829 2988 4897 legitur
3032 4827 3151 4892 ἱνα,
3181 4827 3421 4892 unicum,

281 4836 339 4890 l7
410 4835 724 4888 Evenerant.
757 4835 842 4886 Al.
879 4841 1150 4887 venerant.
1850 4835 1906 4888 in
1941 4835 2062 4891 aliis
2108 4835 2346 4889 Matthaai
2379 4835 2536 4887 codd.
2587 4835 2733 4886 haud
2786 4835 2988 4897 legitur

251 4835 364 4977 imi
405 4906 536 4969 Qum
576 4913 753 4958 autem
783 4903 886 4958 sint
925 4903 1060 4956 hac.
1095 4899 1346 4964 Scilicet,
1375 4915 1407 4952 a
1434 4900 1749 4969 principali-
1851 4912 1909 4960 ut
1931 4921 2041 4977 nec
2072 4903 2201 4977 ζςως
2229 4909 2386 4972 forte,
2419 4901 2564 4977 quod
2607 4916 2732 4956 mox
2762 4900 3028 4977 sequitur.

177 4969 288 5036 ιαιὲ
313 4969 473 5046 dicta.
526 5042 557 5046 _
856 5044 865 5046 _
1315 5038 1327 5046 .
1393 5036 1437 5046 η
1505 5038 1515 5046 _
1613 5039 1649 5046 __
1919 4975 2034 5046 (25)
2083 4969 2705 5046 EerebuuturfClarom.
2740 4969 3136 5046 reserabuntur.

251 5044 479 5119 (i9)__De
519 5042 681 5119 Patre
710 5044 993 5119 omnium,
1044 5048 1143 5119 hoc
1181 5049 1257 5094 est
1291 5038 1356 5093 de
1393 5036 1580 5119 i’erbo.
1613 5039 1750 5096 Ver-
1919 5036 2274 5119 (26)__Foctus
2299 5052 2400 5109 est,
2436 5037 3029 5119 el__¢8¢ntttifabiii8:.ila
3075 5036 3418 5119 antiquiores

177 5106 308 5172 buin
341 5106 591 5171 dicebant
629 5106 995 5169 Valentiniani
1049 5109 1263 5163 Patrem
1283 5110 1517 5162 omnium
1543 5125 1748 5175 eorum,
1848 5123 1900 5169 et
1925 5106 2181 5170 'mélioris
2216 5122 2356 5167 notae
2386 5106 2559 5167 codd.
2592 5111 2859 5176 Clarom.,
2890 5106 3046 5163 Voss.
3075 5115 3133 5162 et
3163 5106 3228 5161 ex
3261 5120 3416 5176 parte

175 5188 396 5256 quipost
411 5200 465 5239 se
479 5183 654 5256 futuri
668 5194 918 5256 essent,“
936 5183 1146 5238 initium
1167 5179 1604 5256 etiarnsationem
1630 5181 1752 5234 uni-
1848 5185 2080 5248 Arund.,
2133 5185 2185 5238 in
2228 5197 2336 5256 quo
2359 5181 2632 5256 pirabiijs
2657 5197 2678 5236 :
2703 5193 2938 5256 quorum
2993 5178 3278 5256 lectionem
3327 5192 3412 5230 se-

176 5247 672 5327 icrs'i_l_’le_rdrnati_s,
701 5253 961 5327 sup._lib.
983 5270 1021 5318 ι,
1053 5266 1174 5320 cap.
1205 5248 1302 5315 50,
1331 5264 1386 5306 n.
1413 5250 1461 5303 Ι.

1849 5269 2008 5323 quor,
2047 5247 2152 5310 non
2180 5247 2321 5327 quod
2348 5250 2542 5307 Greco
2559 5247 2849 5327 Evangelii
2882 5248 3053 5327 textui
3080 5247 3256 5327 magis
3278 5261 3413 5327 coii-

272 5324 362 5392 90)
404 5323 593 5379 Dem”-
620 5314 781 5380 V‘OSS:
809 5314 1136 5392 υοηιὲηᾶυηξ
1194 5391 1199 5392 ί
1287 5314 1292 5315 ί
1848 5314 2164 5379 έθηιείιιεθηι
2190 5314 2440 5385 credam;
2478 5323 2571 5376 sed
2604 5314 2750 5390 quod
2780 5319 3074 5392 genuinam
3104 5314 3295 5370 Irentzi
3328 5316 3414 5369 in-

270 5389 362 5466 2l)
402 5395 695 5466 agitantes.
728 5392 962 5466 Freuard.
994 5403 1048 5449 et
1073 5389 1267 5457 Grab.,
1294 5401 1564 5461 gyrantes.
1848 5395 2099 5466 terpretis
2144 5392 2600 5466 lectionem__esse
2625 5389 2840 5461 putem,
2878 5389 2969 5457 qui
3026 5390 3323 5466 hactenus,
3350 5395 3411 5438 ut

269 5456 361 5532 22)
402 5456 674 5532 almum.
703 5465 835 5528 Alii,
867 5473 1086 5532 Oportet.
1207 5527 1223 5532 _
1253 5456 1258 5457 ί
1295 5456 1348 5532 ’ξ
1418 5529 1429 5532 _
1844 5456 2052 5526 monui,
2085 5474 2326 5517 veterem
2353 5460 2602 5532 rltalicam
2636 5456 2865 5532 secutus
2897 5456 3003 5524 est,
3042 5471 3177 5532 quae
3198 5456 3276 5532 sic
3310 5456 3413 5510 Ιη-

267 5525 360 5599 25)
398 5525 474 5586 Ab
500 5535 677 5588 aliaet
705 5525 831 5588 atia’
858 5525 1170 5588 substantia.
1204 5527 1279 5584 Ita
1305 5528 1471 5599 Grab.
1499 5545 1564 5582 ex
1609 5532 1732 5586 cod.
1841 5533 1953 5588 bet.
1994 5525 2112 5589 Alia
2150 5531 2482 5599 exemplaria
2512 5545 2637 5587 cum
2674 5530 2895 5599 Vulgata
2934 5525 3119 5583 nostra
3166 5525 3410 5582 habent:

341 5324 362 5607 ἔ

247 5327 269 5608 ξ

176 5596 352 5662 Ἶοέεί
375 5604 430 5658 ln
463 5602 724 5666 Ciarom.,
773 5607 838 5656 ab
889 5603 995 5657 alia
1039 5601 1352 5656 substantia.
1398 5596 1456 5653 lu
1491 5599 1635 5667 aliis,
1668 5605 1733 5654 ab
1842 5601 2072 5656 Factum
2096 5615 2170 5658 est
2201 5596 2364 5666 istud,
2393 5612 2441 5655 et
2470 5611 2546 5655 est
2571 5596 2836 5658 mirabile.

177 5677 356 5743 aliqua
384 5675 492 5744 otia
516 5673 838 5728 substantia.
941 5743 948 5744 ί
1505 5739 1521 5744 _
1587 5738 1618 5744 __
1913 5668 2026 5744 (27)
2067 5670 2467 5744 Fructus._Al.,
2503 5672 2751 5744 fructum.
2965 5737 3001 5744 __
3257 5736 3264 5744 I

246 5678 356 5743 ἴφια
384 5678 492 5726 otia
516 5678 838 5728 substantia.
1933 5678 2016 5726 27'
2067 5678 2321 5727 Fructus.
2357 5678 2467 5736 AL,
2503 5678 2751 5740 fructum.

246 5744 360 5817 (24)
405 5741 604 5817 Filium
653 5759 808 5817 suum
859 5743 1110 5817 uni_cttm._
1153 5742 1244 5797 Sic
1289 5749 1453 5817 vetus
1505 5738 1688 5817 Itale
1715 5780 1730 5804 ,
1913 5678 2026 5814 i28i
2066 5741 2283 5798 Missus.
2316 5740 2553 5797 Feuard.
2586 5742 2640 5796 in
2675 5755 2847 5810 inarg.
2876 5748 2933 5794 et
2965 5737 3139 5800 νοω..
3165 5736 3410 5790 emissus.

168 5807 322 5882 juxta
343 5807 517 5886 quam
562 5815 675 5869 iere
718 5814 916 5870 citatur
947 5815 1032 5869 hic
1071 5812 1346 5884 Evangelii
1383 5811 1553 5867 locus.
1593 5807 1732 5864 Natu
