  <div class='ocr_page' id='page_1' title='image "/cluster/home/n/w/nwhite01/storage/ocr_20150623/7 pars.1/pst.000005711833/591.png"; bbox 0 0 4222 6320; ppageno 0'>
   <div class='ocr_carea' id='block_1_1' title="bbox 808 341 936 399">
    <p class='ocr_par' dir='ltr' id='par_1_1' title="bbox 808 341 936 399">
     <span class='ocr_line' id='line_1_1' title="bbox 808 341 936 399; baseline 0.008 -1"><span class='ocrx_word' id='word_1_1' title='bbox 808 341 936 399; x_wconf 73' lang='grc'><strong>1091</strong></span> 
     </span>
    </p>
   </div>
   <div class='ocr_carea' id='block_1_2' title="bbox 1543 340 3307 401">
    <p class='ocr_par' dir='ltr' id='par_1_2' title="bbox 1543 340 3307 401">
     <span class='ocr_line' id='line_1_2' title="bbox 1543 340 3307 401; baseline 0.001 -4"><span class='ocrx_word' id='word_1_2' title='bbox 1543 341 1600 398; x_wconf 86' lang='lat' dir='ltr'><strong>S.</strong></span> <span class='ocrx_word' id='word_1_3' title='bbox 1643 340 1910 398; x_wconf 68' lang='grc' dir='ltr'><strong>ΙΒΕΝΕΙ</strong></span> <span class='ocrx_word' id='word_1_4' title='bbox 1949 340 2255 398; x_wconf 76' lang='lat' dir='ltr'><strong>EPISCOP!</strong></span> <span class='ocrx_word' id='word_1_5' title='bbox 2293 341 2779 400; x_wconf 80' lang='lat' dir='ltr'><strong>LUGDUN&#39;ENSIS</strong></span> <span class='ocrx_word' id='word_1_6' title='bbox 2817 343 2903 400; x_wconf 84' lang='lat' dir='ltr'><strong>ET</strong></span> <span class='ocrx_word' id='word_1_7' title='bbox 2945 343 3307 401; x_wconf 71' lang='lat' dir='ltr'><strong>MABTYRIS</strong></span> 
     </span>
    </p>
   </div>
   <div class='ocr_carea' id='block_1_3' title="bbox 3897 345 4031 401">
    <p class='ocr_par' dir='ltr' id='par_1_3' title="bbox 3897 345 4031 401">
     <span class='ocr_line' id='line_1_3' title="bbox 3897 345 4031 401; baseline 0.015 -1"><span class='ocrx_word' id='word_1_8' title='bbox 3897 345 4031 401; x_wconf 68' lang='grc'><strong>1092</strong></span> 
     </span>
    </p>
   </div>
   <div class='ocr_carea' id='block_1_4' title="bbox 806 457 4028 532">
    <p class='ocr_par' dir='ltr' id='par_1_4' title="bbox 806 457 4028 532">
     <span class='ocr_line' id='line_1_4' title="bbox 806 457 4028 532; baseline 0 -23"><span class='ocrx_word' id='word_1_9' title='bbox 806 457 948 511; x_wconf 85' lang='lat' dir='ltr'><strong>servi</strong></span> <span class='ocrx_word' id='word_1_10' title='bbox 975 467 1149 512; x_wconf 79' lang='lat' dir='ltr'><strong>autem</strong></span> <span class='ocrx_word' id='word_1_11' title='bbox 1185 458 1339 527; x_wconf 81' lang='lat' dir='ltr'><strong>quasi</strong></span> <span class='ocrx_word' id='word_1_12' title='bbox 1378 471 1406 510; x_wconf 91' lang='lat' dir='ltr'><strong>a</strong></span> <span class='ocrx_word' id='word_1_13' title='bbox 1442 457 1669 513; x_wconf 89' lang='lat' dir='ltr'><strong>Domino</strong></span> <span class='ocrx_word' id='word_1_14' title='bbox 1698 460 2000 526; x_wconf 74' lang='lat' dir='ltr'><strong>serviliter;</strong></span> <span class='ocrx_word' id='word_1_15' title='bbox 2054 469 2108 515; x_wconf 89' lang='lat' dir='ltr'><strong>et</strong></span> <span class='ocrx_word' id='word_1_16' title='bbox 2145 471 2365 530; x_wconf 75' lang='lat' dir='ltr'><strong>propter</strong></span> <span class='ocrx_word' id='word_1_17' title='bbox 2395 464 2440 522; x_wconf 76' lang='grc' dir='ltr'>Α</span> <span class='ocrx_word' id='word_1_18' title='bbox 2467 461 2669 532; x_wconf 74' lang='lat' dir='ltr'><strong>ubique</strong></span> <span class='ocrx_word' id='word_1_19' title='bbox 2689 464 2833 518; x_wconf 73' lang='lat' dir='ltr'><strong>enim</strong></span> <span class='ocrx_word' id='word_1_20' title='bbox 2863 472 2992 517; x_wconf 90' lang='lat' dir='ltr'><strong>sunt</strong></span> <span class='ocrx_word' id='word_1_21' title='bbox 3018 463 3110 532; x_wconf 88' lang='lat' dir='ltr'><strong>qui</strong></span> <span class='ocrx_word' id='word_1_22' title='bbox 3134 462 3431 532; x_wconf 82' lang='lat' dir='ltr'><strong>suscipiunt</strong></span> <span class='ocrx_word' id='word_1_23' title='bbox 3457 459 3740 532; x_wconf 77' lang='lat' dir='ltr'><strong>Spiritum.</strong></span> <span class='ocrx_word' id='word_1_24' title='bbox 3761 458 4028 527; x_wconf 84' lang='lat' dir='ltr'><strong>Quoniam</strong></span> 
     </span>
    </p>
   </div>
   <div class='ocr_carea' id='block_1_5' title="bbox 807 547 1938 606">
    <p class='ocr_par' dir='ltr' id='par_1_5' title="bbox 807 547 1938 606">
     <span class='ocr_line' id='line_1_5' title="bbox 807 547 1938 606; baseline 0.001 -5"><span class='ocrx_word' id='word_1_25' title='bbox 807 547 908 601; x_wconf 88' lang='lat' dir='ltr'><strong>hoc</strong></span> <span class='ocrx_word' id='word_1_26' title='bbox 935 549 1187 603; x_wconf 74' lang='lat' dir='ltr'><strong>dicebant</strong></span> <span class='ocrx_word' id='word_1_27' title='bbox 1213 566 1228 604; x_wconf 91' lang='lat'><strong>:</strong></span> <span class='ocrx_word' id='word_1_28' title='bbox 1259 568 1277 600; x_wconf 74' lang='grc' dir='ltr'><strong><em>ι</em></strong></span> <span class='ocrx_word' id='word_1_29' title='bbox 1303 548 1424 603; x_wconf 69' lang='lat' dir='ltr'><strong>Haec</strong></span> <span class='ocrx_word' id='word_1_30' title='bbox 1447 549 1578 603; x_wconf 90' lang='lat' dir='ltr'><strong>dicit</strong></span> <span class='ocrx_word' id='word_1_31' title='bbox 1609 550 1888 606; x_wconf 86' lang='lat' dir='ltr'><strong>Dominus.</strong></span> <span class='ocrx_word' id='word_1_32' title='bbox 1919 571 1938 602; x_wconf 76' lang='grc' dir='ltr'>ι</span> 
     </span>
    </p>
   </div>
   <div class='ocr_carea' id='block_1_6' title="bbox 875 641 2364 714">
    <p class='ocr_par' dir='ltr' id='par_1_6' title="bbox 875 641 2364 714">
     <span class='ocr_line' id='line_1_6' title="bbox 875 641 2364 714; baseline 0.003 -19"><span class='ocrx_word' id='word_1_33' title='bbox 875 641 930 696; x_wconf 71' lang='lat'><strong>2.</strong></span> <span class='ocrx_word' id='word_1_34' title='bbox 958 641 1127 708; x_wconf 82' lang='lat' dir='ltr'><strong>Quem</strong></span> <span class='ocrx_word' id='word_1_35' title='bbox 1159 642 1322 713; x_wconf 90' lang='lat' dir='ltr'><strong>igitur</strong></span> <span class='ocrx_word' id='word_1_36' title='bbox 1345 644 1417 697; x_wconf 92' lang='lat' dir='ltr'><strong>illi</strong></span> <span class='ocrx_word' id='word_1_37' title='bbox 1453 643 1740 698; x_wconf 90' lang='lat' dir='ltr'><strong>Dominum</strong></span> <span class='ocrx_word' id='word_1_38' title='bbox 1772 645 2159 714; x_wconf 72' lang='lat' dir='ltr'><strong>praecouabant</strong></span> <span class='ocrx_word' id='word_1_39' title='bbox 2193 645 2364 701; x_wconf 80' lang='lat' dir='ltr'><strong>incre-</strong></span> 
     </span>
    </p>
   </div>
   <div class='ocr_carea' id='block_1_7' title="bbox 807 733 2362 804">
    <p class='ocr_par' dir='ltr' id='par_1_7' title="bbox 807 733 2362 804">
     <span class='ocr_line' id='line_1_7' title="bbox 807 733 2362 804; baseline 0.004 -18"><span class='ocrx_word' id='word_1_40' title='bbox 807 733 970 799; x_wconf 87' lang='lat' dir='ltr'><strong>dulis,</strong></span> <span class='ocrx_word' id='word_1_41' title='bbox 1006 737 1146 788; x_wconf 88' lang='lat' dir='ltr'><strong>hunc</strong></span> <span class='ocrx_word' id='word_1_42' title='bbox 1167 734 1418 789; x_wconf 79' lang='lat' dir='ltr'><strong>Christus</strong></span> <span class='ocrx_word' id='word_1_43' title='bbox 1452 736 1678 790; x_wconf 79' lang='lat' dir='ltr'><strong>tradidit</strong></span> <span class='ocrx_word' id='word_1_44' title='bbox 1710 737 1794 790; x_wconf 90' lang='lat' dir='ltr'><strong>his</strong></span> <span class='ocrx_word' id='word_1_45' title='bbox 1821 737 1912 804; x_wconf 86' lang='lat' dir='ltr'><strong>qui</strong></span> <span class='ocrx_word' id='word_1_46' title='bbox 1938 737 2199 791; x_wconf 87' lang='lat' dir='ltr'><strong>obediunt</strong></span> <span class='ocrx_word' id='word_1_47' title='bbox 2224 738 2324 792; x_wconf 87' lang='lat' dir='ltr'><strong>sibi</strong></span> <span class='ocrx_word' id='word_1_48' title='bbox 2349 756 2362 792; x_wconf 92' lang='lat'><strong>:</strong></span> 
     </span>
    </p>
   </div>
   <div class='ocr_carea' id='block_1_8' title="bbox 804 824 2365 900">
    <p class='ocr_par' dir='ltr' id='par_1_8' title="bbox 804 824 2365 900">
     <span class='ocr_line' id='line_1_8' title="bbox 804 824 2365 900; baseline 0.003 -21"><span class='ocrx_word' id='word_1_49' title='bbox 804 833 861 879; x_wconf 90' lang='lat' dir='ltr'><strong>et</strong></span> <span class='ocrx_word' id='word_1_50' title='bbox 893 824 985 893; x_wconf 90' lang='lat' dir='ltr'><strong>qui</strong></span> <span class='ocrx_word' id='word_1_51' title='bbox 1021 824 1253 895; x_wconf 88' lang='lat' dir='ltr'><strong>priores,</strong></span> <span class='ocrx_word' id='word_1_52' title='bbox 1287 827 1404 881; x_wconf 90' lang='lat' dir='ltr'><strong>sive</strong></span> <span class='ocrx_word' id='word_1_53' title='bbox 1438 825 1673 895; x_wconf 90' lang='lat' dir='ltr'><strong>primum</strong></span> <span class='ocrx_word' id='word_1_54' title='bbox 1712 841 1807 898; x_wconf 90' lang='lat' dir='ltr'><strong>per</strong></span> <span class='ocrx_word' id='word_1_55' title='bbox 1848 827 2101 882; x_wconf 78' lang='lat' dir='ltr'><strong>servilem</strong></span> <span class='ocrx_word' id='word_1_56' title='bbox 2132 829 2365 900; x_wconf 87' lang='lat' dir='ltr'><strong>legisda-</strong></span> 
     </span>
    </p>
   </div>
   <div class='ocr_carea' id='block_1_9' title="bbox 808 921 2365 993">
    <p class='ocr_par' dir='ltr' id='par_1_9' title="bbox 808 921 2365 993">
     <span class='ocr_line' id='line_1_9' title="bbox 808 921 2365 993; baseline 0.003 -19"><span class='ocrx_word' id='word_1_57' title='bbox 808 921 1029 986; x_wconf 87' lang='lat' dir='ltr'><strong>tionem,</strong></span> <span class='ocrx_word' id='word_1_58' title='bbox 1055 933 1346 976; x_wconf 85' lang='lat' dir='ltr'><strong>vocaverat</strong></span> <span class='ocrx_word' id='word_1_59' title='bbox 1367 923 1530 985; x_wconf 88' lang='lat' dir='ltr'><strong>Deus,</strong></span> <span class='ocrx_word' id='word_1_60' title='bbox 1549 921 1639 977; x_wconf 85' lang='lat' dir='ltr'><strong>hic</strong></span> <span class='ocrx_word' id='word_1_61' title='bbox 1663 924 2015 992; x_wconf 82' lang='lat' dir='ltr'><strong>posteriores,</strong></span> <span class='ocrx_word' id='word_1_62' title='bbox 2037 925 2152 978; x_wconf 89' lang='lat' dir='ltr'><strong>sive</strong></span> <span class='ocrx_word' id='word_1_63' title='bbox 2177 933 2365 993; x_wconf 89' lang='lat' dir='ltr'><strong>postea</strong></span> 
     </span>
    </p>
   </div>
   <div class='ocr_carea' id='block_1_10' title="bbox 803 1013 2368 1085">
    <p class='ocr_par' dir='ltr' id='par_1_10' title="bbox 803 1013 2368 1085">
     <span class='ocr_line' id='line_1_10' title="bbox 803 1013 2368 1085; baseline 0.001 -17"><span class='ocrx_word' id='word_1_64' title='bbox 803 1029 902 1084; x_wconf 87' lang='lat' dir='ltr'><strong>per</strong></span> <span class='ocrx_word' id='word_1_65' title='bbox 947 1013 1315 1084; x_wconf 83' lang='lat' dir='ltr'><strong>adeptionem,</strong></span> <span class='ocrx_word' id='word_1_66' title='bbox 1365 1014 1680 1085; x_wconf 82' lang='lat' dir='ltr'><strong>assumpsit.</strong></span> <span class='ocrx_word' id='word_1_67' title='bbox 1723 1013 1993 1070; x_wconf 86' lang='lat' dir='ltr'><strong>Plantavit</strong></span> <span class='ocrx_word' id='word_1_68' title='bbox 2029 1017 2172 1070; x_wconf 89' lang='lat' dir='ltr'><strong>enim</strong></span> <span class='ocrx_word' id='word_1_69' title='bbox 2228 1017 2368 1070; x_wconf 85' lang='lat' dir='ltr'><strong>Deus</strong></span> 
     </span>
    </p>
   </div>
   <div class='ocr_carea' id='block_1_11' title="bbox 802 1107 2364 1177">
    <p class='ocr_par' dir='ltr' id='par_1_11' title="bbox 802 1107 2364 1177">
     <span class='ocr_line' id='line_1_11' title="bbox 802 1107 2364 1177; baseline 0.003 -21"><span class='ocrx_word' id='word_1_70' title='bbox 802 1107 1013 1161; x_wconf 81' lang='lat' dir='ltr'><strong>vineam</strong></span> <span class='ocrx_word' id='word_1_71' title='bbox 1045 1107 1262 1160; x_wconf 78' lang='lat' dir='ltr'><strong>iiutnani</strong></span> <span class='ocrx_word' id='word_1_72' title='bbox 1292 1107 1534 1177; x_wconf 78' lang='lat' dir='ltr'><strong>generis,</strong></span> <span class='ocrx_word' id='word_1_73' title='bbox 1561 1107 1737 1176; x_wconf 89' lang='lat' dir='ltr'><strong>primo</strong></span> <span class='ocrx_word' id='word_1_74' title='bbox 1762 1107 1979 1176; x_wconf 79' lang='lat' dir='ltr'><strong>quidem</strong></span> <span class='ocrx_word' id='word_1_75' title='bbox 2005 1123 2102 1176; x_wconf 89' lang='lat' dir='ltr'><strong>per</strong></span> <span class='ocrx_word' id='word_1_76' title='bbox 2129 1107 2364 1177; x_wconf 83' lang='lat' dir='ltr'><strong>plasma-</strong></span> 
     </span>
    </p>
   </div>
   <div class='ocr_carea' id='block_1_12' title="bbox 805 1196 2363 1259">
    <p class='ocr_par' dir='ltr' id='par_1_12' title="bbox 805 1196 2363 1259">
     <span class='ocr_line' id='line_1_12' title="bbox 805 1196 2363 1259; baseline 0.001 -10"><span class='ocrx_word' id='word_1_77' title='bbox 805 1196 1004 1250; x_wconf 90' lang='lat' dir='ltr'><strong>tiouem</strong></span> <span class='ocrx_word' id='word_1_78' title='bbox 1029 1197 1178 1259; x_wconf 68' lang='lat' dir='ltr'><strong>Adae,</strong></span> <span class='ocrx_word' id='word_1_79' title='bbox 1208 1208 1262 1250; x_wconf 89' lang='lat' dir='ltr'><strong>et</strong></span> <span class='ocrx_word' id='word_1_80' title='bbox 1292 1197 1613 1252; x_wconf 88' lang='lat' dir='ltr'><strong>electionem</strong></span> <span class='ocrx_word' id='word_1_81' title='bbox 1640 1196 1864 1250; x_wconf 85' lang='lat' dir='ltr'><strong>Patrum</strong></span> <span class='ocrx_word' id='word_1_82' title='bbox 1893 1213 1908 1250; x_wconf 95' lang='lat'><strong>:</strong></span> <span class='ocrx_word' id='word_1_83' title='bbox 1938 1196 2158 1251; x_wconf 82' lang='lat' dir='ltr'><strong>tradidit</strong></span> <span class='ocrx_word' id='word_1_84' title='bbox 2187 1208 2363 1252; x_wconf 90' lang='lat' dir='ltr'><strong>autem</strong></span> 
     </span>
    </p>
   </div>
   <div class='ocr_carea' id='block_1_13' title="bbox 801 1287 2360 1359">
    <p class='ocr_par' dir='ltr' id='par_1_13' title="bbox 801 1287 2360 1359">
     <span class='ocr_line' id='line_1_13' title="bbox 801 1287 2360 1359; baseline 0.001 -19"><span class='ocrx_word' id='word_1_85' title='bbox 801 1288 1006 1342; x_wconf 85' lang='lat' dir='ltr'><strong>colonis</strong></span> <span class='ocrx_word' id='word_1_86' title='bbox 1031 1304 1127 1358; x_wconf 88' lang='lat' dir='ltr'><strong>per</strong></span> <span class='ocrx_word' id='word_1_87' title='bbox 1141 1304 1264 1344; x_wconf 90' lang='lat' dir='ltr'><strong>eam</strong></span> <span class='ocrx_word' id='word_1_88' title='bbox 1282 1287 1715 1357; x_wconf 52' lang='lat' dir='ltr'><strong>legiﬂatiouem,</strong></span> <span class='ocrx_word' id='word_1_89' title='bbox 1742 1301 1863 1356; x_wconf 57' lang='lat' dir='ltr'><strong>qus</strong></span> <span class='ocrx_word' id='word_1_90' title='bbox 1883 1296 1966 1342; x_wconf 86' lang='lat' dir='ltr'><strong>est</strong></span> <span class='ocrx_word' id='word_1_91' title='bbox 1988 1302 2082 1358; x_wconf 89' lang='lat' dir='ltr'><strong>per</strong></span> <span class='ocrx_word' id='word_1_92' title='bbox 2111 1287 2360 1359; x_wconf 77' lang='lat' dir='ltr'><strong>Moysen:</strong></span> 
     </span>
    </p>
   </div>
   <div class='ocr_carea' id='block_1_14' title="bbox 802 1378 2366 1447">
    <p class='ocr_par' dir='ltr' id='par_1_14' title="bbox 802 1378 2366 1447">
     <span class='ocr_line' id='line_1_14' title="bbox 802 1378 2366 1447; baseline -0.001 -15"><span class='ocrx_word' id='word_1_93' title='bbox 802 1394 984 1447; x_wconf 81' lang='lat' dir='ltr'><strong>sepem</strong></span> <span class='ocrx_word' id='word_1_94' title='bbox 1017 1392 1198 1435; x_wconf 87' lang='lat' dir='ltr'><strong>autem</strong></span> <span class='ocrx_word' id='word_1_95' title='bbox 1229 1380 1616 1442; x_wconf 86' lang='lat' dir='ltr'><strong>circumdedit,</strong></span> <span class='ocrx_word' id='word_1_96' title='bbox 1645 1378 1696 1432; x_wconf 91' lang='lat' dir='ltr'><strong>id</strong></span> <span class='ocrx_word' id='word_1_97' title='bbox 1727 1391 1809 1434; x_wconf 89' lang='lat' dir='ltr'><strong>est</strong></span> <span class='ocrx_word' id='word_1_98' title='bbox 1841 1379 2366 1434; x_wconf 87' lang='lat' dir='ltr'><strong>circumterminavit</strong></span> 
     </span>
    </p>
   </div>
   <div class='ocr_carea' id='block_1_15' title="bbox 800 1467 2366 1544">
    <p class='ocr_par' dir='ltr' id='par_1_15' title="bbox 800 1467 2366 1544">
     <span class='ocr_line' id='line_1_15' title="bbox 800 1467 2366 1544; baseline -0.001 -21"><span class='ocrx_word' id='word_1_99' title='bbox 800 1486 990 1525; x_wconf 87' lang='lat' dir='ltr'><strong>eorutn</strong></span> <span class='ocrx_word' id='word_1_100' title='bbox 1018 1471 1286 1526; x_wconf 87' lang='lat' dir='ltr'><strong>culturam</strong></span> <span class='ocrx_word' id='word_1_101' title='bbox 1315 1469 1460 1544; x_wconf 73' lang='lat'><strong>(‘29);</strong></span> <span class='ocrx_word' id='word_1_102' title='bbox 1495 1480 1549 1523; x_wconf 88' lang='lat' dir='ltr'><strong>et</strong></span> <span class='ocrx_word' id='word_1_103' title='bbox 1586 1471 1781 1525; x_wconf 89' lang='lat' dir='ltr'><strong>turrim</strong></span> <span class='ocrx_word' id='word_1_104' title='bbox 1807 1469 2120 1532; x_wconf 74' lang='lat' dir='ltr'><strong>mdilicavit,</strong></span> <span class='ocrx_word' id='word_1_105' title='bbox 2143 1467 2366 1525; x_wconf 78' lang='lat' dir='ltr'><strong>Jerusa-</strong></span> 
     </span>
    </p>
   </div>
   <div class='ocr_carea' id='block_1_16' title="bbox 803 1561 2365 1633">
    <p class='ocr_par' dir='ltr' id='par_1_16' title="bbox 803 1561 2365 1633">
     <span class='ocr_line' id='line_1_16' title="bbox 803 1561 2365 1633; baseline 0 -18"><span class='ocrx_word' id='word_1_106' title='bbox 803 1561 905 1617; x_wconf 88' lang='lat' dir='ltr'><strong>lem</strong></span> <span class='ocrx_word' id='word_1_107' title='bbox 937 1564 1097 1633; x_wconf 86' lang='lat' dir='ltr'><strong>elegit</strong></span> <span class='ocrx_word' id='word_1_108' title='bbox 1130 1581 1142 1615; x_wconf 92' lang='lat'><strong>:</strong></span> <span class='ocrx_word' id='word_1_109' title='bbox 1175 1571 1232 1618; x_wconf 89' lang='lat' dir='ltr'><strong>et</strong></span> <span class='ocrx_word' id='word_1_110' title='bbox 1262 1563 1502 1617; x_wconf 86' lang='lat' dir='ltr'><strong>torcular</strong></span> <span class='ocrx_word' id='word_1_111' title='bbox 1527 1562 1682 1627; x_wconf 70' lang='lat' dir='ltr'><strong>Ridit,</strong></span> <span class='ocrx_word' id='word_1_112' title='bbox 1706 1561 2111 1631; x_wconf 85' lang='lat' dir='ltr'><strong>receptaculum</strong></span> <span class='ocrx_word' id='word_1_113' title='bbox 2136 1563 2365 1632; x_wconf 82' lang='lat' dir='ltr'><strong>prephe-</strong></span> 
     </span>
    </p>
   </div>
   <div class='ocr_carea' id='block_1_17' title="bbox 803 1654 2366 1726">
    <p class='ocr_par' dir='ltr' id='par_1_17' title="bbox 803 1654 2366 1726">
     <span class='ocr_line' id='line_1_17' title="bbox 803 1654 2366 1726; baseline -0.001 -17"><span class='ocrx_word' id='word_1_114' title='bbox 803 1656 894 1709; x_wconf 88' lang='lat' dir='ltr'><strong>tici</strong></span> <span class='ocrx_word' id='word_1_115' title='bbox 923 1655 1156 1720; x_wconf 69' lang='lat' dir='ltr'><strong>Spiritus</strong></span> <span class='ocrx_word' id='word_1_116' title='bbox 1183 1655 1512 1726; x_wconf 68' lang='lat' dir='ltr'><strong>prmparavit</strong></span> <span class='ocrx_word' id='word_1_117' title='bbox 1542 1672 1555 1708; x_wconf 91' lang='lat'><strong>:</strong></span> <span class='ocrx_word' id='word_1_118' title='bbox 1579 1665 1633 1710; x_wconf 89' lang='lat' dir='ltr'><strong>et</strong></span> <span class='ocrx_word' id='word_1_119' title='bbox 1663 1656 1743 1710; x_wconf 88' lang='lat' dir='ltr'><strong>sic</strong></span> <span class='ocrx_word' id='word_1_120' title='bbox 1769 1655 2062 1724; x_wconf 77' lang='lat' dir='ltr'><strong>prophetas</strong></span> <span class='ocrx_word' id='word_1_121' title='bbox 2089 1654 2240 1708; x_wconf 86' lang='lat' dir='ltr'><strong>misit</strong></span> <span class='ocrx_word' id='word_1_122' title='bbox 2268 1668 2366 1708; x_wconf 87' lang='lat' dir='ltr'><strong>au-</strong></span> 
     </span>
    </p>
   </div>
   <div class='ocr_carea' id='block_1_18' title="bbox 802 1744 2364 1816">
    <p class='ocr_par' dir='ltr' id='par_1_18' title="bbox 802 1744 2364 1816">
     <span class='ocr_line' id='line_1_18' title="bbox 802 1744 2364 1816; baseline -0.001 -19"><span class='ocrx_word' id='word_1_123' title='bbox 802 1753 1016 1813; x_wconf 86' lang='lat' dir='ltr'><strong>teqnam</strong></span> <span class='ocrx_word' id='word_1_124' title='bbox 1050 1756 1196 1799; x_wconf 87' lang='lat' dir='ltr'><strong>esset</strong></span> <span class='ocrx_word' id='word_1_125' title='bbox 1233 1747 1284 1799; x_wconf 91' lang='lat' dir='ltr'><strong>iu</strong></span> <span class='ocrx_word' id='word_1_126' title='bbox 1323 1744 1652 1815; x_wconf 86' lang='lat' dir='ltr'><strong>Babylonem</strong></span> <span class='ocrx_word' id='word_1_127' title='bbox 1691 1746 2119 1816; x_wconf 74' lang='lat' dir='ltr'><strong>transmigratio,</strong></span> <span class='ocrx_word' id='word_1_128' title='bbox 2154 1753 2207 1799; x_wconf 87' lang='lat' dir='ltr'><strong>et</strong></span> <span class='ocrx_word' id='word_1_129' title='bbox 2241 1757 2364 1814; x_wconf 94' lang='lat' dir='ltr'><strong>post</strong></span> 
     </span>
    </p>
   </div>
   <div class='ocr_carea' id='block_1_19' title="bbox 801 1836 2361 1906">
    <p class='ocr_par' dir='ltr' id='par_1_19' title="bbox 801 1836 2361 1906">
     <span class='ocr_line' id='line_1_19' title="bbox 801 1836 2361 1906; baseline -0.002 -16"><span class='ocrx_word' id='word_1_130' title='bbox 801 1836 1338 1904; x_wconf 80' lang='lat' dir='ltr'><strong>transmigrationem</strong></span> <span class='ocrx_word' id='word_1_131' title='bbox 1405 1838 1607 1890; x_wconf 88' lang='lat' dir='ltr'><strong>alteros</strong></span> <span class='ocrx_word' id='word_1_132' title='bbox 1666 1837 1901 1900; x_wconf 87' lang='lat' dir='ltr'><strong>itertnn,</strong></span> <span class='ocrx_word' id='word_1_133' title='bbox 1960 1837 2146 1905; x_wconf 81' lang='lat' dir='ltr'><strong>plures</strong></span> <span class='ocrx_word' id='word_1_134' title='bbox 2197 1851 2361 1906; x_wconf 88' lang='lat' dir='ltr'><strong>quam</strong></span> 
     </span>
    </p>
   </div>
   <div class='ocr_carea' id='block_1_20' title="bbox 799 1928 2361 2000">
    <p class='ocr_par' dir='ltr' id='par_1_20' title="bbox 799 1928 2361 2000">
     <span class='ocr_line' id='line_1_20' title="bbox 799 1928 2361 2000; baseline -0.001 -18"><span class='ocrx_word' id='word_1_135' title='bbox 799 1931 1033 1997; x_wconf 88' lang='lat' dir='ltr'><strong>priores,</strong></span> <span class='ocrx_word' id='word_1_136' title='bbox 1094 1939 1415 2000; x_wconf 81' lang='lat' dir='ltr'><strong>expetentes</strong></span> <span class='ocrx_word' id='word_1_137' title='bbox 1465 1930 1714 1996; x_wconf 84' lang='lat' dir='ltr'><strong>fructus,</strong></span> <span class='ocrx_word' id='word_1_138' title='bbox 1771 1930 2018 1985; x_wconf 76' lang='lat' dir='ltr'><strong>dicentes</strong></span> <span class='ocrx_word' id='word_1_139' title='bbox 2079 1928 2361 1999; x_wconf 77' lang='lat' dir='ltr'><strong>lllis(30):</strong></span> 
     </span>
    </p>
   </div>
   <div class='ocr_carea' id='block_1_21' title="bbox 801 2017 2362 2090">
    <p class='ocr_par' dir='ltr' id='par_1_21' title="bbox 801 2017 2362 2090">
     <span class='ocr_line' id='line_1_21' title="bbox 801 2017 2362 2090; baseline -0.002 -16"><span class='ocrx_word' id='word_1_140' title='bbox 801 2038 823 2074; x_wconf 74' lang='grc' dir='ltr'>α</span> <span class='ocrx_word' id='word_1_141' title='bbox 849 2021 1148 2076; x_wconf 79' lang='lat' dir='ltr'><strong>Emundatc</strong></span> <span class='ocrx_word' id='word_1_142' title='bbox 1192 2024 1307 2076; x_wconf 85' lang='lat' dir='ltr'><strong>vias</strong></span> <span class='ocrx_word' id='word_1_143' title='bbox 1332 2031 1566 2084; x_wconf 88' lang='lat' dir='ltr'><strong>vestras,</strong></span> <span class='ocrx_word' id='word_1_144' title='bbox 1603 2028 1659 2075; x_wconf 92' lang='lat' dir='ltr'><strong>et</strong></span> <span class='ocrx_word' id='word_1_145' title='bbox 1689 2034 1869 2074; x_wconf 90' lang='lat' dir='ltr'><strong>mores</strong></span> <span class='ocrx_word' id='word_1_146' title='bbox 1915 2019 2188 2074; x_wconf 76' lang='lat' dir='ltr'><strong>vestros&quot;</strong></span> <span class='ocrx_word' id='word_1_147' title='bbox 2219 2017 2362 2090; x_wconf 83' lang='lat'><strong>(5|);</strong></span> 
     </span>
    </p>
   </div>
   <div class='ocr_carea' id='block_1_22' title="bbox 789 2106 2362 2181">
    <p class='ocr_par' dir='ltr' id='par_1_22' title="bbox 789 2106 2362 2181">
     <span class='ocr_line' id='line_1_22' title="bbox 789 2106 2362 2181; baseline -0.004 -18"><span class='ocrx_word' id='word_1_148' title='bbox 789 2110 1055 2179; x_wconf 83' lang='lat' dir='ltr'><strong>judicium</strong></span> <span class='ocrx_word' id='word_1_149' title='bbox 1081 2109 1288 2181; x_wconf 88' lang='lat' dir='ltr'><strong>justum</strong></span> <span class='ocrx_word' id='word_1_150' title='bbox 1317 2110 1578 2181; x_wconf 71' lang='lat' dir='ltr'><strong>iudicate,</strong></span> <span class='ocrx_word' id='word_1_151' title='bbox 1611 2119 1666 2164; x_wconf 88' lang='lat' dir='ltr'><strong>et</strong></span> <span class='ocrx_word' id='word_1_152' title='bbox 1702 2107 2140 2162; x_wconf 84' lang='lat' dir='ltr'><strong>misericordiam</strong></span> <span class='ocrx_word' id='word_1_153' title='bbox 2169 2117 2226 2160; x_wconf 87' lang='lat' dir='ltr'><strong>et</strong></span> <span class='ocrx_word' id='word_1_154' title='bbox 2258 2106 2362 2158; x_wconf 88' lang='lat' dir='ltr'><strong>mi-</strong></span> 
     </span>
    </p>
   </div>
   <div class='ocr_carea' id='block_1_23' title="bbox 795 2198 2360 2269">
    <p class='ocr_par' dir='ltr' id='par_1_23' title="bbox 795 2198 2360 2269">
     <span class='ocr_line' id='line_1_23' title="bbox 795 2198 2360 2269; baseline -0.003 -14"><span class='ocrx_word' id='word_1_155' title='bbox 795 2201 1127 2256; x_wconf 89' lang='lat' dir='ltr'><strong>serationem</strong></span> <span class='ocrx_word' id='word_1_156' title='bbox 1171 2199 1337 2256; x_wconf 79' lang='lat' dir='ltr'><strong>facite</strong></span> <span class='ocrx_word' id='word_1_157' title='bbox 1374 2199 1755 2269; x_wconf 86' lang='lat' dir='ltr'><strong>unusquisque</strong></span> <span class='ocrx_word' id='word_1_158' title='bbox 1792 2199 1859 2251; x_wconf 89' lang='lat' dir='ltr'><strong>ad</strong></span> <span class='ocrx_word' id='word_1_159' title='bbox 1897 2198 2124 2252; x_wconf 91' lang='lat' dir='ltr'><strong>fratrem</strong></span> <span class='ocrx_word' id='word_1_160' title='bbox 2167 2212 2360 2251; x_wconf 87' lang='lat' dir='ltr'><strong>suum:</strong></span> 
     </span>
    </p>
   </div>
   <div class='ocr_carea' id='block_1_24' title="bbox 796 2287 2366 2361">
    <p class='ocr_par' dir='ltr' id='par_1_24' title="bbox 796 2287 2366 2361">
     <span class='ocr_line' id='line_1_24' title="bbox 796 2287 2366 2361; baseline -0.004 -17"><span class='ocrx_word' id='word_1_161' title='bbox 796 2291 850 2344; x_wconf 93' lang='lat' dir='ltr'><strong>in</strong></span> <span class='ocrx_word' id='word_1_162' title='bbox 892 2291 1128 2355; x_wconf 83' lang='lat' dir='ltr'><strong>viduam,</strong></span> <span class='ocrx_word' id='word_1_163' title='bbox 1167 2301 1223 2344; x_wconf 91' lang='lat' dir='ltr'><strong>et</strong></span> <span class='ocrx_word' id='word_1_164' title='bbox 1265 2291 1603 2361; x_wconf 88' lang='lat' dir='ltr'><strong>orphanum,</strong></span> <span class='ocrx_word' id='word_1_165' title='bbox 1636 2297 1693 2344; x_wconf 89' lang='lat' dir='ltr'><strong>et</strong></span> <span class='ocrx_word' id='word_1_166' title='bbox 1746 2287 2108 2360; x_wconf 84' lang='lat' dir='ltr'><strong>proselytum,</strong></span> <span class='ocrx_word' id='word_1_167' title='bbox 2145 2296 2202 2342; x_wconf 88' lang='lat' dir='ltr'><strong>et</strong></span> <span class='ocrx_word' id='word_1_168' title='bbox 2234 2302 2366 2356; x_wconf 77' lang='lat' dir='ltr'><strong>pau-</strong></span> 
     </span>
    </p>
   </div>
   <div class='ocr_carea' id='block_1_25' title="bbox 794 2379 2363 2452">
    <p class='ocr_par' dir='ltr' id='par_1_25' title="bbox 794 2379 2363 2452">
     <span class='ocr_line' id='line_1_25' title="bbox 794 2379 2363 2452; baseline -0.005 -16"><span class='ocrx_word' id='word_1_169' title='bbox 794 2397 977 2452; x_wconf 87' lang='lat' dir='ltr'><strong>perem</strong></span> <span class='ocrx_word' id='word_1_170' title='bbox 995 2396 1060 2436; x_wconf 87' lang='lat' dir='ltr'><strong>nc</strong></span> <span class='ocrx_word' id='word_1_171' title='bbox 1075 2383 1351 2436; x_wconf 78' lang='lat' dir='ltr'><strong>esercueri</strong></span> <span class='ocrx_word' id='word_1_172' title='bbox 1361 2382 1427 2437; x_wconf 90' lang='lat' dir='ltr'><strong>tis</strong></span> <span class='ocrx_word' id='word_1_173' title='bbox 1442 2388 1857 2449; x_wconf 87' lang='lat' dir='ltr'><strong>potentatum,et</strong></span> <span class='ocrx_word' id='word_1_174' title='bbox 1872 2379 2235 2448; x_wconf 83' lang='lat' dir='ltr'><strong>unusquisque</strong></span> <span class='ocrx_word' id='word_1_175' title='bbox 2250 2394 2363 2430; x_wconf 85' lang='lat' dir='ltr'><strong>ma-</strong></span> 
     </span>
    </p>
   </div>
   <div class='ocr_carea' id='block_1_26' title="bbox 795 2470 2361 2536">
    <p class='ocr_par' dir='ltr' id='par_1_26' title="bbox 795 2470 2361 2536">
     <span class='ocr_line' id='line_1_26' title="bbox 795 2470 2361 2536; baseline -0.001 -8"><span class='ocrx_word' id='word_1_176' title='bbox 795 2474 924 2528; x_wconf 72' lang='lat' dir='ltr'><strong>litia:</strong></span> <span class='ocrx_word' id='word_1_177' title='bbox 960 2474 1145 2530; x_wconf 79' lang='lat' dir='ltr'><strong>fratris</strong></span> <span class='ocrx_word' id='word_1_178' title='bbox 1163 2475 1246 2528; x_wconf 86' lang='lat' dir='ltr'><strong>sui</strong></span> <span class='ocrx_word' id='word_1_179' title='bbox 1267 2488 1335 2528; x_wconf 90' lang='lat' dir='ltr'><strong>ne</strong></span> <span class='ocrx_word' id='word_1_180' title='bbox 1357 2473 1718 2529; x_wconf 83' lang='lat' dir='ltr'><strong>recordemini</strong></span> <span class='ocrx_word' id='word_1_181' title='bbox 1740 2473 1790 2526; x_wconf 92' lang='lat' dir='ltr'><strong>in</strong></span> <span class='ocrx_word' id='word_1_182' title='bbox 1816 2470 2073 2527; x_wconf 87' lang='lat' dir='ltr'><strong>cordibus</strong></span> <span class='ocrx_word' id='word_1_183' title='bbox 2096 2470 2361 2536; x_wconf 67' lang='lat' dir='ltr'><strong>vestris“,</strong></span> 
     </span>
    </p>
   </div>
   <div class='ocr_carea' id='block_1_27' title="bbox 793 2563 2362 2638">
    <p class='ocr_par' dir='ltr' id='par_1_27' title="bbox 793 2563 2362 2638">
     <span class='ocr_line' id='line_1_27' title="bbox 793 2563 2362 2638; baseline -0.004 -15"><span class='ocrx_word' id='word_1_184' title='bbox 793 2577 849 2623; x_wconf 88' lang='lat' dir='ltr'><strong>et</strong></span> <span class='ocrx_word' id='word_1_185' title='bbox 872 2567 1258 2638; x_wconf 83' lang='lat' dir='ltr'><strong>jusjurandum</strong></span> <span class='ocrx_word' id='word_1_186' title='bbox 1282 2565 1482 2622; x_wconf 88' lang='lat' dir='ltr'><strong>falsum</strong></span> <span class='ocrx_word' id='word_1_187' title='bbox 1515 2567 1686 2620; x_wconf 87' lang='lat' dir='ltr'><strong>nolite</strong></span> <span class='ocrx_word' id='word_1_188' title='bbox 1711 2565 2022 2635; x_wconf 74' lang='lat' dir='ltr'><strong>diligere&quot;.</strong></span> <span class='ocrx_word' id='word_1_189' title='bbox 2053 2563 2362 2628; x_wconf 85' lang='lat' dir='ltr'><strong>Lavamini,</strong></span> 
     </span>
    </p>
   </div>
   <div class='ocr_carea' id='block_1_28' title="bbox 793 2657 2362 2727">
    <p class='ocr_par' dir='ltr' id='par_1_28' title="bbox 793 2657 2362 2727">
     <span class='ocr_line' id='line_1_28' title="bbox 793 2657 2362 2727; baseline -0.003 -13"><span class='ocrx_word' id='word_1_190' title='bbox 793 2661 984 2714; x_wconf 88' lang='lat' dir='ltr'><strong>mundi</strong></span> <span class='ocrx_word' id='word_1_191' title='bbox 1019 2669 1220 2727; x_wconf 89' lang='lat' dir='ltr'><strong>estote,</strong></span> <span class='ocrx_word' id='word_1_192' title='bbox 1255 2658 1466 2713; x_wconf 85' lang='lat' dir='ltr'><strong>auferte</strong></span> <span class='ocrx_word' id='word_1_193' title='bbox 1505 2658 1778 2726; x_wconf 88' lang='lat' dir='ltr'><strong>nequitias</strong></span> <span class='ocrx_word' id='word_1_194' title='bbox 1808 2673 1836 2710; x_wconf 93' lang='lat' dir='ltr'><strong>a</strong></span> <span class='ocrx_word' id='word_1_195' title='bbox 1863 2657 2120 2712; x_wconf 82' lang='lat' dir='ltr'><strong>cordibus</strong></span> <span class='ocrx_word' id='word_1_196' title='bbox 2142 2658 2362 2720; x_wconf 79' lang='lat' dir='ltr'><strong>vestris,</strong></span> 
     </span>
    </p>
   </div>
   <div class='ocr_carea' id='block_1_29' title="bbox 795 2747 2364 2820">
    <p class='ocr_par' dir='ltr' id='par_1_29' title="bbox 795 2747 2364 2820">
     <span class='ocr_line' id='line_1_29' title="bbox 795 2747 2364 2820; baseline -0.003 -14"><span class='ocrx_word' id='word_1_197' title='bbox 795 2751 994 2806; x_wconf 80' lang='lat' dir='ltr'><strong>discite</strong></span> <span class='ocrx_word' id='word_1_198' title='bbox 1033 2749 1380 2816; x_wconf 85' lang='lat' dir='ltr'><strong>benefacere,</strong></span> <span class='ocrx_word' id='word_1_199' title='bbox 1433 2749 1706 2820; x_wconf 83' lang='lat' dir='ltr'><strong>exquirite</strong></span> <span class='ocrx_word' id='word_1_200' title='bbox 1753 2748 2046 2818; x_wconf 90' lang='lat' dir='ltr'><strong>judicium,</strong></span> <span class='ocrx_word' id='word_1_201' title='bbox 2091 2747 2364 2804; x_wconf 88' lang='lat' dir='ltr'><strong>defendite</strong></span> 
     </span>
    </p>
   </div>
   <div class='ocr_carea' id='block_1_30' title="bbox 794 2839 2363 2914">
    <p class='ocr_par' dir='ltr' id='par_1_30' title="bbox 794 2839 2363 2914">
     <span class='ocr_line' id='line_1_30' title="bbox 794 2839 2363 2914; baseline -0.001 -18"><span class='ocrx_word' id='word_1_202' title='bbox 794 2845 904 2898; x_wconf 89' lang='lat' dir='ltr'><strong>vim</strong></span> <span class='ocrx_word' id='word_1_203' title='bbox 948 2845 1265 2914; x_wconf 88' lang='lat' dir='ltr'><strong>patientem,</strong></span> <span class='ocrx_word' id='word_1_204' title='bbox 1302 2843 1542 2912; x_wconf 88' lang='lat' dir='ltr'><strong>judicatc</strong></span> <span class='ocrx_word' id='word_1_205' title='bbox 1588 2842 1816 2911; x_wconf 85' lang='lat' dir='ltr'><strong>pupillo,</strong></span> <span class='ocrx_word' id='word_1_206' title='bbox 1869 2850 1922 2895; x_wconf 90' lang='lat' dir='ltr'><strong>et</strong></span> <span class='ocrx_word' id='word_1_207' title='bbox 1951 2839 2248 2910; x_wconf 86' lang='lat' dir='ltr'><strong>justilicate</strong></span> <span class='ocrx_word' id='word_1_208' title='bbox 2280 2842 2363 2894; x_wconf 84' lang='lat' dir='ltr'><strong>vi-</strong></span> 
     </span>
    </p>
   </div>
   <div class='ocr_carea' id='block_1_31' title="bbox 793 2931 2365 3002">
    <p class='ocr_par' dir='ltr' id='par_1_31' title="bbox 793 2931 2365 3002">
     <span class='ocr_line' id='line_1_31' title="bbox 793 2931 2365 3002; baseline -0.003 -12"><span class='ocrx_word' id='word_1_209' title='bbox 793 2936 975 2998; x_wconf 86' lang='lat' dir='ltr'><strong>duam,</strong></span> <span class='ocrx_word' id='word_1_210' title='bbox 1008 2944 1065 2990; x_wconf 89' lang='lat' dir='ltr'><strong>et</strong></span> <span class='ocrx_word' id='word_1_211' title='bbox 1099 2936 1301 2998; x_wconf 90' lang='lat' dir='ltr'><strong>venite,</strong></span> <span class='ocrx_word' id='word_1_212' title='bbox 1326 2934 1687 3002; x_wconf 87' lang='lat' dir='ltr'><strong>disputemus,</strong></span> <span class='ocrx_word' id='word_1_213' title='bbox 1717 2934 1854 2987; x_wconf 86' lang='lat' dir='ltr'><strong>dicit</strong></span> <span class='ocrx_word' id='word_1_214' title='bbox 1887 2931 2260 2988; x_wconf 75' lang='lat' dir='ltr'><strong>Dominus&quot;.s</strong></span> <span class='ocrx_word' id='word_1_215' title='bbox 2297 2931 2365 2986; x_wconf 84' lang='lat' dir='ltr'><strong>Et</strong></span> 
     </span>
    </p>
   </div>
   <div class='ocr_carea' id='block_1_32' title="bbox 794 3023 2356 3094">
    <p class='ocr_par' dir='ltr' id='par_1_32' title="bbox 794 3023 2356 3094">
     <span class='ocr_line' id='line_1_32' title="bbox 794 3023 2356 3094; baseline -0.003 -11"><span class='ocrx_word' id='word_1_216' title='bbox 794 3043 1009 3083; x_wconf 87' lang='lat' dir='ltr'><strong>rursum</strong></span> <span class='ocrx_word' id='word_1_217' title='bbox 1038 3044 1053 3082; x_wconf 95' lang='lat'><strong>:</strong></span> <span class='ocrx_word' id='word_1_218' title='bbox 1084 3045 1103 3078; x_wconf 80' lang='lat' dir='ltr'><strong>t</strong></span> <span class='ocrx_word' id='word_1_219' title='bbox 1125 3026 1332 3082; x_wconf 81' lang='lat' dir='ltr'><strong>Cohibe</strong></span> <span class='ocrx_word' id='word_1_220' title='bbox 1387 3026 1630 3094; x_wconf 76' lang='lat' dir='ltr'><strong>linguam</strong></span> <span class='ocrx_word' id='word_1_221' title='bbox 1676 3035 1822 3078; x_wconf 90' lang='lat' dir='ltr'><strong>tuam</strong></span> <span class='ocrx_word' id='word_1_222' title='bbox 1868 3040 1898 3077; x_wconf 92' lang='lat' dir='ltr'><strong>a</strong></span> <span class='ocrx_word' id='word_1_223' title='bbox 1935 3025 2098 3090; x_wconf 87' lang='lat' dir='ltr'><strong>malo,</strong></span> <span class='ocrx_word' id='word_1_224' title='bbox 2130 3034 2185 3078; x_wconf 86' lang='lat' dir='ltr'><strong>et</strong></span> <span class='ocrx_word' id='word_1_225' title='bbox 2216 3023 2356 3078; x_wconf 82' lang='lat' dir='ltr'><strong>labia</strong></span> 
     </span>
    </p>
   </div>
   <div class='ocr_carea' id='block_1_33' title="bbox 2467 551 4028 623">
    <p class='ocr_par' dir='ltr' id='par_1_33' title="bbox 2467 551 4028 623">
     <span class='ocr_line' id='line_1_33' title="bbox 2467 551 4028 623; baseline 0 -17"><span class='ocrx_word' id='word_1_226' title='bbox 2467 554 2610 606; x_wconf 81' lang='lat' dir='ltr'><strong>enim</strong></span> <span class='ocrx_word' id='word_1_227' title='bbox 2639 551 2834 606; x_wconf 85' lang='lat' dir='ltr'><strong>Filium</strong></span> <span class='ocrx_word' id='word_1_228' title='bbox 2863 551 2958 608; x_wconf 89' lang='lat' dir='ltr'><strong>Dei</strong></span> <span class='ocrx_word' id='word_1_229' title='bbox 2984 555 3435 623; x_wconf 85' lang='lat' dir='ltr'><strong>reprobaverunt,</strong></span> <span class='ocrx_word' id='word_1_230' title='bbox 3458 563 3514 607; x_wconf 89' lang='lat' dir='ltr'><strong>et</strong></span> <span class='ocrx_word' id='word_1_231' title='bbox 3539 551 3889 623; x_wconf 75' lang='lat' dir='ltr'><strong>proiecerunt</strong></span> <span class='ocrx_word' id='word_1_232' title='bbox 3915 552 4028 622; x_wconf 66' lang='lat' dir='ltr'><strong>(Si)</strong></span> 
     </span>
    </p>
   </div>
   <div class='ocr_carea' id='block_1_34' title="bbox 2467 642 4031 711">
    <p class='ocr_par' dir='ltr' id='par_1_34' title="bbox 2467 642 4031 711">
     <span class='ocr_line' id='line_1_34' title="bbox 2467 642 4031 711; baseline -0.001 -13"><span class='ocrx_word' id='word_1_233' title='bbox 2467 658 2613 710; x_wconf 76' lang='lat' dir='ltr'><strong>eum,</strong></span> <span class='ocrx_word' id='word_1_234' title='bbox 2659 659 2783 698; x_wconf 90' lang='lat' dir='ltr'><strong>cum</strong></span> <span class='ocrx_word' id='word_1_235' title='bbox 2834 658 2956 698; x_wconf 91' lang='lat' dir='ltr'><strong>eum</strong></span> <span class='ocrx_word' id='word_1_236' title='bbox 3002 644 3358 710; x_wconf 89' lang='lat' dir='ltr'><strong>occidissent,</strong></span> <span class='ocrx_word' id='word_1_237' title='bbox 3399 654 3557 700; x_wconf 80' lang='lat' dir='ltr'><strong>extra</strong></span> <span class='ocrx_word' id='word_1_238' title='bbox 3603 644 3844 706; x_wconf 84' lang='lat' dir='ltr'><strong>vineam.</strong></span> <span class='ocrx_word' id='word_1_239' title='bbox 3887 642 4031 711; x_wconf 81' lang='lat' dir='ltr'><strong>jnste</strong></span> 
     </span>
    </p>
   </div>
   <div class='ocr_carea' id='block_1_35' title="bbox 2469 734 4030 804">
    <p class='ocr_par' dir='ltr' id='par_1_35' title="bbox 2469 734 4030 804">
     <span class='ocr_line' id='line_1_35' title="bbox 2469 734 4030 804; baseline 0.002 -17"><span class='ocrx_word' id='word_1_240' title='bbox 2469 734 2778 804; x_wconf 86' lang='lat' dir='ltr'><strong>reprobavlt</strong></span> <span class='ocrx_word' id='word_1_241' title='bbox 2800 750 2896 790; x_wconf 86' lang='lat' dir='ltr'><strong>eos</strong></span> <span class='ocrx_word' id='word_1_242' title='bbox 2926 736 3092 800; x_wconf 89' lang='lat' dir='ltr'><strong>Deus,</strong></span> <span class='ocrx_word' id='word_1_243' title='bbox 3127 746 3182 791; x_wconf 90' lang='lat' dir='ltr'><strong>et</strong></span> <span class='ocrx_word' id='word_1_244' title='bbox 3206 746 3360 792; x_wconf 81' lang='lat' dir='ltr'><strong>extra</strong></span> <span class='ocrx_word' id='word_1_245' title='bbox 3386 736 3597 790; x_wconf 84' lang='lat' dir='ltr'><strong>vineam</strong></span> <span class='ocrx_word' id='word_1_246' title='bbox 3629 735 4030 792; x_wconf 81' lang='lat' dir='ltr'><strong>exsistentibns</strong></span> 
     </span>
    </p>
   </div>
   <div class='ocr_carea' id='block_1_36' title="bbox 2467 825 4031 896">
    <p class='ocr_par' dir='ltr' id='par_1_36' title="bbox 2467 825 4031 896">
     <span class='ocr_line' id='line_1_36' title="bbox 2467 825 4031 896; baseline 0.001 -17"><span class='ocrx_word' id='word_1_247' title='bbox 2467 825 2715 896; x_wconf 73' lang='lat' dir='ltr'><strong>gentibus</strong></span> <span class='ocrx_word' id='word_1_248' title='bbox 2759 825 2901 879; x_wconf 84' lang='lat' dir='ltr'><strong>dedit</strong></span> <span class='ocrx_word' id='word_1_249' title='bbox 2942 825 3419 882; x_wconf 88' lang='lat' dir='ltr'><strong>fructificationem</strong></span> <span class='ocrx_word' id='word_1_250' title='bbox 3454 827 3700 881; x_wconf 73' lang='lat' dir='ltr'><strong>cultum.</strong></span> <span class='ocrx_word' id='word_1_251' title='bbox 3752 827 4031 892; x_wconf 84' lang='lat' dir='ltr'><strong>Quemad-</strong></span> 
     </span>
    </p>
   </div>
   <div class='ocr_carea' id='block_1_37' title="bbox 2467 913 4031 987">
    <p class='ocr_par' dir='ltr' id='par_1_37' title="bbox 2467 913 4031 987">
     <span class='ocr_line' id='line_1_37' title="bbox 2467 913 4031 987; baseline -0.001 -20"><span class='ocrx_word' id='word_1_252' title='bbox 2467 913 2685 970; x_wconf 88' lang='lat' dir='ltr'><strong>modum</strong></span> <span class='ocrx_word' id='word_1_253' title='bbox 2743 923 2799 970; x_wconf 88' lang='lat' dir='ltr'><strong>et</strong></span> <span class='ocrx_word' id='word_1_254' title='bbox 2850 913 3118 971; x_wconf 80' lang='lat' dir='ltr'><strong>Jeremius</strong></span> <span class='ocrx_word' id='word_1_255' title='bbox 3181 918 3446 987; x_wconf 80' lang='lat' dir='ltr'><strong>propheta</strong></span> <span class='ocrx_word' id='word_1_256' title='bbox 3504 917 3618 970; x_wconf 85' lang='lat' dir='ltr'><strong>ait:</strong></span> <span class='ocrx_word' id='word_1_257' title='bbox 3652 915 4031 986; x_wconf 72' lang='lat' dir='ltr'><strong>clieprobavit</strong></span> 
     </span>
    </p>
   </div>
   <div class='ocr_carea' id='block_1_38' title="bbox 2468 1007 4031 1080">
    <p class='ocr_par' dir='ltr' id='par_1_38' title="bbox 2468 1007 4031 1080">
     <span class='ocr_line' id='line_1_38' title="bbox 2468 1007 4031 1080; baseline -0.003 -18"><span class='ocrx_word' id='word_1_258' title='bbox 2468 1007 2748 1070; x_wconf 84' lang='lat' dir='ltr'><strong>Dominus.</strong></span> <span class='ocrx_word' id='word_1_259' title='bbox 2793 1019 2850 1062; x_wconf 89' lang='lat' dir='ltr'><strong>et</strong></span> <span class='ocrx_word' id='word_1_260' title='bbox 2891 1008 3089 1080; x_wconf 84' lang='lat' dir='ltr'><strong>abjecit</strong></span> <span class='ocrx_word' id='word_1_261' title='bbox 3119 1018 3330 1080; x_wconf 90' lang='lat' dir='ltr'><strong>gentem</strong></span> <span class='ocrx_word' id='word_1_262' title='bbox 3367 1009 3651 1063; x_wconf 84' lang='lat' dir='ltr'><strong>facientem</strong></span> <span class='ocrx_word' id='word_1_263' title='bbox 3700 1007 3818 1061; x_wconf 66' lang='lat' dir='ltr'><strong>haec</strong></span> <span class='ocrx_word' id='word_1_264' title='bbox 3852 1021 3867 1060; x_wconf 95' lang='lat'><strong>:</strong></span> <span class='ocrx_word' id='word_1_265' title='bbox 3901 1021 4031 1077; x_wconf 83' lang='lat' dir='ltr'><strong>quo-</strong></span> 
     </span>
    </p>
   </div>
   <div class='ocr_carea' id='block_1_39' title="bbox 2467 1098 4029 1172">
    <p class='ocr_par' dir='ltr' id='par_1_39' title="bbox 2467 1098 4029 1172">
     <span class='ocr_line' id='line_1_39' title="bbox 2467 1098 4029 1172; baseline 0.001 -19"><span class='ocrx_word' id='word_1_266' title='bbox 2467 1102 2613 1154; x_wconf 82' lang='lat' dir='ltr'><strong>niam</strong></span> <span class='ocrx_word' id='word_1_267' title='bbox 2667 1099 2911 1156; x_wconf 67' lang='lat' dir='ltr'><strong>fvcerunt</strong></span> <span class='ocrx_word' id='word_1_268' title='bbox 2963 1101 3058 1156; x_wconf 85' lang='lat' dir='ltr'><strong>lilii</strong></span> <span class='ocrx_word' id='word_1_269' title='bbox 3109 1100 3246 1155; x_wconf 80' lang='lat' dir='ltr'><strong>Juda</strong></span> <span class='ocrx_word' id='word_1_270' title='bbox 3297 1101 3596 1172; x_wconf 84' lang='lat' dir='ltr'><strong>malignum</strong></span> <span class='ocrx_word' id='word_1_271' title='bbox 3646 1101 3702 1155; x_wconf 89' lang='lat' dir='ltr'><strong>itt</strong></span> <span class='ocrx_word' id='word_1_272' title='bbox 3733 1098 4029 1172; x_wconf 73' lang='lat' dir='ltr'><strong>conspectu</strong></span> 
     </span>
    </p>
   </div>
   <div class='ocr_carea' id='block_1_40' title="bbox 2467 1191 4028 1256">
    <p class='ocr_par' dir='ltr' id='par_1_40' title="bbox 2467 1191 4028 1256">
     <span class='ocr_line' id='line_1_40' title="bbox 2467 1191 4028 1256; baseline -0.001 -11"><span class='ocrx_word' id='word_1_273' title='bbox 2467 1206 2612 1256; x_wconf 90' lang='lat' dir='ltr'><strong>meo,</strong></span> <span class='ocrx_word' id='word_1_274' title='bbox 2644 1193 2780 1248; x_wconf 88' lang='lat' dir='ltr'><strong>dicit</strong></span> <span class='ocrx_word' id='word_1_275' title='bbox 2813 1193 3076 1248; x_wconf 87' lang='lat' dir='ltr'><strong>Dominus</strong></span> <span class='ocrx_word' id='word_1_276' title='bbox 3093 1193 3192 1246; x_wconf 68' lang='grc' dir='ltr'><strong>η.»</strong></span> <span class='ocrx_word' id='word_1_277' title='bbox 3233 1193 3500 1250; x_wconf 83' lang='lat' dir='ltr'><strong>Similiter</strong></span> <span class='ocrx_word' id='word_1_278' title='bbox 3532 1201 3709 1248; x_wconf 88' lang='lat' dir='ltr'><strong>autem</strong></span> <span class='ocrx_word' id='word_1_279' title='bbox 3726 1191 4028 1246; x_wconf 74' lang='lat' dir='ltr'><strong>Jeremias:</strong></span> 
     </span>
    </p>
   </div>
   <div class='ocr_carea' id='block_1_41' title="bbox 2471 1284 4029 1357">
    <p class='ocr_par' dir='ltr' id='par_1_41' title="bbox 2471 1284 4029 1357">
     <span class='ocr_line' id='line_1_41' title="bbox 2471 1284 4029 1357; baseline 0.001 -20"><span class='ocrx_word' id='word_1_280' title='bbox 2471 1303 2491 1337; x_wconf 86' lang='lat' dir='ltr'><strong>s</strong></span> <span class='ocrx_word' id='word_1_281' title='bbox 2529 1284 2798 1340; x_wconf 87' lang='lat' dir='ltr'><strong>Constitui</strong></span> <span class='ocrx_word' id='word_1_282' title='bbox 2857 1299 3020 1356; x_wconf 86' lang='lat' dir='ltr'><strong>super</strong></span> <span class='ocrx_word' id='word_1_283' title='bbox 3074 1300 3172 1340; x_wconf 86' lang='lat' dir='ltr'><strong>vos</strong></span> <span class='ocrx_word' id='word_1_284' title='bbox 3220 1284 3597 1355; x_wconf 88' lang='lat' dir='ltr'><strong>exploratores</strong></span> <span class='ocrx_word' id='word_1_285' title='bbox 3631 1284 3743 1357; x_wconf 76' lang='grc'><strong>(55)</strong></span> <span class='ocrx_word' id='word_1_286' title='bbox 3778 1300 3793 1338; x_wconf 93' lang='lat'><strong>:</strong></span> <span class='ocrx_word' id='word_1_287' title='bbox 3829 1284 4029 1339; x_wconf 82' lang='lat' dir='ltr'><strong>Audite</strong></span> 
     </span>
    </p>
   </div>
   <div class='ocr_carea' id='block_1_42' title="bbox 2468 1375 4032 1445">
    <p class='ocr_par' dir='ltr' id='par_1_42' title="bbox 2468 1375 4032 1445">
     <span class='ocr_line' id='line_1_42' title="bbox 2468 1375 4032 1445; baseline 0 -16"><span class='ocrx_word' id='word_1_288' title='bbox 2468 1391 2656 1433; x_wconf 91' lang='lat' dir='ltr'><strong>vocem</strong></span> <span class='ocrx_word' id='word_1_289' title='bbox 2688 1377 2864 1442; x_wconf 68' lang='lat' dir='ltr'><strong>tubae;</strong></span> <span class='ocrx_word' id='word_1_290' title='bbox 2905 1385 2962 1431; x_wconf 90' lang='lat' dir='ltr'><strong>et</strong></span> <span class='ocrx_word' id='word_1_291' title='bbox 3006 1376 3430 1433; x_wconf 82' lang='lat' dir='ltr'><strong>dixerunt:Non</strong></span> <span class='ocrx_word' id='word_1_292' title='bbox 3467 1378 3772 1439; x_wconf 87' lang='lat' dir='ltr'><strong>audiemus.</strong></span> <span class='ocrx_word' id='word_1_293' title='bbox 3802 1375 4032 1445; x_wconf 80' lang='lat' dir='ltr'><strong>PrOpter</strong></span> 
     </span>
    </p>
   </div>
   <div class='ocr_carea' id='block_1_43' title="bbox 2467 1469 4027 1541">
    <p class='ocr_par' dir='ltr' id='par_1_43' title="bbox 2467 1469 4027 1541">
     <span class='ocr_line' id='line_1_43' title="bbox 2467 1469 4027 1541; baseline -0.003 -16"><span class='ocrx_word' id='word_1_294' title='bbox 2467 1469 2569 1525; x_wconf 87' lang='lat' dir='ltr'><strong>hoc</strong></span> <span class='ocrx_word' id='word_1_295' title='bbox 2585 1469 3100 1541; x_wconf 79' lang='lat' dir='ltr'><strong>audieruntgentes,</strong></span> <span class='ocrx_word' id='word_1_296' title='bbox 3121 1480 3174 1526; x_wconf 91' lang='lat' dir='ltr'><strong>et</strong></span> <span class='ocrx_word' id='word_1_297' title='bbox 3191 1471 3281 1540; x_wconf 91' lang='lat' dir='ltr'><strong>qui</strong></span> <span class='ocrx_word' id='word_1_298' title='bbox 3304 1480 3531 1541; x_wconf 85' lang='lat' dir='ltr'><strong>pascunt</strong></span> <span class='ocrx_word' id='word_1_299' title='bbox 3551 1485 3744 1539; x_wconf 82' lang='lat' dir='ltr'><strong>pecora</strong></span> <span class='ocrx_word' id='word_1_300' title='bbox 3765 1470 3821 1525; x_wconf 89' lang='lat' dir='ltr'><strong>in</strong></span> <span class='ocrx_word' id='word_1_301' title='bbox 3844 1469 3993 1526; x_wconf 81' lang='lat' dir='ltr'><strong>eis“.</strong></span> <span class='ocrx_word' id='word_1_302' title='bbox 4009 1489 4027 1522; x_wconf 75' lang='grc' dir='ltr'><strong>ι</strong></span> 
     </span>
    </p>
   </div>
   <div class='ocr_carea' id='block_1_44' title="bbox 2468 1554 4035 1630">
    <p class='ocr_par' dir='ltr' id='par_1_44' title="bbox 2468 1554 4035 1630">
     <span class='ocr_line' id='line_1_44' title="bbox 2468 1554 4035 1630; baseline 0.001 -18"><span class='ocrx_word' id='word_1_303' title='bbox 2468 1554 2621 1612; x_wconf 87' lang='lat' dir='ltr'><strong>Unus</strong></span> <span class='ocrx_word' id='word_1_304' title='bbox 2648 1573 2780 1626; x_wconf 82' lang='lat' dir='ltr'><strong>ergo</strong></span> <span class='ocrx_word' id='word_1_305' title='bbox 2818 1568 2873 1613; x_wconf 90' lang='lat' dir='ltr'><strong>et</strong></span> <span class='ocrx_word' id='word_1_306' title='bbox 2919 1558 3059 1612; x_wconf 91' lang='lat' dir='ltr'><strong>idem</strong></span> <span class='ocrx_word' id='word_1_307' title='bbox 3098 1559 3239 1614; x_wconf 86' lang='lat' dir='ltr'><strong>Deus</strong></span> <span class='ocrx_word' id='word_1_308' title='bbox 3285 1559 3469 1625; x_wconf 81' lang='lat' dir='ltr'><strong>Pater,</strong></span> <span class='ocrx_word' id='word_1_309' title='bbox 3523 1562 3614 1630; x_wconf 89' lang='lat' dir='ltr'><strong>qui</strong></span> <span class='ocrx_word' id='word_1_310' title='bbox 3653 1559 3921 1630; x_wconf 76' lang='lat' dir='ltr'><strong>plantavit</strong></span> <span class='ocrx_word' id='word_1_311' title='bbox 3957 1561 4035 1614; x_wconf 78' lang='lat' dir='ltr'><strong>vi-</strong></span> 
     </span>
    </p>
   </div>
   <div class='ocr_carea' id='block_1_45' title="bbox 2468 1651 4030 1722">
    <p class='ocr_par' dir='ltr' id='par_1_45' title="bbox 2468 1651 4030 1722">
     <span class='ocr_line' id='line_1_45' title="bbox 2468 1651 4030 1722; baseline 0.001 -18"><span class='ocrx_word' id='word_1_312' title='bbox 2468 1664 2647 1714; x_wconf 89' lang='lat' dir='ltr'><strong>neam,</strong></span> <span class='ocrx_word' id='word_1_313' title='bbox 2695 1651 2786 1719; x_wconf 86' lang='lat' dir='ltr'><strong>qui</strong></span> <span class='ocrx_word' id='word_1_314' title='bbox 2832 1652 3090 1722; x_wconf 84' lang='lat' dir='ltr'><strong>populum</strong></span> <span class='ocrx_word' id='word_1_315' title='bbox 3125 1652 3329 1714; x_wconf 88' lang='lat' dir='ltr'><strong>eduxit.</strong></span> <span class='ocrx_word' id='word_1_316' title='bbox 3374 1652 3466 1720; x_wconf 85' lang='lat' dir='ltr'><strong>qui</strong></span> <span class='ocrx_word' id='word_1_317' title='bbox 3515 1653 3831 1722; x_wconf 84' lang='lat' dir='ltr'><strong>prophetas</strong></span> <span class='ocrx_word' id='word_1_318' title='bbox 3859 1652 4030 1714; x_wconf 89' lang='lat' dir='ltr'><strong>misit,</strong></span> 
     </span>
    </p>
   </div>
   <div class='ocr_carea' id='block_1_46' title="bbox 2467 1739 4029 1814">
    <p class='ocr_par' dir='ltr' id='par_1_46' title="bbox 2467 1739 4029 1814">
     <span class='ocr_line' id='line_1_46' title="bbox 2467 1739 4029 1814; baseline 0.005 -22"><span class='ocrx_word' id='word_1_319' title='bbox 2467 1741 2555 1809; x_wconf 90' lang='lat' dir='ltr'><strong>qui</strong></span> <span class='ocrx_word' id='word_1_320' title='bbox 2587 1739 2783 1795; x_wconf 86' lang='lat' dir='ltr'><strong>Filium</strong></span> <span class='ocrx_word' id='word_1_321' title='bbox 2818 1757 2973 1796; x_wconf 88' lang='lat' dir='ltr'><strong>suum</strong></span> <span class='ocrx_word' id='word_1_322' title='bbox 3003 1743 3170 1810; x_wconf 87' lang='lat' dir='ltr'><strong>misit,</strong></span> <span class='ocrx_word' id='word_1_323' title='bbox 3208 1743 3300 1814; x_wconf 89' lang='lat' dir='ltr'><strong>qui</strong></span> <span class='ocrx_word' id='word_1_324' title='bbox 3345 1744 3556 1797; x_wconf 89' lang='lat' dir='ltr'><strong>vineam</strong></span> <span class='ocrx_word' id='word_1_325' title='bbox 3595 1744 3744 1798; x_wconf 87' lang='lat' dir='ltr'><strong>dedit</strong></span> <span class='ocrx_word' id='word_1_326' title='bbox 3777 1743 3903 1799; x_wconf 88' lang='lat' dir='ltr'><strong>aliis</strong></span> <span class='ocrx_word' id='word_1_327' title='bbox 3938 1760 4029 1800; x_wconf 81' lang='lat' dir='ltr'><strong>co-</strong></span> 
     </span>
    </p>
   </div>
   <div class='ocr_carea' id='block_1_47' title="bbox 2466 1830 4030 1903">
    <p class='ocr_par' dir='ltr' id='par_1_47' title="bbox 2466 1830 4030 1903">
     <span class='ocr_line' id='line_1_47' title="bbox 2466 1830 4030 1903; baseline 0.002 -20"><span class='ocrx_word' id='word_1_328' title='bbox 2466 1830 2626 1896; x_wconf 78' lang='lat' dir='ltr'><strong>Ionis,</strong></span> <span class='ocrx_word' id='word_1_329' title='bbox 2647 1832 2731 1886; x_wconf 86' lang='lat' dir='ltr'><strong>his</strong></span> <span class='ocrx_word' id='word_1_330' title='bbox 2752 1832 2843 1900; x_wconf 88' lang='lat' dir='ltr'><strong>qui</strong></span> <span class='ocrx_word' id='word_1_331' title='bbox 2868 1833 3097 1887; x_wconf 87' lang='lat' dir='ltr'><strong>reddunt</strong></span> <span class='ocrx_word' id='word_1_332' title='bbox 3120 1833 3330 1888; x_wconf 80' lang='lat' dir='ltr'><strong>fructus</strong></span> <span class='ocrx_word' id='word_1_333' title='bbox 3345 1831 3454 1903; x_wconf 75' lang='lat'><strong>(36)</strong></span> <span class='ocrx_word' id='word_1_334' title='bbox 3473 1832 3527 1886; x_wconf 90' lang='lat' dir='ltr'><strong>in</strong></span> <span class='ocrx_word' id='word_1_335' title='bbox 3547 1833 3884 1902; x_wconf 88' lang='lat' dir='ltr'><strong>temporibus</strong></span> <span class='ocrx_word' id='word_1_336' title='bbox 3897 1833 4030 1888; x_wconf 87' lang='lat' dir='ltr'><strong>suis.</strong></span> 
     </span>
    </p>
   </div>
   <div class='ocr_carea' id='block_1_48' title="bbox 2537 1923 4034 1998">
    <p class='ocr_par' dir='ltr' id='par_1_48' title="bbox 2537 1923 4034 1998">
     <span class='ocr_line' id='line_1_48' title="bbox 2537 1923 4034 1998; baseline 0.002 -20"><span class='ocrx_word' id='word_1_337' title='bbox 2537 1923 2910 1996; x_wconf 77' lang='lat' dir='ltr'><strong>3.Etpropter</strong></span> <span class='ocrx_word' id='word_1_338' title='bbox 2935 1926 3038 1984; x_wconf 89' lang='lat' dir='ltr'><strong>hoc</strong></span> <span class='ocrx_word' id='word_1_339' title='bbox 3057 1927 3271 1981; x_wconf 87' lang='lat' dir='ltr'><strong>dicebat</strong></span> <span class='ocrx_word' id='word_1_340' title='bbox 3303 1927 3561 1983; x_wconf 86' lang='lat' dir='ltr'><strong>Dominus</strong></span> <span class='ocrx_word' id='word_1_341' title='bbox 3593 1927 3875 1998; x_wconf 88' lang='lat' dir='ltr'><strong>discipulis</strong></span> <span class='ocrx_word' id='word_1_342' title='bbox 3899 1929 4034 1992; x_wconf 88' lang='lat' dir='ltr'><strong>suis,</strong></span> 
     </span>
    </p>
   </div>
   <div class='ocr_carea' id='block_1_49' title="bbox 2466 2014 4032 2086">
    <p class='ocr_par' dir='ltr' id='par_1_49' title="bbox 2466 2014 4032 2086">
     <span class='ocr_line' id='line_1_49' title="bbox 2466 2014 4032 2086; baseline -0.001 -17"><span class='ocrx_word' id='word_1_343' title='bbox 2466 2015 2636 2070; x_wconf 86' lang='lat' dir='ltr'><strong>bonos</strong></span> <span class='ocrx_word' id='word_1_344' title='bbox 2675 2014 2955 2084; x_wconf 82' lang='lat' dir='ltr'><strong>operarios</strong></span> <span class='ocrx_word' id='word_1_345' title='bbox 2992 2031 3090 2071; x_wconf 92' lang='lat' dir='ltr'><strong>nos</strong></span> <span class='ocrx_word' id='word_1_346' title='bbox 3135 2028 3448 2086; x_wconf 72' lang='lat' dir='ltr'><strong>praeparans</strong></span> <span class='ocrx_word' id='word_1_347' title='bbox 3473 2029 3489 2068; x_wconf 94' lang='lat'><strong>:</strong></span> <span class='ocrx_word' id='word_1_348' title='bbox 3519 2032 3539 2067; x_wconf 71' lang='grc' dir='ltr'><strong><em>ι</em></strong></span> <span class='ocrx_word' id='word_1_349' title='bbox 3561 2015 3844 2071; x_wconf 83' lang='lat' dir='ltr'><strong>Attendite</strong></span> <span class='ocrx_word' id='word_1_350' title='bbox 3881 2017 4032 2070; x_wconf 74' lang='lat' dir='ltr'><strong>vobis</strong></span> 
     </span>
    </p>
   </div>
   <div class='ocr_carea' id='block_1_50' title="bbox 2465 2105 4035 2180">
    <p class='ocr_par' dir='ltr' id='par_1_50' title="bbox 2465 2105 4035 2180">
     <span class='ocr_line' id='line_1_50' title="bbox 2465 2105 4035 2180; baseline 0 -20"><span class='ocrx_word' id='word_1_351' title='bbox 2465 2115 2520 2161; x_wconf 92' lang='lat' dir='ltr'><strong>et</strong></span> <span class='ocrx_word' id='word_1_352' title='bbox 2552 2105 2769 2177; x_wconf 83' lang='lat' dir='ltr'><strong>vigilate</strong></span> <span class='ocrx_word' id='word_1_353' title='bbox 2796 2121 3009 2176; x_wconf 87' lang='lat' dir='ltr'><strong>semper</strong></span> <span class='ocrx_word' id='word_1_354' title='bbox 3041 2108 3092 2162; x_wconf 92' lang='lat' dir='ltr'><strong>in</strong></span> <span class='ocrx_word' id='word_1_355' title='bbox 3117 2108 3262 2163; x_wconf 78' lang='lat' dir='ltr'><strong>onini</strong></span> <span class='ocrx_word' id='word_1_356' title='bbox 3294 2120 3529 2177; x_wconf 79' lang='lat' dir='ltr'><strong>tempore</strong></span> <span class='ocrx_word' id='word_1_357' title='bbox 3553 2109 3689 2179; x_wconf 79' lang='lat'><strong>(37),</strong></span> <span class='ocrx_word' id='word_1_358' title='bbox 3723 2123 3790 2162; x_wconf 92' lang='lat' dir='ltr'><strong>ne</strong></span> <span class='ocrx_word' id='word_1_359' title='bbox 3816 2109 4035 2180; x_wconf 82' lang='lat' dir='ltr'><strong>quando</strong></span> 
     </span>
    </p>
   </div>
   <div class='ocr_carea' id='block_1_51' title="bbox 2464 2198 4036 2268">
    <p class='ocr_par' dir='ltr' id='par_1_51' title="bbox 2464 2198 4036 2268">
     <span class='ocr_line' id='line_1_51' title="bbox 2464 2198 4036 2268; baseline 0.003 -17"><span class='ocrx_word' id='word_1_360' title='bbox 2464 2207 2755 2267; x_wconf 82' lang='lat' dir='ltr'><strong>graventur</strong></span> <span class='ocrx_word' id='word_1_361' title='bbox 2793 2198 2960 2252; x_wconf 89' lang='lat' dir='ltr'><strong>corda</strong></span> <span class='ocrx_word' id='word_1_362' title='bbox 2989 2211 3169 2254; x_wconf 86' lang='lat' dir='ltr'><strong>vestra</strong></span> <span class='ocrx_word' id='word_1_363' title='bbox 3202 2199 3255 2253; x_wconf 93' lang='lat' dir='ltr'><strong>in</strong></span> <span class='ocrx_word' id='word_1_364' title='bbox 3285 2199 3530 2268; x_wconf 85' lang='lat' dir='ltr'><strong>crapula,</strong></span> <span class='ocrx_word' id='word_1_365' title='bbox 3565 2208 3621 2254; x_wconf 92' lang='lat' dir='ltr'><strong>et</strong></span> <span class='ocrx_word' id='word_1_366' title='bbox 3648 2199 3943 2265; x_wconf 83' lang='lat' dir='ltr'><strong>ebrietate,</strong></span> <span class='ocrx_word' id='word_1_367' title='bbox 3983 2211 4036 2255; x_wconf 87' lang='lat' dir='ltr'><strong>et</strong></span> 
     </span>
    </p>
   </div>
   <div class='ocr_carea' id='block_1_52' title="bbox 2465 2289 4036 2362">
    <p class='ocr_par' dir='ltr' id='par_1_52' title="bbox 2465 2289 4036 2362">
     <span class='ocr_line' id='line_1_52' title="bbox 2465 2289 4036 2362; baseline 0.001 -18"><span class='ocrx_word' id='word_1_368' title='bbox 2465 2289 2884 2359; x_wconf 85' lang='lat' dir='ltr'><strong>cogitationibus</strong></span> <span class='ocrx_word' id='word_1_369' title='bbox 2910 2289 3350 2354; x_wconf 66' lang='lat' dir='ltr'><strong>saecularibus,et</strong></span> <span class='ocrx_word' id='word_1_370' title='bbox 3376 2302 3600 2360; x_wconf 86' lang='lat' dir='ltr'><strong>repente</strong></span> <span class='ocrx_word' id='word_1_371' title='bbox 3623 2293 3847 2346; x_wconf 85' lang='lat' dir='ltr'><strong>assistat</strong></span> <span class='ocrx_word' id='word_1_372' title='bbox 3877 2307 4036 2362; x_wconf 84' lang='lat' dir='ltr'><strong>super</strong></span> 
     </span>
    </p>
   </div>
   <div class='ocr_carea' id='block_1_53' title="bbox 2464 2381 4034 2454">
    <p class='ocr_par' dir='ltr' id='par_1_53' title="bbox 2464 2381 4034 2454">
     <span class='ocr_line' id='line_1_53' title="bbox 2464 2381 4034 2454; baseline 0.004 -23"><span class='ocrx_word' id='word_1_373' title='bbox 2464 2396 2560 2436; x_wconf 83' lang='lat' dir='ltr'><strong>vos</strong></span> <span class='ocrx_word' id='word_1_374' title='bbox 2593 2381 2707 2437; x_wconf 85' lang='lat' dir='ltr'><strong>dies</strong></span> <span class='ocrx_word' id='word_1_375' title='bbox 2740 2382 2851 2437; x_wconf 85' lang='lat' dir='ltr'><strong>illa.</strong></span> <span class='ocrx_word' id='word_1_376' title='bbox 2875 2383 3238 2453; x_wconf 87' lang='lat' dir='ltr'><strong>Superveniet</strong></span> <span class='ocrx_word' id='word_1_377' title='bbox 3260 2383 3404 2436; x_wconf 89' lang='lat' dir='ltr'><strong>cnim</strong></span> <span class='ocrx_word' id='word_1_378' title='bbox 3436 2384 3590 2452; x_wconf 89' lang='lat' dir='ltr'><strong>quasi</strong></span> <span class='ocrx_word' id='word_1_379' title='bbox 3625 2382 3849 2454; x_wconf 86' lang='lat' dir='ltr'><strong>laqueus</strong></span> <span class='ocrx_word' id='word_1_380' title='bbox 3872 2399 4034 2452; x_wconf 81' lang='lat' dir='ltr'><strong>super</strong></span> 
     </span>
    </p>
   </div>
   <div class='ocr_carea' id='block_1_54' title="bbox 2464 2473 4030 2548">
    <p class='ocr_par' dir='ltr' id='par_1_54' title="bbox 2464 2473 4030 2548">
     <span class='ocr_line' id='line_1_54' title="bbox 2464 2473 4030 2548; baseline 0.003 -23"><span class='ocrx_word' id='word_1_381' title='bbox 2464 2486 2655 2529; x_wconf 78' lang='lat' dir='ltr'><strong>onines</strong></span> <span class='ocrx_word' id='word_1_382' title='bbox 2687 2477 2934 2530; x_wconf 87' lang='lat' dir='ltr'><strong>sedentes</strong></span> <span class='ocrx_word' id='word_1_383' title='bbox 2966 2489 3131 2544; x_wconf 88' lang='lat' dir='ltr'><strong>super</strong></span> <span class='ocrx_word' id='word_1_384' title='bbox 3176 2473 3371 2529; x_wconf 87' lang='lat' dir='ltr'><strong>faciem</strong></span> <span class='ocrx_word' id='word_1_385' title='bbox 3407 2473 3656 2530; x_wconf 69' lang='lat' dir='ltr'><strong>terrae“.</strong></span> <span class='ocrx_word' id='word_1_386' title='bbox 3693 2475 3817 2530; x_wconf 90' lang='lat' dir='ltr'><strong>Sint</strong></span> <span class='ocrx_word' id='word_1_387' title='bbox 3865 2476 4030 2548; x_wconf 82' lang='lat' dir='ltr'><strong>igitur</strong></span> 
     </span>
    </p>
   </div>
   <div class='ocr_carea' id='block_1_55' title="bbox 2465 2565 4032 2637">
    <p class='ocr_par' dir='ltr' id='par_1_55' title="bbox 2465 2565 4032 2637">
     <span class='ocr_line' id='line_1_55' title="bbox 2465 2565 4032 2637; baseline 0.001 -19"><span class='ocrx_word' id='word_1_388' title='bbox 2465 2565 2634 2622; x_wconf 88' lang='lat' dir='ltr'><strong>lumbi</strong></span> <span class='ocrx_word' id='word_1_389' title='bbox 2661 2565 2828 2621; x_wconf 85' lang='lat' dir='ltr'><strong>vestri</strong></span> <span class='ocrx_word' id='word_1_390' title='bbox 2856 2566 3154 2636; x_wconf 70' lang='lat' dir='ltr'><strong>praecincti,</strong></span> <span class='ocrx_word' id='word_1_391' title='bbox 3183 2575 3237 2622; x_wconf 89' lang='lat' dir='ltr'><strong>et</strong></span> <span class='ocrx_word' id='word_1_392' title='bbox 3271 2566 3506 2621; x_wconf 77' lang='lat' dir='ltr'><strong>lucerna:</strong></span> <span class='ocrx_word' id='word_1_393' title='bbox 3541 2568 3800 2623; x_wconf 87' lang='lat' dir='ltr'><strong>ardentes</strong></span> <span class='ocrx_word' id='word_1_394' title='bbox 3823 2567 3959 2637; x_wconf 81' lang='lat'><strong>(38).</strong></span> <span class='ocrx_word' id='word_1_395' title='bbox 3980 2576 4032 2621; x_wconf 71' lang='lat' dir='ltr'><strong>et</strong></span> 
     </span>
    </p>
   </div>
   <div class='ocr_carea' id='block_1_56' title="bbox 2467 2657 4029 2728">
    <p class='ocr_par' dir='ltr' id='par_1_56' title="bbox 2467 2657 4029 2728">
     <span class='ocr_line' id='line_1_56' title="bbox 2467 2657 4029 2728; baseline 0.001 -18"><span class='ocrx_word' id='word_1_396' title='bbox 2467 2673 2564 2712; x_wconf 87' lang='lat' dir='ltr'><strong>vos</strong></span> <span class='ocrx_word' id='word_1_397' title='bbox 2620 2657 2828 2711; x_wconf 88' lang='lat' dir='ltr'><strong>similes</strong></span> <span class='ocrx_word' id='word_1_398' title='bbox 2879 2657 3196 2714; x_wconf 81' lang='lat' dir='ltr'><strong>hominibus</strong></span> <span class='ocrx_word' id='word_1_399' title='bbox 3243 2660 3694 2728; x_wconf 71' lang='lat' dir='ltr'><strong>exspectantibus</strong></span> <span class='ocrx_word' id='word_1_400' title='bbox 3752 2661 4029 2714; x_wconf 84' lang='lat' dir='ltr'><strong>dominum</strong></span> 
     </span>
    </p>
   </div>
   <div class='ocr_carea' id='block_1_57' title="bbox 2463 2749 4030 2822">
    <p class='ocr_par' dir='ltr' id='par_1_57' title="bbox 2463 2749 4030 2822">
     <span class='ocr_line' id='line_1_57' title="bbox 2463 2749 4030 2822; baseline 0.001 -18"><span class='ocrx_word' id='word_1_401' title='bbox 2463 2765 2621 2804; x_wconf 89' lang='lat' dir='ltr'><strong>suum</strong></span> <span class='ocrx_word' id='word_1_402' title='bbox 2637 2749 2836 2822; x_wconf 80' lang='lat'><strong>“(39).</strong></span> <span class='ocrx_word' id='word_1_403' title='bbox 2879 2749 3160 2817; x_wconf 85' lang='lat' dir='ltr'><strong>Quomodo</strong></span> <span class='ocrx_word' id='word_1_404' title='bbox 3185 2751 3330 2804; x_wconf 86' lang='lat' dir='ltr'><strong>enim</strong></span> <span class='ocrx_word' id='word_1_405' title='bbox 3361 2749 3565 2805; x_wconf 87' lang='lat' dir='ltr'><strong>factunt</strong></span> <span class='ocrx_word' id='word_1_406' title='bbox 3595 2760 3680 2806; x_wconf 89' lang='lat' dir='ltr'><strong>est</strong></span> <span class='ocrx_word' id='word_1_407' title='bbox 3729 2751 3783 2806; x_wconf 93' lang='lat' dir='ltr'><strong>in</strong></span> <span class='ocrx_word' id='word_1_408' title='bbox 3839 2751 4030 2807; x_wconf 85' lang='lat' dir='ltr'><strong>diebus</strong></span> 
     </span>
    </p>
   </div>
   <div class='ocr_carea' id='block_1_58' title="bbox 2463 2841 4030 2906">
    <p class='ocr_par' dir='ltr' id='par_1_58' title="bbox 2463 2841 4030 2906">
     <span class='ocr_line' id='line_1_58' title="bbox 2463 2841 4030 2906; baseline 0.002 -10"><span class='ocrx_word' id='word_1_409' title='bbox 2463 2842 2575 2898; x_wconf 73' lang='lat' dir='ltr'><strong>Noe</strong></span> <span class='ocrx_word' id='word_1_410' title='bbox 2607 2855 2623 2895; x_wconf 93' lang='lat'><strong>:</strong></span> <span class='ocrx_word' id='word_1_411' title='bbox 2655 2842 3054 2896; x_wconf 84' lang='lat' dir='ltr'><strong>manducabant</strong></span> <span class='ocrx_word' id='word_1_412' title='bbox 3080 2853 3133 2896; x_wconf 91' lang='lat' dir='ltr'><strong>et</strong></span> <span class='ocrx_word' id='word_1_413' title='bbox 3157 2841 3431 2906; x_wconf 91' lang='lat' dir='ltr'><strong>bibebant,</strong></span> <span class='ocrx_word' id='word_1_414' title='bbox 3454 2851 3509 2897; x_wconf 92' lang='lat' dir='ltr'><strong>et</strong></span> <span class='ocrx_word' id='word_1_415' title='bbox 3535 2843 3791 2898; x_wconf 87' lang='lat' dir='ltr'><strong>emebant</strong></span> <span class='ocrx_word' id='word_1_416' title='bbox 3815 2854 3874 2898; x_wconf 90' lang='lat' dir='ltr'><strong>et</strong></span> <span class='ocrx_word' id='word_1_417' title='bbox 3901 2858 4030 2899; x_wconf 86' lang='lat' dir='ltr'><strong>ven-</strong></span> 
     </span>
    </p>
   </div>
   <div class='ocr_carea' id='block_1_59' title="bbox 2464 2933 4028 3001">
    <p class='ocr_par' dir='ltr' id='par_1_59' title="bbox 2464 2933 4028 3001">
     <span class='ocr_line' id='line_1_59' title="bbox 2464 2933 4028 3001; baseline 0.001 -14"><span class='ocrx_word' id='word_1_418' title='bbox 2464 2933 2683 2996; x_wconf 88' lang='lat' dir='ltr'><strong>debant,</strong></span> <span class='ocrx_word' id='word_1_419' title='bbox 2711 2933 2992 2988; x_wconf 89' lang='lat' dir='ltr'><strong>nubebant</strong></span> <span class='ocrx_word' id='word_1_420' title='bbox 3018 2944 3073 2988; x_wconf 90' lang='lat' dir='ltr'><strong>et</strong></span> <span class='ocrx_word' id='word_1_421' title='bbox 3111 2934 3474 2998; x_wconf 88' lang='lat' dir='ltr'><strong>nnbebantur,</strong></span> <span class='ocrx_word' id='word_1_422' title='bbox 3501 2944 3557 2989; x_wconf 89' lang='lat' dir='ltr'><strong>et</strong></span> <span class='ocrx_word' id='word_1_423' title='bbox 3605 2950 3710 2989; x_wconf 91' lang='lat' dir='ltr'><strong>non</strong></span> <span class='ocrx_word' id='word_1_424' title='bbox 3763 2936 4028 3001; x_wconf 83' lang='lat' dir='ltr'><strong>scierunt,</strong></span> 
     </span>
    </p>
   </div>
   <div class='ocr_carea' id='block_1_60' title="bbox 2464 3023 4030 3095">
    <p class='ocr_par' dir='ltr' id='par_1_60' title="bbox 2464 3023 4030 3095">
     <span class='ocr_line' id='line_1_60' title="bbox 2464 3023 4030 3095; baseline 0.001 -17"><span class='ocrx_word' id='word_1_425' title='bbox 2464 3025 2818 3095; x_wconf 82' lang='lat' dir='ltr'><strong>quoadusque</strong></span> <span class='ocrx_word' id='word_1_426' title='bbox 2848 3025 3070 3079; x_wconf 88' lang='lat' dir='ltr'><strong>intravit</strong></span> <span class='ocrx_word' id='word_1_427' title='bbox 3115 3023 3229 3080; x_wconf 81' lang='lat' dir='ltr'><strong>Noe</strong></span> <span class='ocrx_word' id='word_1_428' title='bbox 3271 3025 3325 3078; x_wconf 91' lang='lat' dir='ltr'><strong>in</strong></span> <span class='ocrx_word' id='word_1_429' title='bbox 3370 3039 3576 3091; x_wconf 89' lang='lat' dir='ltr'><strong>arcam,</strong></span> <span class='ocrx_word' id='word_1_430' title='bbox 3618 3037 3672 3080; x_wconf 90' lang='lat' dir='ltr'><strong>et</strong></span> <span class='ocrx_word' id='word_1_431' title='bbox 3710 3027 3860 3081; x_wconf 87' lang='lat' dir='ltr'><strong>venit</strong></span> <span class='ocrx_word' id='word_1_432' title='bbox 3888 3027 4030 3080; x_wconf 89' lang='lat' dir='ltr'><strong>dilu-</strong></span> 
     </span>
    </p>
   </div>
   <div class='ocr_carea' id='block_1_61' title="bbox 795 3114 4029 3189">
    <p class='ocr_par' dir='ltr' id='par_1_61' title="bbox 795 3114 4029 3189">
     <span class='ocr_line' id='line_1_61' title="bbox 795 3114 4029 3189; baseline -0.002 -13"><span class='ocrx_word' id='word_1_433' title='bbox 795 3132 886 3176; x_wconf 90' lang='lat' dir='ltr'><strong>tua</strong></span> <span class='ocrx_word' id='word_1_434' title='bbox 920 3136 986 3175; x_wconf 90' lang='lat' dir='ltr'><strong>ne</strong></span> <span class='ocrx_word' id='word_1_435' title='bbox 1015 3121 1315 3188; x_wconf 88' lang='lat' dir='ltr'><strong>loquantur</strong></span> <span class='ocrx_word' id='word_1_436' title='bbox 1358 3115 1566 3171; x_wconf 87' lang='lat' dir='ltr'><strong>dolum.</strong></span> <span class='ocrx_word' id='word_1_437' title='bbox 1615 3116 1830 3170; x_wconf 85' lang='lat' dir='ltr'><strong>Diverte</strong></span> <span class='ocrx_word' id='word_1_438' title='bbox 1889 3129 1919 3169; x_wconf 89' lang='lat' dir='ltr'><strong>a</strong></span> <span class='ocrx_word' id='word_1_439' title='bbox 1974 3115 2136 3183; x_wconf 87' lang='lat' dir='ltr'><strong>malo,</strong></span> <span class='ocrx_word' id='word_1_440' title='bbox 2169 3123 2222 3169; x_wconf 89' lang='lat' dir='ltr'><strong>et</strong></span> <span class='ocrx_word' id='word_1_441' title='bbox 2273 3114 2357 3170; x_wconf 80' lang='lat' dir='ltr'><strong>lac</strong></span> <span class='ocrx_word' id='word_1_442' title='bbox 2383 3133 2427 3189; x_wconf 73' lang='grc' dir='ltr'>ο</span> <span class='ocrx_word' id='word_1_443' title='bbox 2465 3117 2628 3181; x_wconf 89' lang='lat' dir='ltr'><strong>vium,</strong></span> <span class='ocrx_word' id='word_1_444' title='bbox 2660 3126 2712 3170; x_wconf 87' lang='lat' dir='ltr'><strong>et</strong></span> <span class='ocrx_word' id='word_1_445' title='bbox 2740 3117 2974 3186; x_wconf 84' lang='lat' dir='ltr'><strong>perdidit</strong></span> <span class='ocrx_word' id='word_1_446' title='bbox 3006 3131 3219 3170; x_wconf 89' lang='lat' dir='ltr'><strong>omnes.</strong></span> <span class='ocrx_word' id='word_1_447' title='bbox 3253 3115 3320 3172; x_wconf 83' lang='lat' dir='ltr'><strong>Et</strong></span> <span class='ocrx_word' id='word_1_448' title='bbox 3343 3117 3799 3185; x_wconf 88' lang='lat' dir='ltr'><strong>quemadmodum</strong></span> <span class='ocrx_word' id='word_1_449' title='bbox 3827 3117 4029 3172; x_wconf 89' lang='lat' dir='ltr'><strong>factum</strong></span> 
     </span>
    </p>
   </div>
   <div class='ocr_carea' id='block_1_62' title="bbox 792 3204 2356 3279">
    <p class='ocr_par' dir='ltr' id='par_1_62' title="bbox 792 3204 2356 3279">
     <span class='ocr_line' id='line_1_62' title="bbox 792 3204 2356 3279; baseline -0.007 -11"><span class='ocrx_word' id='word_1_450' title='bbox 792 3215 1014 3276; x_wconf 71' lang='lat' dir='ltr'><strong>bonum,</strong></span> <span class='ocrx_word' id='word_1_451' title='bbox 1063 3210 1276 3279; x_wconf 85' lang='lat' dir='ltr'><strong>inquire</strong></span> <span class='ocrx_word' id='word_1_452' title='bbox 1321 3222 1534 3277; x_wconf 85' lang='lat' dir='ltr'><strong>pacem,</strong></span> <span class='ocrx_word' id='word_1_453' title='bbox 1582 3219 1637 3261; x_wconf 90' lang='lat' dir='ltr'><strong>et</strong></span> <span class='ocrx_word' id='word_1_454' title='bbox 1682 3222 1913 3276; x_wconf 84' lang='lat' dir='ltr'><strong>sequere</strong></span> <span class='ocrx_word' id='word_1_455' title='bbox 1946 3204 2059 3277; x_wconf 72' lang='lat'><strong>(32)</strong></span> <span class='ocrx_word' id='word_1_456' title='bbox 2101 3221 2224 3261; x_wconf 87' lang='lat' dir='ltr'><strong>eam</strong></span> <span class='ocrx_word' id='word_1_457' title='bbox 2244 3206 2356 3262; x_wconf 74' lang='lat' dir='ltr'><strong>&quot;.s</strong></span> 
     </span>
    </p>
   </div>
   <div class='ocr_carea' id='block_1_63' title="bbox 797 3296 2364 3374">
    <p class='ocr_par' dir='ltr' id='par_1_63' title="bbox 797 3296 2364 3374">
     <span class='ocr_line' id='line_1_63' title="bbox 797 3296 2364 3374; baseline -0.005 -16"><span class='ocrx_word' id='word_1_458' title='bbox 797 3303 921 3359; x_wconf 68' lang='lat' dir='ltr'><strong>Haec</strong></span> <span class='ocrx_word' id='word_1_459' title='bbox 954 3313 1328 3374; x_wconf 72' lang='lat' dir='ltr'><strong>prmconantcs</strong></span> <span class='ocrx_word' id='word_1_460' title='bbox 1353 3302 1646 3373; x_wconf 72' lang='lat' dir='ltr'><strong>prophetae,</strong></span> <span class='ocrx_word' id='word_1_461' title='bbox 1671 3301 1908 3356; x_wconf 90' lang='lat' dir='ltr'><strong>fructum</strong></span> <span class='ocrx_word' id='word_1_462' title='bbox 1934 3296 2364 3369; x_wconf 72' lang='lat' dir='ltr'><strong>petebantjusd-</strong></span> 
     </span>
    </p>
   </div>
   <div class='ocr_carea' id='block_1_64' title="bbox 796 3391 2363 3453">
    <p class='ocr_par' dir='ltr' id='par_1_64' title="bbox 796 3391 2363 3453">
     <span class='ocr_line' id='line_1_64' title="bbox 796 3391 2363 3453; baseline -0.001 -6"><span class='ocrx_word' id='word_1_463' title='bbox 796 3397 904 3450; x_wconf 75' lang='lat' dir='ltr'><strong>tite.</strong></span> <span class='ocrx_word' id='word_1_464' title='bbox 945 3394 1062 3450; x_wconf 71' lang='lat' dir='ltr'><strong>Non</strong></span> <span class='ocrx_word' id='word_1_465' title='bbox 1098 3394 1451 3450; x_wconf 88' lang='lat' dir='ltr'><strong>credentibus</strong></span> <span class='ocrx_word' id='word_1_466' title='bbox 1480 3403 1661 3448; x_wconf 90' lang='lat' dir='ltr'><strong>autem</strong></span> <span class='ocrx_word' id='word_1_467' title='bbox 1710 3393 1837 3453; x_wconf 85' lang='lat' dir='ltr'><strong>illis,</strong></span> <span class='ocrx_word' id='word_1_468' title='bbox 1886 3391 2183 3449; x_wconf 79' lang='lat' dir='ltr'><strong>novissime</strong></span> <span class='ocrx_word' id='word_1_469' title='bbox 2215 3392 2363 3446; x_wconf 84' lang='lat' dir='ltr'><strong>misit</strong></span> 
     </span>
    </p>
   </div>
   <div class='ocr_carea' id='block_1_65' title="bbox 795 3482 2358 3556">
    <p class='ocr_par' dir='ltr' id='par_1_65' title="bbox 795 3482 2358 3556">
     <span class='ocr_line' id='line_1_65' title="bbox 795 3482 2358 3556; baseline -0.003 -15"><span class='ocrx_word' id='word_1_470' title='bbox 795 3487 990 3541; x_wconf 84' lang='lat' dir='ltr'><strong>Filium</strong></span> <span class='ocrx_word' id='word_1_471' title='bbox 1018 3502 1198 3551; x_wconf 89' lang='lat' dir='ltr'><strong>suum,</strong></span> <span class='ocrx_word' id='word_1_472' title='bbox 1235 3487 1384 3541; x_wconf 89' lang='lat' dir='ltr'><strong>misit</strong></span> <span class='ocrx_word' id='word_1_473' title='bbox 1416 3485 1707 3540; x_wconf 85' lang='lat' dir='ltr'><strong>Dominum</strong></span> <span class='ocrx_word' id='word_1_474' title='bbox 1739 3483 1851 3556; x_wconf 72' lang='lat'><strong>(33)</strong></span> <span class='ocrx_word' id='word_1_475' title='bbox 1885 3493 2130 3538; x_wconf 90' lang='lat' dir='ltr'><strong>nostrum</strong></span> <span class='ocrx_word' id='word_1_476' title='bbox 2175 3482 2358 3539; x_wconf 77' lang='lat' dir='ltr'><strong>Jesuni</strong></span> 
     </span>
    </p>
   </div>
   <div class='ocr_carea' id='block_1_66' title="bbox 793 3575 2364 3647">
    <p class='ocr_par' dir='ltr' id='par_1_66' title="bbox 793 3575 2364 3647">
     <span class='ocr_line' id='line_1_66' title="bbox 793 3575 2364 3647; baseline -0.002 -13"><span class='ocrx_word' id='word_1_477' title='bbox 793 3579 1095 3640; x_wconf 84' lang='lat' dir='ltr'><strong>Christum,</strong></span> <span class='ocrx_word' id='word_1_478' title='bbox 1121 3592 1279 3646; x_wconf 84' lang='lat' dir='ltr'><strong>quem</strong></span> <span class='ocrx_word' id='word_1_479' title='bbox 1319 3592 1442 3632; x_wconf 90' lang='lat' dir='ltr'><strong>cum</strong></span> <span class='ocrx_word' id='word_1_480' title='bbox 1474 3575 1810 3631; x_wconf 84' lang='lat' dir='ltr'><strong>occidissent</strong></span> <span class='ocrx_word' id='word_1_481' title='bbox 1847 3576 1971 3630; x_wconf 89' lang='lat' dir='ltr'><strong>mali</strong></span> <span class='ocrx_word' id='word_1_482' title='bbox 2001 3576 2204 3643; x_wconf 82' lang='lat' dir='ltr'><strong>coloni,</strong></span> <span class='ocrx_word' id='word_1_483' title='bbox 2236 3592 2364 3647; x_wconf 82' lang='lat' dir='ltr'><strong>pro-</strong></span> 
     </span>
    </p>
   </div>
   <div class='ocr_carea' id='block_1_67' title="bbox 787 3667 2358 3740">
    <p class='ocr_par' dir='ltr' id='par_1_67' title="bbox 787 3667 2358 3740">
     <span class='ocr_line' id='line_1_67' title="bbox 787 3667 2358 3740; baseline -0.003 -16"><span class='ocrx_word' id='word_1_484' title='bbox 787 3671 1040 3740; x_wconf 88' lang='lat' dir='ltr'><strong>jecerunt</strong></span> <span class='ocrx_word' id='word_1_485' title='bbox 1081 3677 1234 3723; x_wconf 87' lang='lat' dir='ltr'><strong>extra</strong></span> <span class='ocrx_word' id='word_1_486' title='bbox 1293 3668 1529 3721; x_wconf 85' lang='lat' dir='ltr'><strong>vineam.</strong></span> <span class='ocrx_word' id='word_1_487' title='bbox 1581 3667 1924 3736; x_wconf 80' lang='lat' dir='ltr'><strong>Quapropter</strong></span> <span class='ocrx_word' id='word_1_488' title='bbox 1976 3667 2200 3722; x_wconf 90' lang='lat' dir='ltr'><strong>tradidit</strong></span> <span class='ocrx_word' id='word_1_489' title='bbox 2239 3682 2358 3723; x_wconf 80' lang='lat' dir='ltr'><strong>eam</strong></span> 
     </span>
    </p>
   </div>
   <div class='ocr_carea' id='block_1_68' title="bbox 795 3754 2363 3825">
    <p class='ocr_par' dir='ltr' id='par_1_68' title="bbox 795 3754 2363 3825">
     <span class='ocr_line' id='line_1_68' title="bbox 795 3754 2363 3825; baseline 0 -15"><span class='ocrx_word' id='word_1_490' title='bbox 795 3755 1054 3811; x_wconf 83' lang='lat' dir='ltr'><strong>Dominus</strong></span> <span class='ocrx_word' id='word_1_491' title='bbox 1095 3756 1238 3810; x_wconf 89' lang='lat' dir='ltr'><strong>Deus</strong></span> <span class='ocrx_word' id='word_1_492' title='bbox 1286 3769 1392 3810; x_wconf 90' lang='lat' dir='ltr'><strong>non</strong></span> <span class='ocrx_word' id='word_1_493' title='bbox 1426 3756 1538 3825; x_wconf 85' lang='lat' dir='ltr'><strong>jam</strong></span> <span class='ocrx_word' id='word_1_494' title='bbox 1592 3754 2084 3824; x_wconf 83' lang='lat' dir='ltr'><strong>circumvallatam,</strong></span> <span class='ocrx_word' id='word_1_495' title='bbox 2120 3757 2213 3812; x_wconf 91' lang='lat' dir='ltr'><strong>sed</strong></span> <span class='ocrx_word' id='word_1_496' title='bbox 2266 3773 2363 3811; x_wconf 72' lang='lat' dir='ltr'><strong>cx-</strong></span> 
     </span>
    </p>
   </div>
   <div class='ocr_carea' id='block_1_69' title="bbox 796 3845 2359 3916">
    <p class='ocr_par' dir='ltr' id='par_1_69' title="bbox 796 3845 2359 3916">
     <span class='ocr_line' id='line_1_69' title="bbox 796 3845 2359 3916; baseline 0.003 -18"><span class='ocrx_word' id='word_1_497' title='bbox 796 3862 1021 3916; x_wconf 83' lang='lat' dir='ltr'><strong>pausam</strong></span> <span class='ocrx_word' id='word_1_498' title='bbox 1051 3849 1104 3902; x_wconf 91' lang='lat' dir='ltr'><strong>in</strong></span> <span class='ocrx_word' id='word_1_499' title='bbox 1137 3850 1453 3902; x_wconf 79' lang='lat' dir='ltr'><strong>universum</strong></span> <span class='ocrx_word' id='word_1_500' title='bbox 1485 3847 1744 3902; x_wconf 91' lang='lat' dir='ltr'><strong>mundum</strong></span> <span class='ocrx_word' id='word_1_501' title='bbox 1793 3845 1915 3902; x_wconf 88' lang='lat' dir='ltr'><strong>aliis</strong></span> <span class='ocrx_word' id='word_1_502' title='bbox 1948 3847 2177 3914; x_wconf 85' lang='lat' dir='ltr'><strong>colonis,</strong></span> <span class='ocrx_word' id='word_1_503' title='bbox 2239 3851 2359 3903; x_wconf 86' lang='lat' dir='ltr'><strong>red-</strong></span> 
     </span>
    </p>
   </div>
   <div class='ocr_carea' id='block_1_70' title="bbox 795 3937 2361 4011">
    <p class='ocr_par' dir='ltr' id='par_1_70' title="bbox 795 3937 2361 4011">
     <span class='ocr_line' id='line_1_70' title="bbox 795 3937 2361 4011; baseline 0.004 -19"><span class='ocrx_word' id='word_1_504' title='bbox 795 3939 1050 3993; x_wconf 87' lang='lat' dir='ltr'><strong>dentibus</strong></span> <span class='ocrx_word' id='word_1_505' title='bbox 1083 3937 1289 3994; x_wconf 87' lang='lat' dir='ltr'><strong>fructus</strong></span> <span class='ocrx_word' id='word_1_506' title='bbox 1335 3939 1677 4011; x_wconf 78' lang='lat' dir='ltr'><strong>temporibus</strong></span> <span class='ocrx_word' id='word_1_507' title='bbox 1718 3941 1851 4003; x_wconf 90' lang='lat' dir='ltr'><strong>suis,</strong></span> <span class='ocrx_word' id='word_1_508' title='bbox 1895 3949 2046 3996; x_wconf 90' lang='lat' dir='ltr'><strong>turre</strong></span> <span class='ocrx_word' id='word_1_509' title='bbox 2077 3940 2361 3998; x_wconf 86' lang='lat' dir='ltr'><strong>electionis</strong></span> 
     </span>
    </p>
   </div>
   <div class='ocr_carea' id='block_1_71' title="bbox 794 4031 2357 4104">
    <p class='ocr_par' dir='ltr' id='par_1_71' title="bbox 794 4031 2357 4104">
     <span class='ocr_line' id='line_1_71' title="bbox 794 4031 2357 4104; baseline 0.001 -18"><span class='ocrx_word' id='word_1_510' title='bbox 794 4031 1026 4086; x_wconf 84' lang='lat' dir='ltr'><strong>exaltata</strong></span> <span class='ocrx_word' id='word_1_511' title='bbox 1067 4031 1263 4102; x_wconf 90' lang='lat' dir='ltr'><strong>ubique</strong></span> <span class='ocrx_word' id='word_1_512' title='bbox 1290 4041 1346 4087; x_wconf 91' lang='lat' dir='ltr'><strong>et</strong></span> <span class='ocrx_word' id='word_1_513' title='bbox 1374 4033 1646 4102; x_wconf 87' lang='lat' dir='ltr'><strong>speciosa.</strong></span> <span class='ocrx_word' id='word_1_514' title='bbox 1682 4032 1890 4102; x_wconf 89' lang='lat' dir='ltr'><strong>Ubique</strong></span> <span class='ocrx_word' id='word_1_515' title='bbox 1916 4031 2064 4087; x_wconf 89' lang='lat' dir='ltr'><strong>enim</strong></span> <span class='ocrx_word' id='word_1_516' title='bbox 2096 4033 2357 4104; x_wconf 66' lang='lat' dir='ltr'><strong>praeclara</strong></span> 
     </span>
    </p>
   </div>
   <div class='ocr_carea' id='block_1_72' title="bbox 794 4123 2356 4193">
    <p class='ocr_par' dir='ltr' id='par_1_72' title="bbox 794 4123 2356 4193">
     <span class='ocr_line' id='line_1_72' title="bbox 794 4123 2356 4193; baseline 0.002 -15"><span class='ocrx_word' id='word_1_517' title='bbox 794 4133 879 4178; x_wconf 89' lang='lat' dir='ltr'><strong>est</strong></span> <span class='ocrx_word' id='word_1_518' title='bbox 934 4123 1199 4189; x_wconf 80' lang='lat' dir='ltr'><strong>Ecclesia,</strong></span> <span class='ocrx_word' id='word_1_519' title='bbox 1252 4133 1306 4177; x_wconf 89' lang='lat' dir='ltr'><strong>et</strong></span> <span class='ocrx_word' id='word_1_520' title='bbox 1357 4125 1553 4193; x_wconf 89' lang='lat' dir='ltr'><strong>ubique</strong></span> <span class='ocrx_word' id='word_1_521' title='bbox 1597 4125 2018 4180; x_wconf 86' lang='lat' dir='ltr'><strong>circumlossum</strong></span> <span class='ocrx_word' id='word_1_522' title='bbox 2076 4126 2356 4181; x_wconf 80' lang='lat' dir='ltr'><strong>torcular:</strong></span> 
     </span>
    </p>
   </div>
   <div class='ocr_carea' id='block_1_73' title="bbox 873 4234 2540 4307">
    <p class='ocr_par' dir='ltr' id='par_1_73' title="bbox 873 4234 2540 4307">
     <span class='ocr_line' id='line_1_73' title="bbox 873 4234 2540 4307; baseline 0.005 -18"><span class='ocrx_word' id='word_1_523' title='bbox 873 4235 913 4307; x_wconf 58' lang='grc' dir='ltr'><strong>’τ’</strong></span> <span class='ocrx_word' id='word_1_524' title='bbox 942 4234 1143 4290; x_wconf 84' lang='lat' dir='ltr'><strong>Jerem.</strong></span> <span class='ocrx_word' id='word_1_525' title='bbox 1180 4239 1358 4307; x_wconf 15' lang='lat'><strong>&quot;1,73.</strong></span> <span class='ocrx_word' id='word_1_526' title='bbox 1435 4236 1664 4293; x_wconf 63' lang='lat' dir='ltr'><strong>“Zach.</strong></span> <span class='ocrx_word' id='word_1_527' title='bbox 1695 4253 1786 4305; x_wconf 82' lang='lat' dir='ltr'><strong>vlt,</strong></span> <span class='ocrx_word' id='word_1_528' title='bbox 1811 4238 1866 4304; x_wconf 85' lang='lat'><strong>9,</strong></span> <span class='ocrx_word' id='word_1_529' title='bbox 1896 4239 1984 4294; x_wconf 77' lang='grc'><strong>10.</strong></span> <span class='ocrx_word' id='word_1_530' title='bbox 2059 4239 2103 4274; x_wconf 80' lang='grc'><strong>⁶⁹</strong></span> <span class='ocrx_word' id='word_1_531' title='bbox 2124 4241 2290 4296; x_wconf 85' lang='lat' dir='ltr'><strong>Zacb.</strong></span> <span class='ocrx_word' id='word_1_532' title='bbox 2329 4258 2445 4306; x_wconf 82' lang='lat' dir='ltr'><strong>vin,</strong></span> <span class='ocrx_word' id='word_1_533' title='bbox 2483 4241 2540 4297; x_wconf 78' lang='grc' dir='ltr'>Π</span> 
     </span>
    </p>
   </div>
   <div class='ocr_carea' id='block_1_74' title="bbox 1592 4234 3259 4307">
    <p class='ocr_par' dir='ltr' id='par_1_74' title="bbox 1592 4237 3259 4307">
     <span class='ocr_line' id='line_1_74' title="bbox 1592 4237 3259 4307; baseline 0.011 -18"><span class='ocrx_word' id='word_1_534' title='bbox 1592 4238 1664 4293; x_wconf 87' lang='lat' dir='ltr'><strong>:h.</strong></span> <span class='ocrx_word' id='word_1_535' title='bbox 1695 4253 1786 4305; x_wconf 82' lang='lat' dir='ltr'><strong>vlt,</strong></span> <span class='ocrx_word' id='word_1_536' title='bbox 1811 4238 1866 4304; x_wconf 85' lang='lat'><strong>9,</strong></span> <span class='ocrx_word' id='word_1_537' title='bbox 1896 4239 1984 4294; x_wconf 77' lang='grc'><strong>10.</strong></span> <span class='ocrx_word' id='word_1_538' title='bbox 2059 4239 2103 4274; x_wconf 80' lang='grc'><strong>⁶⁹</strong></span> <span class='ocrx_word' id='word_1_539' title='bbox 2124 4241 2290 4296; x_wconf 85' lang='lat' dir='ltr'><strong>Zacb.</strong></span> <span class='ocrx_word' id='word_1_540' title='bbox 2329 4258 2445 4306; x_wconf 82' lang='lat' dir='ltr'><strong>vin,</strong></span> <span class='ocrx_word' id='word_1_541' title='bbox 2483 4241 2567 4297; x_wconf 82' lang='grc'><strong>17.</strong></span> <span class='ocrx_word' id='word_1_542' title='bbox 2646 4242 2691 4274; x_wconf 81' lang='grc'><strong>⁵⁰</strong></span> <span class='ocrx_word' id='word_1_543' title='bbox 2719 4239 2822 4296; x_wconf 78' lang='lat' dir='ltr'><strong>lsa.</strong></span> <span class='ocrx_word' id='word_1_544' title='bbox 2854 4256 2895 4300; x_wconf 91' lang='lat' dir='ltr'><strong>I.</strong></span> <span class='ocrx_word' id='word_1_545' title='bbox 2927 4237 2993 4293; x_wconf 75' lang='grc'><strong>16</strong></span> <span class='ocrx_word' id='word_1_546' title='bbox 3024 4247 3079 4292; x_wconf 70' lang='grc' dir='ltr'>ει</span> <span class='ocrx_word' id='word_1_547' title='bbox 3107 4251 3259 4307; x_wconf 70' lang='grc' dir='ltr'><strong>εειιίι-</strong></span> 
     </span>
    </p>
   </div>
   <div class='ocr_carea' id='block_1_75' title="bbox 2463 3207 4034 3273">
    <p class='ocr_par' dir='ltr' id='par_1_75' title="bbox 2463 3207 4034 3273">
     <span class='ocr_line' id='line_1_75' title="bbox 2463 3207 4034 3273; baseline 0 -9"><span class='ocrx_word' id='word_1_548' title='bbox 2463 3222 2545 3264; x_wconf 80' lang='lat' dir='ltr'><strong>est</strong></span> <span class='ocrx_word' id='word_1_549' title='bbox 2574 3210 2627 3264; x_wconf 90' lang='lat' dir='ltr'><strong>in</strong></span> <span class='ocrx_word' id='word_1_550' title='bbox 2653 3209 2847 3264; x_wconf 87' lang='lat' dir='ltr'><strong>diebus</strong></span> <span class='ocrx_word' id='word_1_551' title='bbox 2870 3207 3010 3264; x_wconf 84' lang='lat' dir='ltr'><strong>Lot:</strong></span> <span class='ocrx_word' id='word_1_552' title='bbox 3044 3209 3446 3263; x_wconf 85' lang='lat' dir='ltr'><strong>manducabant</strong></span> <span class='ocrx_word' id='word_1_553' title='bbox 3475 3219 3531 3264; x_wconf 88' lang='lat' dir='ltr'><strong>et</strong></span> <span class='ocrx_word' id='word_1_554' title='bbox 3573 3209 3851 3273; x_wconf 85' lang='lat' dir='ltr'><strong>bibebant,</strong></span> <span class='ocrx_word' id='word_1_555' title='bbox 3883 3223 4034 3264; x_wconf 84' lang='lat' dir='ltr'><strong>eme-</strong></span> 
     </span>
    </p>
   </div>
   <div class='ocr_carea' id='block_1_76' title="bbox 2463 3286 4032 3370">
    <p class='ocr_par' dir='ltr' id='par_1_76' title="bbox 2463 3286 4032 3370">
     <span class='ocr_line' id='line_1_76' title="bbox 2463 3286 4032 3370; baseline 0.001 -14"><span class='ocrx_word' id='word_1_556' title='bbox 2463 3303 2593 3356; x_wconf 88' lang='lat' dir='ltr'><strong>bant</strong></span> <span class='ocrx_word' id='word_1_557' title='bbox 2641 3309 2698 3355; x_wconf 87' lang='lat' dir='ltr'><strong>et</strong></span> <span class='ocrx_word' id='word_1_558' title='bbox 2751 3286 3104 3363; x_wconf 82' lang='lat' dir='ltr'><strong>vendebant.</strong></span> <span class='ocrx_word' id='word_1_559' title='bbox 3152 3300 3468 3370; x_wconf 85' lang='lat' dir='ltr'><strong>piantabant</strong></span> <span class='ocrx_word' id='word_1_560' title='bbox 3535 3310 3587 3356; x_wconf 87' lang='lat' dir='ltr'><strong>et</strong></span> <span class='ocrx_word' id='word_1_561' title='bbox 3649 3302 4032 3366; x_wconf 72' lang='lat' dir='ltr'><strong>aediﬁcabant.</strong></span> 
     </span>
    </p>
   </div>
   <div class='ocr_carea' id='block_1_77' title="bbox 2461 3391 4032 3463">
    <p class='ocr_par' dir='ltr' id='par_1_77' title="bbox 2461 3391 4032 3463">
     <span class='ocr_line' id='line_1_77' title="bbox 2461 3391 4032 3463; baseline 0.004 -21"><span class='ocrx_word' id='word_1_562' title='bbox 2461 3392 2808 3462; x_wconf 87' lang='lat' dir='ltr'><strong>quoadusque</strong></span> <span class='ocrx_word' id='word_1_563' title='bbox 2833 3391 2947 3462; x_wconf 80' lang='grc' dir='ltr'><strong>(ιο)</strong></span> <span class='ocrx_word' id='word_1_564' title='bbox 2983 3393 3154 3448; x_wconf 86' lang='lat' dir='ltr'><strong>exivit</strong></span> <span class='ocrx_word' id='word_1_565' title='bbox 3176 3392 3277 3446; x_wconf 87' lang='lat' dir='ltr'><strong>Lot</strong></span> <span class='ocrx_word' id='word_1_566' title='bbox 3303 3407 3332 3445; x_wconf 90' lang='lat' dir='ltr'><strong>a</strong></span> <span class='ocrx_word' id='word_1_567' title='bbox 3365 3391 3616 3448; x_wconf 89' lang='lat' dir='ltr'><strong>Sodomis</strong></span> <span class='ocrx_word' id='word_1_568' title='bbox 3647 3410 3664 3447; x_wconf 93' lang='lat'><strong>:</strong></span> <span class='ocrx_word' id='word_1_569' title='bbox 3697 3394 3834 3462; x_wconf 82' lang='lat' dir='ltr'><strong>pluit</strong></span> <span class='ocrx_word' id='word_1_570' title='bbox 3855 3394 4032 3463; x_wconf 84' lang='lat' dir='ltr'><strong>ignem</strong></span> 
     </span>
    </p>
   </div>
   <div class='ocr_carea' id='block_1_78' title="bbox 2461 3484 4032 3555">
    <p class='ocr_par' dir='ltr' id='par_1_78' title="bbox 2461 3484 4032 3555">
     <span class='ocr_line' id='line_1_78' title="bbox 2461 3484 4032 3555; baseline 0.001 -17"><span class='ocrx_word' id='word_1_571' title='bbox 2461 3487 2527 3540; x_wconf 88' lang='lat' dir='ltr'><strong>de</strong></span> <span class='ocrx_word' id='word_1_572' title='bbox 2556 3484 2717 3551; x_wconf 65' lang='lat' dir='ltr'><strong>cisio,</strong></span> <span class='ocrx_word' id='word_1_573' title='bbox 2749 3495 2802 3540; x_wconf 90' lang='lat' dir='ltr'><strong>et</strong></span> <span class='ocrx_word' id='word_1_574' title='bbox 2837 3484 3076 3555; x_wconf 88' lang='lat' dir='ltr'><strong>perdidit</strong></span> <span class='ocrx_word' id='word_1_575' title='bbox 3100 3499 3293 3540; x_wconf 87' lang='lat' dir='ltr'><strong>omnes</strong></span> <span class='ocrx_word' id='word_1_576' title='bbox 3321 3501 3335 3538; x_wconf 91' lang='lat'><strong>:</strong></span> <span class='ocrx_word' id='word_1_577' title='bbox 3368 3484 3446 3540; x_wconf 87' lang='lat' dir='ltr'><strong>sic</strong></span> <span class='ocrx_word' id='word_1_578' title='bbox 3470 3487 3577 3539; x_wconf 91' lang='lat' dir='ltr'><strong>erit</strong></span> <span class='ocrx_word' id='word_1_579' title='bbox 3602 3494 3660 3540; x_wconf 90' lang='lat' dir='ltr'><strong>et</strong></span> <span class='ocrx_word' id='word_1_580' title='bbox 3693 3486 3749 3539; x_wconf 93' lang='lat' dir='ltr'><strong>in</strong></span> <span class='ocrx_word' id='word_1_581' title='bbox 3796 3488 4032 3540; x_wconf 87' lang='lat' dir='ltr'><strong>adventu</strong></span> 
     </span>
    </p>
   </div>
   <div class='ocr_carea' id='block_1_79' title="bbox 2460 3576 4032 3648">
    <p class='ocr_par' dir='ltr' id='par_1_79' title="bbox 2460 3576 4032 3648">
     <span class='ocr_line' id='line_1_79' title="bbox 2460 3576 4032 3648; baseline 0.001 -16"><span class='ocrx_word' id='word_1_582' title='bbox 2460 3577 2584 3632; x_wconf 80' lang='lat' dir='ltr'><strong>Filii</strong></span> <span class='ocrx_word' id='word_1_583' title='bbox 2612 3576 2930 3633; x_wconf 81' lang='lat' dir='ltr'><strong>hominis”.</strong></span> <span class='ocrx_word' id='word_1_584' title='bbox 2965 3577 3202 3646; x_wconf 82' lang='lat' dir='ltr'><strong>Vigilate</strong></span> <span class='ocrx_word' id='word_1_585' title='bbox 3252 3576 3447 3647; x_wconf 81' lang='lat' dir='ltr'><strong>igitur,</strong></span> <span class='ocrx_word' id='word_1_586' title='bbox 3501 3577 3758 3648; x_wconf 89' lang='lat' dir='ltr'><strong>quoniam</strong></span> <span class='ocrx_word' id='word_1_587' title='bbox 3809 3579 4032 3634; x_wconf 74' lang='lat' dir='ltr'><strong>nescitis</strong></span> 
     </span>
    </p>
   </div>
   <div class='ocr_carea' id='block_1_80' title="bbox 2459 3665 4033 3736">
    <p class='ocr_par' dir='ltr' id='par_1_80' title="bbox 2459 3665 4033 3736">
     <span class='ocr_line' id='line_1_80' title="bbox 2459 3665 4033 3736; baseline -0.001 -15"><span class='ocrx_word' id='word_1_588' title='bbox 2459 3681 2566 3736; x_wconf 84' lang='lat' dir='ltr'><strong>qua</strong></span> <span class='ocrx_word' id='word_1_589' title='bbox 2602 3666 2688 3722; x_wconf 88' lang='lat' dir='ltr'><strong>die</strong></span> <span class='ocrx_word' id='word_1_590' title='bbox 2734 3665 2998 3722; x_wconf 87' lang='lat' dir='ltr'><strong>Dominus</strong></span> <span class='ocrx_word' id='word_1_591' title='bbox 3030 3675 3212 3721; x_wconf 89' lang='lat' dir='ltr'><strong>vester</strong></span> <span class='ocrx_word' id='word_1_592' title='bbox 3247 3665 3508 3720; x_wconf 83' lang='lat' dir='ltr'><strong>veniet&quot;.</strong></span> <span class='ocrx_word' id='word_1_593' title='bbox 3537 3684 3558 3716; x_wconf 74' lang='grc' dir='ltr'><strong><em>ι</em></strong></span> <span class='ocrx_word' id='word_1_594' title='bbox 3589 3666 3766 3722; x_wconf 87' lang='lat' dir='ltr'><strong>Unum</strong></span> <span class='ocrx_word' id='word_1_595' title='bbox 3800 3682 3856 3722; x_wconf 83' lang='lat' dir='ltr'><strong>et</strong></span> <span class='ocrx_word' id='word_1_596' title='bbox 3881 3683 4033 3722; x_wconf 85' lang='lat' dir='ltr'><strong>eum-</strong></span> 
     </span>
    </p>
   </div>
   <div class='ocr_carea' id='block_1_81' title="bbox 2461 3758 4032 3828">
    <p class='ocr_par' dir='ltr' id='par_1_81' title="bbox 2461 3758 4032 3828">
     <span class='ocr_line' id='line_1_81' title="bbox 2461 3758 4032 3828; baseline 0 -13"><span class='ocrx_word' id='word_1_597' title='bbox 2461 3761 2582 3815; x_wconf 91' lang='lat' dir='ltr'><strong>dem</strong></span> <span class='ocrx_word' id='word_1_598' title='bbox 2614 3759 2951 3814; x_wconf 83' lang='lat' dir='ltr'><strong>annuntians</strong></span> <span class='ocrx_word' id='word_1_599' title='bbox 2986 3758 3295 3823; x_wconf 86' lang='lat' dir='ltr'><strong>Dominum,</strong></span> <span class='ocrx_word' id='word_1_600' title='bbox 3329 3760 3420 3827; x_wconf 83' lang='lat' dir='ltr'><strong>qui</strong></span> <span class='ocrx_word' id='word_1_601' title='bbox 3461 3759 3515 3814; x_wconf 91' lang='lat' dir='ltr'><strong>in</strong></span> <span class='ocrx_word' id='word_1_602' title='bbox 3562 3760 3900 3828; x_wconf 88' lang='lat' dir='ltr'><strong>temporibus</strong></span> <span class='ocrx_word' id='word_1_603' title='bbox 3925 3759 4032 3815; x_wconf 81' lang='lat' dir='ltr'><strong>Noe</strong></span> 
     </span>
    </p>
   </div>
   <div class='ocr_carea' id='block_1_82' title="bbox 2463 3851 4032 3928">
    <p class='ocr_par' dir='ltr' id='par_1_82' title="bbox 2463 3851 4032 3928">
     <span class='ocr_line' id='line_1_82' title="bbox 2463 3851 4032 3928; baseline 0.001 -22"><span class='ocrx_word' id='word_1_604' title='bbox 2463 3860 2686 3923; x_wconf 86' lang='lat' dir='ltr'><strong>propter</strong></span> <span class='ocrx_word' id='word_1_605' title='bbox 2735 3851 3157 3908; x_wconf 88' lang='lat' dir='ltr'><strong>inobedientiam</strong></span> <span class='ocrx_word' id='word_1_606' title='bbox 3217 3853 3493 3906; x_wconf 88' lang='lat' dir='ltr'><strong>hominum</strong></span> <span class='ocrx_word' id='word_1_607' title='bbox 3544 3853 3868 3922; x_wconf 88' lang='lat' dir='ltr'><strong>superduxit</strong></span> <span class='ocrx_word' id='word_1_608' title='bbox 3920 3851 4032 3928; x_wconf 71' lang='lat' dir='ltr'><strong>(4t)</strong></span> 
     </span>
    </p>
   </div>
   <div class='ocr_carea' id='block_1_83' title="bbox 2466 3942 4030 4012">
    <p class='ocr_par' dir='ltr' id='par_1_83' title="bbox 2466 3942 4030 4012">
     <span class='ocr_line' id='line_1_83' title="bbox 2466 3942 4030 4012; baseline -0.001 -14"><span class='ocrx_word' id='word_1_609' title='bbox 2466 3943 2750 4010; x_wconf 87' lang='lat' dir='ltr'><strong>diluvium,</strong></span> <span class='ocrx_word' id='word_1_610' title='bbox 2778 3953 2836 3999; x_wconf 89' lang='lat' dir='ltr'><strong>et</strong></span> <span class='ocrx_word' id='word_1_611' title='bbox 2880 3942 3220 4012; x_wconf 89' lang='lat' dir='ltr'><strong>temporibus</strong></span> <span class='ocrx_word' id='word_1_612' title='bbox 3253 3942 3354 3997; x_wconf 86' lang='lat' dir='ltr'><strong>Lot</strong></span> <span class='ocrx_word' id='word_1_613' title='bbox 3387 3952 3607 4012; x_wconf 87' lang='lat' dir='ltr'><strong>propter</strong></span> <span class='ocrx_word' id='word_1_614' title='bbox 3633 3945 4030 3998; x_wconf 86' lang='lat' dir='ltr'><strong>nndtitudinem</strong></span> 
     </span>
    </p>
   </div>
   <div class='ocr_carea' id='block_1_84' title="bbox 2467 4034 4034 4106">
    <p class='ocr_par' dir='ltr' id='par_1_84' title="bbox 2467 4034 4034 4106">
     <span class='ocr_line' id='line_1_84' title="bbox 2467 4034 4034 4106; baseline -0.003 -14"><span class='ocrx_word' id='word_1_615' title='bbox 2467 4046 2813 4106; x_wconf 86' lang='lat' dir='ltr'><strong>peccatorum</strong></span> <span class='ocrx_word' id='word_1_616' title='bbox 2862 4034 3269 4089; x_wconf 85' lang='lat' dir='ltr'><strong>Sodomitarum</strong></span> <span class='ocrx_word' id='word_1_617' title='bbox 3305 4035 3441 4105; x_wconf 90' lang='lat' dir='ltr'><strong>pluit</strong></span> <span class='ocrx_word' id='word_1_618' title='bbox 3485 4037 3659 4106; x_wconf 90' lang='lat' dir='ltr'><strong>ignem</strong></span> <span class='ocrx_word' id='word_1_619' title='bbox 3709 4051 3740 4089; x_wconf 93' lang='lat' dir='ltr'><strong>a</strong></span> <span class='ocrx_word' id='word_1_620' title='bbox 3789 4036 3948 4097; x_wconf 69' lang='lat' dir='ltr'><strong>cielo.</strong></span> <span class='ocrx_word' id='word_1_621' title='bbox 3979 4045 4034 4091; x_wconf 89' lang='lat' dir='ltr'><strong>et</strong></span> 
     </span>
    </p>
   </div>
   <div class='ocr_carea' id='block_1_85' title="bbox 2470 4123 4034 4198">
    <p class='ocr_par' dir='ltr' id='par_1_85' title="bbox 2470 4123 4034 4198">
     <span class='ocr_line' id='line_1_85' title="bbox 2470 4123 4034 4198; baseline -0.002 -16"><span class='ocrx_word' id='word_1_622' title='bbox 2470 4129 2523 4183; x_wconf 91' lang='lat' dir='ltr'><strong>in</strong></span> <span class='ocrx_word' id='word_1_623' title='bbox 2549 4127 2844 4183; x_wconf 80' lang='lat' dir='ltr'><strong>novissimo</strong></span> <span class='ocrx_word' id='word_1_624' title='bbox 2871 4123 2982 4198; x_wconf 67' lang='grc' dir='ltr'><strong>(Η)</strong></span> <span class='ocrx_word' id='word_1_625' title='bbox 3010 4135 3232 4196; x_wconf 88' lang='lat' dir='ltr'><strong>propter</strong></span> <span class='ocrx_word' id='word_1_626' title='bbox 3281 4127 3417 4179; x_wconf 78' lang='lat' dir='ltr'><strong>hanc</strong></span> <span class='ocrx_word' id='word_1_627' title='bbox 3445 4125 3691 4180; x_wconf 73' lang='lat' dir='ltr'><strong>83mde</strong></span> <span class='ocrx_word' id='word_1_628' title='bbox 3724 4126 4034 4181; x_wconf 77' lang='lat' dir='ltr'><strong>inobedicn-</strong></span> 
     </span>
    </p>
   </div>
   <div class='ocr_carea' id='block_1_86' title="bbox 3337 4236 4032 4303">
    <p class='ocr_par' dir='ltr' id='par_1_86' title="bbox 3337 4236 4032 4303">
     <span class='ocr_line' id='line_1_86' title="bbox 3337 4236 4032 4303; baseline 0.006 -13"><span class='ocrx_word' id='word_1_629' title='bbox 3337 4238 3382 4270; x_wconf 79' lang='grc'>⁸¹</span> <span class='ocrx_word' id='word_1_630' title='bbox 3423 4236 3565 4292; x_wconf 80' lang='lat' dir='ltr'><strong>Psal.</strong></span> <span class='ocrx_word' id='word_1_631' title='bbox 3599 4252 3796 4303; x_wconf 72' lang='lat' dir='ltr'><strong>sum,</strong></span> <span class='ocrx_word' id='word_1_632' title='bbox 3828 4239 3916 4303; x_wconf 72' lang='grc' dir='ltr'><strong>ιι,</strong></span> <span class='ocrx_word' id='word_1_633' title='bbox 3951 4240 4032 4294; x_wconf 86' lang='lat' dir='ltr'><strong>l5.</strong></span> 
     </span>
    </p>
   </div>
   <div class='ocr_carea' id='block_1_87' title="bbox 796 4306 4032 4378">
    <p class='ocr_par' dir='ltr' id='par_1_87' title="bbox 796 4306 4032 4378">
     <span class='ocr_line' id='line_1_87' title="bbox 796 4306 4032 4378; baseline 0.002 -19"><span class='ocrx_word' id='word_1_634' title='bbox 796 4306 844 4339; x_wconf 82' lang='grc'><strong>⁸⁸</strong></span> <span class='ocrx_word' id='word_1_635' title='bbox 867 4306 1067 4360; x_wconf 76' lang='lat' dir='ltr'><strong>Jerem.</strong></span> <span class='ocrx_word' id='word_1_636' title='bbox 1105 4321 1204 4378; x_wconf 74' lang='lat' dir='ltr'><strong>vit,</strong></span> <span class='ocrx_word' id='word_1_637' title='bbox 1264 4306 1364 4378; x_wconf 50' lang='grc' dir='ltr'><strong>ξς).</strong></span> <span class='ocrx_word' id='word_1_638' title='bbox 1404 4307 1496 4362; x_wconf 77' lang='lat'><strong>30.</strong></span> <span class='ocrx_word' id='word_1_639' title='bbox 1567 4307 1615 4350; x_wconf 61' lang='lat'><strong>5?</strong></span> <span class='ocrx_word' id='word_1_640' title='bbox 1647 4307 1849 4363; x_wconf 74' lang='lat' dir='ltr'><strong>Jercm.</strong></span> <span class='ocrx_word' id='word_1_641' title='bbox 1880 4326 1965 4373; x_wconf 85' lang='lat' dir='ltr'><strong>vi,</strong></span> <span class='ocrx_word' id='word_1_642' title='bbox 2008 4310 2106 4378; x_wconf 79' lang='grc' dir='ltr'><strong>Π,</strong></span> <span class='ocrx_word' id='word_1_643' title='bbox 2146 4315 2229 4366; x_wconf 76' lang='lat'><strong>18.</strong></span> <span class='ocrx_word' id='word_1_644' title='bbox 2305 4312 2354 4344; x_wconf 79' lang='lat'><strong>“</strong></span> <span class='ocrx_word' id='word_1_645' title='bbox 2384 4314 2517 4368; x_wconf 83' lang='lat' dir='ltr'><strong>Luc.</strong></span> <span class='ocrx_word' id='word_1_646' title='bbox 2553 4329 2664 4377; x_wconf 78' lang='lat' dir='ltr'><strong>xxi,</strong></span> <span class='ocrx_word' id='word_1_647' title='bbox 2697 4310 2790 4376; x_wconf 71' lang='grc'><strong>54,</strong></span> <span class='ocrx_word' id='word_1_648' title='bbox 2837 4309 2930 4364; x_wconf 80' lang='grc'><strong>55.</strong></span> <span class='ocrx_word' id='word_1_649' title='bbox 3003 4309 3050 4340; x_wconf 85' lang='grc'><strong>⁸³</strong></span> <span class='ocrx_word' id='word_1_650' title='bbox 3080 4306 3345 4373; x_wconf 53' lang='grc' dir='ltr'><strong>ιιυαίιιι.</strong></span> <span class='ocrx_word' id='word_1_651' title='bbox 3394 4308 3593 4372; x_wconf 75' lang='lat'><strong>35,56.</strong></span> <span class='ocrx_word' id='word_1_652' title='bbox 3671 4309 3868 4366; x_wconf 84' lang='lat' dir='ltr'><strong>&quot;Luc.</strong></span> <span class='ocrx_word' id='word_1_653' title='bbox 3901 4326 4032 4372; x_wconf 80' lang='lat' dir='ltr'><strong>xvtt.</strong></span> 
     </span>
    </p>
   </div>
   <div class='ocr_carea' id='block_1_88' title="bbox 795 4376 1762 4446">
    <p class='ocr_par' dir='ltr' id='par_1_88' title="bbox 795 4376 1762 4446">
     <span class='ocr_line' id='line_1_88' title="bbox 795 4376 1762 4446; baseline 0.002 -15"><span class='ocrx_word' id='word_1_654' title='bbox 795 4378 866 4431; x_wconf 76' lang='lat'><strong>‘26</strong></span> <span class='ocrx_word' id='word_1_655' title='bbox 883 4387 935 4432; x_wconf 89' lang='lat' dir='ltr'><strong>et</strong></span> <span class='ocrx_word' id='word_1_656' title='bbox 961 4392 1113 4446; x_wconf 90' lang='lat' dir='ltr'><strong>seqq.</strong></span> <span class='ocrx_word' id='word_1_657' title='bbox 1154 4377 1196 4407; x_wconf 83' lang='lat'><strong>&quot;</strong></span> <span class='ocrx_word' id='word_1_658' title='bbox 1286 4376 1476 4431; x_wconf 86' lang='lat' dir='ltr'><strong>Matth.</strong></span> <span class='ocrx_word' id='word_1_659' title='bbox 1505 4392 1652 4441; x_wconf 81' lang='lat' dir='ltr'><strong>xxiv,</strong></span> <span class='ocrx_word' id='word_1_660' title='bbox 1677 4378 1762 4433; x_wconf 67' lang='grc' dir='ltr'><strong>η.</strong></span> 
     </span>
    </p>
   </div>
   <div class='ocr_carea' id='block_1_89' title="bbox 871 4489 3545 4564">
    <p class='ocr_par' dir='ltr' id='par_1_89' title="bbox 871 4489 3545 4564">
     <span class='ocr_line' id='line_1_89' title="bbox 871 4489 3545 4564; baseline 0.001 -20"><span class='ocrx_word' id='word_1_661' title='bbox 871 4490 984 4563; x_wconf 71' lang='lat'><strong>(29)</strong></span> <span class='ocrx_word' id='word_1_662' title='bbox 1023 4489 1531 4564; x_wconf 69' lang='lat' dir='ltr'><strong>circumterminavit</strong></span> <span class='ocrx_word' id='word_1_663' title='bbox 1558 4511 1736 4547; x_wconf 79' lang='lat' dir='ltr'><strong>eorum</strong></span> <span class='ocrx_word' id='word_1_664' title='bbox 1770 4494 2056 4549; x_wconf 81' lang='lat' dir='ltr'><strong>culturam.</strong></span> <span class='ocrx_word' id='word_1_665' title='bbox 2087 4495 2142 4550; x_wconf 84' lang='lat' dir='ltr'><strong>id</strong></span> <span class='ocrx_word' id='word_1_666' title='bbox 2170 4509 2274 4562; x_wconf 85' lang='lat' dir='ltr'><strong>est,</strong></span> <span class='ocrx_word' id='word_1_667' title='bbox 2307 4509 2366 4552; x_wconf 92' lang='lat' dir='ltr'><strong>ut</strong></span> <span class='ocrx_word' id='word_1_668' title='bbox 2399 4500 2441 4556; x_wconf 92' lang='lat' dir='ltr'><strong>D</strong></span> <span class='ocrx_word' id='word_1_669' title='bbox 2473 4496 2725 4564; x_wconf 84' lang='lat' dir='ltr'><strong>leguntur</strong></span> <span class='ocrx_word' id='word_1_670' title='bbox 2755 4493 2808 4546; x_wconf 92' lang='lat' dir='ltr'><strong>in</strong></span> <span class='ocrx_word' id='word_1_671' title='bbox 2841 4491 3042 4564; x_wconf 84' lang='lat' dir='ltr'><strong>nostris</strong></span> <span class='ocrx_word' id='word_1_672' title='bbox 3077 4489 3362 4564; x_wconf 55' lang='lat' dir='ltr'><strong>Evangelii</strong></span> <span class='ocrx_word' id='word_1_673' title='bbox 3388 4489 3545 4564; x_wconf 80' lang='lat' dir='ltr'><strong>codd.</strong></span> 
     </span>
    </p>
   </div>
   <div class='ocr_carea' id='block_1_90' title="bbox 800 4561 2363 4630">
    <p class='ocr_par' dir='ltr' id='par_1_90' title="bbox 800 4561 2363 4630">
     <span class='ocr_line' id='line_1_90' title="bbox 800 4561 2363 4630; baseline 0.006 -15"><span class='ocrx_word' id='word_1_674' title='bbox 800 4561 946 4616; x_wconf 82' lang='lat' dir='ltr'><strong>recte</strong></span> <span class='ocrx_word' id='word_1_675' title='bbox 966 4561 1411 4630; x_wconf 51' lang='lat' dir='ltr'><strong>&#39;explicatGrahu</strong></span> <span class='ocrx_word' id='word_1_676' title='bbox 1439 4573 1599 4616; x_wconf 74' lang='lat' dir='ltr'><strong>terra:</strong></span> <span class='ocrx_word' id='word_1_677' title='bbox 1629 4573 1830 4617; x_wconf 75' lang='lat' dir='ltr'><strong>sanctze</strong></span> <span class='ocrx_word' id='word_1_678' title='bbox 1853 4567 2048 4619; x_wconf 88' lang='lat' dir='ltr'><strong>iinibus</strong></span> <span class='ocrx_word' id='word_1_679' title='bbox 2077 4561 2363 4625; x_wconf 76' lang='lat' dir='ltr'><strong>conclusit.</strong></span> 
     </span>
    </p>
   </div>
   <div class='ocr_carea' id='block_1_91' title="bbox 871 4630 2370 4703">
    <p class='ocr_par' dir='ltr' id='par_1_91' title="bbox 871 4630 2370 4703">
     <span class='ocr_line' id='line_1_91' title="bbox 871 4630 2370 4703; baseline 0.004 -17"><span class='ocrx_word' id='word_1_680' title='bbox 871 4631 982 4703; x_wconf 81' lang='grc'><strong>(50)</strong></span> <span class='ocrx_word' id='word_1_681' title='bbox 1024 4630 1165 4686; x_wconf 86' lang='lat' dir='ltr'><strong>Illis.</strong></span> <span class='ocrx_word' id='word_1_682' title='bbox 1207 4631 1339 4686; x_wconf 77' lang='lat' dir='ltr'><strong>Ha&#39;c</strong></span> <span class='ocrx_word' id='word_1_683' title='bbox 1373 4632 1502 4685; x_wconf 77' lang='lat' dir='ltr'><strong>dicit</strong></span> <span class='ocrx_word' id='word_1_684' title='bbox 1547 4632 1803 4686; x_wconf 78' lang='lat' dir='ltr'><strong>Dominus</strong></span> <span class='ocrx_word' id='word_1_685' title='bbox 1832 4635 2176 4702; x_wconf 78' lang='lat' dir='ltr'><strong>omnipotens,</strong></span> <span class='ocrx_word' id='word_1_686' title='bbox 2211 4638 2370 4692; x_wconf 87' lang='lat' dir='ltr'><strong>addi-</strong></span> 
     </span>
    </p>
   </div>
   <div class='ocr_carea' id='block_1_92' title="bbox 801 4703 2369 4763">
    <p class='ocr_par' dir='ltr' id='par_1_92' title="bbox 801 4703 2369 4763">
     <span class='ocr_line' id='line_1_92' title="bbox 801 4703 2369 4763; baseline 0.004 -7"><span class='ocrx_word' id='word_1_687' title='bbox 801 4703 999 4756; x_wconf 85' lang='lat' dir='ltr'><strong>derunt</strong></span> <span class='ocrx_word' id='word_1_688' title='bbox 1054 4705 1394 4757; x_wconf 79' lang='lat' dir='ltr'><strong>recentiores</strong></span> <span class='ocrx_word' id='word_1_689' title='bbox 1429 4716 1496 4756; x_wconf 83' lang='lat' dir='ltr'><strong>ex</strong></span> <span class='ocrx_word' id='word_1_690' title='bbox 1550 4706 1723 4757; x_wconf 86' lang='lat' dir='ltr'><strong>sacris</strong></span> <span class='ocrx_word' id='word_1_691' title='bbox 1759 4704 1946 4758; x_wconf 82' lang='lat' dir='ltr'><strong>Bibliis</strong></span> <span class='ocrx_word' id='word_1_692' title='bbox 1974 4718 1988 4757; x_wconf 95' lang='lat'><strong>:</strong></span> <span class='ocrx_word' id='word_1_693' title='bbox 2019 4707 2112 4761; x_wconf 81' lang='lat' dir='ltr'><strong>sed</strong></span> <span class='ocrx_word' id='word_1_694' title='bbox 2172 4707 2369 4763; x_wconf 86' lang='lat' dir='ltr'><strong>melius</strong></span> 
     </span>
    </p>
   </div>
   <div class='ocr_carea' id='block_1_93' title="bbox 800 4771 2371 4834">
    <p class='ocr_par' dir='ltr' id='par_1_93' title="bbox 800 4771 2371 4834">
     <span class='ocr_line' id='line_1_93' title="bbox 800 4771 2371 4834; baseline 0.006 -9"><span class='ocrx_word' id='word_1_695' title='bbox 800 4771 1065 4825; x_wconf 81' lang='lat' dir='ltr'><strong>oniittunt</strong></span> <span class='ocrx_word' id='word_1_696' title='bbox 1096 4772 1432 4826; x_wconf 78' lang='lat' dir='ltr'><strong>Claromont.</strong></span> <span class='ocrx_word' id='word_1_697' title='bbox 1461 4783 1514 4827; x_wconf 86' lang='lat' dir='ltr'><strong>et</strong></span> <span class='ocrx_word' id='word_1_698' title='bbox 1544 4771 1700 4828; x_wconf 78' lang='lat' dir='ltr'><strong>Voss.</strong></span> <span class='ocrx_word' id='word_1_699' title='bbox 1733 4775 1790 4828; x_wconf 92' lang='lat' dir='ltr'><strong>ln</strong></span> <span class='ocrx_word' id='word_1_700' title='bbox 1820 4775 2033 4829; x_wconf 84' lang='lat' dir='ltr'><strong>Arund.</strong></span> <span class='ocrx_word' id='word_1_701' title='bbox 2064 4791 2191 4832; x_wconf 76' lang='lat' dir='ltr'><strong>tero</strong></span> <span class='ocrx_word' id='word_1_702' title='bbox 2218 4779 2371 4834; x_wconf 89' lang='lat' dir='ltr'><strong>deest</strong></span> 
     </span>
    </p>
   </div>
   <div class='ocr_carea' id='block_1_94' title="bbox 799 4842 1346 4911">
    <p class='ocr_par' dir='ltr' id='par_1_94' title="bbox 799 4842 1346 4911">
     <span class='ocr_line' id='line_1_94' title="bbox 799 4842 1346 4911; baseline -0.002 -15"><span class='ocrx_word' id='word_1_703' title='bbox 799 4842 975 4897; x_wconf 84' lang='lat' dir='ltr'><strong>solum</strong></span> <span class='ocrx_word' id='word_1_704' title='bbox 1002 4845 1346 4911; x_wconf 61' lang='lat' dir='ltr'><strong>omnipotens.</strong></span> 
     </span>
    </p>
   </div>
   <div class='ocr_carea' id='block_1_95' title="bbox 873 4909 2366 4984">
    <p class='ocr_par' dir='ltr' id='par_1_95' title="bbox 873 4909 2366 4984">
     <span class='ocr_line' id='line_1_95' title="bbox 873 4909 2366 4984; baseline 0.005 -19"><span class='ocrx_word' id='word_1_705' title='bbox 873 4911 988 4980; x_wconf 76' lang='lat' dir='ltr'><strong>(3t)</strong></span> <span class='ocrx_word' id='word_1_706' title='bbox 1031 4909 1100 4964; x_wconf 73' lang='lat' dir='ltr'><strong>Et</strong></span> <span class='ocrx_word' id='word_1_707' title='bbox 1148 4909 1326 4966; x_wconf 59' lang='lat' dir='ltr'><strong>&#39;mores</strong></span> <span class='ocrx_word' id='word_1_708' title='bbox 1377 4925 1592 4984; x_wconf 58' lang='grc' dir='ltr'><strong>καίτοι.</strong></span> <span class='ocrx_word' id='word_1_709' title='bbox 1645 4911 1769 4970; x_wconf 63' lang='lat' dir='ltr'><strong>llaec</strong></span> <span class='ocrx_word' id='word_1_710' title='bbox 1828 4915 2035 4984; x_wconf 86' lang='lat' dir='ltr'><strong>pariter</strong></span> <span class='ocrx_word' id='word_1_711' title='bbox 2075 4915 2271 4972; x_wconf 89' lang='lat' dir='ltr'><strong>desunt</strong></span> <span class='ocrx_word' id='word_1_712' title='bbox 2315 4920 2366 4972; x_wconf 90' lang='lat' dir='ltr'><strong>iu</strong></span> 
     </span>
    </p>
   </div>
   <div class='ocr_carea' id='block_1_96' title="bbox 801 4982 2369 5057">
    <p class='ocr_par' dir='ltr' id='par_1_96' title="bbox 801 4982 2369 5057">
     <span class='ocr_line' id='line_1_96' title="bbox 801 4982 2369 5057; baseline 0.003 -21"><span class='ocrx_word' id='word_1_713' title='bbox 801 4982 1044 5037; x_wconf 84' lang='lat' dir='ltr'><strong>Clarom‘.</strong></span> <span class='ocrx_word' id='word_1_714' title='bbox 1073 4992 1140 5057; x_wconf 81' lang='lat' dir='ltr'><strong>ut</strong></span> <span class='ocrx_word' id='word_1_715' title='bbox 1162 4992 1236 5046; x_wconf 88' lang='lat' dir='ltr'><strong>et,</strong></span> <span class='ocrx_word' id='word_1_716' title='bbox 1265 4984 1333 5035; x_wconf 84' lang='lat' dir='ltr'><strong>ad</strong></span> <span class='ocrx_word' id='word_1_717' title='bbox 1366 4983 1584 5057; x_wconf 69' lang='lat' dir='ltr'><strong>fratrem</strong></span> <span class='ocrx_word' id='word_1_718' title='bbox 1616 4999 1801 5047; x_wconf 84' lang='lat' dir='ltr'><strong>suum;</strong></span> <span class='ocrx_word' id='word_1_719' title='bbox 1830 4982 1945 5057; x_wconf 74' lang='lat' dir='ltr'><strong>tum</strong></span> <span class='ocrx_word' id='word_1_720' title='bbox 1973 4995 2057 5039; x_wconf 84' lang='lat' dir='ltr'><strong>:et</strong></span> <span class='ocrx_word' id='word_1_721' title='bbox 2084 4989 2369 5057; x_wconf 78' lang='lat' dir='ltr'><strong>unusquis-</strong></span> 
     </span>
    </p>
   </div>
   <div class='ocr_carea' id='block_1_97' title="bbox 804 5054 2370 5125">
    <p class='ocr_par' dir='ltr' id='par_1_97' title="bbox 804 5054 2370 5125">
     <span class='ocr_line' id='line_1_97' title="bbox 804 5054 2370 5125; baseline 0.005 -21"><span class='ocrx_word' id='word_1_722' title='bbox 804 5068 952 5125; x_wconf 58' lang='lat' dir='ltr'><strong>que;</strong></span> <span class='ocrx_word' id='word_1_723' title='bbox 998 5066 1063 5106; x_wconf 89' lang='lat' dir='ltr'><strong>ac</strong></span> <span class='ocrx_word' id='word_1_724' title='bbox 1111 5055 1327 5125; x_wconf 89' lang='lat' dir='ltr'><strong>demum</strong></span> <span class='ocrx_word' id='word_1_725' title='bbox 1381 5056 1560 5106; x_wconf 85' lang='lat' dir='ltr'><strong>omnia</strong></span> <span class='ocrx_word' id='word_1_726' title='bbox 1617 5057 1732 5109; x_wconf 63' lang='lat' dir='ltr'><strong>haec</strong></span> <span class='ocrx_word' id='word_1_727' title='bbox 1769 5076 1780 5110; x_wconf 89' lang='lat'><strong>:</strong></span> <span class='ocrx_word' id='word_1_728' title='bbox 1809 5054 2288 5125; x_wconf 74' lang='lat' dir='ltr'><strong>jusjurandum....</strong></span> <span class='ocrx_word' id='word_1_729' title='bbox 2336 5077 2370 5112; x_wconf 75' lang='grc' dir='ltr'><em>α</em></span> 
     </span>
    </p>
   </div>
   <div class='ocr_carea' id='block_1_98' title="bbox 804 5123 1284 5178">
    <p class='ocr_par' dir='ltr' id='par_1_98' title="bbox 804 5123 1284 5178">
     <span class='ocr_line' id='line_1_98' title="bbox 804 5123 1284 5178; baseline 0 0"><span class='ocrx_word' id='word_1_730' title='bbox 804 5123 1053 5178; x_wconf 72' lang='lat' dir='ltr'><strong>cordibus</strong></span> <span class='ocrx_word' id='word_1_731' title='bbox 1075 5124 1284 5178; x_wconf 73' lang='lat' dir='ltr'><strong>vestris.</strong></span> 
     </span>
    </p>
   </div>
   <div class='ocr_carea' id='block_1_99' title="bbox 878 5190 1869 5265">
    <p class='ocr_par' dir='ltr' id='par_1_99' title="bbox 878 5190 1869 5265">
     <span class='ocr_line' id='line_1_99' title="bbox 878 5190 1869 5265; baseline 0.004 -18"><span class='ocrx_word' id='word_1_732' title='bbox 878 5191 992 5265; x_wconf 58' lang='grc' dir='ltr'><strong>(ξς)</strong></span> <span class='ocrx_word' id='word_1_733' title='bbox 1033 5190 1284 5265; x_wconf 63' lang='lat' dir='ltr'><strong>«Sequere.</strong></span> <span class='ocrx_word' id='word_1_734' title='bbox 1318 5192 1513 5260; x_wconf 67' lang='lat' dir='ltr'><strong>EditL,</strong></span> <span class='ocrx_word' id='word_1_735' title='bbox 1546 5209 1869 5265; x_wconf 76' lang='lat' dir='ltr'><strong>persequere.</strong></span> 
     </span>
    </p>
   </div>
   <div class='ocr_carea' id='block_1_100' title="bbox 878 5261 2368 5333">
    <p class='ocr_par' dir='ltr' id='par_1_100' title="bbox 878 5261 2368 5333">
     <span class='ocr_line' id='line_1_100' title="bbox 878 5261 2368 5333; baseline 0.003 -17"><span class='ocrx_word' id='word_1_736' title='bbox 878 5262 993 5333; x_wconf 74' lang='grc'><strong>(55)</strong></span> <span class='ocrx_word' id='word_1_737' title='bbox 1025 5263 1172 5333; x_wconf 79' lang='lat' dir='ltr'><strong>Misit</strong></span> <span class='ocrx_word' id='word_1_738' title='bbox 1200 5261 1398 5318; x_wconf 77' lang='lat' dir='ltr'><strong>Filium</strong></span> <span class='ocrx_word' id='word_1_739' title='bbox 1427 5261 1605 5329; x_wconf 78' lang='lat' dir='ltr'><strong>suum,</strong></span> <span class='ocrx_word' id='word_1_740' title='bbox 1635 5261 1778 5319; x_wconf 78' lang='lat' dir='ltr'><strong>misit</strong></span> <span class='ocrx_word' id='word_1_741' title='bbox 1805 5266 2109 5321; x_wconf 78' lang='lat' dir='ltr'><strong>Dominum.</strong></span> <span class='ocrx_word' id='word_1_742' title='bbox 2139 5265 2215 5321; x_wconf 86' lang='lat' dir='ltr'><strong>Ita</strong></span> <span class='ocrx_word' id='word_1_743' title='bbox 2245 5268 2368 5323; x_wconf 85' lang='lat' dir='ltr'><strong>Cla-</strong></span> 
     </span>
    </p>
   </div>
   <div class='ocr_carea' id='block_1_101' title="bbox 809 5332 2367 5400">
    <p class='ocr_par' dir='ltr' id='par_1_101' title="bbox 809 5332 2367 5400">
     <span class='ocr_line' id='line_1_101' title="bbox 809 5332 2367 5400; baseline 0.003 -12"><span class='ocrx_word' id='word_1_744' title='bbox 809 5349 946 5389; x_wconf 82' lang='lat' dir='ltr'><strong>rom.</strong></span> <span class='ocrx_word' id='word_1_745' title='bbox 975 5332 1039 5388; x_wconf 15' lang='lat' dir='ltr'><strong>ret</strong></span> <span class='ocrx_word' id='word_1_746' title='bbox 1070 5332 1224 5391; x_wconf 81' lang='lat' dir='ltr'><strong>Voss.</strong></span> <span class='ocrx_word' id='word_1_747' title='bbox 1252 5336 1464 5400; x_wconf 70' lang='lat' dir='ltr'><strong>Cteteri,</strong></span> <span class='ocrx_word' id='word_1_748' title='bbox 1502 5333 1705 5389; x_wconf 73' lang='lat' dir='ltr'><strong>Filium</strong></span> <span class='ocrx_word' id='word_1_749' title='bbox 1725 5354 1878 5391; x_wconf 75' lang='lat' dir='ltr'><strong>suum</strong></span> <span class='ocrx_word' id='word_1_750' title='bbox 1901 5339 2040 5391; x_wconf 75' lang='lat' dir='ltr'><strong>misit</strong></span> <span class='ocrx_word' id='word_1_751' title='bbox 2069 5336 2367 5394; x_wconf 77' lang='lat' dir='ltr'><strong>Dominum.</strong></span> 
     </span>
    </p>
   </div>
   <div class='ocr_carea' id='block_1_102' title="bbox 879 5401 1846 5476">
    <p class='ocr_par' dir='ltr' id='par_1_102' title="bbox 879 5401 1846 5476">
     <span class='ocr_line' id='line_1_102' title="bbox 879 5401 1846 5476; baseline 0.003 -19"><span class='ocrx_word' id='word_1_752' title='bbox 879 5403 993 5476; x_wconf 62' lang='grc' dir='ltr'><strong>(ξι)</strong></span> <span class='ocrx_word' id='word_1_753' title='bbox 1028 5401 1397 5476; x_wconf 58' lang='lat' dir='ltr'><strong>Rrojeceruut.</strong></span> <span class='ocrx_word' id='word_1_754' title='bbox 1430 5406 1540 5476; x_wconf 74' lang='lat' dir='ltr'><strong>A_l_..</strong></span> <span class='ocrx_word' id='word_1_755' title='bbox 1571 5406 1846 5476; x_wconf 80' lang='lat' dir='ltr'><strong>ejeceruut.</strong></span> 
     </span>
    </p>
   </div>
   <div class='ocr_carea' id='block_1_103' title="bbox 878 5474 2373 5547">
    <p class='ocr_par' dir='ltr' id='par_1_103' title="bbox 878 5474 2373 5547">
     <span class='ocr_line' id='line_1_103' title="bbox 878 5474 2373 5547; baseline 0.002 -20"><span class='ocrx_word' id='word_1_756' title='bbox 878 5475 994 5544; x_wconf 76' lang='grc'><strong>(55)</strong></span> <span class='ocrx_word' id='word_1_757' title='bbox 1038 5474 1431 5544; x_wconf 65' lang='lat' dir='ltr'><strong>Exploratores.</strong></span> <span class='ocrx_word' id='word_1_758' title='bbox 1462 5474 1654 5529; x_wconf 75' lang='lat' dir='ltr'><strong>Vocem</strong></span> <span class='ocrx_word' id='word_1_759' title='bbox 1693 5477 1921 5531; x_wconf 78' lang='lat' dir='ltr'><strong>dicentes</strong></span> <span class='ocrx_word' id='word_1_760' title='bbox 1969 5492 2091 5545; x_wconf 71' lang='lat' dir='ltr'><strong>qua:</strong></span> <span class='ocrx_word' id='word_1_761' title='bbox 2127 5477 2373 5547; x_wconf 85' lang='lat' dir='ltr'><strong>sequitur</strong></span> 
     </span>
    </p>
   </div>
   <div class='ocr_carea' id='block_1_104' title="bbox 813 5544 2368 5617">
    <p class='ocr_par' dir='ltr' id='par_1_104' title="bbox 813 5544 2368 5617">
     <span class='ocr_line' id='line_1_104' title="bbox 813 5544 2368 5617; baseline 0.002 -20"><span class='ocrx_word' id='word_1_762' title='bbox 813 5544 865 5597; x_wconf 91' lang='lat' dir='ltr'><strong>in</strong></span> <span class='ocrx_word' id='word_1_763' title='bbox 908 5548 1060 5599; x_wconf 76' lang='lat' dir='ltr'><strong>cdttt.</strong></span> <span class='ocrx_word' id='word_1_764' title='bbox 1127 5548 1363 5617; x_wconf 83' lang='lat' dir='ltr'><strong>expunxi</strong></span> <span class='ocrx_word' id='word_1_765' title='bbox 1425 5555 1756 5601; x_wconf 79' lang='lat' dir='ltr'><strong>auctoritate</strong></span> <span class='ocrx_word' id='word_1_766' title='bbox 1806 5544 2046 5602; x_wconf 76' lang='lat' dir='ltr'><strong>Claram.</strong></span> <span class='ocrx_word' id='word_1_767' title='bbox 2107 5559 2163 5601; x_wconf 90' lang='lat' dir='ltr'><strong>et</strong></span> <span class='ocrx_word' id='word_1_768' title='bbox 2205 5544 2368 5602; x_wconf 59' lang='lat' dir='ltr'><strong>&#39;sacri</strong></span> 
     </span>
    </p>
   </div>
   <div class='ocr_carea' id='block_1_105' title="bbox 811 5625 1010 5673">
    <p class='ocr_par' dir='ltr' id='par_1_105' title="bbox 811 5625 1010 5673">
     <span class='ocr_line' id='line_1_105' title="bbox 811 5625 1010 5673; baseline 0.005 -5"><span class='ocrx_word' id='word_1_769' title='bbox 811 5625 1010 5673; x_wconf 75' lang='lat' dir='ltr'><strong>textus.</strong></span> 
     </span>
    </p>
   </div>
   <div class='ocr_carea' id='block_1_106' title="bbox 876 5683 1710 5754">
    <p class='ocr_par' dir='ltr' id='par_1_106' title="bbox 876 5683 1710 5754">
     <span class='ocr_line' id='line_1_106' title="bbox 876 5683 1710 5754; baseline 0.004 -15"><span class='ocrx_word' id='word_1_770' title='bbox 876 5685 991 5754; x_wconf 77' lang='lat'><strong>(36)</strong></span> <span class='ocrx_word' id='word_1_771' title='bbox 1036 5683 1286 5754; x_wconf 62' lang='lat' dir='ltr'><strong>fruetus.</strong></span> <span class='ocrx_word' id='word_1_772' title='bbox 1320 5687 1428 5753; x_wconf 80' lang='lat' dir='ltr'><strong>AL,</strong></span> <span class='ocrx_word' id='word_1_773' title='bbox 1461 5686 1710 5754; x_wconf 63' lang='lat' dir='ltr'><strong>i’mctom.</strong></span> 
     </span>
    </p>
   </div>
   <div class='ocr_carea' id='block_1_107' title="bbox 875 5692 2364 5827">
    <p class='ocr_par' dir='ltr' id='par_1_107' title="bbox 875 5692 2364 5827">
     <span class='ocr_line' id='line_1_107' title="bbox 876 5692 1710 5754; baseline 0.004 -15"><span class='ocrx_word' id='word_1_774' title='bbox 876 5692 969 5754; x_wconf 73' lang='lat' dir='ltr'><strong>(3U</strong></span> <span class='ocrx_word' id='word_1_775' title='bbox 1036 5692 1286 5741; x_wconf 73' lang='lat' dir='ltr'><strong>Fructus.</strong></span> <span class='ocrx_word' id='word_1_776' title='bbox 1320 5692 1428 5753; x_wconf 80' lang='lat' dir='ltr'><strong>AL,</strong></span> <span class='ocrx_word' id='word_1_777' title='bbox 1461 5692 1710 5754; x_wconf 55' lang='lat' dir='ltr'><strong>(malum.</strong></span> 
     </span>
     <span class='ocr_line' id='line_1_108' title="bbox 875 5692 2364 5827; baseline 0.003 -20"><span class='ocrx_word' id='word_1_778' title='bbox 875 5692 991 5826; x_wconf 60' lang='grc' dir='ltr'><strong>(ἔρΊέ</strong></span> <span class='ocrx_word' id='word_1_779' title='bbox 1030 5753 1096 5807; x_wconf 80' lang='lat' dir='ltr'><strong>Et</strong></span> <span class='ocrx_word' id='word_1_780' title='bbox 1128 5756 1333 5820; x_wconf 68' lang='lat' dir='ltr'><strong>vigilate</strong></span> <span class='ocrx_word' id='word_1_781' title='bbox 1363 5773 1564 5827; x_wconf 71' lang='lat' dir='ltr'><strong>semper</strong></span> <span class='ocrx_word' id='word_1_782' title='bbox 1589 5758 1640 5810; x_wconf 84' lang='lat' dir='ltr'><strong>in</strong></span> <span class='ocrx_word' id='word_1_783' title='bbox 1664 5759 1804 5812; x_wconf 72' lang='lat' dir='ltr'><strong>omni</strong></span> <span class='ocrx_word' id='word_1_784' title='bbox 1841 5767 2084 5825; x_wconf 73' lang='lat' dir='ltr'><strong>tempore.</strong></span> <span class='ocrx_word' id='word_1_785' title='bbox 2114 5755 2234 5814; x_wconf 60' lang='lat' dir='ltr'><strong>&quot;me</strong></span> <span class='ocrx_word' id='word_1_786' title='bbox 2259 5773 2364 5813; x_wconf 87' lang='lat' dir='ltr'><strong>non</strong></span> 
     </span>
    </p>
   </div>
   <div class='ocr_carea' id='block_1_108' title="bbox 2544 4558 4029 4636">
    <p class='ocr_par' dir='ltr' id='par_1_108' title="bbox 2544 4558 4029 4636">
     <span class='ocr_line' id='line_1_109' title="bbox 2544 4558 4029 4636; baseline 0 -18"><span class='ocrx_word' id='word_1_787' title='bbox 2544 4558 2655 4636; x_wconf 76' lang='lat'>(38)</span> <span class='ocrx_word' id='word_1_788' title='bbox 2695 4564 2967 4636; x_wconf 75' lang='lat' dir='ltr'><strong>Ardentes.</strong></span> <span class='ocrx_word' id='word_1_789' title='bbox 3011 4562 3072 4636; x_wconf 87' lang='lat' dir='ltr'><strong>_l_n</strong></span> <span class='ocrx_word' id='word_1_790' title='bbox 3108 4558 3462 4636; x_wconf 59' lang='lat' dir='ltr'><strong>Eras‘.,_Ga_ll.</strong></span> <span class='ocrx_word' id='word_1_791' title='bbox 3484 4572 3550 4636; x_wconf 89' lang='lat' dir='ltr'><strong>_et</strong></span> <span class='ocrx_word' id='word_1_792' title='bbox 3581 4558 3818 4636; x_wconf 85' lang='lat' dir='ltr'><strong>Feuard_.</strong></span> <span class='ocrx_word' id='word_1_793' title='bbox 3851 4565 4029 4636; x_wconf 83' lang='lat' dir='ltr'><strong>addita</strong></span> 
     </span>
    </p>
   </div>
   <div class='ocr_carea' id='block_1_109' title="bbox 2472 4628 4030 4706">
    <p class='ocr_par' dir='ltr' id='par_1_109' title="bbox 2472 4628 4030 4706">
     <span class='ocr_line' id='line_1_110' title="bbox 2472 4628 4030 4706; baseline -0.001 -15"><span class='ocrx_word' id='word_1_794' title='bbox 2472 4628 2728 4706; x_wconf 71' lang='lat' dir='ltr'><strong>leguntur</strong></span> <span class='ocrx_word' id='word_1_795' title='bbox 2756 4651 2768 4687; x_wconf 91' lang='lat'><strong>:</strong></span> <span class='ocrx_word' id='word_1_796' title='bbox 2797 4634 2856 4706; x_wconf 68' lang='lat' dir='ltr'><strong>in</strong></span> <span class='ocrx_word' id='word_1_797' title='bbox 2879 4633 3119 4706; x_wconf 58' lang='lat' dir='ltr'><strong>manilius</strong></span> <span class='ocrx_word' id='word_1_798' title='bbox 3141 4631 3358 4706; x_wconf 48' lang='lat' dir='ltr'><strong>reatris.</strong></span> <span class='ocrx_word' id='word_1_799' title='bbox 3391 4628 3495 4706; x_wconf 80' lang='lat' dir='ltr'><strong>sed</strong></span> <span class='ocrx_word' id='word_1_800' title='bbox 3525 4645 3595 4706; x_wconf 72' lang='lat' dir='ltr'><strong>ea</strong></span> <span class='ocrx_word' id='word_1_801' title='bbox 3623 4641 3746 4706; x_wconf 64' lang='lat' dir='ltr'><strong>post</strong></span> <span class='ocrx_word' id='word_1_802' title='bbox 3776 4631 4030 4706; x_wconf 76' lang='lat' dir='ltr'><strong>Grabium</strong></span> 
     </span>
    </p>
   </div>
   <div class='ocr_carea' id='block_1_110' title="bbox 2480 4700 4032 4830">
    <p class='ocr_par' dir='ltr' id='par_1_110' title="bbox 2480 4700 4032 4830">
     <span class='ocr_line' id='line_1_111' title="bbox 2480 4700 4029 4776; baseline -0.003 -14"><span class='ocrx_word' id='word_1_803' title='bbox 2480 4700 2739 4776; x_wconf 63' lang='lat' dir='ltr'><strong>efpunxi,</strong></span> <span class='ocrx_word' id='word_1_804' title='bbox 2769 4704 2896 4773; x_wconf 89' lang='lat' dir='ltr'><strong>quia</strong></span> <span class='ocrx_word' id='word_1_805' title='bbox 2921 4719 3023 4756; x_wconf 89' lang='lat' dir='ltr'><strong>nec</strong></span> <span class='ocrx_word' id='word_1_806' title='bbox 3047 4703 3102 4756; x_wconf 89' lang='lat' dir='ltr'><strong>in</strong></span> <span class='ocrx_word' id='word_1_807' title='bbox 3131 4700 3640 4766; x_wconf 78' lang='lat' dir='ltr'><strong>Clarom.,Arund.,</strong></span> <span class='ocrx_word' id='word_1_808' title='bbox 3661 4701 3846 4765; x_wconf 84' lang='lat' dir='ltr'><strong>Voss.,</strong></span> <span class='ocrx_word' id='word_1_809' title='bbox 3872 4701 4029 4759; x_wconf 75' lang='lat' dir='ltr'><strong>Merc.</strong></span> 
     </span>
     <span class='ocr_line' id='line_1_112' title="bbox 2480 4771 4032 4830; baseline 0 0"><span class='ocrx_word' id='word_1_810' title='bbox 2480 4779 2533 4830; x_wconf 80' lang='grc'><strong>1.</strong></span> <span class='ocrx_word' id='word_1_811' title='bbox 2567 4789 2741 4830; x_wconf 76' lang='lat' dir='ltr'><strong>neque</strong></span> <span class='ocrx_word' id='word_1_812' title='bbox 2777 4777 2831 4826; x_wconf 92' lang='lat' dir='ltr'><strong>iu</strong></span> <span class='ocrx_word' id='word_1_813' title='bbox 2863 4771 3052 4827; x_wconf 66' lang='lat' dir='ltr'><strong>Grieco</strong></span> <span class='ocrx_word' id='word_1_814' title='bbox 3095 4771 3152 4826; x_wconf 90' lang='lat' dir='ltr'><strong>S.</strong></span> <span class='ocrx_word' id='word_1_815' title='bbox 3194 4771 3351 4825; x_wconf 74' lang='lat' dir='ltr'><strong>Luca:</strong></span> <span class='ocrx_word' id='word_1_816' title='bbox 3406 4773 3526 4825; x_wconf 90' lang='lat' dir='ltr'><strong>cod.</strong></span> <span class='ocrx_word' id='word_1_817' title='bbox 3569 4780 3811 4830; x_wconf 83' lang='lat' dir='ltr'><strong>exstant.</strong></span> <span class='ocrx_word' id='word_1_818' title='bbox 3847 4777 3942 4829; x_wconf 82' lang='lat' dir='ltr'><strong>sed</strong></span> <span class='ocrx_word' id='word_1_819' title='bbox 3969 4790 4032 4830; x_wconf 82' lang='lat' dir='ltr'><strong>ex</strong></span> 
     </span>
    </p>
   </div>
   <div class='ocr_carea' id='block_1_111' title="bbox 2471 4790 3811 4912">
    <p class='ocr_par' dir='ltr' id='par_1_111' title="bbox 2471 4790 3811 4912">
     <span class='ocr_line' id='line_1_113' title="bbox 2480 4790 3811 4842; baseline -0.003 -12"><span class='ocrx_word' id='word_1_820' title='bbox 2480 4790 2533 4840; x_wconf 75' lang='grc' dir='ltr'><strong>ι,</strong></span> <span class='ocrx_word' id='word_1_821' title='bbox 2567 4790 2741 4842; x_wconf 88' lang='lat' dir='ltr'><strong>neque</strong></span> <span class='ocrx_word' id='word_1_822' title='bbox 2777 4790 2831 4826; x_wconf 91' lang='lat' dir='ltr'><strong>m</strong></span> <span class='ocrx_word' id='word_1_823' title='bbox 2863 4790 3052 4827; x_wconf 64' lang='lat' dir='ltr'><strong>uris-co</strong></span> <span class='ocrx_word' id='word_1_824' title='bbox 3095 4790 3152 4826; x_wconf 72' lang='grc' dir='ltr'><strong>θ.</strong></span> <span class='ocrx_word' id='word_1_825' title='bbox 3194 4790 3351 4825; x_wconf 70' lang='lat' dir='ltr'><strong>Luca:</strong></span> <span class='ocrx_word' id='word_1_826' title='bbox 3406 4790 3526 4825; x_wconf 84' lang='lat' dir='ltr'><strong>coa.</strong></span> <span class='ocrx_word' id='word_1_827' title='bbox 3569 4790 3811 4838; x_wconf 80' lang='lat' dir='ltr'><strong>exstant,</strong></span> 
     </span>
     <span class='ocr_line' id='line_1_114' title="bbox 2471 4843 3465 4912; baseline -0.005 -10"><span class='ocrx_word' id='word_1_828' title='bbox 2471 4846 2663 4902; x_wconf 86' lang='lat' dir='ltr'><strong>Latina</strong></span> <span class='ocrx_word' id='word_1_829' title='bbox 2694 4843 2922 4912; x_wconf 76' lang='lat' dir='ltr'><strong>Vulgata</strong></span> <span class='ocrx_word' id='word_1_830' title='bbox 2961 4845 3050 4898; x_wconf 86' lang='lat' dir='ltr'><strong>hic</strong></span> <span class='ocrx_word' id='word_1_831' title='bbox 3086 4843 3286 4912; x_wconf 85' lang='lat' dir='ltr'><strong>inserta</strong></span> <span class='ocrx_word' id='word_1_832' title='bbox 3321 4850 3465 4897; x_wconf 87' lang='lat' dir='ltr'><strong>sunt.</strong></span> 
     </span>
    </p>
   </div>
   <div class='ocr_carea' id='block_1_112' title="bbox 2543 4911 4031 4989">
    <p class='ocr_par' dir='ltr' id='par_1_112' title="bbox 2543 4911 4031 4989">
     <span class='ocr_line' id='line_1_115' title="bbox 2543 4911 4031 4989; baseline 0 -20"><span class='ocrx_word' id='word_1_833' title='bbox 2543 4914 2655 4989; x_wconf 68' lang='grc'><strong>(59)</strong></span> <span class='ocrx_word' id='word_1_834' title='bbox 2696 4912 2989 4989; x_wconf 67' lang='lat' dir='ltr'><strong>Dominum</strong></span> <span class='ocrx_word' id='word_1_835' title='bbox 3028 4928 3203 4989; x_wconf 61' lang='lat' dir='ltr'><strong>suam.</strong></span> <span class='ocrx_word' id='word_1_836' title='bbox 3244 4911 3396 4989; x_wconf 61' lang='lat' dir='ltr'><strong>Haec,</strong></span> <span class='ocrx_word' id='word_1_837' title='bbox 3420 4912 3631 4989; x_wconf 62' lang='lat' dir='ltr'><strong>quando</strong></span> <span class='ocrx_word' id='word_1_838' title='bbox 3677 4920 3973 4989; x_wconf 69' lang='lat' dir='ltr'><strong>revertatur</strong></span> <span class='ocrx_word' id='word_1_839' title='bbox 4005 4933 4031 4969; x_wconf 80' lang='grc' dir='ltr'><strong><em>ο</em></strong></span> 
     </span>
    </p>
   </div>
   <div class='ocr_carea' id='block_1_113' title="bbox 2473 4983 4032 5055">
    <p class='ocr_par' dir='ltr' id='par_1_113' title="bbox 2473 4983 4032 5055">
     <span class='ocr_line' id='line_1_116' title="bbox 2473 4983 4032 5055; baseline -0.005 -15"><span class='ocrx_word' id='word_1_840' title='bbox 2473 4983 2688 5055; x_wconf 79' lang='lat' dir='ltr'><strong>nuptiis,</strong></span> <span class='ocrx_word' id='word_1_841' title='bbox 2719 4997 2839 5053; x_wconf 75' lang='lat' dir='ltr'><strong>qua:</strong></span> <span class='ocrx_word' id='word_1_842' title='bbox 2870 4983 3341 5055; x_wconf 59' lang='lat' dir='ltr'><strong>addittileguntur</strong></span> <span class='ocrx_word' id='word_1_843' title='bbox 3386 4983 3437 5035; x_wconf 94' lang='lat' dir='ltr'><strong>iu</strong></span> <span class='ocrx_word' id='word_1_844' title='bbox 3485 4983 3678 5055; x_wconf 50' lang='lat' dir='ltr'><strong>editi&quot;</strong></span> <span class='ocrx_word' id='word_1_845' title='bbox 3711 4983 3916 5055; x_wconf 74' lang='lat' dir='ltr'><strong>iterum</strong></span> <span class='ocrx_word' id='word_1_846' title='bbox 3942 5001 4032 5039; x_wconf 68' lang='lat' dir='ltr'><strong>ex-</strong></span> 
     </span>
    </p>
   </div>
   <div class='ocr_carea' id='block_1_114' title="bbox 2473 5050 4030 5126">
    <p class='ocr_par' dir='ltr' id='par_1_114' title="bbox 2473 5050 4030 5126">
     <span class='ocr_line' id='line_1_117' title="bbox 2473 5050 4030 5126; baseline -0.002 -18"><span class='ocrx_word' id='word_1_847' title='bbox 2473 5050 2641 5126; x_wconf 72' lang='lat' dir='ltr'><strong>punxi</strong></span> <span class='ocrx_word' id='word_1_848' title='bbox 2674 5050 3589 5126; x_wconf 12' lang='lat' dir='ltr'><strong>auctoritate‘Qlarotn&quot;Arundcl.,</strong></span> <span class='ocrx_word' id='word_1_849' title='bbox 3609 5050 3761 5126; x_wconf 64' lang='lat' dir='ltr'><strong>voss.</strong></span> <span class='ocrx_word' id='word_1_850' title='bbox 3788 5063 3845 5107; x_wconf 91' lang='lat' dir='ltr'><strong>et</strong></span> <span class='ocrx_word' id='word_1_851' title='bbox 3867 5052 4030 5107; x_wconf 69' lang='lat' dir='ltr'><strong>Merc.</strong></span> 
     </span>
    </p>
   </div>
   <div class='ocr_carea' id='block_1_115' title="bbox 2477 5120 4037 5192">
    <p class='ocr_par' dir='ltr' id='par_1_115' title="bbox 2477 5120 4037 5192">
     <span class='ocr_line' id='line_1_118' title="bbox 2477 5120 4037 5192; baseline -0.004 -10"><span class='ocrx_word' id='word_1_852' title='bbox 2477 5120 2526 5182; x_wconf 68' lang='grc' dir='ltr'><strong>ἰ.</strong></span> <span class='ocrx_word' id='word_1_853' title='bbox 2551 5123 2662 5179; x_wconf 83' lang='lat' dir='ltr'><strong>Nec</strong></span> <span class='ocrx_word' id='word_1_854' title='bbox 2693 5125 2857 5178; x_wconf 77' lang='lat' dir='ltr'><strong>refert</strong></span> <span class='ocrx_word' id='word_1_855' title='bbox 2879 5123 3020 5192; x_wconf 76' lang='lat' dir='ltr'><strong>quod</strong></span> <span class='ocrx_word' id='word_1_856' title='bbox 3054 5122 3281 5192; x_wconf 77' lang='lat' dir='ltr'><strong>inferius</strong></span> <span class='ocrx_word' id='word_1_857' title='bbox 3310 5137 3431 5192; x_wconf 86' lang='lat' dir='ltr'><strong>cap.</strong></span> <span class='ocrx_word' id='word_1_858' title='bbox 3455 5120 3542 5183; x_wconf 78' lang='lat'><strong>57,</strong></span> <span class='ocrx_word' id='word_1_859' title='bbox 3569 5138 3624 5176; x_wconf 92' lang='lat' dir='ltr'><strong>n.</strong></span> <span class='ocrx_word' id='word_1_860' title='bbox 3656 5121 3723 5192; x_wconf 76' lang='lat'><strong>3,</strong></span> <span class='ocrx_word' id='word_1_861' title='bbox 3745 5135 4037 5177; x_wconf 85' lang='lat' dir='ltr'><strong>occurrant</strong></span> 
     </span>
    </p>
   </div>
   <div class='ocr_carea' id='block_1_116' title="bbox 2475 5182 4034 5255">
    <p class='ocr_par' dir='ltr' id='par_1_116' title="bbox 2475 5182 4034 5255">
     <span class='ocr_line' id='line_1_119' title="bbox 2475 5182 4034 5255; baseline -0.001 -5"><span class='ocrx_word' id='word_1_862' title='bbox 2475 5199 2527 5250; x_wconf 91' lang='lat' dir='ltr'><strong>in</strong></span> <span class='ocrx_word' id='word_1_863' title='bbox 2550 5194 2802 5250; x_wconf 88' lang='lat' dir='ltr'><strong>omnibus</strong></span> <span class='ocrx_word' id='word_1_864' title='bbox 2823 5182 3007 5255; x_wconf 59' lang='lat' dir='ltr'><strong>codd,</strong></span> <span class='ocrx_word' id='word_1_865' title='bbox 3022 5208 3144 5248; x_wconf 83' lang='lat' dir='ltr'><strong>nam</strong></span> <span class='ocrx_word' id='word_1_866' title='bbox 3169 5182 3502 5247; x_wconf 70' lang='lat' dir='ltr'><strong>hiclrenaeus</strong></span> <span class='ocrx_word' id='word_1_867' title='bbox 3521 5182 3862 5248; x_wconf 15' lang='lat' dir='ltr'><strong>totumvhuuc</strong></span> <span class='ocrx_word' id='word_1_868' title='bbox 3880 5192 4034 5248; x_wconf 77' lang='lat' dir='ltr'><strong>Luca:</strong></span> 
     </span>
    </p>
   </div>
   <div class='ocr_carea' id='block_1_117' title="bbox 2475 5262 4033 5335">
    <p class='ocr_par' dir='ltr' id='par_1_117' title="bbox 2475 5262 4033 5335">
     <span class='ocr_line' id='line_1_120' title="bbox 2475 5262 4033 5335; baseline -0.002 -14"><span class='ocrx_word' id='word_1_869' title='bbox 2475 5274 2787 5321; x_wconf 84' lang='lat' dir='ltr'><strong>contextum</strong></span> <span class='ocrx_word' id='word_1_870' title='bbox 2820 5263 3055 5335; x_wconf 83' lang='lat' dir='ltr'><strong>allegare</strong></span> <span class='ocrx_word' id='word_1_871' title='bbox 3079 5262 3294 5335; x_wconf 82' lang='lat' dir='ltr'><strong>videtur</strong></span> <span class='ocrx_word' id='word_1_872' title='bbox 3331 5278 3396 5318; x_wconf 88' lang='lat' dir='ltr'><strong>ex</strong></span> <span class='ocrx_word' id='word_1_873' title='bbox 3433 5263 3694 5318; x_wconf 79' lang='lat' dir='ltr'><strong>memoria</strong></span> <span class='ocrx_word' id='word_1_874' title='bbox 3725 5264 3928 5335; x_wconf 10' lang='lat' dir='ltr'><strong>:gplura</strong></span> <span class='ocrx_word' id='word_1_875' title='bbox 3960 5267 4033 5335; x_wconf 87' lang='lat' dir='ltr'><strong>si-</strong></span> 
     </span>
    </p>
   </div>
   <div class='ocr_carea' id='block_1_118' title="bbox 2473 5333 4030 5457">
    <p class='ocr_par' dir='ltr' id='par_1_118' title="bbox 2473 5333 4030 5457">
     <span class='ocr_line' id='line_1_121' title="bbox 2473 5333 4030 5457; baseline -0.002 -69"><span class='ocrx_word' id='word_1_876' title='bbox 2473 5336 2691 5405; x_wconf 85' lang='lat' dir='ltr'><strong>quidem</strong></span> <span class='ocrx_word' id='word_1_877' title='bbox 2731 5335 2910 5457; x_wconf 56' lang='lat' dir='ltr'><strong>gilldit,</strong></span> <span class='ocrx_word' id='word_1_878' title='bbox 2932 5333 3029 5390; x_wconf 63' lang='lat' dir='ltr'><strong>&#39;vel</strong></span> <span class='ocrx_word' id='word_1_879' title='bbox 3062 5333 3288 5398; x_wconf 87' lang='lat' dir='ltr'><strong>omittit,</strong></span> <span class='ocrx_word' id='word_1_880' title='bbox 3334 5343 3522 5389; x_wconf 87' lang='lat' dir='ltr'><strong>contra</strong></span> <span class='ocrx_word' id='word_1_881' title='bbox 3554 5343 3719 5403; x_wconf 87' lang='lat' dir='ltr'><strong>atque</strong></span> <span class='ocrx_word' id='word_1_882' title='bbox 3746 5333 3951 5406; x_wconf 86' lang='lat' dir='ltr'><strong>legitur</strong></span> <span class='ocrx_word' id='word_1_883' title='bbox 3982 5334 4030 5388; x_wconf 89' lang='lat' dir='ltr'><strong>in</strong></span> 
     </span>
     <span class='ocr_line' id='line_1_122' title="bbox 2475 5414 2820 5457; baseline 0 0"><span class='ocrx_word' id='word_1_884' title='bbox 2475 5414 2634 5457; x_wconf 62' lang='lat' dir='ltr'><strong>Lucae</strong></span> <span class='ocrx_word' id='word_1_885' title='bbox 2664 5419 2726 5457; x_wconf 87' lang='lat' dir='ltr'><strong>co</strong></span> <span class='ocrx_word' id='word_1_886' title='bbox 2767 5424 2820 5457; x_wconf 85' lang='lat' dir='ltr'><strong>t.</strong></span> 
     </span>
    </p>
   </div>
   <div class='ocr_carea' id='block_1_119' title="bbox 2475 5414 2820 5460">
    <p class='ocr_par' dir='ltr' id='par_1_119' title="bbox 2475 5414 2820 5460">
     <span class='ocr_line' id='line_1_123' title="bbox 2475 5414 2820 5460; baseline -0.006 0"><span class='ocrx_word' id='word_1_887' title='bbox 2475 5414 2634 5460; x_wconf 72' lang='lat' dir='ltr'><strong>Luca:</strong></span> <span class='ocrx_word' id='word_1_888' title='bbox 2664 5414 2820 5458; x_wconf 80' lang='lat' dir='ltr'><strong>cadd.</strong></span> 
     </span>
    </p>
   </div>
   <div class='ocr_carea' id='block_1_120' title="bbox 2545 5472 4030 5547">
    <p class='ocr_par' dir='ltr' id='par_1_120' title="bbox 2545 5472 4030 5547">
     <span class='ocr_line' id='line_1_124' title="bbox 2545 5472 4030 5547; baseline -0.001 -20"><span class='ocrx_word' id='word_1_889' title='bbox 2545 5475 2654 5547; x_wconf 72' lang='grc'><strong>(40)</strong></span> <span class='ocrx_word' id='word_1_890' title='bbox 2695 5473 3193 5547; x_wconf 76' lang='lat' dir='ltr'><strong>Quoa_dusque_._s_ic</strong></span> <span class='ocrx_word' id='word_1_891' title='bbox 3226 5472 3458 5529; x_wconf 83' lang='lat' dir='ltr'><strong>Feuard.</strong></span> <span class='ocrx_word' id='word_1_892' title='bbox 3490 5475 3546 5547; x_wconf 81' lang='lat' dir='ltr'><strong>in</strong></span> <span class='ocrx_word' id='word_1_893' title='bbox 3571 5488 3769 5544; x_wconf 87' lang='lat' dir='ltr'><strong>marg.,</strong></span> <span class='ocrx_word' id='word_1_894' title='bbox 3794 5475 4030 5530; x_wconf 80' lang='lat' dir='ltr'><strong>Clarum.</strong></span> 
     </span>
    </p>
   </div>
   <div class='ocr_carea' id='block_1_121' title="bbox 2477 5542 3569 5615">
    <p class='ocr_par' dir='ltr' id='par_1_121' title="bbox 2477 5542 3569 5615">
     <span class='ocr_line' id='line_1_125' title="bbox 2477 5542 3569 5615; baseline -0.002 -16"><span class='ocrx_word' id='word_1_895' title='bbox 2477 5556 2532 5599; x_wconf 89' lang='lat' dir='ltr'><strong>et</strong></span> <span class='ocrx_word' id='word_1_896' title='bbox 2555 5542 2720 5600; x_wconf 48' lang='grc' dir='ltr'><strong>νοω.</strong></span> <span class='ocrx_word' id='word_1_897' title='bbox 2754 5544 2858 5598; x_wconf 79' lang='grc' dir='ltr'><strong>ΔΙιὶ</strong></span> <span class='ocrx_word' id='word_1_898' title='bbox 2891 5542 3012 5597; x_wconf 88' lang='lat' dir='ltr'><strong>cum</strong></span> <span class='ocrx_word' id='word_1_899' title='bbox 3052 5542 3432 5615; x_wconf 57' lang='lat' dir='ltr'><strong>Vulgata,_qsm</strong></span> <span class='ocrx_word' id='word_1_900' title='bbox 3464 5545 3569 5615; x_wconf 64' lang='lat' dir='ltr'><strong>die2</strong></span> 
     </span>
    </p>
   </div>
   <div class='ocr_carea' id='block_1_122' title="bbox 2547 5612 4029 5690">
    <p class='ocr_par' dir='ltr' id='par_1_122' title="bbox 2547 5612 4029 5690">
     <span class='ocr_line' id='line_1_126' title="bbox 2547 5612 4029 5690; baseline -0.001 -22"><span class='ocrx_word' id='word_1_901' title='bbox 2547 5617 2658 5690; x_wconf 62' lang='lat' dir='ltr'><strong>(ll)</strong></span> <span class='ocrx_word' id='word_1_902' title='bbox 2695 5615 3038 5682; x_wconf 63' lang='grc' dir='ltr'><strong>δίψει-αντη.</strong></span> <span class='ocrx_word' id='word_1_903' title='bbox 3073 5612 3250 5681; x_wconf 66' lang='lat' dir='ltr'><strong>Erus,</strong></span> <span class='ocrx_word' id='word_1_904' title='bbox 3282 5612 3424 5670; x_wconf 76' lang='lat' dir='ltr'><strong>Gall.</strong></span> <span class='ocrx_word' id='word_1_905' title='bbox 3455 5623 3512 5670; x_wconf 88' lang='lat' dir='ltr'><strong>et</strong></span> <span class='ocrx_word' id='word_1_906' title='bbox 3533 5612 3768 5669; x_wconf 75' lang='lat' dir='ltr'><strong>Feuard.</strong></span> <span class='ocrx_word' id='word_1_907' title='bbox 3795 5613 4029 5685; x_wconf 64' lang='lat' dir='ltr'><strong>superin-</strong></span> 
     </span>
    </p>
   </div>
   <div class='ocr_carea' id='block_1_123' title="bbox 2475 5687 2646 5739">
    <p class='ocr_par' dir='ltr' id='par_1_123' title="bbox 2475 5687 2646 5739">
     <span class='ocr_line' id='line_1_127' title="bbox 2475 5687 2646 5739; baseline -0.012 0"><span class='ocrx_word' id='word_1_908' title='bbox 2475 5687 2646 5739; x_wconf 69' lang='lat' dir='ltr'><strong>duxit;</strong></span> 
     </span>
    </p>
   </div>
   <div class='ocr_carea' id='block_1_124' title="bbox 2548 5753 4029 5828">
    <p class='ocr_par' dir='ltr' id='par_1_124' title="bbox 2548 5753 4029 5828">
     <span class='ocr_line' id='line_1_128' title="bbox 2548 5753 4029 5828; baseline 0 -17"><span class='ocrx_word' id='word_1_909' title='bbox 2548 5754 2658 5828; x_wconf 64' lang='grc' dir='ltr'><strong>(Ω)</strong></span> <span class='ocrx_word' id='word_1_910' title='bbox 2697 5753 2764 5809; x_wconf 85' lang='lat' dir='ltr'><strong>Et</strong></span> <span class='ocrx_word' id='word_1_911' title='bbox 2789 5754 2842 5810; x_wconf 66' lang='lat' dir='ltr'><strong>in</strong></span> <span class='ocrx_word' id='word_1_912' title='bbox 2866 5754 3164 5811; x_wconf 68' lang='lat' dir='ltr'><strong>novissimo.</strong></span> <span class='ocrx_word' id='word_1_913' title='bbox 3198 5753 3445 5825; x_wconf 72' lang='lat' dir='ltr'><strong>Tempore</strong></span> <span class='ocrx_word' id='word_1_914' title='bbox 3477 5759 3619 5828; x_wconf 84' lang='lat' dir='ltr'><strong>quod</strong></span> <span class='ocrx_word' id='word_1_915' title='bbox 3649 5757 3859 5813; x_wconf 88' lang='lat' dir='ltr'><strong>addunt</strong></span> <span class='ocrx_word' id='word_1_916' title='bbox 3880 5759 4029 5813; x_wconf 73' lang='lat' dir='ltr'><strong>edatt.</strong></span> 
     </span>
    </p>
   </div>
  </div>
