4222 6320
249 320 388 376 1093

1411 320 1688 380 CONTRA
1728 323 2067 386 BERESES
2106 328 2232 384 LIB.
2276 325 2366 383 iV.

3344 335 3478 393 1096

247 438 377 492 tiam
406 446 457 491 et
488 434 684 492 similia
714 443 959 506 peccata.
1009 437 1339 508 superducet
1380 438 1522 495 diem
1561 439 1754 510 judicii
1785 455 1801 497 :
1830 448 1878 504 Λ
1905 443 2008 509 dit,
2029 443 2166 499 sicut
2185 458 2283 513 per
2303 451 2380 496 tot
2407 449 2462 496 et
2487 449 2634 495 tanta
2665 442 3039 507 ostendimus;
3071 439 3164 498 sed
3204 445 3330 514 quia
3367 463 3479 500 tuu-

242 528 298 582 in
329 542 439 599 quo
467 529 569 592 ait,
607 523 950 584 tolerabilius
996 528 1248 585 Sodomis
1273 540 1327 586 et
1360 529 1687 588 Gomorrbis
1717 531 1806 588 fu-

242 625 447 681 turum,
481 631 644 686 quam
677 615 881 671 civitati
911 617 1023 690 (15)
1055 629 1109 671 et
1157 618 1338 672 domui
1368 618 1503 692 (44),
1535 636 1654 690 qua!
1699 636 1805 677 non

243 708 514 778 receperit
535 709 758 763 verbum
782 709 1150 778 apostolorum
1173 709 1309 780 ejus.
1341 729 1359 764 t
1385 711 1450 765 Et
1476 711 1806 782 tn,Caphar-

241 812 426 861 nsum,
465 815 485 850 ι
522 795 752 858 dicebat.
791 814 811 850 ς
839 799 1082 869 nunquid
1111 814 1282 871 usque
1306 803 1373 856 ad
1411 800 1607 856 coelum
1659 801 1809 857 exal-

239 889 610 963 taberis(45)?
643 890 821 960 Usque
847 891 913 945 ad
945 893 1147 948 inferos
1181 893 1500 949 descendes.
1537 893 1805 962 Quoniam

237 980 286 1034 si
322 981 374 1034 in
417 980 670 1036 Sodomis
720 979 875 1037 facta;
926 981 1155 1039 fuissent
1203 984 1454 1048 virtutes,
1499 1000 1620 1055 quae
1654 985 1808 1040 facta:

237 1081 363 1126 sunt
400 1070 452 1126 in
495 1081 568 1134 te.
613 1073 940 1129 mansissent
972 1089 1142 1144 usque
1183 1075 1238 1128 in
1284 1074 1603 1130 hodiernum
1639 1077 1802 1131 diem.

237 1161 622 1219 Verumtamen
654 1166 776 1221 dico
806 1165 986 1232 vobis,
1021 1164 1362 1221 tolerabilius
1404 1171 1511 1221 erit
1553 1166 1806 1224 Sodomis

237 1254 296 1308 in
325 1255 410 1312 die
434 1255 623 1326 judicii
655 1273 817 1328 quam
846 1257 1002 1314 vobis
1024 1257 1095 1312 ⁸⁸.
1128 1275 1148 1310 ι

310 1371 364 1426 4.
393 1370 704 1441 υηυηιμϐ)
753 1383 808 1428 et
855 1373 996 1428 idem
1031 1389 1153 1428 cum
1185 1387 1403 1445 semper
1445 1373 1517 1430 sit
1566 1373 1805 1429 Verbum

238 1460 364 1528 Dei;
395 1464 745 1519 credentibus
776 1463 992 1534 quidem
1031 1466 1081 1521 ei
1113 1464 1320 1522 fontem
1370 1481 1526 1536 aquae
1555 1468 1607 1521 in
1638 1467 1803 1522 vitam

235 1565 495 1610 aeternam
531 1557 689 1617 dans.
713 1556 1105 1612 infructuosam
1134 1573 1265 1614 vero
1294 1559 1379 1614 fici
1411 1559 1657 1614 arborem
1683 1574 1806 1612 are-

238 1650 448 1706 faciens
475 1651 659 1706 statim
698 1650 811 1722 (47)
835 1666 851 1706 :
878 1661 933 1708 et
966 1653 1300 1722 temporibus
1332 1653 1500 1723 279
1548 1652 1800 1724 Noe148)

235 1743 500 1799 diluvium
522 1743 803 1806 inducens.
833 1747 906 1798 uti
932 1744 1301 1813 exstingueret
1318 1746 1614 1813 pessimum
1632 1759 1806 1815 genus

234 1852 450 1900 eorum,
478 1836 571 1906 qui
602 1845 730 1892 tunc
777 1847 935 1890 crant
979 1837 1252 1900 homines.
1280 1839 1372 1906 qui
1410 1838 1520 1909 jam
1577 1807 1806 1894 fructifi-
1839 1807 1881 1866 Β

236 1943 369 1984 care
399 1928 508 1984 Deo
541 1944 648 1984 non
685 1939 961 2000 poterant,
991 1944 1118 1983 cum
1161 1928 1336 1999 angeli
1365 1938 1806 1999 transgressores

235 2020 514 2076 commisti
547 2018 778 2074 fuissent
805 2025 918 2084 eis;
971 2029 1027 2074 et
1071 2028 1129 2074 ut
1163 2034 1390 2085 peccata
1438 2036 1624 2076 eorum
1657 2038 1807 2078 com-

234 2122 516 2182 pesceret,
545 2122 792 2168 servaret
823 2126 952 2168 vero
991 2126 1132 2167 arcae
1170 2120 1380 2182 typum,
1409 2114 1537 2168 Adae
1564 2115 1805 2184 plasma-

234 2205 440 2260 tinnem
469 2204 581 2274 (49)
611 2222 625 2260 :
653 2213 708 2258 et
731 2205 1066 2274 temporibus
1088 2204 1190 2260 Lot
1212 2206 1301 2271 qui
1331 2205 1463 2273 pluit
1487 2205 1596 2276 (50)
1638 2221 1806 2274 super

236 2292 534 2351 Sodomam
553 2305 610 2349 et
636 2292 999 2348 Gomorrham
1031 2294 1206 2366 ignem
1237 2303 1288 2348 et
1313 2293 1539 2363 sulphur
1559 2296 1625 2349 de
1643 2297 1803 2362 cmlo,

240 2408 262 2441 ‹
289 2389 596 2457 exemplum
635 2387 767 2456 justi
800 2388 991 2456 judicii
1039 2386 1132 2442 Dei
1157 2388 1225 2452 ",
1259 2408 1278 2441 ι
1321 2396 1384 2444 ut
1415 2399 1804 2462 cognoscerent

234 2495 449 2544 omnes,
473 2479 730 2548 quoniam
767 2496 785 2530 t
821 2480 1001 2533 omnis
1043 2479 1201 2534 arbor
1235 2497 1358 2550 qua:
1387 2497 1494 2536 non
1527 2481 1655 2537 facit
1689 2482 1807 2538 fru-

235 2582 384 2626 ctum
402 2572 603 2626 bonum
624 2571 759 2640 (51),
775 2570 1070 2631 excidetur,
1087 2571 1210 2625 etin
1229 2572 1403 2642 ignem
1422 2574 1718 2629 mittetur”
1740 2593 1754 2629 :
1779 2592 1803 2629 ι

234 2671 294 2718 et
322 2665 377 2718 in
422 2662 714 2717 universali
739 2662 945 2730 judicio
978 2664 1314 2719 tolerabilius
1344 2665 1598 2720 Sodomis
1625 2675 1805 2733 utens,

236 2767 401 2823 quam
448 2755 532 2810 his
559 2755 650 2824 qui
682 2753 934 2810 viderunt
957 2756 1074 2825 ejus
1109 2754 1342 2809 virtutes
1376 2770 1514 2824 quas
1546 2757 1799 2823 faciebat,

235 2855 293 2901 et
325 2861 432 2900 non
461 2845 815 2901 crediderunt
842 2847 896 2900 in
930 2861 1078 2912 eum,
1119 2860 1301 2914 neque
1339 2855 1660 2915 receperunt
1683 2843 1804 2914 ejus

239 2939 566 2993 doctrinam.
621 2939 1090 3007 Quemadmodum
1140 2940 1285 2993 enim
1335 2937 1592 3008 majorem
1653 2940 1804 2998 dedit

237 3033 469 3099 gratiam
503 3047 600 3101 per
628 3047 784 3086 suum
801 3032 1095 3087 adventum
1125 3031 1211 3086 his
1237 3032 1329 3100 qui
1353 3031 1707 3087 crediderunt
1725 3031 1800 3098 ei,

236 3135 292 3183 et
317 3123 518 3179 faciunt
549 3125 664 3193 ejus
697 3123 1024 3178 voluntatem
1051 3140 1066 3189 ;
1098 3124 1176 3178 sic
1205 3134 1260 3177 et
1289 3122 1546 3193 majorem
1581 3126 1632 3180 in
1653 3125 1805 3194 judi-

238 3216 326 3270 cio
351 3217 555 3272 habere
581 3229 798 3285 pmnam
844 3229 940 3270 eos
966 3214 1059 3284 qui
1102 3230 1211 3270 non
1241 3216 1592 3269 crediderunt
1628 3216 1700 3280 ei,
1728 3216 1803 3270 si-

237 3307 540 3373 gnificavit,
573 3308 753 3375 justus
782 3308 1051 3362 cxsistens
1085 3321 1249 3374 super
1275 3321 1465 3362 omnes
1494 3309 1800 3377 :equaliter,

235 3411 289 3452 et
316 3399 510 3468 quibus
543 3398 662 3466 plus
699 3398 865 3460 dedit,
924 3397 1044 3465 plus
1081 3398 1148 3451 ab
1192 3397 1272 3451 eis
1301 3410 1597 3454 exacturus
1632 3415 1647 3451 :
1683 3399 1804 3467 plus

240 3499 446 3554 autem,
484 3505 591 3542 non
630 3488 772 3555 quod
810 3487 1034 3541 alterius
1061 3487 1239 3541 Patris
1269 3490 1599 3557 agnitionem
1629 3499 1807 3544 osten-

1912 531 2091 603 jorem
2127 530 2476 586 donationem
2526 539 2767 600 paternae
2814 532 3002 601 gratia:
3048 548 3146 601 per
3183 549 3340 588 suum
3383 537 3483 590 atl-

1911 633 2140 680 ventum
2169 621 2354 679 ell‘udit
2384 622 2438 676 in
2461 621 2757 677 lmmanum
2781 636 2970 692 genus.

1983 739 2039 796 5.
2075 737 2132 793 Si
2163 737 2252 793 cui
2285 745 2464 794 autem
2499 753 2604 792 non
2644 736 2919 794 suﬂiciuut
2948 755 3068 811 qua:
3097 741 3476 814 praediximus,

1913 830 1980 884 ad
2011 829 2347 886 credendum
2389 829 2457 883 ab
2508 844 2618 884 uno
2649 840 2705 883 et
2739 830 2929 886 eodem
2987 830 3149 887 Patre
3190 835 3484 904 prophetas

1913 921 2115 976 missos
2143 935 2290 984 esse,
2329 935 2357 974 a
2392 935 2503 990 quo
2531 931 2586 976 et
2623 921 2882 978 Dominus
2925 934 3114 979 noster
3140 926 3341 981 missus
3373 939 3479 996 est,

1913 1013 2165 1082 aperiens
2197 1023 2380 1070 autem
2414 1028 2476 1069 os
2530 1014 2712 1070 cordis
2754 1015 2870 1081 sui,
2905 1024 2962 1070 et
2991 1015 3264 1073 Christum
3297 1018 3479 1075 Iesum

1914 1103 2204 1159 Dominum
2235 1104 2558 1172 magistrum
2592 1103 2855 1161 invocans
2882 1103 3022 1176 (52),
3057 1107 3245 1162 audiat
3293 1110 3482 1164 dicen-

1913 1203 2023 1250 tem
2047 1209 2169 1250 eum
2201 1211 2216 1248 :
2253 1214 2272 1248 t
2311 1192 2504 1250 Simer
2528 1211 2648 1251 esse
2673 1196 2786 1267 (53)
2822 1213 3047 1270 regnum
3080 1198 3340 1255 malorum
3367 1203 3476 1272 regi

1911 1287 2135 1357 nuptias
2158 1287 2378 1345 facienti
2405 1289 2520 1344 ﬁlio
2542 1303 2664 1356 suo,
2695 1299 2752 1344 et
2775 1290 3009 1345 mittenti
3039 1305 3227 1347 servos
3253 1308 3381 1350 suos
3411 1295 3478 1350 ad

1910 1380 2322 1449 conrogandum
2350 1379 2463 1453 (54)
2493 1397 2608 1449 eos,
2635 1382 2727 1452 qui
2762 1383 2944 1439 vocati
2995 1383 3218 1440 fuerunt
3263 1387 3330 1442 ad
3380 1405 3484 1444 nu-

1910 1468 2071 1538 ptias.
2123 1487 2143 1520 s
2181 1469 2248 1524 Et
2281 1470 2384 1526 illis
2427 1471 2742 1527 nolentibus
2771 1472 2999 1529 obedire
3048 1494 3061 1530 :
3113 1493 3132 1526 t
3169 1475 3391 1542 lterum,
3453 1494 3476 1530 ι

1910 1558 2010 1625 ait,
2051 1578 2069 1610 ι
2129 1560 2269 1614 alios
2304 1576 2496 1617 servos
2530 1563 2701 1630 tuisit,
2735 1563 2923 1618 dicens
2975 1579 2989 1613 :
3048 1565 3220 1622 Dicite
3272 1567 3356 1622 his
3387 1568 3478 1636 qui

1911 1659 2038 1706 sunt
2097 1652 2275 1706 vocati
2332 1671 2347 1706 :
2403 1653 2618 1718 Venite.
2685 1654 2976 1723 prandium
3031 1672 3210 1711 meum
3271 1661 3479 1728 paravi,

1912 1743 2054 1798 tauri
2103 1745 2205 1799 mei
2235 1753 2291 1799 et
2315 1747 2502 1800 omnia
2537 1747 2786 1815 saginata
2834 1747 3015 1803 occisa
3077 1758 3132 1802 et
3173 1750 3353 1804 omnia
3387 1767 3481 1821 pa-

1911 1849 2027 1891 rata
2056 1847 2216 1903 sunt;
2245 1838 2426 1893 venite
2470 1839 2536 1893 ad
2571 1839 2813 1908 nuptias.
2864 1839 2944 1894 Illi
2993 1852 3176 1896 autem
3226 1843 3482 1897 abierunt

1909 1927 2250 2000 negligentes
2273 1945 2423 1998 eum,
2454 1930 2546 1984 alii
2588 1933 2809 2001 quidem
2845 1934 2900 1987 in
2920 1948 3109 2003 agrum
3143 1950 3332 1999 suum;
3389 1933 3478 1988 alii

1911 2032 2093 2076 autem
2125 2023 2178 2076 in
2223 2022 2649 2092 negotiationem
2702 2037 2892 2087 suam;
2930 2023 3124 2093 reliqui
3163 2037 3292 2078 vero
3343 2025 3483 2077 arri-

1910 2122 2147 2181 puerunt
2178 2128 2369 2168 servos
2395 2112 2534 2182 (55),
2569 2122 2622 2168 et
2654 2113 2789 2168 alios
2827 2114 3046 2184 quidem
3087 2113 3482 2169 contumeliose

1913 2213 2317 2270 tractaverunt,
2351 2204 2489 2260 alios
2537 2219 2666 2260 vero
2723 2207 3068 2262 occiderunt.
3129 2207 3243 2261 licx
3294 2214 3477 2262 autem

1910 2311 2034 2350 cum
2066 2297 2336 2359 audisset,
2370 2297 2542 2350 iratus
2570 2305 2676 2364 est,
2698 2305 2752 2351 et
2779 2297 3004 2354 mittens
3032 2298 3306 2353 exercitus
3329 2314 3479 2364 suos,

1911 2387 2151 2459 perdidit
2181 2385 2562 2443 interfectores
2580 2387 2725 2452 illos,
2754 2399 2807 2443 et
2836 2388 3108 2444 civitatem
3131 2404 3319 2445 eorum
3349 2406 3478 2446 suc-

1910 2481 2118 2545 cendit,
2146 2489 2203 2534 et
2231 2478 2370 2532 dixit
2396 2478 2572 2533 servis
2603 2480 2718 2532 suis
2747 2493 2763 2531 :
2797 2477 3010 2547 Nuptiae
3033 2477 3248 2546 quidem
3275 2490 3481 2548 paratza

1909 2580 2058 2633 sunt.
2083 2570 2258 2625 vocati
2293 2584 2424 2623 vero
2450 2582 2558 2622 non
2592 2567 2812 2624 fuerunt
2834 2569 3006 2640 digni.
3045 2569 3200 2625 Exite
3231 2569 3345 2642 (56)
3381 2571 3480 2642 igi-

1912 2672 2008 2716 tur
2030 2661 2097 2716 ad
2125 2663 2307 2718 exitus
2327 2661 2564 2726 viarum,
2591 2669 2646 2715 et
2673 2670 2940 2730 quotquot
2967 2660 3309 2728 inveneritis,
3346 2678 3480 2718 con-

1915 2764 2145 2827 gregate
2178 2754 2245 2808 ad
2275 2754 2509 2820 nuptias.
2547 2753 2613 2806 Et
2635 2760 2899 2808 exeuntes
2931 2753 3074 2808 servi
3103 2753 3220 2818 ejus
3250 2769 3481 2827 congre-

1907 2856 2173 2916 gaverunt
2229 2861 2420 2902 omnes
2473 2854 2743 2916 quotquot
2785 2844 3140 2911 invenerunt,
3191 2849 3363 2904 bonos
3421 2859 3479 2904 οι

1912 2938 2105 3003 malos,
2135 2946 2188 2993 et
2224 2938 2459 3005 impleta:
2497 2947 2630 2992 sunt
2677 2937 2880 3006 nuntia:
2929 2951 2958 2991 a
3009 2938 3476 2996 discumbentibns

1910 3029 2043 3101 (57).
2077 3030 2346 3084 lntroieus
2397 3039 2580 3082 autem
2615 3042 2708 3082 rex
2739 3027 2926 3083 videre
2969 3030 3370 3096 recumbentcs,
3398 3033 3478 3087 vi-

1910 3126 1988 3181 dit
2020 3124 2091 3179 ibi
2129 3123 2404 3179 hominem
2437 3138 2544 3177 non
2574 3122 2829 3177 vestitum
2865 3121 3242 3180 indumentum
3263 3126 3479 3197 nuptias

1910 3232 2032 3271 rum
2061 3215 2267 3288 (58).et
2295 3216 2423 3270 dicit
2447 3218 2494 3269 ei
2519 3230 2535 3272 :
2561 3214 2772 3280 Amice,
2803 3215 3074 3284 quomodo
3107 3219 3301 3272 venisti
3346 3219 3474 3286 huc,

1913 3323 2017 3362 non
2068 3308 2272 3362 habens
2323 3307 2704 3361 indumentum
2741 3305 3090 3374 nuptiarum?
3145 3307 3242 3364 illo
3290 3319 3474 3364 autem

1910 3401 2346 3461 obmutescente,
2391 3397 2528 3452 dixit
2559 3410 2650 3450 rex
2688 3395 2955 3451 ministris
2987 3414 3001 3450 :
3034 3395 3229 3454 Tollite
3263 3416 3388 3454 eum
3443 3417 3471 3455 a

1915 3492 2141 3559 pedibus
2187 3498 2239 3543 et
2273 3485 2524 3542 manibus
2555 3483 2692 3557 (59),
2724 3493 2780 3541 et
2814 3485 3011 3540 mittite
3056 3503 3180 3543 eum
3236 3489 3290 3544 in
3326 3500 3475 3546 tents

304 3596 560 3652 “Matth.
595 3611 669 3661 xi,
706 3595 808 3660 25,
843 3595 935 3650 24.
1013 3595 1057 3628 ⁸³
1090 3595 1129 3650 ll
1156 3595 1349 3651 Thess.
1384 3615 1423 3656 ι.
1459 3598 1513 3652 5.
1593 3599 1639 3631 ⁸⁸
1664 3599 1854 3654 Matth.
1892 3617 1976 3666 nt,
2012 3603 2099 3658 l0.

236 3735 410 3789 delevi
445 3727 772 3786 auctoritate
809 3727 1074 3792 Clarom.,
1105 3727 1267 3784 Voss.
1311 3739 1366 3784 et
1398 3731 1631 3794 Arund.,
1672 3732 1798 3798 quia

229 3813 434 3872 praeter
463 3814 624 3872 quam
651 3799 793 3872 quod
816 3813 929 3872 (vox
974 3813 1034 3851 ea
1068 3801 1199 3872 satis
1225 3800 1670 3872 subintelligitur,
1701 3804 1798 3854 ad-

231 3868 356 3950 dita
378 3887 406 3924 a
440 3868 697 3950 quopiam
734 3870 954 3950 videtur
984 3868 1366 3950 explicationis
1396 3868 1580 3922 causa.

310 3943 420 4013 (15)
459 3936 691 4013 Civitati.
724 3936 814 3991 Illi
851 3939 979 3992 huic
1023 3939 1144 3994 voci
1177 3939 1455 4010 praeﬁxum
1487 3940 1644 3994 omisi
1670 3955 1796 3996 cum

232 4007 473 4071 Clarum.
500 4019 556 4065 et
585 4007 739 4062 Voss.

328 4082 418 4137 Mi
456 4080 521 4135 Et
553 4079 754 4134 domui.
787 4079 988 4134 Desunt
1022 4079 1074 4133 in
1112 4078 1320 4132 Arund.

328 4083 396 4137 M
456 4082 521 4135 Et
553 4082 754 4134 domui.
787 4082 988 4134 Desunt
1022 4082 1074 4133 in
1112 4082 1320 4132 Arund.

306 4082 419 4227 (451
463 4150 717 4227 Nltnquid
761 4165 921 4217 usque
963 4149 1057 4227 ad.
1082 4149 1264 4227 gelum
1305 4148 1613 4227 exaltaberia
1631 4151 1796 4227 !__Sic

237 4219 471 4293 utraque
504 4221 754 4293 Vulgata,
791 4220 1277 4293 nostra_videlit_-et,
1312 4230 1550 4293 etve‘tus
1575 4219 1790 4293 italica;

239 4299 350 4351 imo
380 4288 436 4348 et
460 4307 594 4345 mss.
628 4291 870 4358 quidam,
905 4290 998 4345 sed
1038 4290 1218 4360 pauci,
1251 4290 1406 4343 codd.
1438 4288 1634 4343 Graeci.
1683 4291 1788 4344 Sed

234 4366 365 4422 editi
397 4370 613 4421 sonant,
645 4375 762 4427 quae
804 4377 964 4428 usque
997 4359 1050 4413 in
1093 4360 1276 4414 uelum
1305 4359 1580 4412 exaltarit.

309 4431 660 4507 (ιδλίυχιυπξο
704 4430 776 4482 lla
821 4441 976 4487 vetus
1009 4428 1240 4484 Fenard.
1278 4431 1427 4494 cod.,
1471 4429 1706 4484 Clarom.
1740 4439 1791 4484 et

231 4501 389 4562 Voss.
404 4501 652 4571 Reliqui.
689 4517 841 4571 unus.

308 4574 438 4646 (s7),
461 4567 672 4646 Staius.
713 4569 777 4622 Et
815 4570 1090 4646 huic__voci
1132 4569 1269 4623 male
1305 4567 1582 4638 pransum
1618 4569 1790 4624 delevi

233 4640 559 4700 auctoritate
585 4640 819 4697 Clarum.
849 4650 905 4695 et
944 4641 1092 4696 Voss.

305 4711 604 4784 (48)7Noe.
658 4709 812 4763 Iuste
869 4710 1106 4766 additum
1166 4709 1218 4763 in
1273 4709 1430 4764 editt.
1477 4708 1686 4762 Arund.
1736 4718 1792 4765 et

229 4783 396 4840 Merc.
436 4783 493 4835 2.

304 4853 415 4922 (19)
441 4848 682 4922 Servaret
706 4863 820 4922 vero
835 4866 974 4903 arcte
997 4847 1344 4922 typgnt,_Adw
1364 4846 1786 4917 plasmationem.

229 4917 470 4980 Servaret
499 4935 563 4972 ex
614 4920 822 4972 Arund.
870 4917 1249 4988 posuitGrab.
1301 4933 1399 4988 pro
1447 4935 1676 4983 seruarc,
1734 4930 1791 4972 ut

229 4996 387 5047 editt.
429 4991 650 5050 habt-ut,
686 4989 764 5042 vel
799 4987 1119 5051 servaretur,
1151 4992 1224 5042 uti
1255 4987 1516 5053 Clarum,
1551 4989 1705 5044 Voss.
1735 4997 1791 5044 et

228 5061 464 5119 Feuard.
491 5061 543 5114 iu
573 5073 743 5128 marg.
771 5061 939 5113 Addit
962 5062 1041 5113 vir
1077 5059 1428 5113 doctissimus
1458 5074 1646 5113 vocem
1681 5059 1785 5112 ali-

229 5147 395 5204 quam
425 5132 516 5186 hic
565 5128 947 5204 excidisse,__et
995 5146 1087 5198 per
1113 5146 1248 5181 arcte
1277 5129 1786 5204 typum__lcgendum

227 5198 399 5261 esse;
451 5199 594 5271 quod
645 5199 1028 5271 probabilitate
1073 5214 1176 5271 non
1218 5206 1394 5252 vacat.
1450 5198 1572 5271 llas
1605 5209 1786 5253 tamen

231 5287 416 5334 voces.
450 5268 586 5324 arcte
617 5279 816 5339 typum,
849 5268 1092 5322 nonnihil
1141 5279 1423 5335 suspectas
1455 5269 1652 5339 habeo,
1688 5283 1781 5339 ve-

229 5354 463 5411 reorque
497 5350 555 5392 ut
579 5338 652 5393 ab
673 5341 937 5406 imperitis
967 5339 1386 5411 amanuensibus
1415 5338 1632 5408 scriptae
1655 5338 1783 5411 sint,

229 5427 330 5482 pro
369 5408 749 5482 archetypum;
803 5411 944 5477 quod
994 5410 1066 5482 ad
1115 5409 1262 5463 hunc.
1310 5408 1485 5482 locum
1543 5410 1787 5482 apprime

228 5477 686 5552 qttadraret.’Sed
712 5481 890 5552 donec
919 5478 1245 5552 suffragetur
1275 5493 1379 5533 ms.
1411 5477 1610 5547 aliquis
1633 5480 1782 5552 cod.,

227 5549 444 5620 vulgata
497 5550 660 5606 lectio
711 5550 762 5602 in
806 5563 1021 5604 sensum
1065 5550 1197 5603 satis
1241 5553 1586 5620 commodum
1639 5549 1782 5620 traht

227 5619 428 5691 potest,
461 5623 619 5674 modo
643 5620 1076 5687 conjunctionem
1106 5631 1152 5673 et
1179 5629 1302 5673 ante
1335 5619 1463 5691 {idat
1507 5619 1783 5688 suppleas,

227 5690 282 5746 et
302 5702 525 5746 servaret
553 5696 617 5745 ad
648 5701 934 5760 utrumque
955 5694 1251 5743 membrum
1277 5690 1504 5752 referas,
1535 5693 1782 5757 quamvis

226 5778 332 5816 non
367 5765 552 5816 eadem
587 5763 808 5816 omnino
838 5759 1253 5832 signiﬁcatione.
1279 5761 1482 5814 Sensus
1522 5759 1774 5813 uimirmu

1907 3730 2036 3792 erit,
2061 3729 2230 3783 Deum
2257 3726 2536 3782 induxisse
2559 3725 2848 3793 diluvium,
2881 3737 2992 3782 tum
3032 3739 3087 3783 ut
3132 3743 3345 3799 peccata
3376 3733 3472 3788 lto-

1913 3801 2115 3854 minum
2144 3807 2511 3866 compesceret,
2533 3807 2643 3870 tum
2674 3809 2728 3849 ut
2759 3810 2989 3870 servaret
3024 3816 3160 3853 arca:
3191 3810 3389 3870 typum,
3417 3805 3468 3857 id

1905 3881 1990 3925 est
2035 3878 2281 3924 servaret
2303 3881 2471 3939 ,_seu
2501 3867 2784 3939 exhiberet
2827 3869 2878 3921 in
2915 3883 3039 3939 arca
3078 3867 3261 3939 typum
3301 3867 3469 3928 futuri

1907 3939 2189 4008 baptismi,
2222 3938 2313 4006 qui
2342 3935 2510 4008 juxta
2537 3937 2598 3990 D.
2623 3934 2844 4008 Petrum
2871 3952 2954 4006 ep.
2991 3938 3030 4002 l,
3057 3934 3176 4008 cap.
3210 3941 3384 4006 "1,20
3414 3952 3472 3999 et

1901 4005 2082 4079 θεάς..
2118 4024 2212 4079 per
2235 4005 2415 4062 arcam
2469 4005 2583 4079 Noe
2624 4005 3180 4079 prcsignilicabatur;
3219 4005 3332 4065 tum
3366 4012 3465 4065 de-

1900 4075 2063 4149 nique
2087 4075 2144 4132 ut
2174 4085 2419 4134 servaret
2449 4078 2578 4131 Adae
2605 4075 3025 4143 plasmationem,
3061 4095 3125 4133 ne
3149 4082 3364 4151 penitus
3388 4083 3470 4135 in-

1903 4152 2001 4204 teri
2013 4159 2110 4204 ret.

1971 4215 2298 4292 (50)‘P_lyit.
2357 4214 2431 4292 ita
2482 4215 3063 4292 Eeuard._in__marg.,
3126 4217 3361 4274 Clarom.
3414 4231 3465 4276 et

1900 4285 2146 4344 Vossfln
2177 4287 2342 4344 Merc.
2371 4287 2424 4352 2,
2456 4288 2689 4355 pluerit;
2724 4287 2775 4338 in
2802 4288 2925 4340 aliis
2948 4285 3178 4354 pluerat.

1973 4357 2083 4430 (5i)
2137 4359 2360 4430 Bonum.
2413 4357 2574 4430 Qeest
2637 4358 2688 4410 in
2745 4357 2924 4422 Eras.,
2978 4356 3144 4424 Gall.,
3195 4355 3464 4428 Clarom.,

1899 4426 2105 4482 Arnnd.
2141 4441 2193 4482 et
2226 4427 2391 4482 Merc.
2419 4426 2475 4482 2.

1971 4498 2084 4568 (59.)
2141 4500 2281 4554 Os...
2335 4499 2602 4554 invocans.
2665 4495 2741 4568 Ita
2792 4511 2890 4568 pro
2926 4513 3148 4568 aures...
3198 4498 3464 4552 aduocans

1897 4565 2050 4638 posui
2070 4565 2136 4622 ex
2167 4568 2400 4622 Feuard.
2436 4583 2635 4639 marg.,
2663 4565 2901 4622 Clarum.
2932 4577 2984 4619 et
3005 4565 3154 4620 Voss.

1971 4637 2083 4710 (55)
2113 4637 2296 4693 Simile
2321 4653 2454 4691 esse.
2483 4639 2573 4695 Sic
2596 4640 2834 4695 Clarum.
2860 4646 2914 4690 et
2950 4634 3104 4689 Voss.
3140 4635 3268 4701 Alii,
3290 4636 3462 4692 simile

1897 4718 1995 4765 ιιι.

1969 4778 2080 4850 (5i)
2105 4776 2536 4847 Courogandum.
2568 4778 2644 4834 ita
2679 4776 2940 4837 Clarom"
2967 4774 3173 4829 Aruntl.
3205 4785 3257 4830 et
3290 4774 3456 4831 Merc.

1900 4849 1948 4902 1.
1981 4849 2211 4910 (ueteri,
2237 4850 2677 4916 congregandum.

1969 4918 2082 4987 (55)
2110 4916 2319 4970 Servos.
2346 4915 2477 4986 Ejus
2506 4919 2648 4986 quod
2674 4916 2728 4970 iu
2767 4916 2922 4972 editt.
2958 4915 3200 4969 additum
3235 4916 3455 4986 legitur.

1899 4989 2056 5043 omisi
2096 5003 2219 5040 cutn
2249 4987 2482 5041 Clarum.
2509 4999 2565 5042 et
2595 5004 2706 5043 om.
2736 4987 2970 5057 Anglic.,
3002 4987 3254 5055 quamvis
3285 4990 3337 5040 iu
3365 5003 3457 5041 sa-

1897 5074 1992 5112 CI‘O
2028 5067 2174 5110 lCXlll
2194 5066 2464 5110 occurrat.

1988 5125 2078 5188 56)
2111 5125 2288 5182 Exite.
2324 5126 2415 5180 Sic
2452 5126 2689 5182 Clarom.
2721 5136 2776 5181 et
2818 5123 2970 5178 Voss.
3007 5125 3135 5188 Alii,
3165 5126 3255 5179 ite.

1988 5133 2055 5182 56
2111 5133 2288 5182 Exite.
2324 5133 2415 5180 Sic
2452 5133 2689 5182 Clarom.
2721 5136 2776 5181 et
2820 5133 2970 5178 Voss.
3007 5133 3135 5188 Alii,
3165 5133 3255 5179 ite.

1965 5133 2078 5270 (57)
2104 5198 2145 5250 Α
2174 5195 2634 5270 discumbentium.
2662 5193 3353 5270 Rrajpositionemaaddidi
3388 5210 3456 5251 ex

1895 5263 2160 5335 Chii-olm,
2187 5278 2242 5322 et
2265 5269 2342 5321 sic
2379 5272 2584 5335 pariter
2610 5267 2736 5336 legit
2763 5266 2982 5320 Lucifer
3012 5263 3241 5320 Calartt.
3285 5265 3380 5321 lib.
3412 5280 3457 5323 tt

1894 5353 1994 5409 pro
2010 5336 2075 5409 VS.
2101 5337 2413 5409 Athanasio.

1965 5406 2075 5480 (58)
2134 5407 2896 5480 luduntentttmduuptittrum.
2944 5405 3046 5480 _Ita
3107 5403 3340 5480 Fettard:
3399 5404 3454 5460 in

1894 5473 2090 5548 ma'rgf,
2139 5477 2374 5533 Claram.
2413 5489 2468 5533 et
2519 5473 2676 5531 Voss.
2733 5475 2884 5544 juxta
2932 5475 3220 5548 Graecum,
3255 5473 3458 5545 ἔνδυμα

1893 5545 2094 5618 γάμὸυ.
2143 5548 2200 5602 in
2232 5548 2464 5618 Arund.,
2497 5548 2803 5601 indumento
2848 5549 3173 5616 nuptiarum.
3205 5545 3264 5599 In
3293 5558 3456 5600 cate-

1893 5616 1993 5680 ris,
2022 5626 2156 5672 veste
2179 5616 2421 5686 nuptiali.

1965 5687 2081 5760 (59)
2111 5684 2318 5760 Tollite_
2347 5703 2463 5740 eum
2498 5705 2528 5741 α
2557 5688 2771 5755 pedibus
2797 5696 2844 5760 et
2882 5685 3145 5760 manibus.
3204 5684 3459 5760 siccum

1892 5753 2120 5824 Irenaeo.
2151 5766 2243 5813 aut
2272 5755 2390 5827 ejus
2444 5753 2757 5830 interprete.
2802 5757 2933 5827 legit
2981 5756 3200 5813 Lucifer
3231 5753 3455 5812 Calarit.
