4222 6320
1474 322 1533 381 S.
1573 321 1828 378 [REle
1867 319 2173 378 EPISCOPI
2214 316 2695 375 LUGDUNENSIS
2729 316 2818 374 ΕΤ
2856 316 3216 375 MARTYRIS

3837 316 3978 373 £096

734 444 889 508 bras,
912 455 1034 511 quae
1062 446 1190 495 sunt
1219 438 1520 495 exteriores
1548 454 1563 492 :
1594 438 1665 493 ibi
1694 439 1800 493 erit
1824 436 1988 493 ﬂetus
2015 447 2072 491 et
2098 437 2300 492 stridor
2334 440 2379 497 Α
2409 435 2604 489 malam
2628 449 2781 490 suam
2812 433 3287 490 conversationem
3321 446 3427 487 non
3455 440 3814 502 perceperunt
3845 428 3979 497 Spi—

734 534 1002 590 dentium.
1059 531 1208 587 Multi
1235 531 1381 587 enim
1424 539 1552 585 sunt
1581 529 1781 592 vocati.
1824 528 1981 599 pauci
2019 541 2149 583 vero
2194 528 2304 581 ele-

734 626 805 681 cti
836 625 903 678 ".
954 643 973 676 ι
1009 622 1300 678 Manifesta
1353 622 1500 677 enim
1546 630 1601 676 et
1648 636 1749 692 per
1804 621 1919 676 haec
1974 621 2142 674 verba
2203 633 2302 674 sua

733 714 979 773 ostendit
1012 714 1276 770 Dominus
1308 714 1514 779 omnia,
1547 721 1602 766 et
1632 712 1889 781 quoniam
1921 725 2061 765 unus
2102 708 2219 765 Rex
2249 716 2305 766 et

731 807 997 862 Dominus
1048 807 1292 861 omnium
1324 805 1513 867 Pater,
1544 803 1611 859 de
1654 816 1763 872 quo
1800 812 1855 857 et
1910 812 2069 858 antea
2102 800 2241 856 dixit
2285 819 2298 854 :

738 918 758 953 ι
788 898 972 970 Neque
1001 899 1054 953 in
1087 897 1459 969 Hierosolyma
1504 898 1676 967 jures,
1705 896 1966 967 quoniam
2001 892 2193 949 civitas
2221 900 2305 948 est

732 991 913 1059 magni
957 991 1123 1061 Regis
1154 991 1221 1045 “.
1261 1010 1280 1043 ι
1338 988 1404 1043 Et
1449 989 1709 1058 quoniam
1744 988 1813 1043 ab
1867 985 2030 1041 initio
2082 986 2305 1055 nuptias

731 1083 1063 1153 praeparavit
1100 1081 1239 1136 Filio
1288 1096 1389 1136 suo
1426 1079 1563 1153 (60),
1608 1090 1662 1135 et
1708 1088 1935 1151 propter
1981 1084 2302 1135 immensam

730 1175 1126 1247 benignitatem
1172 1189 1271 1244 per
1302 1187 1491 1229 servos
1535 1187 1661 1229 suos
1696 1174 1932 1228 vocabat
1980 1172 2194 1240 priores
2234 1170 2304 1225 ad

731 1270 1038 1340 convivium
1066 1271 1377 1338 nuptiarum
1402 1286 1417 1333 ;
1446 1280 1505 1322 et
1531 1268 1620 1322 ubi
1655 1265 1728 1320 illi
1745 1265 2032 1320 noluerunt
2058 1264 2301 1325 obedire.

730 1373 923 1414 rursus
968 1360 1107 1414 alios
1152 1374 1343 1416 servos
1396 1359 1546 1415 misit
1599 1372 1916 1414 convocans
1968 1371 2089 1421 eos,
2124 1369 2302 1426 neque

731 1455 813 1510 sic
850 1452 1171 1509 obedierunt
1203 1454 1275 1521 ei,
1317 1452 1413 1508 scd
1452 1462 1507 1507 et
1558 1466 1653 1508 eos
1682 1450 1773 1521 qui
1826 1450 2172 1506 vocationem
2206 1464 2305 1502 an-

732 1545 1082 1609 nuntiabant,
1119 1542 1504 1613 lapidaverunt
1539 1549 1595 1597 et
1618 1540 1942 1597 occiderunt
1973 1556 1987 1594 :
2021 1538 2145 1594 illos
2176 1539 2301 1608 qui-

735 1637 857 1692 dem
890 1636 1127 1706 perdidit
1157 1635 1383 1690 mittens
1414 1632 1691 1688 exercitus
1723 1646 1876 1697 suos,
1917 1642 1972 1686 et
2024 1631 2302 1686 civitatem

731 1726 847 1800 (61)
880 1727 1096 1783 illorum
1133 1726 1455 1793 succendit;
1493 1734 1547 1781 et
1578 1739 1646 1779 ex
1681 1723 1933 1778 omnibus
1960 1731 2140 1777 autem
2173 1722 2303 1787 viis,

2401 528 2575 582 ritum
2605 534 2878 591 sanctum,
2915 543 2936 578 α
2975 524 3355 596 projicientur,
3392 544 3412 577 ο
3451 525 3644 595 inquit,
3676 541 3697 575 ι
3740 522 3792 577 in
3823 532 3981 576 tene-

2408 623 2534 675 bras
2573 620 2870 675 exteriores
2917 617 2986 672 ⁸⁸.
3027 637 3047 670 ι
3110 615 3391 672 Mauil‘este
3445 615 3781 677 ostendens,
3828 615 3975 683 quod

2408 713 2548 769 idem
2606 714 2719 784 ipse
2754 712 2891 779 Rex,
2926 706 3019 783 qui
3062 712 3445 767 convocaverit
3495 709 3733 775 undique
3785 704 3979 759 ﬁdeles

2410 806 2475 860 ad
2507 807 2725 872 nuptias
2757 804 2883 859 Filii
2936 803 3045 869 sui,
3095 812 3152 858 et
3192 798 3609 870 incorruptibile
3657 797 3977 853 convivium

2409 897 2734 962 donaverit,
2796 896 2983 967 iubeat
3035 894 3175 950 mitti
3247 894 3298 948 in
3362 891 3618 946 tenebras
3666 890 3982 945 exteriores

2408 987 2575 1059 280
2621 1001 2767 1051 eum,
2798 986 2889 1057 qui
2928 1001 3037 1041 non
3084 985 3248 1040 habet
3279 982 3391 1055 (64)
3438 982 3817 1038 indumentum
3871 994 3978 1033 nu-

2409 1082 2666 1150 ptiarum,
2716 1079 2819 1133 hoc
2856 1085 2942 1133 est
2978 1084 3432 1146 contemptorem.
3509 1073 3980 1140 Quemadmodum

2408 1174 2552 1229 enim
2582 1172 2634 1225 in
2664 1170 2835 1241 priori
2867 1179 3192 1227 testamento
3228 1186 3247 1219 ι
3289 1182 3397 1222 non
3430 1166 3483 1220 iu
3530 1165 3715 1220 multis
3756 1164 3977 1219 illorum

2408 1266 2553 1322 bene
2581 1264 2752 1320 sensit
2783 1264 2870 1328 “;
2920 1282 2939 1315 ›
2976 1263 3055 1318 sic
3080 1270 3139 1316 et
3179 1261 3268 1315 hic
3300 1277 3319 1311 ι
3369 1257 3519 1313 ηιιιΙῑί
3565 1256 3741 1311 vocati
3764 1297 3778 1317 ,
3816 1256 3979 1327 pauci

2409 1358 2565 1413 electi
2600 1358 2667 1413 ".
2706 1375 2726 1411 ι
2762 1355 2879 1413 Non
2930 1356 3073 1410 alius
3106 1354 3274 1424 igitur
3323 1353 3412 1422 qui
3465 1351 3674 1420 judicat
3724 1348 3887 1411 Deus,
3924 1355 3982 1402 et

2411 1448 2551 1503 alius
2588 1449 2679 1517 qui
2709 1454 2977 1503 convocat
3018 1444 3085 1498 ad
3138 1442 3393 1506 salutem,
3422 1438 3585 1496 Pater
3640 1456 3654 1493 :
3700 1453 3803 1493 nec
3838 1437 3979 1491 alius

2410 1539 2501 1610 qui
2535 1547 2801 1593 aeternum
2835 1536 3017 1590 lumen
3050 1532 3241 1608 donat,
3271 1530 3412 1585 alius
3435 1544 3567 1584 vero
3601 1529 3693 1598 qui
3737 1527 3895 1597 jubet
3922 1525 3977 1579 in

2411 1632 2714 1688 exteriores
2744 1629 2883 1684 mitti
2931 1626 3179 1683 tenebras
3212 1638 3329 1686 eos,
3380 1623 3472 1693 qui
3518 1637 3627 1675 non
3657 1621 3860 1675 habent
3890 1619 3979 1672 in-

2413 1727 2729 1779 (iumentum
2767 1720 3103 1792 nuptiarum.
3137 1715 3243 1771 Sed
3272 1730 3407 1770 unus
3439 1724 3495 1768 et
3526 1712 3670 1767 idem
3714 1711 3979 1766 Dominus

731 1797 786 1876 id
808 1828 913 1883 est,
940 1834 1005 1874 ex
1030 1819 1303 1875 universis
1333 1817 1590 1889 gentibus
1618 1816 1687 1871 ad
1736 1814 2046 1872 convivium
2084 1814 2302 1883 nuptia-
2336 1797 2381 1857 Β
2412 1819 2525 1890 (65)
2558 1817 2719 1873 Pater
2752 1814 2970 1871 Domini
3004 1810 3200 1877 nostri,
3234 1824 3264 1864 a
3292 1823 3398 1878 quo
3441 1816 3493 1863 et
3521 1806 3798 1876 propheta:
3826 1803 3978 1860 missi

730 1927 852 1968 rum
880 1910 1003 1966 Filii
1058 1910 1143 1965 sui
1198 1908 1538 1972 convocavit,
1584 1907 2043 1979 quemadmodum
2094 1914 2147 1961 et
2196 1919 2293 1977 per

728 2000 1026 2060 leremiam
1060 2004 1137 2056 ait
1167 2015 1185 2056 :
1228 2018 1247 2052 ‹
1291 2000 1355 2055 Et
1389 1999 1517 2055 misi
1550 2001 1617 2054 ad
1649 2014 1746 2055 vos
1776 2012 1966 2054 servos
1990 2011 2144 2053 meos
2175 2012 2305 2067 pro-

730 2095 953 2166 phetas,
990 2095 1175 2151 dicere
1212 2111 1227 2148 :
1256 2092 1585 2176 .Avertimini
1624 2092 2005 2161 unusquisque
2036 2105 2065 2143 a
2098 2090 2183 2143 via
2211 2104 2305 2144 ne-

732 2188 1030 2260 quissima,
1065 2195 1120 2242 et
1173 2186 1399 2241 meliora
1437 2184 1601 2239 facile
1632 2199 1798 2255 opera
1850 2192 2028 2237 vestra
2063 2180 2129 2233 “.
2180 2200 2199 2232 ι
2239 2180 2306 2235 Et

732 2294 927 2335 rursus
954 2294 1052 2349 per
1089 2278 1386 2333 eumdem:
1422 2294 1440 2328 ι
1479 2274 1545 2330 Ει
1576 2276 1722 2341 misi,
1762 2293 1782 2327 ι
1823 2273 2020 2344 inquit,
2049 2290 2069 2324 σ
2107 2272 2172 2327 ad
2208 2285 2305 2326 vos

731 2385 924 2428 omnes
954 2385 1141 2425 servos
1176 2383 1327 2425 meos
1380 2369 1679 2439 pr0phetas
1712 2367 1855 2422 inter
1885 2366 2027 2421 diem
2068 2372 2123 2419 et
2177 2376 2304 2419 ante

730 2465 932 2529 lucem,
965 2471 1020 2517 et
1052 2478 1159 2517 non
1186 2462 1513 2517 obedierunt
1543 2458 1697 2524 mihi,
1728 2471 1901 2528 neque
1947 2456 2305 2512 intenderunt

731 2572 896 2613 aures
929 2559 1197 2629 ipsorum.
1231 2555 1298 2609 Et
1330 2553 1480 2608 dices
1511 2555 1593 2608 eis
1628 2552 1775 2607 hunc
1794 2565 2103 2607 sermonem
2141 2564 2155 2602 :
2191 2547 2307 2606 Hoc

731 2668 926 2725 genus,
959 2651 1102 2721 quod
1141 2664 1249 2704 non
1284 2646 1530 2703 obedivit
1578 2645 1701 2699 voci
1738 2643 1975 2710 Domini,
2003 2657 2181 2714 neque
2221 2657 2307 2699 re-

732 2746 882 2816 cepit
918 2743 1299 2814 disciplinam;
1333 2740 1530 2796 deiecit
1558 2739 1692 2793 ﬁdes
1706 2752 1774 2793 ex
1805 2751 1902 2792 ore
1926 2736 2165 2807 ipsorum
2198 2736 2298 2791 “.i

732 2837 834 2905 Qui
868 2837 1036 2909 igitur
1066 2850 1163 2890 nos
1191 2850 1289 2905 per
1316 2831 1589 2904 apostolos
1613 2829 1853 2899 undique
1879 2828 2099 2883 vocavit
2118 2827 2303 2883 Domi-

734 2945 860 2995 nus,
896 2930 988 2985 hic
1022 2944 1121 2999 per
1155 2926 1449 2997 prophetas
1484 2923 1716 2979 vocabat
1739 2935 1835 2977 eos
1866 2922 1959 2990 qui
2003 2921 2134 2976 olim
2180 2920 2305 2977 iue-

732 3032 885 3088 runt,
912 3018 1365 3092 quemadmodum
1402 3033 1467 3071 ex
1496 3019 1841 3073 sermonibus
1875 3015 2089 3073 Domini
2117 3023 2303 3069 osten-

734 3116 890 3171 ditur
928 3132 943 3169 :
978 3123 1035 3169 et
1076 3127 1182 3168 non
1217 3112 1284 3167 ab
1326 3110 1435 3165 alio
1482 3110 1699 3180 quidem
1752 3110 2053 3180 prophetae,
2098 3107 2168 3161 ab
2199 3106 2305 3159 alio

2410 1922 2538 1969 sunt
2570 1928 2585 1967 :
2622 1911 2874 1982 indignos
2907 1907 3125 1979 quidem
3154 1916 3463 1962 convocans
3491 1912 3713 1971 propter
3742 1899 3978 1954 immen-

2412 2020 2528 2061 Sam
2560 2002 2987 2072 benignitatem;
3020 2012 3115 2053 eos
3136 2010 3266 2052 vero
3289 1994 3385 2065 qui
3412 1993 3695 2049 convocati
3737 2002 3865 2046 sunt
3893 1992 3979 2045 in.

2409 2096 2673 2167 spiciens,
2732 2094 2777 2149 si
2830 2089 3163 2147 conveniens
3204 2088 3446 2144 habeant
3496 2086 3890 2146 indumentum,
3926 2090 3981 2137 et

2411 2200 2718 2260 congruens
2749 2184 2956 2255 nuptiis
2984 2181 3110 2237 Filii
3144 2179 3229 2235 sui
3256 2193 3271 2232 :
3298 2180 3557 2249 quoniam
3599 2175 3733 2230 nihil
3785 2175 3978 2229 incona

2412 2284 2655 2345 veniens,
2704 2291 2880 2346 neque
2913 2274 3111 2329 malum
3157 2272 3333 2341 placet
3384 2269 3455 2327 ei.
3514 2265 3976 2334 Quemadmodum

2410 2372 2675 2430 Dominus
2701 2370 2843 2425 dixit
2891 2366 2943 2423 ei
2977 2366 3067 2436 qui
3101 2373 3327 2419 curatus
3360 2362 3539 2417 fuerat
3569 2376 3585 2413 :
3623 2376 3645 2410 i
3688 2356 3832 2413 Ecce
3892 2370 3981 2410 sa-

2412 2479 2515 2518 nus
2540 2462 2717 2517 iactus
2750 2474 2810 2514 es
2840 2474 2856 2511 :
2896 2458 3005 2529 jam
3040 2454 3151 2510 noli
3192 2468 3442 2524 peccare,
3478 2466 3545 2507 ne
3572 2450 3702 2521 quid
3738 2451 3980 2503 deterius

2416 2556 2511 2611 tibi
2541 2555 2635 2609 iiat
2673 2552 2740 2607 ⁸⁸.
2779 2571 2798 2606 ι
2828 2549 2929 2619 Qui
2959 2550 3102 2606 enim
3124 2557 3207 2604 est
3236 2548 3429 2609 bonus,
3446 2552 3501 2600 et
3528 2543 3725 2614 justus,
3754 2549 3810 2595 et
3830 2555 3980 2594 mun-

2413 2648 2533 2709 dus,
2563 2656 2619 2700 et
2650 2642 3053 2705 immaculatus,
3084 2654 3259 2709 neque
3303 2636 3505 2692 malum
3543 2632 3773 2704 aliquid,
3804 2643 3980 2699 neque

2414 2740 2697 2810 iniustum,
2755 2748 2929 2804 neque
2990 2732 3415 2787 abominandum
3477 2728 3530 2783 in
3590 2740 3688 2781 suo
3744 2723 3978 2793 sponsali

2416 2831 2661 2887 thalamo
2696 2827 3005 2883 sustinebit.
3062 2824 3158 2879 Est
3206 2833 3387 2877 autem
3440 2820 3524 2875 hic
3572 2817 3735 2873 Pater
3769 2814 3977 2871 Domini

2415 2922 2608 2989 nostri,
2634 2920 2792 2991 cujus
2829 2916 3175 2991 providentia
3199 2921 3458 2970 constant
3481 2911 3686 2975 omnia,
3733 2916 3789 2963 et
3827 2906 3978 2974 jssu

2414 3015 2876 3070 administrantur
2922 3010 3104 3063 omnia
3138 3022 3152 3061 :
3192 3016 3249 3062 et
3291 3003 3528 3077 gratuito
3561 2999 3779 3072 quidem
3813 3000 3982 3053 donat

2416 3109 2472 3161 in
2502 3119 2639 3175 quos
2669 3109 2925 3173 oportet,
2968 3098 3264 3154 secundum
3292 3104 3471 3149 autem
3502 3091 3752 3147 meritum
3781 3089 3982 3159 dignis-

735 3158 879 3171 νη...
930 3160 942 3169 .
980 3158 1035 3169 ν.
1078 3158 1182 3168 ..νη
1217 3158 1282 3167 _..
1327 3158 1430 3165 --η
1485 3158 1699 3180 νην--
1752 3158 2053 3180 πατηηη,
2101 3158 2162 3161 -η
2206 3158 2213 3159 κ
2262 3158 2291 3159 η
2510 3158 2534 3175 τ
2589 3158 2630 3160 η
2704 3158 2721 3173 ,
2912 3158 2924 3166 ,
3850 3158 3859 3159 ί

733 3212 916 3261 autem
959 3204 1215 3274 apostoli,
1251 3200 1469 3257 etiamsi
1508 3201 1678 3256 variis
1727 3198 1982 3271 gentibus
2020 3212 2304 3270 praecona-
2332 3158 2374 3216 ο
2409 3198 2546 3254 sime
2592 3193 2874 3250 distribuit
2921 3190 3179 3244 adversus
3207 3184 3319 3260 (66)
3349 3186 3591 3255 ingratos
3623 3191 3678 3237 et
3713 3195 3819 3235 non
3861 3195 3983 3248 sen-

734 3298 909 3362 baut;
944 3297 1039 3351 scd
1074 3297 1143 3350 ab
1171 3310 1279 3349 uno
1308 3304 1366 3349 et
1395 3295 1609 3360 eodem,
1647 3291 1738 3347 alii
1764 3291 1982 3362 quidem
2018 3288 2306 3345 Dominum

734 3387 1162 3454 annuntiabant,
1195 3387 1292 3445 alii
1323 3398 1502 3441 autem
1539 3384 1758 3440 Patrem
1805 3380 2253 3453 evangelizabant
2287 3397 2300 3431 :

737 3491 800 3539 et
836 3480 928 3535 alii
962 3480 1181 3547 quidem
1208 3479 1503 3533 adventum
1534 3472 1980 3545 praenuntiabant
2029 3471 2154 3527 Filii
2185 3469 2309 3534 Dei,

738 3571 835 3627 alii
864 3585 994 3625 vero
1028 3578 1355 3641 praesentem
1384 3583 1506 3624 eum
1531 3565 1643 3634 jam
1681 3565 1768 3621 his
1801 3564 1894 3635 qui
1941 3562 2103 3634 longe
2130 3573 2311 3628 erant,

737 3663 1143 3736 praacouabant.

806 3866 862 3923 6.
913 3865 1108 3921 Adhuc
1144 3863 1309 3917 etiam
1366 3856 1735 3916 manifestavit
1774 3863 2026 3925 oportere
2058 3866 2157 3906 nos
2184 3865 2310 3907 cum

735 3956 1031 4011 vocatione
1062 3953 1177 4025 (6‘2)
1210 3962 1263 4006 et
1310 3950 1537 4018 iustitiae
1592 3945 1853 4016 operibus
1908 3940 2185 4006 adornari,
2228 3942 2305 3997 uti

738 4049 1053 4121 requiescat
1104 4058 1270 4115 super
1312 4057 1411 4097 uos
1470 4038 1713 4110 Spiritus
1766 4037 1881 4092 Dei.
1916 4035 2029 4089 Hoc
2072 4042 2159 4089 est
2192 4030 2305 4103 (63)

738 4142 887 4200 enim
917 4139 1298 4195 indumentum
1335 4132 1675 4202 nuptiarum,
1705 4128 1775 4183 de
1811 4142 1919 4197 quo
1946 4125 2309 4194 etApostolus

740 4238 819 4292 ait
870 4250 944 4289 τι
1002 4231 1266 4287 Nolumus
1322 4223 1635 4296 exspoliari,
1695 4222 1789 4277 sed
1844 4220 2193 4290 superindui,
2228 4218 2309 4272 uti

738 4327 1099 4384 absorbeatur
1124 4318 1351 4377 mortale
1379 4319 1447 4373 ab
1470 4315 1883 4371 immortalitate
1907 4313 1994 4366 ⁸⁸⁸.
2023 4328 2042 4363 ι
2083 4310 2184 4377 Qui
2214 4324 2315 4363 au-

739 4432 849 4477 tem
887 4417 1066 4475 vocati
1100 4416 1323 4486 quidem
1356 4420 1483 4466 sunt
1510 4408 1579 4464 ad
1607 4422 1829 4463 caenam
1868 4403 1990 4469 Dei,
2015 4414 2070 4458 et
2098 4410 2318 4470 prOpter

811 4514 855 4545 “
909 4510 1240 4571 Manium,
1267 4504 1327 4568 2,
1358 4513 1411 4560 et
1443 4516 1595 4571 seqq.

1674 4499 1718 4531 "
1748 4496 1943 4552 Matth.
1982 4509 2034 4560 v,
2062 4494 2150 4547 35.
2225 4494 2269 4523 “
2318 4490 2523 4560 levem.
2548 4500 2708 4560 xxxv,
2745 4483 2825 4560 εδ.

2422 3292 2619 3347 tientes
2651 3287 2763 3361 (67)
2798 3285 3192 3355 benignitatem
3226 3282 3363 3353 ejus.
3381 3278 3716 3347 iustissimus
3747 3277 3983 3331 retribu-

2411 3394 2496 3438 tor
2537 3400 2552 3437 :
2599 3390 2654 3435 et
2700 3389 2986 3449 propterea
3028 3376 3154 3431 ait:
3198 3394 3215 3425 ι
3272 3373 3487 3427 Mittens
3532 3368 3808 3426 exercitus
3855 3382 3980 3423 suos

2416 3474 2652 3547 perdidit
2702 3470 3075 3527 interfectores
3099 3468 3238 3532 illos,
3273 3475 3328 3519 et
3352 3462 3625 3519 civitatem
3656 3460 3873 3516 illorum
3899 3460 3983 3514 in-

2424 3566 2709 3625 cendit“.
2770 3582 2789 3617 ι
2842 3561 3154 3618 Exercitum
3209 3557 3320 3627 (68)
3362 3566 3542 3610 autem
3599 3553 3717 3623 ejus
3779 3552 3978 3623 inquit,

2424 3661 2556 3729 quia
2586 3670 2778 3714 omnes
2831 3654 3079 3709 homines
3106 3651 3201 3705 Dei
3238 3665 3254 3703 :
3285 3667 3305 3701 ι
3356 3648 3566 3703 Domini
3603 3668 3622 3701 ι
3658 3646 3804 3702 enim
3842 3666 3862 3698 ι
3900 3656 3983 3702 est

2418 3761 2595 3817 terra,
2640 3758 2697 3804 et
2745 3746 3017 3819 plenitudo
3055 3744 3194 3813 eius,
3245 3742 3395 3798 orbis
3432 3752 3695 3797 terrarum
3737 3739 3872 3809 (69).
3928 3748 3981 3795 et

2414 3856 2603 3898 omnes
2639 3840 2731 3909 qui
2766 3837 3014 3893 habitant
3042 3836 3098 3890 in
3128 3849 3193 3889 ea
3213 3833 3278 3886 ⁷⁸.
3316 3852 3334 3885 ι
3373 3834 3435 3885 Et
3465 3840 3684 3901 propter
3714 3830 3816 3886 hoc
3847 3830 3981 3885 Pau-

2416 3935 2501 3991 lus
2552 3930 2829 4002 apostolus
2863 3931 2916 3983 in
2944 3943 3007 3983 ea
3033 3926 3271 3997 Epistula
3306 3939 3423 3995 quae
3452 3933 3534 3978 est
3574 3925 3640 3977 ad
3681 3921 3976 3984 Romanos,

2423 4026 2504 4080 ait
2536 4042 2551 4081 :
2588 4042 2607 4076 ι
2643 4023 2758 4078 Non
2782 4021 2927 4075 enim
2956 4028 3039 4075 est
3067 4026 3315 4088 potestas
3341 4015 3445 4069 nisi
3475 4030 3505 4068 a
3539 4015 3667 4070 Deo.
3716 4014 3851 4080 Quae
3882 4028 3977 4064 au-

2418 4129 2524 4174 tem
2564 4126 2711 4179 sunt,
2740 4130 2768 4169 a
2802 4114 2910 4169 Deo
2935 4112 3199 4167 ordinatae
3229 4106 3338 4180 (70)
3377 4118 3523 4163 sunt.
3558 4106 3741 4174 Itaque
3769 4104 3864 4176 qui
3899 4120 3976 4158 re-

2417 4211 2562 4269 sistit
2592 4206 2869 4280 potestati,
2900 4202 2997 4257 Dei
3032 4199 3361 4258 ordinationi
3394 4198 3599 4253 resistit
3627 4215 3641 4251 :
3670 4198 3763 4267 qui
3800 4206 3975 4250 autem

2418 4302 2707 4362 resistunt,
2761 4297 2861 4366 ipsi
2898 4294 3011 4367 (7i)
3063 4292 3472 4348 damnationem
3526 4289 3626 4344 sibi
3687 4289 3979 4357 acquirunt

2420 4396 2554 4469 (72).
2583 4391 2861 4461 Principes
2902 4388 3044 4442 enim
3094 4401 3201 4441 non
3236 4392 3363 4439 sunt
3400 4383 3579 4437 timori
3633 4382 3776 4437 bono
3803 4384 3973 4451 operi,

2906 4480 2951 4511 "‘
2979 4476 3178 4533 Jerem.
3205 4491 3304 4535 vn,
3326 4474 3395 4528 25
3412 4482 3468 4528 et
3491 4488 3607 4542 seq.
3687 4472 3754 4505 “'
3786 4473 3823 4527 Il
3855 4474 3972 4529 Cor.

740 4599 794 4649 v,
820 4544 879 4637 *4.
909 4544 1651 4641 ψδᾚὲῖὦῖἰὶἱιῗίὲῗῖοι
1674 4544 1966 4634 Col—£73.
1996 4544 2086 4595 "ei
2106 4544 2303 4618 Matth.
2330 4544 2403 4615 ix

2330 4544 2473 4625 xxii,
2506 4559 2590 4611 H.
2665 4544 2705 4587 ⁶έ
2739 4552 2895 4608 Joan.
2922 4565 2977 4615 ν,
3012 4547 3097 4603 14.
3175 4547 3219 4578 ⁸⁸
3248 4544 3440 4601 Matth.
3477 4560 3612 4610 xxii,
3650 4545 3702 4597 7.
3772 4544 3970 4600 πρωί.

740 4669 863 4719 xm,
898 4652 947 4707 1.

742 4718 906 4802 lib."
932 4758 1029 4816 pro
1061 4736 1613 4816 S._Athanasio,nisi_
1631 4733 1775 4816 quod
1797 4731 2015 4816 omittat
2041 4724 2304 4816 praepes}:
2340 4727 2383 4781 D

746 4796 1332 4873 tioneiii'aJFrustra
1381 4796 1547 4879 igitur
1574 4796 1810 4879 Grabius
1859 4796 2063 4879 tex_tum
2113 4796 2299 4879 Irenaei

744 4870 839 4942 hic
876 4870 1210 4954 corruptum
1262 4870 1775 4954 esse'suspicatur,
1830 4881 1885 4926 et
1933 4870 2080 4949 forte.
2130 4870 2301 4922 solam

746 4946 1244 5029 prim_aiii_lit'teram
1284 4967 1335 5029 a__
1356 4950 1504 5029 vocis
1528 4946 1809 5029 alligatum
1838 4946 2200 5029 remansisse.

840 5010 931 5093 60)
975 5024 1116 5079 Filio
1140 5039 1257 5078 suo.
1299 5019 1583 5093 Desuntin
1610 5010 1770 5071 Eras.
1799 5021 1857 5069 et
1876 5010 2021 5067 Gali.

843 5089 933 5157 6|)
961 5094 1259 5151 Civitatem.
1285 5090 1394 5157 AL,
1422 5089 1677 5142 ciuitates.

845 5099 903 5152 6|
961 5098 1259 5151 Civitatem.
1285 5098 1394 5157 AL,
1422 5098 1677 5142 ciuitates.

845 5098 935 5241 62)
978 5166 1229 5241 Oportere
1271 5177 1363 5213 nos
1415 5173 1536 5238 cunt
1565 5151 2003 5241 vocatione..LSit:l
2034 5149 2306 5241 ‘CLlarprnn

751 5223 856 5294 nisi
889 5223 1038 5308 q'uod
1055 5250 1191 5308 gum
1218 5248 1315 5308 prp
1348 5245 1479 5308 cum
1524 5223 1965 5308 incuria_sc.ribae
1991 5223 2212 5308 habeat,
2250 5225 2311 5271 ut

750 5290 1020 5373 causa;
1055 5290 1237 5363 Erat-3.:
1266 5301 1405 5356 Gall.
1452 5306 1507 5353 et
1553 5293 1782 5373 Feuard.
1812 5294 1883 5373 Ant
1924 5295 1979 5347 in
2003 5290 2311 5373 Arundnet

753 5359 1015 5434 Mercii"
1046 5385 1195 5432 recte
1229 5359 1523 5429 "exaratum
1557 5380 1695 5420 cum.
1742 5363 1797 5418 In
1837 5364 1992 5417 Eras.
2046 5372 2108 5434 et
2140 5359 2304 5434 Galb,

753 5430 1015 5519 i'réiéréa
1044 5430 1195 5500 deest
1234 5458 1359 5519 nos;
1391 5435 1769 5519 quodaddidit
1810 5434 2028 5519 quidem
2048 5430 2324 5519 .Feuard.,

755 5502 1211 5589 ged'prtepostero
1238 5502 1453 5567 ordine.
1498 5502 1843 5589 ldOnimirum’
1877 5505 1997 5588 vult
2033 5502 2303 5583 ’lrenaaus,

755 5569 1159 5653 {.ééeisé'ésse,
1182 5594 1377 5655 preter
1404 5579 1761 5655 vocationem,
1787 5584 1843 5629 et
1872 5575 2111 5655 iustitiae“
2131 5569 2315 5650 operi-

754 5641 1246 5785 gus‘adorneniu‘r,
1274 5663 1333 5707 ut
1377 5652 1685 5721 requiescat
1722 5641 1890 5715 super
1926 5657 2027 5699 nos
2080 5641 2318 5711 Spiritus

802 5745 876 5784 ei.

802 5745 876 5784 ει.

829 5800 940 5871 (65)
982 5797 1098 5854 Hoc
1116 5806 1217 5851 est.
1248 5792 1363 5848 Hoc
1390 5790 1653 5849 omittunt
1682 5786 1915 5845 Claram.
1943 5794 1998 5840 et
2030 5784 2187 5840 Voss.

2638 4716 2827 4772 Habet.
2870 4712 3063 4778 Editt.,
3093 4710 3307 4767 habeat.

2483 4781 2593 4861 (65)
2622 4789 2901 4861 Dominus.
2928 4782 3120 4861 Ed_itt.,
3150 4781 3314 4861 Deus.

2483 4836 2597 4931 (66)
2622 4836 2907 4931 vbis-tribuit
2930 4836 3218 4931 adsensus.
3263 4848 3441 4931 Eram,
3466 4836 3609 4931 Gali.
3640 4855 3694 4899 et
3721 4840 3891 4927 Merc.
3919 4842 3971 4904 2.

2413 4917 2649 4987 attiribiiit
2682 4929 2758 4981 in.
2788 4928 3064 4981 Consonat
3095 4921 3303 4974 Arund.
3338 4917 3516 4986 quoad
3556 4930 3744 4971 vocem
3789 4918 3865 4969 in.

2509 5000 2596 5055 67)
2628 4998 2944 5053 Sentirntes.
2985 4991 3151 5047 Merc.
3182 4990 3237 5055 Ξ,
3274 4988 3513 5041 scientes.

2509 5056 2597 5125 68)
2629 5067 2955 5122 Exercitum.
2986 5062 3152 5116 Editt.
3182 5074 3305 5113 cum
3334 5056 3498 5113 Merc.
3528 5056 3586 5121 ἓ,
3615 5058 3901 5110 exercitus.

2509 5126 2597 5197 (i9)
2642 5138 2950 5192 Terrarum.
2992 5132 3145 5187 Eras.
3172 5141 3228 5184 et
3254 5126 3421 5193 Gall.,
3463 5137 3637 5197 terris.

2512 5193 2600 5284 ’πή
2654 5207 2953 5263 Ordinante.
2992 5198 3072 5257 lta
3115 5199 3394 5284 garum...
3442 5195 3650 5284 aruud.
3707 5206 3763 5251 et
3813 5193 3969 5251 Voss.

2485 5001 2505 5284 Ξ

2406 5270 2564 5351 juxta
2582 5270 2821 5351 sacrum
2834 5286 3062 5351 textum.
3079 5271 3227 5351 “Alii,
3258 5270 3522 5351 ordinata.

2487 5353 2598 5425 (7i)
2629 5347 2954 5425 Ipsi..Deest
2979 5344 3045 5425 in
3077 5343 3231 5425 Fras.
3260 5352 3315 5425 Et
3340 5338 3479 5425 Gal];

2487 5354 2569 5425 (7i
2629 5353 2759 5418 Ipsi.
2792 5353 2954 5401 Deest
2993 5360 3045 5395 ιιι
3077 5353 3231 5397 iuras.
3260 5353 3315 5391 et
3340 5353 3479 5393 hall.

2484 5353 2598 5497 (72;
2626 5418 2934 5497 Acqm’runl.
2975 5412 3141 5493 Grab,
3164 5426 3231 5497 ex
3259 5408 3423 5497 Merc.
3456 5410 3513 5497 2,
3542 5405 3973 5497 σςᾳνιμξξςξιίηξῗι

2416 5476 2595 5554 minus,
2634 5476 2803 5545 recte.
2835 5485 2931 5541 llic
2956 5484 3102 5539 enim
3130 5484 3400 5554 interpres
3436 5496 3540 5536 non
3574 5476 3788 5554 textum
3823 5476 3970 5530 tit-ae-

2420 5548 2539 5623 cum
2568 5562 2833 5631 sequitur,
2863 5556 2957 5631 sed
2980 5566 3219 5610 veterem
3245 5551 3507 5631 ltalicam,
3538 5564 3658 5631 quae
3689 5548 3857 5601 habet
3886 5561 3970 5597 ac-

2416 5621 2670 5709 quirunt;
2730 5621 2827 5709 uti
2863 5626 3047 5681 videre
3084 5635 3202 5702 ,est.
3254 5624 3310 5676 in
3363 5621 3733 5709 vetustissimlo
3792 5628 3973 5709 nostro

2416 5686 2604 5766 £66m;
2633 5686 3158 5762 San-Germanenst,
3184 5693 3301 5764 jam
3344 5705 3450 5746 non
3477 5692 3646 5747 semel
3692 5686 3931 5741 laudato.
