4222 6320
263 396 399 457 1101

1456 399 1739 459 CONTRA
1770 395 2115 461 HERESES
2154 402 2285 462 LIB.
2325 402 2415 461 iV.

3387 417 3521 474 1102

312 552 329 571 .
362 553 377 569 .
410 510 488 581 ὥς
540 513 624 587 ἐφ’
682 518 815 589 ἡμῖν
858 514 1011 581 ὄντος
1087 516 1441 572 hortabantur
1473 517 1721 575 homines
1746 520 1833 588 ju-

1878 520 2026 582 Anis
2078 528 2379 592 potestate;
2431 521 2707 603 laesionem
2758 531 2938 583 autem
2986 536 3043 583 et
3087 526 3351 585 damnum
3408 547 3518 586 non

257 605 358 662 τοῦ
381 608 644 673 τοιούτου,
672 609 766 663 καὶ
797 608 885 662 διὰ
915 611 1014 682 τὴν

259 700 462 775 πολλὴν
476 702 733 774 ἀμέλειαν
752 704 833 768 εἰς
845 702 1013 777 λήθην

258 793 717 858 ὲκπεπτωκότων,
756 796 850 849 καὶ
877 794 1016 865 γνὼ-

259 901 372 957 μης
395 883 661 956 δεομένων
686 885 916 958 ἀγαθῆς,
945 888 1027 958 ἦν’

253 978 289 1031 ὸ
338 975 539 1047 ἀγαθὸς
584 977 715 1042 Θεὸς
769 979 1012 1051 παρέσχε

253 1072 646 1143 γινώσκεινδιὰ
668 1072 776 1128 τῶν
802 1092 1011 1149 προφη-
1080 1081 1135 1139 in
1191 1083 1518 1142 oblivionem
1575 1086 1837 1145 incideri-

251 1168 385 1223 τῶν.
1078 1193 1219 1244 mus,
1273 1188 1329 1235 et
1389 1182 1617 1238 consilio
1681 1196 1836 1255 egea-

252 1275 377 1315 mus
407 1261 569 1330 bono,
603 1274 826 1334 propter
872 1265 1015 1336 quod
1054 1268 1230 1325 bonus
1271 1270 1413 1329 Deus
1447 1276 1721 1342 prastavit
1754 1275 1834 1347 (ὅ)

249 1354 453 1410 bonum
507 1358 795 1414 consilium
849 1375 950 1431 per
982 1362 1278 1433 prophetas
1311 1361 1412 1436 (4).

320 1444 377 1501 3.
407 1444 635 1517 Propter
680 1450 785 1505 hoc
822 1460 1005 1507 autem
1035 1461 1092 1508 et
1129 1453 1430 1512 Dominus:
1462 1474 1481 1507 ι
1516 1455 1721 1513 Luceat
1752 1458 1834 1514 lu-

248 1551 377 1593 men
409 1549 667 1607 vestrum,
726 1560 749 1594 )
800 1543 1047 1611 dicebat,
1102 1561 1123 1596 ι
1172 1560 1354 1600 coram
1391 1546 1721 1614 hominibus,
1774 1558 1834 1606 ut

249 1629 470 1685 videant
500 1631 641 1687 bona
672 1630 815 1686 facta
844 1643 1049 1699 vestra,
1080 1644 1135 1691 et
1164 1634 1468 1692 olaritlcent
1493 1637 1571 1708 (5)
1613 1638 1833 1697 Patrem

249 1731 493 1778 vestrum
525 1724 618 1793 qui
646 1724 701 1779 in
723 1726 879 1780 cmlis
903 1736 987 1782 est
1012 1726 1077 1781 ⁸⁸.
1112 1747 1130 1780 ι
1166 1729 1231 1783 Et
1256 1748 1270 1783 :
1300 1747 1319 1781 ι
1348 1730 1629 1787 Attendite
1656 1735 1832 1804 vobis,

249 1825 322 1866 ne
346 1810 484 1867 forte
506 1824 798 1884 graventur
818 1818 983 1873 corda
1003 1828 1184 1873 vestra
1220 1819 1273 1873 in
1306 1820 1550 1890 crapula,
1582 1832 1637 1878 et
1656 1824 1833 1881 ebrie-

1084 612 1285 667 stitiam
1311 627 1498 685 agere,
1524 612 1837 685 bonumque

1082 707 1297 776 operari
1346 707 1467 778 (2),
1522 709 1666 765 sicut
1737 724 1836 781 per

1084 800 1253 855 multa
1286 802 1623 859 ostendimus
1650 822 1665 860 :
1704 804 1835 876 quia

1085 893 1138 949 in
1168 894 1325 951 nobis
1357 896 1429 951 sit
1467 897 1590 963 hoc,
1619 907 1673 956 et
1702 915 1834 969 pro-

1081 998 1203 1059 pter
1215 989 1436 1046 multam
1450 991 1835 1064 negligentiam

1942 609 2239 681 quamlibet
2292 610 2369 684 (7)
2414 610 2597 669 infert.
2651 613 2721 671 Et
2763 624 2988 687 propter
3020 617 3123 674 hoc
3149 617 3354 675 Paulus
3390 621 3517 676 ait:

1947 717 1967 752 ι
2004 701 2198 757 Omnia
2227 701 2415 768 licent,
2446 703 2541 758 sed
2576 720 2684 761 non
2728 708 2909 763 omnia
2956 710 3251 779 expediunt
3282 711 3365 781 ”;
3409 730 3430 767 ι
3463 722 3520 768 et

1943 792 2248 850 libertatem
2284 792 2528 851 referens
2560 796 2813 863 hominis,
2835 810 3170 870 quapropter
3195 811 3251 859 et
3275 822 3298 858 ι
3326 805 3515 863 omnia

1944 882 2124 949 licent,
2160 902 2182 938 s
2214 899 2320 941 non
2344 894 2571 955 cogente
2604 900 2728 943 eum
2762 888 2905 959 Deo;
2930 900 2988 947 et
3027 891 3103 957 id,
3148 910 3169 945 ς
3197 909 3305 951 non
3348 910 3517 969 expe-

1942 975 2023 1033 dit
2044 974 2142 1048 (8),
2180 994 2201 1030 s
2227 977 2547 1043 ostendens,
2579 987 2635 1033 ut
2665 993 2772 1035 non
2797 981 2865 1037 ad
2891 981 3131 1040 velamen
3166 985 3389 1043 malitia
3415 989 3517 1044 ab-

1944 1078 2163 1127 utamur
2188 1072 2443 1130 libertate
2469 1088 2485 1128 :
2529 1088 2635 1129 non
2668 1073 2814 1130 enim
2834 1075 2938 1131 hoc
2960 1078 3196 1148 expedit.
3221 1078 3289 1135 Et
3315 1081 3518 1139 iterum

1941 1160 2046 1215 ait:
2080 1181 2101 1213 ‹
2143 1161 2459 1234 Loquimini
2489 1166 2772 1222 veritatem
2813 1168 3197 1239 unusquisque
3229 1186 3351 1228 cum
3383 1190 3517 1245 pro-

1942 1255 2089 1309 ximo
2109 1270 2205 1311 suo
2228 1254 2294 1309 ⁸⁸.
2334 1274 2353 1311 ι
2391 1254 2497 1312 Et:
2528 1278 2547 1311 ι
2578 1256 2772 1315 Omnis
2805 1274 2986 1316 sermo
3010 1261 3187 1317 maius
3210 1262 3279 1320 de
3298 1279 3393 1321 ore
3424 1281 3518 1322 ve-

1941 1358 2059 1404 stro
2086 1364 2195 1405 non
2219 1358 2401 1421 exeat,
2425 1359 2518 1407 aut
2544 1350 2842 1423 turpitudo,
2876 1364 2972 1408 aut
3001 1352 3397 1429 vaniloquium,
3423 1370 3517 1417 aut

1940 1442 2261 1507 scurrilitas,
2298 1458 2418 1514 qua:
2449 1445 2517 1498 ad
2558 1459 2672 1501 rem
2698 1460 2805 1500 non
2839 1446 3073 1513 pertinet
3098 1446 3195 1519 (9),
3226 1451 3318 1505 sed
3341 1452 3518 1523 magis

1941 1534 2238 1605 gratiarum
2290 1537 2434 1590 actio
2472 1536 2538 1592 “.
2577 1555 2596 1589 ι
2623 1536 2726 1591 Et:
2758 1555 2778 1588 ι
2815 1537 2996 1593 Eratis
3046 1540 3194 1595 enim
3221 1541 3517 1613 aliquando

1943 1627 2201 1691 tenebrae,
2237 1641 2381 1682 nunc
2413 1637 2594 1683 autem
2626 1627 2807 1683 lumen
2840 1629 2895 1684 in
2928 1629 3195 1686 Domino:
3230 1632 3385 1704 quasi
3418 1634 3517 1691 lilii

1940 1718 2073 1774 lucis
2110 1718 2339 1774 honeste
2370 1720 2643 1775 ambulate
2670 1722 2715 1754 ”
2750 1738 2763 1773 :
2796 1722 2974 1777 nonin
2998 1726 3511 1793 comessationibns,

1938 1818 1995 1866 et
2020 1810 2395 1876 ebrietatibus,
2433 1826 2538 1866 non
2574 1812 2628 1868 in
2659 1814 2931 1869 cubilibus
2976 1824 3029 1870 et
3077 1816 3128 1869 in
3170 1815 3511 1885 libidinibus,

249 1909 385 1965 tate,
424 1912 479 1958 et
500 1882 961 1962 sollicitudinibus
982 1908 1335 1965 srecuiaribus
1369 1882 1438 1964 οῖ.
1468 1929 1487 1963 s
1524 1882 1590 1968 Et
1617 1931 1631 1967 :
1663 1932 1683 1965 ι
1713 1912 1832 1973 Sint

1878 1882 1913 1943 Β
1940 1918 2045 1958 non
2074 1902 2235 1957 inira
2284 1912 2340 1958 et
2362 1902 2564 1961 seio”.
2583 1904 2651 1959 Et
2671 1905 2786 1961 haec
2812 1907 3029 1976 quidam
3050 1907 3158 1980 (ιο)
3180 1882 3511 1981 τυῑειεεμι).

248 1990 417 2049 lumbi
454 1995 615 2051 vestri
651 1998 949 2065 praecincti,
986 2006 1039 2053 et
1068 1998 1305 2056 lucernae
1334 2002 1609 2070 ardentes,
1646 2013 1702 2060 et
1731 2020 1832 2064 vos

248 2084 457 2140 similes
482 2086 792 2142 hominibus
820 2090 1267 2158 exspectantibus
1314 2093 1592 2149 dominum
1645 2112 1828 2164 suum,

168 2192 169 2195 η
247 2175 469 2244 quando
496 2186 795 2231 revertatur
820 2193 849 2232 a
885 2180 1112 2249 nuptiis,
1156 2188 1213 2235 ut
1236 2196 1359 2238 cum
1385 2185 1598 2239 venerit
1628 2197 1681 2240 et
1710 2186 1832 2257 pui-

248 2266 473 2333 saverit,
508 2269 751 2339 aperiant
772 2270 842 2325 ei.
884 2270 1085 2327 Beatus
1118 2287 1311 2329 servus
1352 2274 1466 2342 ille,
1490 2291 1672 2345 quem,
1707 2293 1826 2336 cum

250 2360 732 2417 veneritdominus
756 2364 897 2433 ejus,
926 2362 1201 2419 invenerit
1242 2365 1313 2422 ita
1357 2366 1649 2423 facientem
1682 2368 1750 2423 ⁸⁸.
1802 2388 1822 2423 s

248 2449 316 2506 Et
340 2450 531 2507 iterum
573 2468 587 2506 :
625 2471 643 2504 ι
694 2452 895 2508 Servus
938 2454 1030 2523 qui
1085 2455 1190 2510 scit
1234 2455 1569 2513 voluntatem
1625 2458 1827 2516 domini

250 2538 358 2605 sui,
414 2548 469 2595 et
517 2556 622 2595 non
669 2542 821 2608 facit,
872 2544 1153 2613 vapulabit
1196 2546 1394 2601 multas
1442 2546 1487 2579 "
1512 2547 1609 2620 (6).
1645 2568 1664 2603 s
1710 2550 1825 2606 Et:

256 2647 275 2681 s
316 2629 455 2697 Quid
488 2631 619 2684 mihi
654 2631 873 2686 dicitis:
907 2632 1153 2702 Domine,
1190 2633 1437 2703 Domine,
1470 2646 1525 2691 et
1554 2652 1660 2691 non
1686 2636 1825 2692 faci-

251 2718 325 2776 tis
354 2736 477 2791 qua
520 2721 643 2776 dico
688 2722 767 2776 “‘l
808 2742 827 2776 ι
882 2724 949 2778 Et
992 2724 1190 2780 iterum
1226 2742 1240 2779 :
1283 2744 1301 2777 ι
1344 2727 1403 2782 Si
1456 2736 1639 2783 autem
1679 2730 1827 2785 dicat

250 2824 441 2867 servus
472 2814 524 2867 in
550 2818 715 2869 corde
741 2829 877 2871 suo:
916 2813 1121 2871 Tardat
1151 2816 1402 2873 dominus
1438 2832 1621 2886 meus;
1658 2830 1712 2875 et
1742 2823 1827 2876 in-

250 2902 419 2974 cipiat
453 2906 659 2960 cedere
692 2919 1009 2973 conservos,
1028 2915 1085 2962 et
1123 2909 1477 2973 manducare,
1512 2916 1567 2963 et
1615 2908 1821 2977 bibere,

248 3002 305 3050 et
338 2995 635 3063 inebriari;
672 2999 852 3053 veniet
887 2998 1142 3054 dominus
1180 2998 1302 3066 ejus
1333 3000 1389 3053 in
1439 2999 1529 3056 die
1561 3015 1665 3071 qua
1716 3018 1824 3058 non

250 3097 456 3159 sperat,
484 3098 539 3145 et
572 3089 774 3145 dividet
814 3105 966 3157 eum,
1010 3099 1069 3145 et
1109 3099 1322 3160 partem
1357 3089 1479 3161 ejus
1507 3104 1627 3145 cum
1658 3091 1826 3163 hypo-

249 3177 403 3233 crltis
430 3190 592 3250 ponet
611 3180 676 3236 ".
709 3200 729 3233 s

249 3267 432 3324 Ταῦτα
459 3272 566 3344 γὰρ
590 3274 767 3328 πάντα
797 3272 857 3327 τὸ
874 3275 1010 3329 αὐτ-

248 3362 489 3431 εξούσιον
539 3368 874 3424 ἐπιδείκνυσι
910 3369 1005 3423 τοῦ

248 3460 558 3533 ἀνθρώπου,
623 3464 715 3517 καὶ
755 3464 815 3517 τὸ
871 3482 1007 3537 συμ-

248 3554 591 3611 ϐουλευτικὸν
621 3559 713 3613 τοῦ
756 3559 912 3625 Θεοῦ,
946 3600 959 3614 .
988 3601 1002 3615 .

248 3690 266 3708 .
306 3692 321 3706 .
360 3691 373 3707 .
403 3691 419 3708 .
454 3692 469 3707 .
492 3655 892 3727 ἀποτρέποντος
908 3656 1006 3727 μὲν

248 3748 343 3801 τοῦ
376 3749 624 3802 ἀπειθεῖν
677 3750 845 3823 αὐτῷ,
874 3750 1010 3805 ἀλλὰ

253 3842 331 3914 μὴ
366 3844 706 3915 βιαζομένου·

254 3943 331 4001 te,
368 3950 473 3989 non
511 3943 691 3990 tamen
719 3936 784 3991 de
805 3936 1061 3993 violentia
1087 3954 1306 4010 cogens.

322 4026 377 4082 4.
412 4028 621 4084 Etenim
658 4028 835 4099 ipsum
870 4030 1219 4102 Evangelium
1251 4033 1295 4088 si
1323 4033 1557 4090 noluerit
1588 4037 1712 4104 quis
1746 4049 1833 4091 se-

251 4118 371 4187 qui,
395 4117 520 4173 licet
545 4119 761 4188 quidem
793 4120 866 4184 ei,
896 4136 1000 4176 non
1037 4132 1214 4177 tamen
1243 4125 1481 4193 expedit.
1512 4124 1832 4181 lnobedien-

249 4212 325 4267 tia
369 4210 514 4263 enim
554 4209 671 4276 Dei,
702 4221 753 4266 et
790 4213 1017 4271 amissio
1040 4214 1169 4270 boni
1206 4223 1294 4270 est
1322 4216 1541 4287 quidem
1570 4216 1624 4271 in
1654 4217 1832 4274 homi-

1080 3273 1148 3330 Et
1179 3274 1362 3329 omnia
1416 3275 1566 3343 talia,
1602 3292 1725 3347 qua:
1764 3275 1828 3331 li-

322 4371 368 4405 ⁸⁶
396 4372 584 4427 Matth.
616 4387 670 4437 v,
709 4372 793 4427 l6.
865 4374 912 4407 ⁸⁷
930 4374 1062 4430 Luc.
1086 4391 1203 4443 ιιι,
1233 4374 1325 4432 54.
1400 4375 1446 4409 ⁸⁸
1472 4376 1605 4435 Luc.
1627 4391 1724 4439 ιιι,
1745 4374 1815 4430 55
1840 4389 1899 4430 se

331 4443 506 4499 lCor.
543 4458 618 4500 vt.
668 4443 767 4500 l2;
806 4460 860 4500 κ.
908 4446 995 4499 23.
1073 4447 1120 4479 "
1164 4447 1361 4500 thes.
1395 4461 1469 4500 tv.
1499 4447 1590 4500 25.
1665 4446 1714 4481 ’δ
1743 4446 1875 4500 ibid.

250 4445 300 4477 "
331 4443 506 4517 lgor.
536 4443 778 4517 vt,_i2;_
806 4460 860 4511 x,
908 4446 1009 4517 23.7
1036 4516 1048 4517 γ
1073 4447 1120 4479 ⁸⁸
1164 4447 1361 4517 Ephes.
1395 4461 1469 4511 tv,
1499 4447 1590 4500 25.

251 4527 329 4580 Vt,
365 4512 454 4567 ll.
531 4514 577 4547 "
633 4514 823 4569 Matth.
878 4530 954 4584 Ix,
986 4516 1081 4573 29.
1202 4512 1247 4551 "
1306 4518 1464 4588 lbid.,
1517 4518 1612 4576 22.

1082 3859 1341 3906 avertens
1384 3850 1451 3905 ab
1485 3850 1835 3906 incredulita-

1938 1993 2031 2047 sed
2057 1992 2227 2049 abluti
2262 1994 2418 2060 estis,
2446 1994 2539 2050 sed
2567 1994 2892 2050 sanctiﬁcati
2925 1997 3059 2052 estis
3087 1997 3140 2053 in
3167 1998 3385 2054 nomine
3417 1998 3516 2054 Do-

1939 2082 2067 2138 mini
2104 2084 2272 2139 nostri
2300 2084 2369 2137 0".
2402 2104 2421 2137 s
2459 2084 2515 2139 Si
2546 2084 2712 2154 igitur
2747 2101 2853 2140 non
2886 2086 2938 2141 in
2971 2087 3127 2143 nobis
3152 2098 3299 2145 esset
3327 2088 3513 2145 facere

1938 2175 2074 2239 haec,
2103 2186 2195 2231 aut
2217 2191 2323 2232 non
2355 2179 2556 2245 facere,
2592 2192 2752 2247 quam
2782 2193 3002 2235 causam
3029 2180 3261 2236 habebat
3281 2183 3512 2254 Aposto-

1937 2269 2040 2334 lus,
2076 2278 2130 2323 et
2158 2269 2327 2325 multo
2350 2271 2504 2341 prius
2538 2272 2655 2343 ipse
2702 2272 2985 2340 Dominus,
3032 2274 3317 2329 consilium
3352 2278 3509 2343 dare,

1936 2360 2182 2429 quaedam
2237 2362 2453 2431 quidem
2489 2362 2689 2428 facere,
2742 2377 2771 2417 a
2814 2364 3139 2433 quibusdam
3178 2380 3307 2423 vero
3339 2368 3510 2425 absti—

1935 2454 2105 2509 nere?
2133 2453 2241 2509 Sed
2274 2454 2530 2523 quoniam
2584 2455 2767 2509 liberae
2792 2459 3080 2514 sententiae
3122 2457 3191 2511 ab
3231 2458 3387 2516 initio
3424 2470 3511 2518 est

1934 2546 2117 2612 homo,
2140 2555 2192 2600 et
2225 2546 2410 2601 liberte
2448 2547 2735 2602 sententia:
2758 2556 2841 2603 est
2872 2548 3035 2615 Deus,
3060 2548 3147 2603 cui
3182 2551 3249 2606 ad
3292 2550 3405 2626 (l2)
3432 2556 3509 2610 si-

1935 2638 2294 2693 militudinem
2320 2637 2493 2693 factus
2523 2648 2641 2706 est;
2668 2653 2887 2710 semper
2915 2639 3201 2696 consilium
3238 2643 3403 2697 datur
3430 2646 3503 2711 ei,

1932 2730 2215 2784 continere
2236 2730 2460 2797 bonum,
2492 2730 2635 2801 quod
2659 2730 2942 2801 perﬁcitur
2963 2746 3028 2785 es
3064 2746 3151 2798 ea,
3181 2747 3303 2804 qua
3330 2743 3415 2789 est
3440 2734 3507 2791 ad

1936 2819 2103 2873 Deum
2134 2817 2248 2890 (l5)
2282 2819 2613 2876 obedientia.

2002 2930 2055 2985 5.
2079 2930 2147 2987 Et
2179 2948 2285 2987 non
2326 2942 2535 2988 tantum
2562 2934 2617 2990 in
2650 2936 2935 3006 operibus,
2973 2938 3068 2995 sed
3101 2938 3267 2995 etiam
3300 2938 3353 2995 in
3404 2938 3507 2998 fide

1932 3020 2163 3077 liberum
2198 3033 2255 3079 et
2288 3038 2403 3080 sua:
2454 3028 2747 3095 potestatis
2801 3030 3089 3086 arbitrium
3121 3030 3358 3087 hominis
3391 3029 3505 3104 (ii)

1931 3116 2171 3170 servavit
2202 3113 2485 3181 Dominus,
2510 3118 2738 3175 dicens:
2776 3138 2796 3172 r
2831 3120 3139 3177 Secundum
3174 3123 3331 3179 fidem
3356 3132 3502 3183 tuam

1855 3244 1897 3301 ε
1932 3205 2027 3261 ﬂat
2058 3206 2152 3261 tibi
2190 3206 2268 3271 ἐς
2309 3225 2329 3259 ι
2376 3208 2653 3279 propriam
2688 3210 2847 3267 fidem
2900 3211 3141 3267 hominis
3184 3215 3503 3274 ostendens.

1929 3302 2188 3368 quoniam
2211 3301 2486 3371 propriam
2513 3317 2665 3357 suam
2701 3304 2864 3358 habet
2913 3307 3263 3363 sententiam.
3306 3308 3371 3363 Et
3404 3310 3506 3365 ite-

1078 3370 1267 3427 bel'um
1305 3380 1360 3427 ει
1397 3387 1508 3427 ευε
1549 3374 1833 3441 imiimi“is
1929 3409 2046 3449 rum
2083 3407 2099 3445 :
2130 3410 2151 3444 ι
2186 3370 2380 3448 Omnia
2428 3394 2704 3463 possibilia
2752 3404 2879 3451 sunt
2923 3397 3167 3453 credenti
3220 3401 3298 3467 9’;
3346 3419 3366 3453 s
3408 3412 3503 3458 et:

1078 3468 1371 3523 ostendunt
1424 3469 1723 3537 hominem,
1780 3478 1833 3525 et

1936 3504 1954 3536 ε
2000 3483 2166 3549 Vade,
2200 3486 2669 3553 sicutcredidisti,
2707 3486 2803 3542 fiat
2845 3488 2939 3544 tibi
2972 3487 3013 3542 ί.
3051 3507 3069 3540 ι
3108 3489 3173 3545 Et
3194 3493 3377 3547 omnia
3418 3501 3503 3548 ta-

1077 3562 1206 3632 quia
1282 3564 1513 3617 consilio
1600 3564 1833 3619 instruat

1930 3574 1999 3627 lia
2024 3590 2135 3629 suae
2167 3576 2453 3644 potestatis
2484 3577 2781 3631 secundum
2816 3576 2977 3634 fidem
3004 3582 3302 3635 ostendunt
3338 3582 3505 3637 homi-

1079 3659 1255 3727 Deus,
1286 3659 1583 3715 adhortans
1620 3676 1718 3716 nos
1764 3662 1831 3715 ad
1929 3677 2074 3720 nem.
2101 3662 2170 3717 Et
2201 3673 2425 3734 propter
2448 3664 2550 3719 hoc
2582 3665 2630 3719 is
2667 3683 2686 3716 ι
2722 3665 2812 3732 qui
2841 3667 3015 3720 credit
3040 3668 3089 3721 ei
3124 3667 3289 3723 habet
3330 3670 3501 3725 vitam

1080 3753 1474 3824 subiectionem
1580 3755 1685 3809 sibi
1777 3763 1833 3811 et
1927 3768 2225 3823 aeternam;
2260 3757 2353 3826 qui
2384 3765 2565 3812 autem
2600 3769 2707 3810 non
2763 3758 2937 3812 credit
2989 3758 3146 3823 Filio,
3182 3773 3287 3813 non
3337 3759 3504 3818 habet

1928 3847 2094 3902 vitam
2121 3856 2403 3914 aeternam,
2426 3849 2523 3902 sed
2545 3849 2623 3901 ira
2657 3847 2751 3901 Dei
2770 3850 3009 3903 manebit
3031 3865 3194 3919 super
3212 3850 3387 3920 ipsum
3407 3853 3451 3910 '.
3474 3871 3496 3906 s

1930 3939 2239 3997 Secundum
2267 3939 2411 3995 hanc
2441 3938 2606 4007 igitur
2630 3936 2919 4005 rationem,
2946 3947 2999 3993 et
3042 3955 3197 3994 suum
3220 3944 3499 4012 proprium

1928 4033 2126 4090 bonum
2168 4032 2461 4089 ostendens
2495 4030 2779 4097 Dominus,
2816 4039 2872 4085 et
2900 4031 2984 4086 sui
3019 4031 3235 4086 arbitrii
3273 4048 3336 4087 ac
3390 4047 3503 4089 sum

1931 4126 2215 4196 potestatis
2245 4123 2524 4179 hominem
2559 4121 2900 4191 significans,
2936 4121 3143 4176 dicebat
3180 4122 3247 4176 ad
3276 4120 3501 4178 Jerusa-

1930 4219 2069 4275 lem:
2105 4234 2125 4270 c
2164 4214 2388 4284 Quoties
2416 4214 2562 4269 volui
2585 4226 2919 4284 congregare
2948 4212 3088 4267 ﬁlios
3128 4221 3279 4285 tuos,
3306 4229 3501 4285 quem-

2070 4372 2117 4404 ιο
2146 4370 2391 4428 ιδῑσ,ι7.
2466 4367 2867 4441 '°Luc.vr,_46.
2944 4368 2987 4401 ⁹¹
3018 4369 3253 4439 Luem,
3294 4376 3495 4441 ωηο.

1901 4390 1932 4443 q
1978 4412 1993 4428 ,
2070 4388 2117 4404 π
2147 4388 2391 4428 ωισ.4ι.
2467 4388 2511 4402 ·’
2528 4388 2867 4431 huc.v1,eo.
2945 4388 2987 4401 "
3018 4388 3253 4439 LIICJII,
3294 4388 3495 4441 amati.

1921 4388 2020 4509 ὥς
2050 4458 2105 4507 v,
2149 4442 2203 4496 4.
2282 4442 2327 4472 ’⁸
2358 4441 2489 4495 ibid.
2522 4440 2577 4495 8.
2652 4436 2887 4509 "gilium.
2938 4454 3055 4509 xm,
3088 4444 3171 4499 15.
3248 4446 3335 4501 ’⁷1
3366 4447 3495 4504 Cur.

1702 4517 1719 4549 ¹
1744 4514 1940 4571 Matth.
1976 4508 2095 4579 vim,
2142 4511 2230 4568 l5.
2304 4512 2326 4542 ³
2354 4509 2513 4567 Joan.
2546 4525 2647 4581 .m,
2689 4508 2779 4565 36.

252 4658 755 4729 irrepsisseivocem
787 4664 1002 4715 bonum.
1039 4657 1177 4713 Nam
1206 4657 1279 4729 in
1312 4656 1549 4729 Clarom.
1580 4664 1641 4729 et_
1664 4654 1824 4729 Voss.
1861 4671 1906 4729 ι)
1935 4654 2131 4729 dicunt:

252 4725 491 4800 legitur:
541 4728 815 4800 Propheta:
851 4726 1336 4800 honumgquident;
1370 4728 1424 4782 in
1455 4726 1689 4793 Arund.,
1719 4726 1823 4800 _bo-_

253 4794 380 4853 nim
398 4814 539 4868 quo;
575 4798 627 4851 in
651 4794 825 4854 Merc.
860 4797 897 4851 2
929 4794 1201 4863 similiter,
1243 4798 1434 4851 bonum
1467 4812 1687 4868 quoque.
1716 4794 1823 4850 Sed

252 4882 375 4922 eam
410 4866 599 4939 vocem
628 4882 655 4920 a
702 4877 854 4939 textu
892 4868 1251 4939 ablegandam
1284 4879 1419 4939 esse
1447 4866 1823 4939 demonstrant

2004 4723 2082 4794 (8)
2108 4721 2173 4794 Et
2201 4721 2279 4787 id,
2327 4719 2686 4794 nongexpedit.
2725 4719 3205 4794 Frustra_Latinus
3242 4723 3495 4788 Latinius

1930 4793 1982 4848 in
2015 4790 2272 4879 Diui-otii.
2309 4808 2363 4879 p.
2394 4791 2529 4879 ρει.
2551 4803 2614 4879 et
2638 4801 2908 4879 posterior
2928 4790 3180 4879 Orabius,
3208 4794 3494 4879 legendum

1930 4863 2256 4918 contendit:
2288 4870 2337 4916 et
2391 4862 2529 4929 quod
2553 4875 2661 4929 non,
2702 4862 2946 4929 expedit;
2976 4878 3172 4920 sensus
3204 4862 3347 4923 enim
3374 4880 3489 4927 est:

254 4943 374 4993 tum
406 4938 562 4993 editt.
605 4953 666 4992 ac
696 4938 866 5007 ipsius
912 4928 1095 4993 textus
1124 4936 1298 4993 Graeci
1333 4934 1653 5001 auctoritas,
1709 4943 1820 4988 tum
1928 4943 1977 4989 et
2001 4934 2055 4986 id
2078 4930 2309 5056 Αβοειριὶ
2337 4928 2531 5013 dictum
2558 4943 2577 4981 :
2610 4928 2734 4984 Non
2764 4928 2989 4999 expedit,
3032 4941 3139 4988 etc.

254 5008 373 5056 inea
406 5008 669 5056 orationis
698 5008 887 5056 series.
1999 5002 2077 5056 (9l
2159 5011 2363 5056 ertmet.
2395 5000 2485 5055 Stc
2516 5016 2647 5055 mss.
2666 5014 2856 5055 omnes
2887 5000 3017 5056 (uno
3043 5017 3139 5056 exc

254 5008 669 5079 ipsaorationis
698 5008 887 5064 series.

1999 5002 2077 5072 (9)

2159 5002 2363 5057 ertinet.
2382 5000 2495 5082 _Sic_
2516 5016 2647 5055 mss.
2666 5014 2856 5082 omnes
2887 5000 3017 5071 (uno
3043 5013 3272 5082 excepto
3294 5004 3492 5082 Merc.)

326 5075 407 5159 (2)
439 5075 747 5147 Bonumque
782 5078 1012 5148 operari.
1052 5075 1186 5145 Alii,
1222 5076 1411 5132 bonum
1450 5090 1655 5145 quoque
1704 5089 1825 5143 ape-
1923 5068 2346 5159 justi‘ve‘terem
2381 5068 2827 5159 italicamq‘liditi
2843 5068 3010 5159 vero;
3033 5068 3313 5159 pertinent.

255 5163 389 5201 rari.

349 5216 405 5284 3)
446 5215 751 5272 Prmtavit.
782 5218 896 5284 AL,
928 5218 1223 5284 prwslabit.

349 5217 383 5271 5
446 5216 751 5272 Prmtavit.
782 5218 896 5284 AL,
928 5218 1223 5284 prwslabit.

326 5216 405 5360 is;
441 5287 545 5366 Per
563 5287 858 5366 prppltﬁtas.
894 5288 973 5344 ita
988 5289 1142 5366 juxta
1181 5288 1429 5366 Graecum
1462 5287 1667 5366 habent
1689 5284 1818 5366 illa-

257 5356 422 5425 rom.,
449 5356 686 5421 Arund.’,
721 5358 878 5415 Voss.
898 5356 1237 5442 .et'Feuard.
1270 5368 1426 5440 vetus
1458 5357 1577 5413 cod.
1605 5356 1713 5411 Sed
1752 5356 1818 5439 .in

256 5425 413 5506 grus.
453 5437 527 5506 _et
571 5425 779 5506 pallas.
827 5429 983 5483 editt.
1033 5426 1493 5506 vrttose‘legttur,
1547 5426 1818 5498 perfectis.

256 5496 799 5573 Feusrdentiusvero
828 5506 1118 5573 utrumque
1140 5496 1424 5573 perperam
1447 5496 1701 5569 iungens,
1731 5511 1824 5551 ex-

254 5568 503 5641 ιποξβίες
535 5567 895 5641 perfectura
922 5567 1222 5641 ρνοήίιεεςσ·

353 5637 407 5707 5)
433 5636 759 5707 Ciariﬁcent.
790 5637 978 5701 Editt.,
1000 5636 1312 5707 gloriﬁcent.

353 5640 385 5691 5
433 5640 759 5704 Ctariﬁcent.
790 5640 978 5701 Editt.,
1000 5640 1312 5707 gloriﬁcent.

328 5640 409 5832 {6;
433 5706 649 5763 Multas.
679 5707 752 5761 ita
772 5708 1005 5763 Clarum.
1024 5719 1079 5761 et
1108 5709 1265 5764 Voss.
1291 5722 1357 5764 ex
1376 5706 1565 5765 Gmco
1595 5706 1822 5773 πολλάς,

328 5778 337 5832 i
364 5778 469 5832 lcet
490 5777 722 5832 πληγάς.
750 5776 965 5832 Ceteri.
993 5778 1189 5832 multis.

258 5776 474 5849 scilicet
482 5777 722 5849 πληγάς.
750 5776 972 5849 (lateri,
993 5778 1189 5833 multis.

330 5847 409 5921 (7)
444 5845 567 5905 Non
585 5845 897 5920 quamlibet.
934 5846 1142 5918 Graece,
1168 5850 1228 5903 οὐ
1262 5850 1547 5922 τυχοῦσαν,
1573 5866 1674 5907 non
1712 5865 1823 5905 mo-

2002 5142 2117 5216 (10)
2142 5141 2209 5195 Et
2235 5142 2344 5216 hinc
2372 5140 2745 5216 quidam._l_ta,
2779 5140 2933 5216 juxta
2971 5140 3219 5216 Graecum
3246 5147 3493 5215 Apostoli

1932 5210 2161 5279 textum,
2198 5210 2462 5281 scriptum
2513 5211 2568 5264 in
2614 5210 2851 5266 Claram.
2901 5210 3174 5280 (quamvis
3223 5210 3492 5275 recentior

1931 5284 2149 5355 aliquis,
2177 5281 2293 5355 sed
2322 5282 2609 5355 imperitus
2655 5282 2973 5355 emendator
3020 5282 3287 5339 addiderit
3330 5302 3377 5352 ε,
3433 5298 3493 5342 ut

1928 5349 2140 5429 legatur
2167 5349 2511 5429 quidem)._Et
2542 5350 2622 5405 sic
2653 5349 3035 5429 etiamlegitur
3063 5366 3228 5423 supra
3254 5349 3374 5425 cap.
3394 5357 3487 5429 27,

1928 5420 2064 5481 n54.
2106 5420 2315 5490 Reliqui
2344 5420 2549 5477 habent
2579 5436 2593 5473 :
2626 5430 2672 5474 et
2693 5420 2805 5490 hinc
2834 5420 3065 5489 quidem.

2025 5493 2109 5565 ll)
2146 5489 2369 5565 fuistis.
2388 5492 2549 5565 Erag.
2584 5501 2641 5545 et
2871 5490 3093 5565 fecistis.

2025 5493 2109 5565 ll)
2146 5493 2369 5549 Fuistis.
2394 5493 2549 5546 Eras.
2584 5501 2641 5545 et
2675 5493 2841 5556 6311.,
2871 5493 3093 5558 fecistis.

1996 5493 2111 5637 (ῃ)
2138 5560 2243 5637 Cui
2255 5563 2463 5637 ad_._Sic
2494 5560 2727 5637 Feuard.
2754 5562 2808 5614 in
2828 5576 3023 5631 marg.,
3046 5561 3308 5630 Clarom.,
3328 5562 3488 5623 Voss.

1929 5645 1986 5691 et
2008 5632 2185 5689 Merc.
2215 5632 2269 5687 2.
2303 5634 2431 5697 Alii,
2464 5632 2618 5697 cujus
2642 5632 2731 5687 ad.

2004 5703 2234 5777 (15)Ad_
2274 5703 2465 5777 Deum.
2515 5700 2751 5777 Feuard.
2811 5700 2866 5777 in
2895 5716 3116 5777 ‘marg.,
3162 5702 3398 5777 Clarum.
3436 5716 3493 5763 οι

1932 5771 2116 5839 voss;
2136 5792 2168 5829 α
2192 5771 2323 5828 Deo.
2353 5772 2461 5827 Sed
2500 5772 2786 5842 rejicienda
2818 5771 3033 5842 videtur
3062 5775 3175 5826 hzec
3202 5773 3384 5829 lectio.

2006 5845 2118 5918 (ιι)
2148 5844 2414 5901 Hominis.
2443 5844 2516 5898 ita
2561 5841 2799 5899 Claram.
2828 5850 2881 5899 et
2911 5841 3068 5899 Voss.
3107 5842 3236 5913 Alii,
3270 5843 3493 5903 homini.
