4222 6320
727 407 868 468 “03

1510 410 1568 467 8.
1609 411 1868 468 ΙΠΕΝᾸΖΙ
1906 409 2212 468 EPISCOPI
2250 407 2731 470 LUGDUNENSIS
2769 412 2857 469 ET
2895 413 3249 470 MARTYRIS

3841 417 3974 477 HN

728 538 1014 594 admodum
1045 535 1242 604 gallina
1279 533 1454 605 pullos
1503 548 1632 590 suos
1665 531 1766 589 sub
1805 531 2034 589 ascellas
2061 532 2195 604 (15),
2241 539 2297 588 et
2325 535 2376 596 Δ
2403 529 2865 603 incorruptibilem
2894 529 3033 602 (22).
3063 531 3175 602 Ego
3219 539 3398 587 autem
3439 532 3518 588 sic
3562 546 3748 596 curro,
3786 534 3969 589 nonin

725 626 986 683 noluisti?
1009 625 1352 697 Quapropter
1369 623 1705 696 relinquetur
1726 624 1882 680 vobis
1898 623 2097 679 domus
2115 632 2297 680 vestra

726 716 936 774 deserta
975 718 1017 771 ³.
1059 736 1078 769 s

797 809 850 864 6.
879 808 980 875 Qui
1015 815 1196 864 autem
1231 807 1317 864 bis
1340 807 1616 864 contraria
1652 806 1862 871 dicunt,
1893 804 1994 874 ipsi
2031 806 2298 875 impoten-

725 909 837 955 tem
871 901 1224 955 introducunt
1253 897 1564 964 Dominum,
1604 898 1820 954 scilicet
1862 897 2016 966 quasi
2054 913 2158 952 non
2195 912 2295 966 po-

724 992 894 1048 tuerit
920 993 1183 1061 perficere
1215 993 1316 1044 hoc
1337 991 1477 1061 quod
1501 989 1734 1044 voluerit
1758 1007 1772 1043 :
1801 997 2120 1044 autrursum
2145 987 2299 1057 igno-

724 1091 936 1138 rantem
971 1092 1164 1136 natura
1199 1080 1309 1153 (i6)
1347 1081 1584 1146 cboicos,
1615 1089 1676 1136 ut
1707 1081 1807 1150 ipsi
1836 1080 2046 1145 dicunt,
2085 1090 2139 1134 et
2178 1095 2295 1144 eos,

723 1175 816 1246 qui
848 1189 956 1229 non
989 1183 1221 1245 possunt
1243 1173 1492 1243 accipere
1524 1171 1643 1241 eius
1687 1170 2133 1241 incorruptclam.
2188 1169 2294 1226 Sed

722 1267 1030 1334 oportebat,
1063 1265 1259 1336 inquit,
1289 1281 1410 1320 eum
1446 1278 1624 1334 neque
1658 1263 1880 1333 angelos
1917 1262 2051 1321 tales
2077 1263 2293 1330 fecisse,

723 1366 785 1412 nt
807 1365 1028 1428 possent
1079 1356 1407 1426 transgredi,
1458 1369 1638 1426 neque
1689 1356 1938 1410 homines
1969 1355 2061 1425 qui
2107 1355 2292 1410 statim

724 1447 921 1516 ingrati
956 1447 1282 1503 exsisterent
1307 1451 1361 1502 in
1398 1463 1554 1514 eum;
1607 1449 1863 1517 quoniam
1915 1446 2290 1521 rationabiles,

723 1549 778 1596 et
805 1542 1227 1606 examinatores,
1253 1553 1308 1595 et
1334 1539 1619 1610 iudiciales
1645 1536 1752 1611 (l7)
1788 1539 1916 1593 facti
1941 1546 2160 1602 sunt,et
2187 1553 2292 1592 non

725 1633 1201 1706 (quemadmodum
1236 1629 1785 1693 irrationabilia,sivc
1821 1629 2293 1699 inanimalia,qua':

722 1740 822 1781 sua
850 1723 1126 1780 voluntate
1159 1721 1290 1776 nihil
1316 1728 1541 1792 possunt
1581 1719 1787 1784 facere,
1819 1719 1915 1774 sed
1942 1734 2064 1773 cum
2106 1732 2292 1772 neces-

720 1817 882 1874 sitate
913 1825 969 1871 et
996 1816 1045 1870 vi
1092 1815 1158 1874 ad
1198 1813 1397 1866 bonum
1440 1810 1763 1874 trahuntur,
1810 1812 1861 1865 in
1897 1810 2093 1880 quibus
2153 1824 2292 1864 unus

723 1925 936 1977 sensus,
965 1918 1020 1966 et
1056 1922 1192 1962 unus
1216 1905 1379 1975 mos),
1401 1903 1725 1959 inflexibiles
1748 1901 1883 1975 (i8),
1916 1911 1970 1958 et
1997 1903 2114 1957 sine
2140 1901 2290 1973 judi-

721 2004 832 2067 cio,
865 2001 958 2070 qui
987 1995 1150 2072 233
1185 1996 1317 2052 nihil
1346 1993 1487 2050 aliud
1505 2010 1621 2051 esse
1649 2003 1894 2064 possunt,
1919 2002 2285 2064 praeterquam

717 2095 863 2165 quod
892 2091 1018 2146 facti
1048 2099 1193 2145 sunt.
1231 2084 1320 2142 Sic
1344 2095 1525 2141 autem
1561 2100 1662 2141 nec
1687 2102 1854 2142 suave
1870 2095 2016 2142 esset
2046 2087 2128 2141 eis
2142 2087 2284 2157 quod

717 2193 802 2241 est
829 2184 1053 2248 bonum,
1085 2196 1262 2252 neque
1299 2178 1539 2249 pretiosa
1575 2179 1993 2235 communicatio
2030 2179 2154 2246 Dei,
2190 2194 2288 2233 ne-

717 2291 825 2348 que
857 2287 1187 2346 magnopere
1218 2271 1578 2342 appetendum
1603 2270 1829 2338 bonum,
1859 2269 2002 2340 quod
2034 2270 2152 2325 sine
2187 2284 2285 2324 suo

717 2369 939 2436 proprio
974 2377 1146 2433 motu,
1182 2381 1238 2423 et
1279 2381 1432 2425 cura.
1463 2374 1517 2420 et
1549 2364 1729 2419 studio
1771 2364 2134 2433 provenisset,
2190 2363 2283 2419 sed

717 2460 860 2514 ultro
887 2469 942 2514 et
969 2457 1142 2513 otiose
1181 2457 1453 2510 insitum:
1509 2454 1584 2508 ita
1621 2461 1678 2509 ut
1716 2463 1898 2509 essent
1938 2453 2137 2507 nullius
2164 2468 2284 2508 lno--

714 2551 883 2606 menti
906 2550 1053 2617 boni,
1088 2563 1154 2605 eo
1185 2547 1328 2618 quod
1359 2554 1551 2600 natura
1583 2546 1757 2617 magis
1796 2560 1960 2617 quam
2005 2546 2282 2601 voluntate

714 2643 852 2698 tales
879 2642 1208 2698 exsisterent
1259 2638 1391 2711 (l9),
1427 2646 1482 2694 et
1527 2637 1836 2691 ultroneum
1872 2635 2139 2690 haberent
2182 2636 2283 2691 bo-

713 2747 869 2799 num,
898 2732 994 2787 sed
1028 2745 1136 2786 non
1155 2732 1451 2785 secundum
1478 2727 1832 2793 electionem;
1857 2738 1910 2781 et
1931 2737 2151 2796 propter
2177 2726 2279 2782 hoc

713 2839 817 2881 nec
847 2824 953 2881 hoc
976 2824 1149 2894 ipsum
1186 2819 1567 2887 intelligentes,
1603 2818 1856 2888 quoniam
1891 2818 2176 2888 pulchrum
2209 2817 2281 2873 sit

709 2918 856 2986 quod
889 2917 1115 2979 bonum,
1151 2927 1328 2983 neque
1356 2911 1597 2967 fruentes
1622 2925 1706 2966 eo.
1756 2910 1885 2976 Qua:
1913 2910 2060 2964 enim
2093 2908 2280 2963 fruitio

710 3008 843 3067 boni
865 3009 1007 3080 apud
1033 3023 1127 3064 eos
1152 3007 1244 3078 qui
1282 3005 1575 3078 ignorant?
1601 3004 1732 3071 Qua:
1760 3013 1941 3058 autem
1981 3003 2152 3072 gloria
2194 3002 2280 3058 his

709 3103 804 3172 qui
834 3116 943 3158 non
966 3101 1294 3157 studuerunt
1333 3096 1502 3150 illud?
1541 3094 1670 3161 Qum
1708 3103 1888 3148 autem
1930 3107 2136 3148 corona
2194 3093 2278 3148 his

710 3193 804 3264 qui
839 3206 948 3248 non
996 3205 1140 3258 eam,
1176 3200 1238 3244 ιιι
1272 3190 1508 3243 victores
1538 3187 1591 3240 in
1633 3185 1965 3246 certamine,
1994 3183 2274 3239 consecuti

710 3286 875 3342 sunt?

777 3377 832 3434 7.
867 3376 932 3432 Ει
970 3383 1190 3446 propter
1235 3373 1338 3426 hoc
1382 3370 1642 3427 Dominus
1687 3367 1987 3423 violentum
2017 3369 2153 3422 dixit
2189 3382 2275 3422 re-

708 3484 875 3542 gnum
930 3467 1192 3522 caelorum
1237 3481 1304 3516 ι(
1346 3462 1411 3517 Et
1455 3464 1549 3532 qui
1604 3461 1715 3515 vim
1762 3458 2008 3523 faciunt,
2065 3459 2272 3529 inquit,

707 3559 969 3628 diripiunt
999 3557 1128 3611 illud
1152 3556 1214 3622 ‘;
1254 3575 1271 3607 ι
1309 3556 1411 3608 hoc
1457 3563 1579 3614 est,
1609 3551 1697 3622 qui
1743 3564 1866 3607 cum
1905 3550 1958 3605 vi
2001 3558 2058 3606 et
2105 3566 2277 3620 agone

705 3652 992 3722 vigilantes
1051 3649 1342 3710 instanter,
1390 3644 1652 3714 diripiunt
1709 3642 1860 3698 illud.
1901 3641 2127 3712 Propter
2177 3644 2278 3698 hoc

703 3754 889 3799 autem
914 3752 970 3797 et
996 3741 1194 3794 Paulus
1237 3738 1516 3808 apostolus
1559 3737 1634 3790 ait
1659 3734 1995 3791 Corinthiis:
2030 3752 2049 3784 t
2090 3733 2277 3789 Nesci-

706 3837 799 3899 tis,
827 3834 1080 3904 quoniain
1120 3833 1174 3885 hi
1217 3831 1308 3902 qui
1362 3830 1414 3883 in
1446 3828 1623 3884 stadio
1651 3835 1897 3892 currunt,
1924 3839 2113 3880 omnes
2157 3824 2278 3895 qui-

701 3928 826 3981 dem
859 3935 1106 3992 currunt,
1146 3925 1244 3980 sed
1278 3939 1420 3979 unus
1462 3921 1661 3992 accipit
1694 3922 1962 3977 bravium.
2015 3917 2105 3975 Sic
2147 3935 2275 3975 cur-

703 4018 832 4082 rite,
863 4028 925 4072 ut
955 4013 1446 4086 comprehendatis.
1474 4011 1664 4069 Omnis
1689 4021 1866 4067 autem
1896 4013 1988 4081 qui
2022 4011 2276 4081 agoniza-

704 4121 792 4166 tur
819 4110 954 4183 (20),
985 4110 1038 4164 iu
1069 4108 1324 4165 omnibus
1361 4106 1646 4161 continens
1684 4115 1807 4160 est:
1839 4105 1913 4160 illi
1948 4105 2162 4173 quidem
2215 4112 2274 4159 ιιι

701 4201 1106 4274 corruptibilem
1151 4198 1422 4272 accipiant
1467 4198 1582 4270 (2i)
1617 4210 1895 4260 coronam,
1933 4208 2033 4250 nos
2088 4203 2270 4250 autem

765 4360 789 4392 ³
807 4359 999 4415 Matth.
1029 4372 1189 4424 mu,
1216 4357 1307 4424 '57,
1340 4356 1430 4413 '58.

767 4495 882 4566 (l5)
929 4493 1189 4566 Ascsltas.
1225 4491 1589 4566 S_ic_Clarom.
1628 4503 1729 4566 pro
1762 4502 1882 4566 quo
1920 4485 2262 4566 _Feuart_l_.‘_in

697 4556 889 4650 marg;
911 4577 972 4650 et.
1003 4564 1225 4619 Vossius
1261 4563 1462 4618 habent
1502 4556 1719 4624 asselis;
1747 4557 1981 4624 Arund.,
2033 4556 2260 4622 oscillis;

696 4637 892 4704 reliqui
922 4636 1055 4689 alas.

696 4777 736 4778 η
768 4704 880 4778 (l6)
933 4702 1294 4778 N_atu_ra._l_ta
1350 4699 1580 4778 Feuard.
1640 4697 1694 4751 in
1748 4711 1944 4764 marg..
1997 4695 2257 4778 Clarom.,

691 4763 936 4833 Yo‘ssfet
956 4773 1123 4829 Grab.
1155 4771 1370 4840 Reliqui
1415 4783 1697 4840 perperam
1719 4807 1733 4830 ,
1765 4763 2041 4840 naturam.
2091 4763 2261 4821 Porro

694 4847 917 4916 hujusce
936 4837 1470 4916 dilemniatiss'ensus
1497 4837 1599 4904 est,
1625 4837 1791 4916 Deum
1818 4843 1912 4889 aut
1934 4838 2259 4916 impotentem

694 4912 834 4980 esse,
869 4915 963 4984 qui
1002 4912 1232 4984 liberum
1256 4912 1529 4965 hominem
1559 4912 1891 4984 constituere
1923 4920 2033 4984 non
2064 4915 2259 4984 potae:

697 4989 796 5050 rit;
822 4974 917 5038 ξιιιί
941 4983 1158 5053 penitus
1187 4982 1524 5055 ignorantem
1555 4993 1651 5033 eos
1702 4975 1797 5046 qui
1846 4982 2042 5055 natura
2065 4974 2258 5055 'cboici

693 5066 843 5120 sunt,
879 5050 974 5108 seu
1007 5067 1131 5122 quae
1176 5050 1252 5122 sit
1288 5050 1600 5104 choicornm
1645 5055 1840 5122 natura
1864 5050 2256 5122 __nescientem,

696 5127 788 5193 qui
822 5114 1052 5180 consilia
1089 5123 1181 5193 det
1206 5120 1308 5183 eis,
1343 5134 1464 5193 qum
1514 5129 1698 5172 tamen
1745 5115 1899 5171 fatali
1928 5114 2260 5171 necessitate

692 5191 972 5252 constt-iui
1006 5191 1158 5261 sequi
1187 5206 1295 5261 no_n
1322 5191 1553 5261 valeant:

735 5255 1499 5348 .(ﬂijudicialesfeuardq
1527 5256 1690 5313 Grab.
1721 5264 1776 5311 et
1809 5255 1934 5312 cod.
1966 5256 2144 5321 Voss.,
2168 5257 2261 5326 ju.

690 5334 986 5389 diciabites.

763 5405 876 5475 (18)
912 5403 1257 5475 Irtﬂexibiles.
1320 5399 1546 5475 Scilicet
1592 5397 1848 5475 homines:
1892 5395 2254 5475 ItanFeuard.

690 5466 1245 5544 in'ma'rgn'Glarom.
1280 5481 1336 5528 et
1372 5472 1529 5528 Voss.
1575 5469 1706 5535 Alii,
1751 5467 2079 5536 inﬂexibilis,
2132 5466 2252 5522 scil.

691 5560 874 5684 “06.9)
897 5612 1239 5684 Exsisterent.
1259 5609 1351 5664 Sic
1377 5611 1613 5684 Clarum.
1647 5611 1804 5684 (nisi__
1828 5610 1971 5678 quod
2013 5607 2256 5684 oscitans

690 5680 940 5764 librarius
994 5682 1271 5752 scripserit
1318 5683 1632 5750 existerint),
1685 5681 1874 5735 melius
1926 5696 2089 5750 quam
2138 5680 2250 5744 alii,

690 5763 1236 5893 αἰὲὁῗᾎᾝδηὶιαωτ.
1272 5817 1360 5877 Sic
1388 5831 1537 5876 vetus
1563 5819 1794 5876 Feuard.
1821 5822 1966 5887 c0d.,
1993 5820 2250 5890 Clarom.,

2406 623 2668 679 incertum
2692 623 2804 696 (23)
2829 644 2842 678 :
2877 625 2954 680 sic
2984 639 3185 696 pugno,
3216 639 3319 679 non
3341 625 3495 693 quasi
3520 639 3698 682 acrem
3731 625 3974 690 credens;

2405 719 2498 773 sed
2531 719 2752 773 lividum
2797 717 2941 774 facio
2983 732 3182 787 corpus
3223 732 3427 786 meum,
3455 726 3512 771 et
3559 719 3614 773 in
3656 719 3967 774 servitutem

2405 809 2609 880 redigo,
2640 825 2708 866 ne
2733 811 2872 865 forte
2906 809 3031 865 aliis
3068 810 3389 879 prmdicans,
3423 809 3538 878 ipse
3568 811 3832 881 reprobus
3859 808 3970 866 cm-

2403 898 2517 953 ciar
2557 898 2602 954 ⁸.
2656 917 2674 951 ι
2714 898 2894 956 Bonus
2953 898 3117 971 igitur
3170 899 3418 970 agonisla
3471 901 3536 954 ad
3597 900 3972 972 incurruptela

2405 1005 2627 1059 agonem
2666 991 2983 1047 adhortatur
3027 1007 3148 1057 nos,
3195 992 3273 1045 nti
3301 1006 3642 1058 coronemur,
3675 1003 3731 1049 et
3773 992 3968 1059 pretio-

2402 1095 2515 1135 sam
2542 1080 2874 1137 arbilremur
2896 1098 3176 1152 coronam,
3199 1083 3451 1140 videlicet
3474 1099 3592 1154 quae
3621 1098 3715 1156 per
3745 1101 3968 1158 agonem

2402 1172 2558 1228 nobis
2582 1174 2904 1242 acquiritur,
2937 1177 3032 1231 sed
3064 1192 3168 1231 non
3196 1177 3338 1231 ultro
3362 1177 3639 1232 coalitam.
3668 1175 3736 1233 Et
3767 1189 3970 1250 quanto

2399 1277 2496 1334 per
2551 1279 2776 1335 agonem
2824 1267 2982 1322 nobis
3028 1269 3270 1338 advenit,
3319 1279 3468 1325 tanto
3514 1279 3592 1325 est
3646 1271 3967 1341 pretiosior;

2403 1364 2609 1422 quanto
2641 1365 2823 1410 autem
2855 1357 3162 1425 pretiosior,
3194 1367 3342 1415 tanto
3380 1375 3498 1415 eam
3540 1373 3754 1429 semper
3782 1361 3972 1432 diliga-

2399 1445 2512 1516 Οὐχ
2541 1442 2742 1516 ὁμοίως
2769 1446 3045 1513 ἀγαπᾶται
3073 1449 3142 1504 τὰ
3213 1465 3352 1505 mus.
3385 1449 3488 1506 Sed
3519 1465 3692 1520 neque
3722 1450 3972 1508 similiter

2398 1538 2463 1590 ὲκ
2491 1536 2583 1590 τοῦ
2625 1538 2930 1609 αὐτομάτου
2979 1557 3148 1613 προσ·
3219 1541 3514 1613 diliguntur
3561 1557 3622 1597 ea
3670 1556 3792 1612 qua:
3830 1543 3972 1599 ultro

2397 1626 2652 1700 γινόμενα
2687 1631 2800 1694 τοῖς
2843 1629 2996 1701 μετὰ.
3032 1670 3050 1688 .
3088 1672 3102 1686 .
3130 1674 3142 1686 .
3220 1632 3552 1703 adveniunt,
3633 1650 3795 1703 quam
3879 1635 3966 1691 illa

2399 1717 2634 1790 σπουδῆς
2723 1721 3147 1796 εὑρισκομέναις.
3222 1740 3340 1794 quae
3382 1742 3504 1780 cum
3552 1727 3720 1782 multa
3763 1723 3967 1783 sollici-

3215 1817 3399 1872 tudine
3426 1819 3870 1874 adinven'runtnr.

2319 1895 2655 1972 BQuoniam
2702 1907 2866 1978 igitur
2910 1922 3010 1978 pro
3058 1907 3214 1963 nobis
3256 1909 3370 1978 (2t)
3397 1919 3519 1963 erat
3568 1911 3690 1979 plus
3741 1912 3967 1982 diligere

2302 3252 2346 3309 ε

1540 4353 1773 4409 ‘Matth.
1811 4369 1888 4420 ιι,
1932 4352 2016 4408 l2.
2089 4352 2112 4385 ⁸
2143 4352 2164 4407 l
2199 4351 2325 4409 Cor.

2295 4527 2340 4585 Ι)

2393 1995 2579 2064 Deum,
2613 2011 2735 2052 cum
2759 1995 2945 2051 labore
2977 1996 3089 2066 (25)
3121 1997 3221 2051 hoc
3249 1998 3406 2052 nobis
3434 1998 3752 2056 adiuvenire
3787 2000 3964 2056 Domi-

2391 2102 2493 2142 nus
2534 2087 2737 2153 docuit,
2779 2097 2834 2143 et
2880 2088 3170 2157 Apostolus
3211 2089 3454 2144 tradidit.
3489 2090 3556 2145 Et
3601 2089 3740 2147 alias
3787 2099 3961 2148 autem

2390 2189 2536 2234 esset
2578 2180 2829 2235 videlicet
2879 2189 3124 2236 nostrum
3177 2181 3511 2254 insensatnm
3564 2184 3787 2248 bonum,
3821 2185 3962 2254 quod

2389 2280 2531 2325 esset
2575 2270 3009 2325 inexercitatum.
3048 2270 3155 2325 Sed
3199 2282 3256 2325 et
3295 2273 3480 2328 videre
3513 2289 3619 2327 non
3657 2273 3710 2328 in
3753 2282 3963 2329 tantum

2389 2358 2543 2415 nobis
2568 2368 2711 2415 esset
2746 2359 3124 2425 desiderabile,
3155 2361 3258 2416 nisi
3292 2363 3744 2432 cognovissemus
3786 2381 3961 2427 quan-

2389 2459 2499 2506 tum
2522 2461 2665 2508 esset
2692 2452 2887 2506 malum
2923 2469 3028 2507 non
3061 2454 3249 2508 videre
3278 2465 3380 2514 :.et
3406 2456 3543 2512 bene
3567 2456 3748 2511 valere
3780 2467 3960 2512 autem

2391 2542 2532 2598 male
2555 2543 2779 2598 valentis
2809 2544 3144 2612 experientia
3163 2544 3535 2602 honorabilius
3567 2547 3729 2603 etiicit
3750 2564 3766 2613 ;
3790 2557 3845 2602 et
3879 2549 3958 2601 lu-

2388 2651 2526 2699 cem,
2557 2636 2904 2691 tenebrarum
2936 2639 3295 2706 comparatio,
3321 2648 3375 2694 et
3404 2641 3593 2704 vitam,
3623 2640 3836 2695 mortis.
3870 2637 3960 2695 Sic

2386 2735 2440 2780 et
2466 2724 2686 2781 caeleste
2715 2739 2940 2795 regnum
2973 2724 3346 2782 honorabilius
3379 2739 3462 2784 est
3497 2729 3581 2785 his
3617 2730 3707 2799 qui
3762 2744 3959 2796 cogno-

2383 2827 2580 2873 verunt
2610 2825 2904 2873 terrenum.
2933 2818 3145 2885 Quanto
3171 2830 3350 2875 autem
3383 2821 3778 2886 honorabilius,
3809 2829 3957 2878 tanto

2385 2910 2557 2981 magis
2604 2907 2880 2979 diligimus
2912 2908 3044 2965 illud
3070 2924 3084 2962 :
3116 2918 3170 2964 et
3199 2911 3247 2965 si
3274 2911 3392 2982 plus
3422 2911 3553 2968 illud
3585 2911 3956 2978 dilexerimus,

2384 3002 2641 3056 clariores
2670 2999 2872 3055 erimus
2908 3000 3052 3069 apud
3095 3001 3286 3057 Deum.
3320 3003 3422 3057 Pro
3456 3002 3607 3056 nobis
3646 3002 3813 3071 igitur
3836 3016 3956 3056 om-

2382 3091 2473 3144 nia
2502 3091 2614 3146 hzcc
2643 3092 2900 3146 sustinuit
2927 3091 3040 3162 (26)
3072 3091 3352 3155 Dominus,
3382 3091 3464 3144 uti
3493 3105 3592 3160 per
3618 3091 3802 3146 omnia
3834 3107 3954 3147 eru-

2382 3181 2501 3246 diti,
2538 3182 2589 3235 in
2625 3184 2871 3238 omnibus
2897 3184 2949 3238 in
2983 3182 3222 3238 futurttm
3257 3183 3424 3238 simus
3465 3184 3629 3248 cauti,
3668 3193 3722 3239 et
3767 3200 3954 3253 perse-

2380 3286 2630 3328 veremus
2687 3275 2739 3326 in
2803 3274 2950 3328 omni
3006 3272 3121 3341 ejus
3175 3269 3498 3339 dilectione,
3560 3275 3954 3333 rationabiliter

2382 3363 2557 3418 edocti
2607 3363 2829 3432 diligere
2875 3363 3045 3418 Deum
3078 3381 3093 3418 :
3127 3363 3237 3419 Deo
3273 3364 3489 3432 quidem
3531 3367 3950 3436 magnanimita-

2382 3465 2488 3512 tem
2522 3468 2819 3529 praestante
2849 3459 2900 3512 in
2929 3459 3200 3529 apostasia
3232 3459 3497 3525 hominis;
3526 3461 3742 3515 homine
3773 3469 3950 3517 autem

2380 3548 2596 3604 erudito
2626 3564 2720 3618 per
2756 3567 2899 3617 eam,
2926 3551 3377 3620 quemadmodum
3423 3561 3477 3607 et
3523 3553 3788 3621 prepbeta
3829 3553 3946 3609 ait:

2389 3659 2407 3691 ι
2450 3640 2774 3696 Emendabit
2804 3653 2855 3697 te
2890 3641 3170 3695 abscessio
3211 3652 3297 3696 tua
3333 3641 3394 3708 ‘;
3434 3660 3454 3693 s
3482 3642 3814 3708 praeﬁniente
3841 3647 3947 3699 Deo

2382 3732 2561 3787 omnia
2619 3734 2685 3786 ad
2751 3733 2986 3788 hominis
3044 3733 3468 3802 perfectionem,
3527 3741 3583 3786 et
3641 3735 3706 3785 ad
3769 3732 3948 3787 effica-

2382 3828 2522 3880 ciam
2548 3823 2684 3895 (27),
2706 3835 2760 3879 et
2789 3825 3280 3881 manifestationem
3314 3823 3720 3894 dispositionum
3753 3839 3770 3879 :
3796 3827 3871 3881 uti
3897 3835 3949 3881 et

2381 3919 2592 3973 bonitas
2621 3917 2958 3982 ostendatur,
2989 3926 3043 3974 et
3067 3916 3276 3986 iustitia
3305 3917 3640 3988 perﬁciatur,
3671 3928 3726 3973 et
3758 3917 3943 3976 Eccle-

2378 4011 2461 4066 sia
2497 4009 2563 4064 ad
2615 4009 2845 4081 ﬁguram
2900 4013 3149 4082 imaginis
3180 4009 3304 4066 Filii
3355 4009 3473 4080 ejus
3522 4020 3846 4081 coaptetnr,
3893 4017 3946 4068 et

2379 4103 2592 4158 tandem
2619 4103 2913 4172 aliquando
2940 4113 3186 4158 maturus
3218 4103 3312 4157 tiat
3339 4102 3521 4166 homo,
3553 4103 3605 4156 in
3637 4103 3801 4158 tantis
3829 4117 3942 4158 ma-

2378 4203 2658 4252 turescens
2687 4196 2754 4251 ad
2786 4195 3074 4252 videndum
3106 4206 3164 4251 et
3190 4195 3510 4265 capiendum
3545 4193 3734 4250 Deum.

2377 4367 2453 4418 ix,
2503 4351 2566 4407 24
2617 4367 2770 4422 seqq.
2845 4349 3091 4408 ‘Jerem.
3135 4366 3215 4418 ιι,
3253 4351 3338 4406 19.

2368 4487 2634 4560 Υοιςκβι
2668 4488 2939 4560 _Arundel.
2974 4489 3042 4545 Et
3078 4490 3156 4545 sic
3190 4489 3353 4544 etiam
3389 4487 3490 4558 legi
3527 4490 3670 4558 apud
3717 4490 3938 4560 Cypria-

2370 4574 2498 4612 num
2532 4556 2626 4612 lib.
2654 4557 2733 4609 De
2763 4558 2974 4612 exhort.
3019 4559 3204 4621 llam,
3250 4573 3372 4628 cap.
3401 4556 3461 4616 8.
3502 4556 3574 4612 eti
3599 4556 3826 4628 epiStola
3873 4563 3935 4618 ad

2368 4634 2638 4709 martyres
2673 4636 2727 4680 et
2753 4628 3092 4709 eonftmsores
3126 4628 3538 4709 debiappalico,
3587 4630 3637 4709 in
3684 4633 3936 4709 omnibus

2368 4696 2492 4771 fere
2518 4711 2645 4771 mss.
2676 4705 2829 4751 notat
2859 4698 3147 4771 lr’amelins.
3180 4701 3247 4752 At
3272 4696 3413 4753 edita
3449 4699 3636 4752 lrcumi
3665 4703 3937 4771 exempla-

2367 4767 2448 4822 ria
2482 4766 2702 4829 habent,
2732 4770 2996 4837 agonizat.
3046 4770 3153 4825 Sed
3198 4771 3337 4822 idem
3368 4776 3452 4824 est
3481 4771 3766 4837 utriusque
3793 4766 3935 4827 verbi

2366 4851 2576 4892 sensus.

2436 4905 2746 4991 (2l)'ltli...
2777 4909 3062 4980 accipiant.
3102 4907 3279 4976 Eras.,
3309 4907 3448 4964 Gali.
3475 4917 3528 4963 et
3573 4907 3829 4978 Feuard.,
3849 4911 3934 4966 illa

2368 5015 2383 5030 ο
2394 5012 2410 5030 ο
2419 5017 2433 5030 .
2467 4990 2713 5033 accipiat.

2432 4997 3071 5119 (ἕὲἷᾚιεέξπτυριὶὺὶιενκ.
3120 5047 3303 5114 Eras.,
3353 5047 3493 5105 Gali.
3547 5057 3600 5104 et
3658 5049 3827 5107 Merc.
3876 5049 3932 5118 2,

2364 5118 2744 5188 incorruptam.

2435 5187 2550 5258 (23)
2581 5189 2648 5242 In
2681 5189 2958 5244 incertum.
2989 5187 3252 5255 Clarom.,
3288 5189 3344 5242 in
3371 5191 3588 5245 incerto.

2433 5257 2688 5332 (24)1’ro
2733 5260 2902 5314 nobis.
2950 5258 3157 5328 Graece,
3192 5271 3251 5315 ut
3303 5269 3454 5316 notat
3501 5259 3760 5323 Feuard..
3813 5259 3931 5332 μεθ’

2360 5328 2537 5400 ὴμῷγ,
2565 5345 2717 5400 penes
2745 5345 2859 5400 nos.

2431 5397 2545 5469 (25)
2567 5396 2707 5451 Cum
2746 5398 2943 5453 labore.
2983 5396 3040 5454 In
3087 5398 3242 5457 editi.
3293 5398 3524 5469 Arund.,
3569 5400 3827 5458 Ottobon.
3875 5410 3930 5454 et

2361 5467 2538 5552 Μςεοέ.
2559 5469 2624 5552 ἓν.
2647 5483 2768 5522 cum
2792 5485 2978 5552 ειβοηρτ

2432 5539 2544 5608 (26)
2577 5536 2684 5591 Pro
2724 5536 2867 5593 nobis
2918 5540 3081 5608 igitur
3123 5539 3297 5594 omnia
3346 5539 3457 5595 hac
3505 5543 3775 5604 sustinuit,
3822 5551 3924 5596 etc.

2359 5609 2416 5665 id
2445 5621 2546 5673 est,
2577 5621 2633 5663 ut
2664 5617 2809 5665 recte
2839 5611 3072 5678 explicat
3109 5613 3342 5666 Grabius
3371 5631 3384 5663 :
3427 5611 3634 5666 Nostra:
3681 5612 3925 5666 utitiiatis

2360 5697 2524 5734 causa
2558 5680 2668 5732 lucc
2706 5681 2781 5733 ita
2811 5679 2930 5748 ﬁeri
2978 5684 3229 5736 sustinuit
3274 5691 3427 5748 atque
3475 5681 3740 5736 ordinavit
3771 5681 3921 5736 Deus.

2356 5818 2394 5888 ﬁ
2429 5749 2539 5831 (τι)
2569 5748 2882 5817 Eﬁicaciam.
2915 5751 3005 5806 Sic
3031 5765 3218 5807 omnes
3260 5766 3414 5818 ωδε»,
3447 5753 3576 5808 editi
3611 5765 3764 5819 vero,
3791 5753 3920 5807 edi-

2397 5831 2672 5874 rationem.

2397 5831 2672 5874 cntionem.
