4222 6320
229 461 372 522 1105

1388 443 1664 504 CONTRA
1702 439 2041 498 HERESES
2070 437 2198 493 LIB.
2239 435 2326 492 IV.

725 569 952 629 CAPUT
990 564 1256 624 XXXVIII
1289 566 1332 620 ⁷.

358 642 466 705 Car
492 661 593 701 non
625 649 691 697 ab
729 643 881 697 milia
908 640 1169 709 perfectus
1197 636 1368 706 factus
1395 641 1475 690 est
1501 634 1676 687 homo.

308 740 356 795 ί.
390 737 454 793 Εί
482 738 538 792 δὲ
576 736 722 805 λέγει
767 753 850 798 τις
878 732 988 805 (28)

235 871 395 890 .......
427 830 527 887 οὐκ
549 828 777 899 ἠδύνατο
803 830 830 881 6
858 825 991 891 Θεὸς

233 925 330 979 ἀπ’
355 922 530 994 ἀρχῆς
557 920 757 975 τέλειον
789 917 993 973 ἀναδεῖ-

234 1016 326 1086 ξαι
371 1016 461 1069 τὸν
495 1012 806 1085 ἄνθρωπον·
846 1008 990 1080 γνὼ-

233 1126 334 1173 τω,
357 1110 437 1161 ὅτι
477 1106 553 1179 τῷ
595 1107 691 1177 μὲν
721 1103 860 1175 Θεῷ,
902 1104 992 1158 ἀεὶ

234 1201 381 1257 κατὰ
424 1200 492 1255 τά
534 1198 671 1254 αὐτὰ
718 1198 850 1265 ὄντι,
898 1199 992 1252 καὶ

235 1295 515 1366 άγεννήτῳ
559 1293 874 1363 ὑπάρχοντι,
915 1290 993 1355 ὡς

235 1387 376 1459 πρὸς
424 1385 631 1449 ἑαυτὸν,
682 1384 858 1438 πάντα
899 1383 992 1437 δυ-

236 1480 404 1535 νατά·
435 1480 503 1533 τά
534 1478 682 1533 δεμ..
710 1476 990 1545 γεγονότα,

236 1569 373 1625 καθὸ
410 1571 697 1642 μετέπειτα
729 1568 993 1637 γενέσεως

235 1661 412 1733 ἀρχὴν
471 1660 606 1714 ίδίαν
656 1658 799 1729 ἔσχε,
854 1657 994 1711 κατὰ

234 1753 396 1807 τοῦτο
470 1754 563 1806 καὶ
652 1750 992 1822 ὑστερεῖσθαι

236 1846 319 1900 δεῖ
331 1845 471 1900 αὐτὰ
490 1846 580 1900 τοῦ
604 1846 961 1915 πεποιηκότος
974 1861 987 1874 °

236 1939 301 1994 οὐ
327 1939 433 2011 γὰρ
450 1938 710 2009 ἠδύναντο
724 1938 992 2007 ἀγέννητα

236 2025 377 2085 εἶναι
405 2031 475 2083 τά
510 2031 702 2084 νεωστὶ
738 2046 994 2100 γεγεννη-

240 2124 396 2195 μένα.
446 2121 598 2177 Καθὸ
633 2120 687 2174 δὲ
730 2122 802 2193 μὴ
846 2121 993 2176 ἔστιν

238 2216 528 2288 άγὲννητα,
552 2214 693 2269 κατὰ
719 2214 876 2267 τοῦτο
900 2215 994 2268 καὶ¹

236 2308 588 2379 ὑστεροῦνται
624 2308 718 2361 τοῦ
765 2307 882 2361 τελε
891 2308 988 2361 ίου.

234 2403 390 2459 mea
432 2404 490 2456 δὲ
540 2401 810 2474 νεώτερα,
854 2402 993 2457 κατὰ

233 2498 394 2553 τοῦτο
452 2498 544 2551 καὶ
599 2500 785 2568 νήπια,
853 2498 993 2551 κατὰ

234 2590 393 2647 τοῦτο
437 2594 530 2646 καὶ
575 2592 836 2663 ἀσυνήθη,
900 2593 993 2647 καὶ

235 2686 561 2758 ἀγύμναστα
591 2688 725 2758 πρὸς
764 2688 861 2757 τὴν
902 2703 993 2739 τε-

234 2780 388 2837 λείαν
430 2783 671 2852 ἀγωγήν.
716 2782 803 2843 Ὠς
832 2777 925 2834 οὖν
961 2782 992 2852 ἡ

239 2876 342 2950 μὶν
395 2878 576 2948 μήτηρ
631 2876 850 2930 δύναται
904 2875 992 2928 τέ-

235 2968 381 3025 λειον
419 2972 717 3043 παρασχεῖν
753 2963 829 3041 τῷ
867 2970 995 3042 βρέ-

239 3081 330 3133 φει
377 3064 437 3118 τὸ
483 3064 784 3135 ἔμϐρωμα,
832 3065 893 3118 τὸ
936 3064 993 3121 δὲ

236 3157 319 3213 In
371 3158 619 3213 ἀδυνατεῖ
665 3158 765 3230 τὴν
827 3160 991 3213 αὑτοῦ

239 3251 616 3323 πρεσδυτέραν
741 3251 991 3317 δέξασθαι

237 3344 443 3416 τροφήν
462 3360 474 3373 ·
508 3343 649 3396 οὕτω
686 3345 780 3397 καὶ
804 3344 830 3395 ὁ
860 3343 992 3407 Θεὸς

238 3433 399 3497 αὐτὸς
464 3436 561 3499 μὲν
622 3429 731 3497 οἷός
806 3451 862 3487 τε
922 3429 993 3505 ἦν

240 3528 539 3597 παρασχεῖν
573 3526 666 3578 ἀπ’
694 3526 868 3597 ἀρχῆς
914 3526 991 3597 τῷ

238 3618 509 3691 ἀνθρώπῳ
537 3621 597 3672 τὸ
628 3618 850 3681 τέλειον,
881 3622 909 3672 6
936 3620 993 3673 δὲ

238 3715 336 3769 ἄνθ
346 3732 521 3785 ρωπος
539 3714 794 3777 ἀδύνατος
808 3714 994 3769 λαϐεῖν

240 3809 372 3863 αὐτό
390 3826 404 3840 ο
432 3811 621 3879 νήπιος
645 3809 753 3881 γάρ
778 3806 863 3881 ἦν.
896 3806 996 3863 Διὰ

238 3902 396 3957 τοῦτο
425 3906 518 3959 καὶ
542 3906 570 3956 ὁ
606 3904 808 3975 Κύριος
836 3904 994 3976 ἡμῶν

240 3999 329 4054 ιπ’
364 3999 605 4069 ἐσχάτων
632 3998 738 4053 τῶν
763 3999 990 4070 καιρῶν,

238 4093 861 4164 ἀνακεφαλαιωσάμενος
912 4096 993 4157 είς

240 4188 403 4245 αὑτὸν
458 4188 529 4242 τά
594 4188 801 4255 πάντα,
861 4183 995 4260 ἦλθε

241 4284 381 4354 πρὸς
406 4284 573 4355 ἡμᾶς,
602 4284 703 4337 οὐκ
730 4284 805 4347 ὡς
832 4283 995 4350 αὐτὸς

242 4378 503 4450 imbuat-0,
552 4379 668 4433 ἀλλ’
705 4380 781 4443 ὡς
838 4380 997 4452 ἡμεῖς

242 4474 406 4529 αὑτὸν
471 4474 598 4527 ίδεῖν
666 4474 992 4544 ἠδυνάμεθα.

240 4564 412 4628 Αὐτὸς
472 4564 569 4636 μὲν
636 4566 744 4637 γὰρ
808 4567 866 4620 ὲν
927 4569 993 4637 τῇ

242 4655 504 4727 ἀφθάρτῳ
531 4657 693 4710 αὑτοῦ
716 4656 841 4731 δόξῃ
861 4658 997 4730 πρὸς

243 4750 392 4820 ἡμᾶς
413 4749 581 4803 ἐλθεῖν
609 4751 858 4819 ἠδύνατο·
882 4751 995 4805 ἀλλ’

243 4840 407 4911 ἡμεῖς
434 4842 773 4897 οὐδεπώποτε
805 4842 868 4897 τὸ
902 4843 1000 4914 μέ-

244 4935 403 5005 γεθος
461 4937 559 5008 τῆς
611 4938 768 5009 δόξης
830 4938 995 4993 αὑτοῦ

1128 734 1181 786 1.
1203 731 1259 785 Si
1282 731 1383 786 hoc
1406 728 1550 783 dicat
1570 726 1801 795 aliquis:

1054 824 1191 894 Quid
1232 823 1411 879 enim?
1450 822 1564 875 Non
1592 827 1805 890 poterat

1058 921 1127 977 ab
1152 919 1307 975 initio
1336 918 1478 972 Deus
1508 913 1802 985 perfectum

1058 1011 1252 1069 iecisse
1283 1007 1590 1067 hominem?
1634 1006 1801 1070 Sciat,

1056 1106 1314 1178 quoniam
1379 1104 1521 1159 Deus
1587 1101 1805 1172 quidem

1056 1214 1180 1255 cum
1211 1212 1427 1268 semper
1468 1196 1541 1253 sit
1582 1195 1725 1251 idem
1749 1202 1807 1250 et

1056 1292 1314 1359 innatus,
1391 1297 1653 1361 quantum
1737 1287 1805 1343 ad

1056 1387 1229 1457 ipsum
1257 1392 1343 1441 est
1367 1383 1545 1440 omnia
1575 1382 1807 1455 possibi-

1058 1480 1129 1536 lia
1156 1480 1224 1535 ei.
1258 1479 1390 1547 Quae
1437 1488 1615 1536 autem
1660 1477 1804 1533 facta

1056 1583 1182 1628 sunt
1230 1572 1297 1628 ab
1347 1587 1453 1637 eo,
1508 1572 1801 1628 secundum

1056 1667 1199 1737 quod
1232 1675 1413 1737 postea
1446 1665 1668 1721 factum
1696 1667 1802 1721 ini-

1058 1760 1191 1815 tium
1241 1759 1561 1827 habuerunt,
1612 1773 1804 1814 secunc

1056 1854 1181 1907 dum
1212 1852 1316 1908 hoc
1352 1861 1407 1909 et
1448 1852 1654 1907 minora
1684 1868 1806 1909 esse

1055 1946 1293 2013 oportuit
1318 1960 1382 2000 eo
1418 1944 1511 2016 qui
1562 1960 1622 2002 se
1662 1944 1805 2001 fece-
1834 1920 1878 1978 Β

1056 2040 1127 2094 rit
1164 2056 1180 2093 :
1227 2054 1327 2095 nec
1368 2041 1509 2095 enim
1558 2048 1805 2110 poterant

1058 2131 1257 2187 infecta
1288 2146 1439 2195 esse,
1472 2146 1591 2201 qua
1635 2147 1805 2202 nuper

1057 2222 1197 2279 facta
1231 2231 1376 2278 sunt.
1407 2222 1637 2293 Propter
1662 2226 1805 2295 quod

1057 2328 1235 2372 autem
1272 2331 1377 2370 non
1424 2326 1549 2371 sunt
1582 2318 1804 2383 infecta,

1057 2418 1278 2478 propter
1298 2410 1401 2465 hoc.
1418 2419 1468 2464 et
1492 2409 1634 2482 [ideo
1655 2412 1803 2484 (29)]

1058 2501 1313 2557 deficiunt
1336 2518 1363 2555 a
1384 2502 1642 2571 perfecto.
1660 2506 1681 2535 ⁸
1708 2502 1808 2558 Se—

1058 2594 1296 2647 cundum
1322 2597 1467 2650 enim
1500 2597 1640 2665 quod
1681 2605 1807 2652 sunt

1058 2690 1357 2755 posteriora
1396 2729 1411 2754 ,
1512 2691 1805 2745 secundum

1061 2780 1163 2833 hoc
1194 2787 1246 2835 et
1276 2780 1540 2835 infantilis
1572 2784 1718 2852 ('50);
1754 2794 1809 2840 et

1060 2874 1353 2929 secundum
1409 2877 1549 2943 quod
1596 2877 1809 2932 infanti-

1061 2966 1175 3034 Iia,
1240 2969 1535 3023 secundum
1590 2972 1692 3025 hoc
1756 2980 1810 3025 ct

1062 3059 1306 3127 insueta,
1353 3068 1409 3116 et
1456 3061 1809 3118 inexercitata

1061 3154 1127 3207 ad
1200 3152 1493 3224 perfectam
1570 3155 1812 3225 discipli-

1062 3261 1210 3303 nam.

1059 3336 1203 3393 enim
1252 3346 1428 3394 mater
1476 3348 1652 3409 potest
1686 3341 1807 3408 qui-

1061 3432 1177 3485 dem
1216 3442 1479 3500 prtestare
1515 3432 1806 3499 perfectam

1061 3536 1239 3575 escam
1266 3522 1479 3588 infanti,
1510 3523 1597 3576 ille
1627 3535 1808 3579 autem

1062 3614 1237 3667 adhuc
1270 3629 1376 3668 non
1424 3624 1599 3684 potest
1643 3620 1809 3671 robu-

1064 3706 1287 3759 stiorem
1379 3722 1438 3761 se
1532 3713 1810 3777 percipere

1065 3796 1231 3868 284
1251 3812 1464 3853 escam:
1488 3800 1566 3855 sic
1592 3809 1647 3855 et
1671 3801 1810 3857 Deus

1066 3886 1181 3958 ipse
1232 3890 1445 3959 quidem
1480 3899 1668 3959 potens
1710 3892 1813 3947 fuit

1066 3980 1267 4037 homini
1326 3993 1520 4053 praesta
1530 4000 1585 4039 re
1630 3986 1811 4054 perfe-

1066 4075 1299 4132 ctionem
1335 4078 1403 4131 ab
1446 4077 1618 4142 initio,
1650 4078 1811 4136 homo

1065 4177 1244 4224 autem
1311 4170 1577 4241 impotens
1636 4178 1814 4242 perci-

1065 4276 1196 4332 pere
1233 4263 1377 4320 illam
1410 4280 1427 4319 :
1459 4265 1636 4321 Infans
1667 4267 1810 4323 enim

1068 4357 1190 4415 fuit.
1218 4359 1284 4416 Et
1320 4371 1539 4433 propter
1576 4365 1677 4420 hoc
1708 4366 1813 4421 Do.

1067 4458 1245 4513 minus
1285 4469 1468 4515 noster
1504 4462 1557 4516 in
1586 4464 1816 4518 novissi-

1068 4551 1171 4607 mis
1216 4556 1569 4624 temporibus,
1602 4560 1807 4629 recapi-

1835 559 1884 619 Α
1912 554 2200 626 βαστάζειν
2212 550 2540 623 ἠδυνάμεθα.
2554 550 2665 603 Καὶ

1908 649 1997 704 διὰ
2043 647 2240 715 τοῦτο,
2295 646 2371 710 ὡς
2422 645 2660 717 νηπίοις,

1908 750 1938 801 6
1964 745 2124 819 άρτος
2152 747 2180 798 6
2206 742 2411 805 τέλειος
2436 739 2527 793 τοῦ
2556 741 2666 793 Πα-

1909 841 2055 915 τρὸς,
2096 840 2238 911 γάλα
2290 839 2425 911 ἡμῖν
2478 834 2667 891 ἑαυτὸν

1910 938 2201 1013 παρέσχεν,
2228 936 2366 1007 ὅπερ
2390 929 2458 1007 ἦν
2481 932 2515 1005 ή
2542 934 2664 986 κατ’

1909 1030 2191 1104 ἄνθρωπον
2240 1026 2405 1084 αὐτοῦ
2463 1041 2667 1099 παρου-

1912 1125 2024 1193 σία,
2063 1126 2152 1181 ἶνα
2180 1124 2257 1188 ὡς
2302 1122 2409 1177 ὑπὸ
2458 1118 2663 1193 μαστοῦ

1909 1219 2007 1292 τῆς
2029 1219 2227 1292 σαρκὸς
2248 1215 2411 1272 αὐτοῦ
2434 1210 2666 1289 τραφέν-

1911 1332 2019 1380 τες,
2048 1315 2140 1368 καὶ
2174 1312 2262 1366 διὰ
2289 1312 2389 1381 τῆς
2409 1307 2666 1374 τοιαύτης

1908 1407 2177 1479 γαλακτου
2186 1407 2341 1480 ργίας
2361 1404 2664 1467 ἔθισθεντες

1908 1499 2139 1574 τρώγειν
2198 1499 2289 1556 καὶ
2346 1499 2520 1552 πίνειν
2572 1495 2664 1548 τὸν

1911 1591 2080 1662 Λόγον
2116 1590 2216 1645 τοῦ
2248 1589 2405 1655 Θεοῦ,
2438 1589 2531 1644 τὸν
2564 1587 2665 1658 τῆς

1909 1685 2203 1750 ἀθανασίας
2266 1686 2428 1756 ἄρτον
2443 1723 2459 1749 ,
2526 1683 2663 1752 ὅπερ

1907 1782 2025 1837 ἐστὶ
2062 1781 2127 1835 τὸ
2163 1779 2389 1852 Πνεῦμα
2416 1776 2508 1833 τοῦ
2543 1779 2661 1833 Πα-

1907 1879 2054 1953 τρδς,
2096 1880 2153 1933 ὲν
2187 1880 2318 1952 ἡμῖν
2351 1877 2533 1940 αὐτοῖς
2564 1893 2663 1932 κα-

1905 1977 2123 2048 τασχεῖν
2151 1972 2483 2046 δυνηθῶμεν.

3352 423 3490 487 “06

2735 546 2923 604 videre
2975 553 3311 617 poteramus.
3367 542 3490 613 Ipse

2736 643 2882 698 enim
2918 646 2973 696 in
3004 657 3102 696 sua
3138 638 3488 696 inenarrabili

2738 737 2851 810 (51)
2883 735 3050 807 gloria
3077 736 3143 790 ad
3178 748 3276 789 nos
3305 732 3490 789 venire

2737 842 2992 902 poterat:
3023 831 3117 887 sed
3152 844 3249 886 nos
3281 827 3490 901 magni-

2735 928 2976 983 tudinem
3062 926 3245 997 gloria:
3318 924 3490 996 ipsius

2734 1030 2955 1091 portare
2997 1040 3105 1078 non
3152 1032 3486 1093 poteramus.

2735 1116 2802 1173 Et
2833 1127 3056 1188 propter
3082 1119 3205 1183 hoc,
3228 1117 3382 1187 quasi
3409 1117 3490 1171 in-

2736 1214 2994 1281 fantibus,
3021 1213 3110 1269 ille
3134 1215 3224 1284 qui
3253 1223 3375 1271 erat
3396 1228 3485 1283 ρει

2739 1311 2824 1366 nis
2851 1310 3126 1381 perfectus
3148 1309 3326 1364 Patris
3350 1308 3490 1382 (32),

2737 1406 2821 1462 lac
2898 1405 3055 1460 nobis
3140 1405 3491 1474 semetipsum

2736 1503 3033 1570 prazstavit,
3060 1504 3204 1570 quod
3251 1510 3372 1555 erat
3405 1515 3493 1555 se-

2738 1596 2973 1653 cundum
3031 1596 3309 1653 hominem
3375 1594 3494 1666 ejus

2734 1694 2999 1749 adventus
3047 1710 3061 1748 :
3119 1701 3177 1747 ut
3252 1690 3408 1761 quasi
3460 1707 3493 1746 a

2735 1786 2973 1842 mamilla
3003 1788 3186 1842 carnis
3213 1786 3328 1855 ejus
3360 1800 3494 1841 enu-

2735 1881 2871 1949 triti,
2904 1891 2960 1935 et
2988 1896 3082 1951 per
3114 1880 3275 1935 talem
3324 1881 3492 1935 lacta-

2734 1971 2931 2026 tionem
2960 1972 3160 2025 assueti
3193 1972 3492 2026 manduca-

1909 2081 1968 2120 re
1992 2075 2047 2120 et
2075 2065 2259 2120 bibere
2287 2064 2518 2120 Verbum
2551 2061 2665 2128 Dei,
2717 2071 2773 2117 et
2806 2077 2930 2117 eum
2963 2063 3053 2131 qui
3094 2070 3178 2117 est
3209 2062 3488 2116 immorta-

1910 2155 2078 2211 litatis
2132 2156 2307 2223 panis,
2348 2154 2437 2223 qui
2494 2161 2577 2209 est
2626 2152 2864 2225 Spiritus
2931 2152 3144 2218 Patris,
3213 2153 3266 2209 in
3328 2152 3488 2210 nobis

1910 2249 2045 2319 ipsis
2077 2246 2358 2303 continere
2387 2245 2498 2317 (55)
2529 2246 2814 2315 possimus.

1978 2364 2033 2418 2.
2071 2364 2178 2417 Καὶ
2207 2361 2298 2417 διὰ
2326 2360 2480 2416 τοῦτο
2508 2359 2659 2414 Παῦ-

1910 2459 1999 2522 λος
2076 2458 2380 2528 Κορινθίοις
2485 2454 2659 2521 φησί’

1916 2576 1935 2608 ι
1972 2557 2118 2611 Γάλα
2146 2557 2289 2626 ὑμᾶς
2320 2555 2563 2617 ἐπότισα,
2600 2553 2661 2605 ού

2172 2653 2291 2706 οὐδὲ
2325 2652 2433 2723 γὰρ
2471 2648 2666 2719 ὴδύναιν

1916 2750 2005 2805 σθε
2033 2749 2333 2821 βαστάζειν
2362 2768 2380 2800 ι
2401 2747 2662 2811 τουτέστι,

1911 2847 2009 2919 τὴν
2061 2848 2157 2917 μὲν
2198 2844 2336 2899 κατὰ
2384 2844 2665 2916 ἄνθρωπον

1914 2944 2213 3016 παρουσίαν
2242 2942 2332 2996 τοῦ
2368 2941 2572 3012 Κυρίου
2609 2943 2666 2993 ὲ-

1918 3040 2310 3112 μαθητεύθητε,
2340 3037 2400 3091 σύ
2420 3038 2589 3107 δήπου
2610 3035 2666 3088 δὲ

1913 3136 1972 3189 τὸ
2023 3136 2117 3189 τοῦ
2173 3133 2384 3204 Πατρὸς
2445 3130 2666 3200 Πνεῦμα

1346 3246 1807 3313 Quemadmodum
1839 3272 1881 3331 α
1916 3228 2320 3331 ﬁmo-Infinit“
2368 3227 2665 3331 ξφ1.ὑμᾶς,

1913 3326 2001 3380 διὰ
2032 3327 2130 3394 τὴν
2171 3324 2324 3395 ὑμῶν
2362 3322 2663 3376 ἀσθένειαν.

1921 3441 1939 3473 ι
1964 3422 2133 3475 Ὀπου
2181 3419 2288 3490 γάρ
2344 3417 2522 3487 ζῆλος,
2573 3415 2664 3471 καὶ

1916 3514 2061 3586 ἔρις,
2116 3512 2320 3583 φησὶν¹,
2385 3513 2442 3566 ὲν
2502 3512 2664 3581 ὑμῖν,

1915 3611 2007 3663 καὶ
2028 3608 2382 3674 διχοστασίαι,
2405 3608 2524 3677 οὐχὶ
2547 3622 2671 3676 σαρ-

1914 3703 2057 3756 κικοί
2092 3704 2234 3766 ὲστε,
2273 3703 2367 3754 καὶ
2405 3699 2544 3755 κατὰ
2576 3700 2670 3752 ἄν-

1916 3798 2129 3870 θρωπον
2204 3797 2589 3868 περιπατεῖτε;
2642 3813 2661 3845 ι

1917 3894 2222 3957 Τουτέστιν,
2253 3893 2333 3946 δτι
2366 3890 2573 3945 οὐδέπω
2608 3889 2669 3942 τὸ

1918 3989 2140 4061 Πνεῦμα
2200 3986 2290 4042 τοῦ
2336 3985 2551 4057 Πατρὸς
2595 3980 2667 4055 ἦν

1920 4088 2015 4141 σὺν
2055 4086 2257 4149 αὐτοῖς,
2291 4080 2379 4137 διὰ
2424 4081 2665 4152 ἁκατάρ-

1916 4198 2093 4236 τιστον
2118 4177 2295 4234 αὐτῶν
2324 4177 2417 4232 καὶ
2445 4173 2666 4238 ἀσθενὲς

1917 4278 2015 4349 τῆς
2075 4273 2365 4337 πολιτείας.
2419 4272 2506 4335 Ὡς
2574 4266 2668 4324 οὖν

1917 4373 1946 4426 ό
1983 4370 2299 4434 Ἀπόστολος
2343 4367 2562 4431 δυνατὸς
2599 4361 2668 4438 ἦν

1917 4468 2111 4522 διδόναι
2135 4466 2194 4519 τὸ
2219 4463 2412 4537 βρῶμα
2441 4455 2539 4535 (οἷς
2559 4461 2666 4533 γὰρ

1917 4566 1982 4618 ἂν
1998 4561 2276 4616 ὲπετίθουν
2290 4562 2495 4631 χεῖρας,
2511 4556 2671 4628 ἐλάμ-

1070 4648 1245 4706 tulans
1282 4622 1342 4706 ini
1370 4653 1662 4722 semetipso
1697 4622 1813 4710 o-m-
1844 4622 1887 4678 θ
1916 4658 2077 4713 ϐανον
2136 4622 2669 4725 Πνεῦίιίαίᾶγιονίδ

1070 4745 1181 4811 nia,
1226 4748 1374 4802 venit
1426 4748 1491 4802 ad
1545 4765 1665 4814 nos,
1706 4766 1812 4806 non
1917 4755 2032 4809 ἐστι
2066 4750 2260 4824 βρῶμα
2297 4747 2487 4817 ζωῆς),
2528 4748 2671 4801 ἐκεῖ·

1068 4844 1337 4912 quomodo
1396 4842 1508 4913 ipse
1558 4856 1810 4918 poterat,
1919 4865 1998 4905 νοι
2033 4848 2089 4902 δὲ
2139 4844 2430 4916 ὴδυνάτουν
2482 4843 2666 4898 λαὸεῐν

1068 4938 1160 4992 sed
1207 4940 1475 5007 quomodo
1522 4940 1665 4994 illum
1715 4958 1811 4998 nos
1917 4944 2069 5011 αὐτὸ,
2110 4942 2200 4998 διὰ
2236 4941 2297 4996 τὸ
2338 4939 2538 5010 ἀσθενῆ
2586 4938 2667 4993 ἔτι

2798 2360 2853 2414 2.
2905 2361 2927 2393 ⁸
2978 2360 3043 2414 Et
3094 2368 3316 2429 propter
3383 2359 3490 2413 hoc

2729 2452 2927 2507 Paulus
2981 2450 3283 2506 Corinthiis
3346 2451 3422 2504 ait
3470 2469 3488 2506 :

2734 2562 2753 2596 ι
2787 2547 2896 2601 Lac
2939 2545 3092 2601 vobis
3140 2553 3327 2617 potum
3363 2542 3492 2600 dedi

2730 2639 2837 2693 non
2907 2652 3087 2693 escam
3150 2654 3165 2689 :
3250 2635 3491 2691 nondum

2728 2730 2873 2783 enim
2892 2727 3003 2799 (.34)
3023 2728 3281 2797 poteratis
3308 2741 3495 2783 escam

2732 2821 3009 2890 percipere
3060 2817 3136 2883 ⁸ος
3192 2835 3213 2870 ι
3276 2816 3329 2871 id
3383 2824 3489 2877 est.

2733 2927 2856 2966 eum
2920 2911 3139 2982 quidem
3197 2909 3492 2966 adventum

2737 3004 2969 3071 Domini,
3010 3004 3101 3074 qui
3141 3001 3258 3075 (35)
3292 3017 3492 3059 secun-

2735 3096 2859 3150 dum
2884 3094 3182 3160 hominem,
3198 3093 3488 3158 didicistis;

2737 3187 2977 3242 nondum
3050 3194 3232 3241 autem
3313 3185 3491 3241 Patris

2738 3278 2970 3347 Spiritus
3009 3277 3299 3348 requiescit
3327 3290 3494 3345 super

2738 3386 2853 3434 vos,
2885 3383 3105 3439 propter
3131 3379 3365 3428 vestram
3406 3371 3491 3424 in-

2736 3460 3066 3517 lirmitatem.
3119 3480 3139 3514 ‹
3193 3461 3298 3518 Ubi
3345 3462 3491 3518 enim

2737 3552 2883 3609 zelus
2921 3564 2976 3610 et
3028 3556 3329 3624 discordia,
3390 3557 3492 3625 ait,

2738 3647 2792 3700 in
2847 3648 3029 3712 vobis,
3090 3658 3144 3704 et
3191 3649 3493 3707 dissensio-

2739 3752 2852 3799 nes,
2874 3753 3052 3793 nonne
3065 3739 3315 3795 carnales
3330 3740 3489 3807 estis,

2739 3839 2795 3883 et
2861 3829 3155 3885 secundum
3216 3829 3491 3886 hominem

2741 3920 3071 3977 ambulatis?
3107 3939 3126 3972 ι
3161 3921 3203 3952 ’ί
3238 3921 3351 3977 Iloc
3387 3931 3489 3987 est,

2737 4016 2993 4084 quoniam
3033 4014 3271 4070 nondum
3314 4015 3491 4085 Spiri-

2740 4115 2826 4161 tus
2872 4104 3054 4163 Patris
3096 4114 3213 4162 erat
3256 4106 3311 4160 in
3358 4108 3493 4176 ipsis

2739 4198 2852 4273 (36)
2877 4239 2892 4265 ,
2948 4209 3167 4269 propter
3235 4199 3494 4269 imperfe-

2739 4295 2972 4351 ctionem
3013 4311 3223 4361 eorum,
3252 4307 3307 4351 et
3342 4297 3494 4351 infir-

2740 4388 2986 4444 mitatem
3039 4387 3487 4444 conversationis.

2739 4478 3196 4545 Quemadmodum
3228 4478 3391 4549 igitur
3418 4479 3493 4535 A-

2738 4567 2986 4640 postolus
3067 4578 3276 4638 poterat
3359 4570 3491 4625 dare

2740 4676 2917 4717 escam
2960 4660 3391 4734 (quibuscunque
3428 4680 3491 4720 e-

2740 4752 2851 4807 nim
2886 4753 3233 4822 imponebant
3260 4755 3492 4823 apostoli

2739 4860 2954 4911 manus,
2988 4846 3323 4917 accipiebant
3366 4844 3491 4917 Spi-

2741 4939 2903 4995 ritum
2965 4947 3210 4993 sanctunt
3274 4940 3339 5001 ",
3393 4936 3487 5007 qui

317 5026 489 5096 'Cap.
516 5028 749 5083 LXXIII.
824 5029 847 5061 ⁸
872 5028 1004 5096 Cap.
1033 5027 1267 5084 LXXIV.
1343 5031 1363 5060 "
1392 5028 1523 5097 Cap.
1552 5029 1761 5089 LXXV.
1840 5034 1927 5087 “l
1965 5036 2089 5091 Cor.
2138 5049 2220 5097 ut,
2249 5032 2303 5085 2.
2380 5031 2421 5061 ¹¹
2445 5028 2582 5087 Ibid.
2620 5030 2675 5085 5.
2752 5029 2793 5060 "
2822 5029 2944 5086 Act.
2977 5044 3090 5091 vm.
3128 5030 3213 5083 17.

317 5120 429 5190 (‘28)
460 5121 621 5192 mea
643 5122 807 5192 λέγει
830 5139 937 5189 τις.
972 5122 1157 5192 Graeca
1190 5122 1344 5190 hujus
1371 5125 1567 5191 capitis
1596 5125 1815 5178 exhibet

246 5188 481 5260 Joannes
536 5188 903 5247 Damascenus
949 5193 1003 5246 in
1060 5188 1337 5246 Parallelis
1372 5209 1391 5247 :
1439 5188 1632 5260 publici
1686 5210 1812 5248 vero

240 5259 381 5327 juris
427 5260 552 5315 fecit
586 5260 884 5319 Halloixius
935 5263 988 5317 in
1031 5260 1150 5316 Vita
1198 5261 1412 5327 Irenwi,
1444 5259 1569 5334 pag.
1608 5263 1710 5318 484
1758 5277 1813 5319 et

244 5344 401 5397 seqq.

318 5398 612 5474 (ἓθῌάςο.
643 5398 923 5474 superﬂua
954 5404 1068 5459 hrec
1090 5418 1195 5458 vox
1225 5404 1576 5474 expungenda
1602 5418 1616 5455 :
1642 5420 1811 5474 quare

247 5469 561 5539 parenthesi
599 5470 804 5525 inclusi.

317 5536 428 5603 (50)
466 5537 836 5612 Etaccumfum
871 5542 1009 5612 quod
1038 5542 1327 5611 infantilis.
1368 5541 1491 5596 Ilaec
1527 5544 1717 5597 desunt
1754 5545 1805 5598 in

244 5608 506 5668 Clarmn..
540 5610 702 5664 Merc.
733 5610 767 5663 2
792 5620 845 5664 et
877 5608 929 5665 in
963 5608 1107 5667 textu
1138 5612 1345 5667 Graeco.
1370 5614 1422 5667 In
1448 5612 1599 5666 Voss.
1629 5625 1806 5666 autem

244 5678 356 5733 sola
376 5694 474 5759 vox
502 5680 765 5746 infantilia
798 5682 1155 5759 desideratur.
1185 5683 1251 5735 At
1278 5686 1589 5759 earumdem
1623 5700 1808 5736 vocum

245 5754 644 5815 repetitionem,
676 5762 993 5804 caeterarum
1044 5754 1466 5807 omittendarum
1498 5755 1548 5806 in
1585 5764 1811 5819 utroque

248 5828 415 5894 testu,
444 5828 497 5872 ut
528 5819 681 5894 solet,
717 5823 1055 5894 occasionem
1090 5822 1249 5879 fuisse
1282 5835 1408 5892 puto
1446 5844 1456 5877 :
1491 5840 1652 5894 quare
1682 5823 1809 5877 nihil

247 5887 637 5943 Itnmutaudum
670 5904 786 5944 esse
819 5890 967 5945 duxi.

317 5959 427 6029 (51)
461 5958 831 6015 Inenarrabiii.
865 5961 1062 6029 Graec”
1105 5961 1408 6015 immortali.

1992 5127 2103 5197 (52)
2136 5125 2335 5179 Patris.
2366 5121 2753 5197 liancjocem,
2779 5121 2905 5197 licet
2942 5122 3194 5197 omissam
3227 5122 3279 5177 in
3314 5124 3485 5197 veteri

1922 5189 2240 5252 Feuarttent.
2297 5194 2442 5264 cod.,
2495 5190 2729 5249 Clarom.
2770 5203 2823 5247 et
2842 5189 3029 5260 ηυδε..
3077 5193 3316 5261 retineo,
3358 5196 3483 5264 quia

1921 5268 1970 5319 in
2002 5268 2191 5322 Gnoso
2216 5274 2363 5328 textu
2388 5263 2601 5333 legitur.

1988 5338 2099 5407 (53)
2129 5336 2423 5389 Continere.
2447 5331 2609 5407 Eum.
2629 5332 2751 5407 huic
2780 5331 2945 5385 verbo
2990 5331 3267 5407 praemium
3297 5340 3484 5407 aucto-

1916 5400 2090 5461 ritate
2111 5407 2259 5459 Voss.
2285 5414 2337 5456 et
2366 5412 2544 5459 textus
2571 5401 2742 5457 Graeci
2776 5413 2921 5457 recte
2940 5403 3198 5463 emunxit
3226 5400 3479 5458 Grabius.

1986 5476 2097 5545 (54)
2127 5473 2368 5554 Nondum
2400 5474 2557 5528 enim.
2591 5473 2744 5529 Voss.
2789 5473 2943 5542 juxta
2987 5472 3235 5527 Graecum
3285 5472 3485 5526 Dama-

1913 5563 2082 5605 SCf‘JII,
2111 5562 2211 5597 non
2240 5558 2399 5597 enim.

1986 5617 2096 5685 (7)5)
2128 5614 2249 5679 Qui.
2300 5614 2393 5666 Sic
2445 5628 2541 5679 pro
2590 5629 2740 5685 quem
2788 5611 2975 5685 (quod
3008 5612 3349 5663 manifestum
3395 5622 3482 5665 est

1919 5682 2256 5740 librariorum
2300 5692 2557 5747 erratum,
2610 5683 2782 5735 littera
2823 5684 2840 5732 i
2874 5682 3011 5734 male
3062 5692 3281 5749 accepta
3314 5696 3412 5749 pro
3454 5696 3483 5731 ι

1918 5772 2035 5809 cum
2079 5752 2501 5809 abbreviationis
2534 5753 2678 5817 nota)
2706 5752 3025 5805 auctoritate
3073 5751 3246 5805 Graeci
3300 5759 3481 5807 textus

1916 5824 2221 5879 emendavi.
2252 5822 2618 5892 Supplendum
2653 5837 2779 5874 vero
2810 5822 3031 5876 verbum
3060 5831 3157 5875 εει.

1986 5896 2098 5965 (56)
2127 5893 2191 5947 In
2221 5892 2367 5963 ipsis.
2396 5894 2502 5955 AL,
2536 5909 2649 5945 cum
2679 5892 2825 5956 ipsis.
